4242 6266
1710 377 2214 444 CONSPECTUS
2268 377 2557 442 TOTIUS
2619 374 2924 438 OPERIS.

945 643 1338 732 OPERA
1387 645 1774 733 OMNIA
1832 646 1943 757 Q.
1997 642 2643 730 FLORENTIS
2697 640 2783 726 s.
2839 575 3668 738 TERTULLIANI,

1495 918 1562 978 IN
1595 921 1774 982 DUAS
1813 922 2086 983 PARTES
2125 922 2444 994 DUOSQUE
2489 922 2715 980 TOIIOS
2753 920 3128 980 DISTINCTA.

1213 1149 1406 1244 φατε
1461 1152 1674 1242 prima

2428 1188 2437 1199 -
2857 1152 3050 1245 φατε
3080 1151 3388 1224 secunba

813 1317 976 1379 Opera
998 1327 1027 1366 a
1048 1313 1354 1368 Tertulliano
1378 1315 1619 1367 catholico
1641 1316 1818 1378 scripta
1842 1314 2117 1373 continens,
2518 1310 2680 1375 Opera
2702 1323 2731 1361 a
2752 1311 3058 1363 Tertulliano
3079 1315 3371 1364 montanista
3393 1313 3571 1378 scripta
3595 1314 3850 1364 continens

2368 1442 2985 1556 Qggbtzslggsaetermittitur
3008 1443 3135 1495 liber
3171 1445 3237 1496 de
3259 1445 3714 1510 Praescriptionibus
3736 1444 3972 1496 adversus

2477 1520 2513 1553 Τ
2572 1521 2584 1553 I
2678 1545 2688 1556 .

2477 1521 2688 1556 ξτειιεοε.

1560 1637 1806 1698 SERIES
1835 1635 2055 1695 SECUN
2065 1635 2173 1692 DA.
2460 1635 2709 1691 SERIES
2736 1635 2968 1694 PRIMA.

714 1773 887 1818 LIBRI
932 1774 1371 1820 APOLOGETICI.
1601 1774 1770 1817 LIBRI
1814 1738 2138 1819 POLEMICI.

659 1856 1108 1930 Apologeticusprp
1121 1860 1430 1930 Qhristianis.
1479 1858 1555 1930 Qe
1579 1859 1840 1930 Oratione.

655 1918 949 1986 pisser'tatio
968 1918 1206 1986 mosheim
1220 1925 1270 1972 in
1284 1923 1427 1986 Apol.
1478 1921 1556 1986 De
1579 1921 1848 1986 Baptismo.

653 1980 790 2030 Libri
815 1983 912 2033 duo
936 1984 995 2033 ad
1019 1984 1272 2035 Nationes.
1328 1980 1343 1986 ’
1476 1985 1557 2034 De
1581 1980 1895 2035 Painitentia.
1982 2003 1989 2008 ·

653 2042 732 2093 De
753 2044 1057 2096 'I‘estimonio
1078 2047 1274 2096 animae.
1478 2047 1557 2096 De
1581 2046 1847 2095 Patientia.

654 2106 729 2169 Ad
747 2105 1006 2169 Martyres.
1477 2109 1554 2158 Ad
1581 2106 1798 2169 Uxorem
1821 2105 1938 2156 libri
1953 2106 2072 2156 duo.

655 2165 734 2217 De
755 2165 1074 2221 Spectaculis.
1478 2171 1556 2221 De
1580 2167 1724 2220 Cultu
1741 2168 2082 2220 Faaminarum
2105 2165 2267 2218 lil).l[.

656 2228 734 2280 De
759 2228 1052 2281 Idololatria.

657 2292 864 2342 Accedit
884 2293 944 2341 ad
967 2291 1226 2344 Scapulam
1248 2294 1397 2344 liber.

655 2353 948 2404 Dissertatio
980 2355 1042 2403 D.
1063 2353 1134 2404 Le
1170 2355 1358 2406 Nourrv
1383 2356 1433 2406 in

720 2414 1119 2480 Apologet.ljbr.
1155 2418 1200 2468 II
1237 2418 1296 2468 ad
1317 2414 1428 2471 Nat.

721 2478 779 2529 et
797 2478 910 2530 libr.
934 2479 993 2529 ad
1010 2478 1284 2545 Scapulam.

802 1638 1045 1698 SEBIES
1083 1639 1316 1697 PRIMA.
1560 1638 1806 1698 SERIES
1835 1638 2173 1695 SECUNDA.
2460 1638 2709 1691 SERIES
2736 1638 2968 1694 PRIMA.
3261 1639 3504 1696 SERIES
3529 1639 3866 1698 SECUNDA.

2443 1769 2614 1813 LIBRI
2658 1773 3032 1818 DOGMATICI.

2362 1853 2441 1921 De
2465 1856 2651 1921 gorona
2677 1857 2859 1921 Militis.
3190 1857 3268 1921 De
3295 1860 3514 1909 velandis
3533 1859 3835 1921 Virginibus.

2362 1916 2441 1965 De
2468 1916 2606 1979 Fuga
2630 1922 2676 1968 in
2704 1920 3079 1972 Persecutiono.
3190 1920 3269 1971 De
3290 1916 3648 1972 Exhortationé
3669 1917 3938 1971 Castitatis.

2366 1980 2616 2045 Adversus
2628 1982 3142 2045 GnosticosScorpiace
3193 1984 3270 2033 De
3296 1985 3616 2045 Monogamia.

2369 2042 2623 2106 Adversus
2645 2044 2910 2106 I’Araxeam.
3009 2042 3012 2043 ν
3193 2045 3271 2095 De
3288 2042 3515 2106 Jejuniis.

2372 2103 2627 2168 Adversus
2650 2104 3038 2168 Hermogenem.
3117 2167 3124 2168 ί
3193 2108 3273 2156 De
3297 2103 3555 2168 Pudicitia.

2377 2165 2626 2214 Adversus
2651 2165 2943 2218 Marcionem
2959 2169 3070 2218 libri
3087 2167 3148 2220 γ.
3194 2169 3274 2220 De
3299 2167 3471 2219 Pallio.

2377 2227 2628 2276 Adversus
2650 2228 3036 2282 Valentinianos.

2379 2288 2631 2339 Adversus
2644 2290 2670 2339 J
2677 2292 2856 2343 udaos.

2382 2350 2460 2400 De
2486 2350 2678 2401 Anima.

2381 2413 2462 2463 De
2486 2414 2642 2465 Carne
2666 2415 2860 2466 Christi.

2384 2479 2463 2529 De
2475 2475 2858 2530 ltesurrcctione
2875 2477 3059 2532 Carnis.
3105 2515 3108 2520 -

3301 1773 3472 1816 LIBRI
3515 1772 3828 1817 MOBALES.

1705 2699 2113 2766 APPENDIX
2144 2700 2254 2764 AD
2295 2702 2558 2767 OMNIA
2598 2700 2864 2762 OPERA

721 2892 1043 2972 APPENPIX
1077 2895 1300 2972 ιξηψλ.
1328 2922 1387 2972 -έ
1410 2899 1652 2972 Carmina.
1681 2925 1740 2937 —
1766 2901 2268 2972 Adverstts_hlarcio-
2387 2961 2401 2972 .
2435 2895 2761 2972 APPIENDIX
2792 2895 2854 2946 V.
2872 2894 3198 2972 —-Les‘no't‘es
3215 2910 3299 2972 sur
3324 2896 3374 2972 le
3398 2899 3544 2972 traite
3568 2899 3633 2949 du
3647 2898 3898 2972 _Ba_pteme
3922 2903 3976 2972 et

661 2974 788 3026 pem_
818 2963 902 3012 lib.
927 2961 1170 3026 V.__——Ad
1201 2962 1510 3026 Senatorem.
1529 2989 1592 2998 -—
1615 2963 1929 3013 Genesis..-—
1953 2965 2182 3014 Sodoma.
2207 2989 2268 3000 —-
2372 2961 2438 3011 de
2485 2973 2545 3026 ta_
2569 2961 3009 3026 Pénitencc,_ayec
3039 2958 3086 3009 la
3107 2958 3434 3011 Dissertation
3457 2958 3762 3014 intercalaria
3806 2962 3975 3026 placée

659 3021 749 3087 De
761 3024 888 3087 Iona
906 3030 960 3087 et
987 3023 1187 3087 Niniye.
1213 3047 1278 3087 -_
1296 3022 1372 3087 De
1396 3024 1552 3087 Ligno
1575 3025 1705 3075 vitae.
2377 3023 2612 3075 entreles
2633 3025 2766 3073 deux
2794 3020 2981 3081 traités.

725 3084 1051 3150 APPENDIE
1075 3085 1148 3150 ἐξ
1174 3113 1238 3122 -
1257 3085 1338 3150 1:9.
1353 3084 1599 3150 "asinam
1622 3087 1795 3150 inédit.

719 3145 1044 3215 APPENDIX
1075 3146 1148 3196 III
1187 3153 1240 3198 et
1273 3147 1359 3215 ΙῩ.
1403 3145 1468 3186 —'-
1506 3149 1607 3214 Les
1645 3148 1922 3213 fragments
1951 3151 2268 3215 'd’ouvrages

661 3209 872 3261 traduits
889 3223 954 3260 en
977 3221 1099 3274 grec
1119 3221 1184 3260 ou
1209 3209 1412 3274 perdus.

2439 3149 2650 3201 Indices.

1796 3628 2367 3709 ELENCHUS
2424 3627 2837 3706 BERUM

1352 3877 1559 3952 QU/E
1621 3875 1717 3940 IN
1787 3876 1971 3939 HOC
2033 3876 2530 3940 VOLUMLNE
2601 3871 3289 3939 CONTINENTUR.

2015 4117 2667 4150 .__—-=a-——-—

664 4369 914 4439 Prmfatio
954 4375 1007 4430 in
1057 4370 1474 4432 Tertullianum.
2059 4414 2067 4423 .

665 4462 785 4520 Vita
839 4465 907 4534 ρ.
961 4467 1022 4523 S.
1070 4466 1134 4522 F.
1175 4466 1533 4536 Tertulliani,
1575 4467 1997 4541 carthaginensis
2043 4469 2270 4544 presby-

733 4559 858 4625 teri,
901 4568 1125 4616 auctore
1163 4559 1276 4616 Jac.
1310 4559 1567 4616 Pamelio.

663 4645 980 4706 Dissertatio
1031 4650 1105 4707 de
1150 4665 1280 4707 vera
1325 4659 1484 4707 aetate
1523 4666 1587 4709 ac
1635 4653 1880 4711 doctrina
1931 4658 2256 4730 scriptorum

734 4756 854 4810 quae
883 4751 1175 4813 supersunt
1195 4742 1260 4812 Q.
1286 4742 1346 4799 S.
1378 4743 1714 4810 Tertulliani,
1742 4749 2050 4806 auctoribus
2076 4749 2142 4806 Ι).
2163 4750 2271 4807 Go-

733 4831 979 4889 thofredo
1004 4835 1242 4906 Lumper
1268 4845 1322 4893 et
1349 4836 1470 4892 Job.
1497 4838 1564 4893 A.
1595 4837 1862 4898 Noesselt.

662 4921 944 4979 Paradoxa
970 4925 1316 4995 Tertulliani,
1342 4944 1465 4986 cum
1488 4931 1735 4987 antidoto
1761 4932 1946 4989 Jacobi
1977 4934 2220 4992 Pamelii.

660 5013 1036 5073 Proverbiales
1087 5015 1333 5074 formula:
1371 5029 1486 5078 toto
1535 5038 1698 5094 opere
1744 5024 1849 5082 hoc
1888 5024 2270 5084 Tertullianico

733 5117 1029 5179 contentaa,
1062 5109 1373 5167 auctoribus
1401 5111 1467 5168 B.
1490 5112 1753 5173 lthenano
1776 5127 1829 5174 et
1857 5117 1925 5174 A.
1954 5117 2106 5191 Hoyo
2132 5118 2269 5173 Bru-

731 5216 905 5274 gensr.

659 5293 1037 5365 Apologeticus
1069 5295 1333 5354 adversus
1359 5307 1568 5369 gentes.

659 5381 784 5440 Job.
807 5383 1067 5441 Laurent.
1099 5387 1360 5446 Mosheim
1396 5389 1465 5446 de
1502 5399 1661 5447 aetate
1702 5393 2037 5466 Apologetici
2059 5392 2272 5450 Tertul-

732 5479 880 5546 liani,
907 5481 1177 5554 initioque
1192 5488 1585 5557 persecutionis
1613 5491 1804 5548 Severi
1838 5493 2160 5565 disquisitio.

659 5569 744 5625 Ad
773 5570 1029 5626 Nationes
1067 5574 1189 5633 libri
1209 5579 1340 5638 duo.

661 5663 740 5720 De
769 5665 1099 5727 Testimonio
1124 5672 1334 5733 Animae
1363 5675 1504 5734 liber
1515 5676 1781 5737 adversus
1806 5687 2015 5751 gentes.

661 5758 826 5819 Liber
850 5762 916 5820 ad
943 5763 1222 5840 Martyres.

2373 4377 2534 4436 Liber
2559 4376 2628 4433 de
2648 4375 2996 4448 Spectaculis.

2373 4469 2537 4526 Liber
2554 4469 2622 4526 de
2650 4469 2975 4525 Idololatria.

2375 4563 2536 4619 Liber
2565 4563 2631 4617 ad
2659 4563 2964 4633 Scapulam.

2375 4657 2692 4713 Dissertatio
2722 4657 2774 4710 in
2804 4656 2870 4724 ρ.
2910 4654 3155 4727 Septimii
3184 4650 3455 4709 Florentis
3479 4650 3797 4709 Tertulliani
3826 4651 3975 4722 Apo-

2447 4749 2755 4820 logeticum,
2803 4749 2939 4804 duos
2987 4748 3053 4802 ad
3103 4745 3357 4802 Nationes
3403 4745 3569 4800 libros
3617 4753 3672 4800 et
3705 4759 3868 4799 unum
3908 4742 3976 4796 ad

2447 4841 2750 4912 Seapttlam,
2779 4850 2999 4896 auctore
3018 4841 3078 4896 D.
3103 4839 3275 4896 Nicol.
3306 4838 3376 4894 L.
3406 4837 3642 4910 Nourry,
3661 4835 3979 4909 presbytero

2448 4944 2504 4991 et
2531 4933 2795 4989 monacho
2827 4934 3030 4991 ordinis
3069 4934 3126 4991 S.
3146 4931 3418 4991 Benedicti
3441 4973 3456 5001 ,
3491 4947 3524 4988 e
3560 4927 3978 5001 congregatione

2451 5025 2510 5081 S.
2546 5024 2737 5080 Mauri.

2376 5118 2538 5176 Liber
2562 5118 2629 5175 de
2655 5118 2932 5186 Oratione,
2966 5133 3089 5176 cum
3115 5117 3257 5174 notis
3294 5112 3559 5171 Panciroli
3597 5119 3655 5169 et.
3679 5108 3974 5178 Muratorii,

2449 5212 2844 5284 variorumque.
3350 5231 3355 5236 ’

2378 5305 2540 5362 Liber
2565 5304 2631 5361 de
2647 5304 2943 5375 Baptismo.

2376 5399 2540 5456 Liber
2567 5398 2632 5454 de
2660 5395 3002 5452 Pmnilenlia.

2377 5493 2541 5552 Liber
2569 5491 2636 5548 de
2661 5488 2942 5547 Patientia.

2378 5585 2525 5643 Libri
2555 5585 2622 5640 ad
2647 5583 2881 5640 Uxorem
2904 5581 3030 5637 duo.
3597 5569 3662 5614 δ

2378 5679 2528 5736 Libri
2553 5678 2621 5736 de
2640 5676 3166 5734 Cultu-fmminarnm
3195 5675 3321 5730 duo.
3494 5661 3604 5756 g'U

3501 5761 3545 5804 Ι)
3621 5783 3658 5820 Γ.

3741 5907 3900 6044 Ἃ
