  <div class='ocr_page' id='page_1' title='image "/cluster/home/n/w/nwhite01/storage/ocr_20150623/1/hvd.32044054128335/010.png"; bbox 0 0 4242 6266; ppageno 0'>
   <div class='ocr_carea' id='block_1_1' title="bbox 327 386 3616 469">
    <p class='ocr_par' dir='ltr' id='par_1_1' title="bbox 349 433 3588 454">
     <span class='ocr_line' id='line_1_1' title="bbox 1667 433 3588 454; baseline 0.007 -12"><span class='ocrx_word' id='word_1_1' title='bbox 1667 433 3216 450; x_wconf 55' lang='lat' dir='ltr'><strong>m—W———_—</strong></span> <span class='ocrx_word' id='word_1_2' title='bbox 3231 445 3588 454; x_wconf 50' lang='lat'><strong>——-———‘</strong></span> 
     </span>
     <span class='ocr_line' id='line_1_2' title="bbox 349 435 1662 446; baseline -0.002 -5"><span class='ocrx_word' id='word_1_3' title='bbox 349 435 1662 446; x_wconf 31' lang='grc' dir='ltr'><strong>..κῆρ-ψ*-</strong></span> 
     </span>
    </p>
   </div>
   <div class='ocr_carea' id='block_1_2' title="bbox 1480 657 2370 774">
    <p class='ocr_par' dir='ltr' id='par_1_2' title="bbox 1480 657 2370 774">
     <span class='ocr_line' id='line_1_3' title="bbox 1480 657 2370 774; baseline 0.003 -7"><span class='ocrx_word' id='word_1_4' title='bbox 1480 657 2370 774; x_wconf 78' lang='lat' dir='ltr'><strong>PR/EFATIO.</strong></span> 
     </span>
    </p>
   </div>
   <div class='ocr_carea' id='block_1_3' title="bbox 1310 963 1882 1004">
    <p class='ocr_par' dir='ltr' id='par_1_3' title="bbox 1310 963 1882 1004">
     <span class='ocr_line' id='line_1_4' title="bbox 1310 963 1882 1004; baseline 0.017 -9"><span class='ocrx_word' id='word_1_5' title='bbox 1310 963 1882 1004; x_wconf 62' lang='lat'><strong>&gt;—-——=</strong></span> 
     </span>
    </p>
   </div>
   <div class='ocr_carea' id='block_1_4' title="bbox 1996 965 2566 1004">
    <p class='ocr_par' dir='ltr' id='par_1_4' title="bbox 1996 965 2566 1004">
     <span class='ocr_line' id='line_1_5' title="bbox 1996 965 2566 1004; baseline 0.004 0"><span class='ocrx_word' id='word_1_6' title='bbox 1996 965 2566 1004; x_wconf 51' lang='grc' dir='ltr'>Μ</span> 
     </span>
    </p>
   </div>
   <div class='ocr_carea' id='block_1_5' title="bbox 389 1170 3625 1257">
    <p class='ocr_par' dir='ltr' id='par_1_5' title="bbox 389 1170 3625 1257">
     <span class='ocr_line' id='line_1_6' title="bbox 389 1170 3625 1257; baseline 0.006 -28"><span class='ocrx_word' id='word_1_7' title='bbox 389 1170 573 1229; x_wconf 75' lang='lat' dir='ltr'><strong>Ouses</strong></span> <span class='ocrx_word' id='word_1_8' title='bbox 620 1170 796 1230; x_wconf 70' lang='lat' dir='ltr'><strong>latina:</strong></span> <span class='ocrx_word' id='word_1_9' title='bbox 835 1170 1028 1245; x_wconf 83' lang='lat' dir='ltr'><strong>linguae</strong></span> <span class='ocrx_word' id='word_1_10' title='bbox 1058 1171 1278 1239; x_wconf 72' lang='lat' dir='ltr'><strong>Patres;</strong></span> <span class='ocrx_word' id='word_1_11' title='bbox 1320 1171 1711 1244; x_wconf 86' lang='lat' dir='ltr'><strong>scriptoresque</strong></span> <span class='ocrx_word' id='word_1_12' title='bbox 1740 1170 1915 1228; x_wconf 88' lang='lat' dir='ltr'><strong>ecclc-</strong></span> <span class='ocrx_word' id='word_1_13' title='bbox 1940 1172 1994 1234; x_wconf 83' lang='grc' dir='ltr'><strong>Α</strong></span> <span class='ocrx_word' id='word_1_14' title='bbox 2020 1180 2122 1224; x_wconf 90' lang='lat' dir='ltr'><strong>usu</strong></span> <span class='ocrx_word' id='word_1_15' title='bbox 2165 1183 2229 1226; x_wconf 92' lang='lat' dir='ltr'><strong>ac</strong></span> <span class='ocrx_word' id='word_1_16' title='bbox 2273 1186 2399 1229; x_wconf 70' lang='lat' dir='ltr'><strong>vera</strong></span> <span class='ocrx_word' id='word_1_17' title='bbox 2439 1175 2756 1234; x_wconf 90' lang='lat' dir='ltr'><strong>auctoritate</strong></span> <span class='ocrx_word' id='word_1_18' title='bbox 2803 1176 3015 1248; x_wconf 70' lang='lat' dir='ltr'><strong>praefari</strong></span> <span class='ocrx_word' id='word_1_19' title='bbox 3059 1195 3166 1239; x_wconf 92' lang='lat' dir='ltr'><strong>non</strong></span> <span class='ocrx_word' id='word_1_20' title='bbox 3207 1187 3490 1257; x_wconf 85' lang='lat' dir='ltr'><strong>supererit.</strong></span> <span class='ocrx_word' id='word_1_21' title='bbox 3519 1190 3625 1247; x_wconf 74' lang='grc' dir='ltr'><strong>ΛΗ</strong></span> 
     </span>
    </p>
   </div>
   <div class='ocr_carea' id='block_1_6' title="bbox 318 1263 1914 1336">
    <p class='ocr_par' dir='ltr' id='par_1_6' title="bbox 318 1263 1914 1336">
     <span class='ocr_line' id='line_1_7' title="bbox 318 1263 1914 1336; baseline 0.001 -18"><span class='ocrx_word' id='word_1_22' title='bbox 318 1263 563 1321; x_wconf 80' lang='lat' dir='ltr'><strong>siasticos</strong></span> <span class='ocrx_word' id='word_1_23' title='bbox 594 1265 813 1332; x_wconf 85' lang='lat' dir='ltr'><strong>iterum,</strong></span> <span class='ocrx_word' id='word_1_24' title='bbox 846 1267 1060 1323; x_wconf 80' lang='lat' dir='ltr'><strong>favente</strong></span> <span class='ocrx_word' id='word_1_25' title='bbox 1091 1266 1223 1335; x_wconf 86' lang='lat' dir='ltr'><strong>Deo,</strong></span> <span class='ocrx_word' id='word_1_26' title='bbox 1270 1266 1513 1336; x_wconf 85' lang='lat' dir='ltr'><strong>almaque</strong></span> <span class='ocrx_word' id='word_1_27' title='bbox 1541 1264 1764 1336; x_wconf 81' lang='lat' dir='ltr'><strong>Virgine</strong></span> <span class='ocrx_word' id='word_1_28' title='bbox 1794 1263 1914 1320; x_wconf 88' lang='lat' dir='ltr'><strong>Dei-</strong></span> 
     </span>
    </p>
   </div>
   <div class='ocr_carea' id='block_1_7' title="bbox 315 1358 1914 1431">
    <p class='ocr_par' dir='ltr' id='par_1_7' title="bbox 315 1358 1914 1431">
     <span class='ocr_line' id='line_1_8' title="bbox 315 1358 1914 1431; baseline 0.003 -22"><span class='ocrx_word' id='word_1_29' title='bbox 315 1370 466 1427; x_wconf 87' lang='lat' dir='ltr'><strong>para,</strong></span> <span class='ocrx_word' id='word_1_30' title='bbox 512 1359 563 1412; x_wconf 89' lang='lat' dir='ltr'><strong>iu</strong></span> <span class='ocrx_word' id='word_1_31' title='bbox 617 1359 792 1416; x_wconf 93' lang='lat' dir='ltr'><strong>lucem</strong></span> <span class='ocrx_word' id='word_1_32' title='bbox 838 1358 1164 1416; x_wconf 79' lang='lat' dir='ltr'><strong>omittendos</strong></span> <span class='ocrx_word' id='word_1_33' title='bbox 1190 1358 1537 1431; x_wconf 75' lang='lat' dir='ltr'><strong>aggressuri;</strong></span> <span class='ocrx_word' id='word_1_34' title='bbox 1593 1373 1714 1414; x_wconf 91' lang='lat' dir='ltr'><strong>cum</strong></span> <span class='ocrx_word' id='word_1_35' title='bbox 1765 1366 1914 1414; x_wconf 90' lang='lat' dir='ltr'><strong>tanto</strong></span> 
     </span>
    </p>
   </div>
   <div class='ocr_carea' id='block_1_8' title="bbox 315 1448 1915 1521">
    <p class='ocr_par' dir='ltr' id='par_1_8' title="bbox 315 1448 1915 1521">
     <span class='ocr_line' id='line_1_9' title="bbox 315 1448 1915 1521; baseline 0.001 -19"><span class='ocrx_word' id='word_1_36' title='bbox 315 1458 521 1504; x_wconf 74' lang='lat' dir='ltr'><strong>caussa:</strong></span> <span class='ocrx_word' id='word_1_37' title='bbox 570 1451 881 1508; x_wconf 83' lang='lat' dir='ltr'><strong>christiame</strong></span> <span class='ocrx_word' id='word_1_38' title='bbox 928 1450 1138 1507; x_wconf 82' lang='lat' dir='ltr'><strong>testium</strong></span> <span class='ocrx_word' id='word_1_39' title='bbox 1179 1449 1397 1521; x_wconf 83' lang='lat' dir='ltr'><strong>agmini,</strong></span> <span class='ocrx_word' id='word_1_40' title='bbox 1425 1449 1546 1519; x_wconf 86' lang='lat' dir='ltr'><strong>quis</strong></span> <span class='ocrx_word' id='word_1_41' title='bbox 1580 1448 1915 1520; x_wconf 89' lang='lat' dir='ltr'><strong>potissimum</strong></span> 
     </span>
    </p>
   </div>
   <div class='ocr_carea' id='block_1_9' title="bbox 314 1540 1911 1615">
    <p class='ocr_par' dir='ltr' id='par_1_9' title="bbox 314 1540 1911 1615">
     <span class='ocr_line' id='line_1_10' title="bbox 314 1540 1911 1615; baseline 0.002 -22"><span class='ocrx_word' id='word_1_42' title='bbox 314 1540 533 1609; x_wconf 69' lang='lat' dir='ltr'><strong>prmirct</strong></span> <span class='ocrx_word' id='word_1_43' title='bbox 581 1544 978 1615; x_wconf 82' lang='lat' dir='ltr'><strong>antesignanus,</strong></span> <span class='ocrx_word' id='word_1_44' title='bbox 1009 1540 1268 1615; x_wconf 72' lang='lat' dir='ltr'><strong>perpensa</strong></span> <span class='ocrx_word' id='word_1_45' title='bbox 1298 1550 1598 1612; x_wconf 88' lang='lat' dir='ltr'><strong>temporum</strong></span> <span class='ocrx_word' id='word_1_46' title='bbox 1624 1584 1639 1607; x_wconf 92' lang='lat'><strong>,</strong></span> <span class='ocrx_word' id='word_1_47' title='bbox 1693 1556 1872 1597; x_wconf 89' lang='lat' dir='ltr'><strong>rerum</strong></span> <span class='ocrx_word' id='word_1_48' title='bbox 1894 1582 1911 1609; x_wconf 92' lang='lat'><strong>,</strong></span> 
     </span>
    </p>
   </div>
   <div class='ocr_carea' id='block_1_10' title="bbox 312 1631 1912 1704">
    <p class='ocr_par' dir='ltr' id='par_1_10' title="bbox 312 1631 1912 1704">
     <span class='ocr_line' id='line_1_11' title="bbox 312 1631 1912 1704; baseline 0.002 -19"><span class='ocrx_word' id='word_1_49' title='bbox 312 1645 542 1701; x_wconf 87' lang='lat' dir='ltr'><strong>operum</strong></span> <span class='ocrx_word' id='word_1_50' title='bbox 598 1634 834 1701; x_wconf 86' lang='lat' dir='ltr'><strong>ratione,</strong></span> <span class='ocrx_word' id='word_1_51' title='bbox 882 1647 1286 1701; x_wconf 71' lang='lat' dir='ltr'><strong>quaereremus;</strong></span> <span class='ocrx_word' id='word_1_52' title='bbox 1325 1631 1587 1688; x_wconf 84' lang='lat' dir='ltr'><strong>adfuisset</strong></span> <span class='ocrx_word' id='word_1_53' title='bbox 1611 1632 1824 1704; x_wconf 91' lang='lat' dir='ltr'><strong>quidem</strong></span> <span class='ocrx_word' id='word_1_54' title='bbox 1857 1632 1912 1688; x_wconf 94' lang='lat' dir='ltr'><strong>in</strong></span> 
     </span>
    </p>
   </div>
   <div class='ocr_carea' id='block_1_11' title="bbox 310 1724 1914 1797">
    <p class='ocr_par' dir='ltr' id='par_1_11' title="bbox 310 1724 1914 1797">
     <span class='ocr_line' id='line_1_12' title="bbox 310 1724 1914 1797; baseline 0.001 -19"><span class='ocrx_word' id='word_1_55' title='bbox 310 1735 587 1795; x_wconf 87' lang='lat' dir='ltr'><strong>promptu,</strong></span> <span class='ocrx_word' id='word_1_56' title='bbox 635 1743 666 1782; x_wconf 78' lang='grc' dir='ltr'><strong><em>ο</em></strong></span> <span class='ocrx_word' id='word_1_57' title='bbox 712 1726 899 1797; x_wconf 88' lang='lat' dir='ltr'><strong>primis</strong></span> <span class='ocrx_word' id='word_1_58' title='bbox 952 1726 1211 1784; x_wconf 69' lang='lat' dir='ltr'><strong>Ecclesia:</strong></span> <span class='ocrx_word' id='word_1_59' title='bbox 1264 1724 1623 1793; x_wconf 85' lang='lat' dir='ltr'><strong>incunabulis,</strong></span> <span class='ocrx_word' id='word_1_60' title='bbox 1672 1724 1914 1782; x_wconf 89' lang='lat' dir='ltr'><strong>melioris</strong></span> 
     </span>
    </p>
   </div>
   <div class='ocr_carea' id='block_1_12' title="bbox 312 1817 1915 1891">
    <p class='ocr_par' dir='ltr' id='par_1_12' title="bbox 312 1817 1915 1891">
     <span class='ocr_line' id='line_1_13' title="bbox 312 1817 1915 1891; baseline 0.001 -21"><span class='ocrx_word' id='word_1_61' title='bbox 312 1825 455 1871; x_wconf 83' lang='lat' dir='ltr'><strong>notae</strong></span> <span class='ocrx_word' id='word_1_62' title='bbox 483 1819 566 1873; x_wconf 92' lang='lat' dir='ltr'><strong>vir</strong></span> <span class='ocrx_word' id='word_1_63' title='bbox 610 1833 673 1874; x_wconf 92' lang='lat' dir='ltr'><strong>ac</strong></span> <span class='ocrx_word' id='word_1_64' title='bbox 711 1819 995 1876; x_wconf 88' lang='lat' dir='ltr'><strong>sanctioris</strong></span> <span class='ocrx_word' id='word_1_65' title='bbox 1043 1820 1240 1878; x_wconf 86' lang='lat' dir='ltr'><strong>ominis</strong></span> <span class='ocrx_word' id='word_1_66' title='bbox 1286 1834 1519 1885; x_wconf 87' lang='lat' dir='ltr'><strong>nomen;</strong></span> <span class='ocrx_word' id='word_1_67' title='bbox 1566 1817 1915 1891; x_wconf 85' lang='lat' dir='ltr'><strong>praestantior</strong></span> 
     </span>
    </p>
   </div>
   <div class='ocr_carea' id='block_1_13' title="bbox 312 1910 1911 1984">
    <p class='ocr_par' dir='ltr' id='par_1_13' title="bbox 312 1910 1911 1984">
     <span class='ocr_line' id='line_1_14' title="bbox 312 1910 1911 1984; baseline 0.001 -21"><span class='ocrx_word' id='word_1_68' title='bbox 312 1923 442 1965; x_wconf 89' lang='lat' dir='ltr'><strong>vero</strong></span> <span class='ocrx_word' id='word_1_69' title='bbox 494 1911 734 1981; x_wconf 89' lang='lat' dir='ltr'><strong>pondere</strong></span> <span class='ocrx_word' id='word_1_70' title='bbox 786 1913 983 1984; x_wconf 82' lang='lat' dir='ltr'><strong>ingenii</strong></span> <span class='ocrx_word' id='word_1_71' title='bbox 1032 1927 1097 1969; x_wconf 92' lang='lat' dir='ltr'><strong>ac</strong></span> <span class='ocrx_word' id='word_1_72' title='bbox 1141 1912 1507 1969; x_wconf 86' lang='lat' dir='ltr'><strong>doctrinarum</strong></span> <span class='ocrx_word' id='word_1_73' title='bbox 1545 1910 1698 1982; x_wconf 81' lang='lat' dir='ltr'><strong>capia</strong></span> <span class='ocrx_word' id='word_1_74' title='bbox 1728 1925 1911 1979; x_wconf 90' lang='lat' dir='ltr'><strong>nemo,</strong></span> 
     </span>
    </p>
   </div>
   <div class='ocr_carea' id='block_1_14' title="bbox 312 2001 1910 2074">
    <p class='ocr_par' dir='ltr' id='par_1_14' title="bbox 312 2001 1910 2074">
     <span class='ocr_line' id='line_1_15' title="bbox 312 2001 1910 2074; baseline 0.003 -19"><span class='ocrx_word' id='word_1_75' title='bbox 312 2011 503 2071; x_wconf 60' lang='lat' dir='ltr'><strong>praeter</strong></span> <span class='ocrx_word' id='word_1_76' title='bbox 527 2003 667 2060; x_wconf 92' lang='lat' dir='ltr'><strong>hunc</strong></span> <span class='ocrx_word' id='word_1_77' title='bbox 688 2013 933 2060; x_wconf 88' lang='lat' dir='ltr'><strong>nostrum</strong></span> <span class='ocrx_word' id='word_1_78' title='bbox 979 2004 1294 2074; x_wconf 76' lang='lat' dir='ltr'><strong>QUINTUM</strong></span> <span class='ocrx_word' id='word_1_79' title='bbox 1331 2002 1707 2062; x_wconf 81' lang='lat' dir='ltr'><strong>SEPTIMIUM</strong></span> <span class='ocrx_word' id='word_1_80' title='bbox 1745 2001 1910 2060; x_wconf 87' lang='lat' dir='ltr'><strong>FLO-</strong></span> 
     </span>
    </p>
   </div>
   <div class='ocr_carea' id='block_1_15' title="bbox 310 2091 1182 2155">
    <p class='ocr_par' dir='ltr' id='par_1_15' title="bbox 310 2091 1182 2155">
     <span class='ocr_line' id='line_1_16' title="bbox 310 2091 1182 2155; baseline 0.007 -8"><span class='ocrx_word' id='word_1_81' title='bbox 310 2091 591 2149; x_wconf 75' lang='lat' dir='ltr'><strong>RENTEM</strong></span> <span class='ocrx_word' id='word_1_82' title='bbox 617 2095 1182 2155; x_wconf 77' lang='lat' dir='ltr'><strong>TERTULLIANUM.</strong></span> 
     </span>
    </p>
   </div>
   <div class='ocr_carea' id='block_1_16' title="bbox 380 2186 1913 2263">
    <p class='ocr_par' dir='ltr' id='par_1_16' title="bbox 380 2186 1913 2263">
     <span class='ocr_line' id='line_1_17' title="bbox 380 2186 1913 2263; baseline 0.005 -21"><span class='ocrx_word' id='word_1_83' title='bbox 380 2186 724 2245; x_wconf 85' lang='lat' dir='ltr'><strong>Laudandum</strong></span> <span class='ocrx_word' id='word_1_84' title='bbox 780 2191 998 2262; x_wconf 88' lang='lat' dir='ltr'><strong>quidem</strong></span> <span class='ocrx_word' id='word_1_85' title='bbox 1047 2191 1320 2263; x_wconf 90' lang='lat' dir='ltr'><strong>ingenium</strong></span> <span class='ocrx_word' id='word_1_86' title='bbox 1355 2234 1372 2261; x_wconf 90' lang='lat'><strong>,</strong></span> <span class='ocrx_word' id='word_1_87' title='bbox 1419 2190 1742 2249; x_wconf 89' lang='lat' dir='ltr'><strong>damnanda&#39;</strong></span> <span class='ocrx_word' id='word_1_88' title='bbox 1780 2205 1913 2250; x_wconf 86' lang='lat' dir='ltr'><strong>vero</strong></span> 
     </span>
    </p>
   </div>
   <div class='ocr_carea' id='block_1_17' title="bbox 314 2281 1911 2358">
    <p class='ocr_par' dir='ltr' id='par_1_17' title="bbox 314 2281 1911 2358">
     <span class='ocr_line' id='line_1_18' title="bbox 314 2281 1911 2358; baseline 0.006 -24"><span class='ocrx_word' id='word_1_89' title='bbox 314 2281 649 2349; x_wconf 64' lang='lat' dir='ltr'><strong>barresis,ac</strong></span> <span class='ocrx_word' id='word_1_90' title='bbox 693 2301 823 2341; x_wconf 87' lang='lat' dir='ltr'><strong>sane</strong></span> <span class='ocrx_word' id='word_1_91' title='bbox 863 2285 1097 2358; x_wconf 87' lang='lat' dir='ltr'><strong>lugenda</strong></span> <span class='ocrx_word' id='word_1_92' title='bbox 1147 2286 1408 2358; x_wconf 80' lang='lat' dir='ltr'><strong>longioris</strong></span> <span class='ocrx_word' id='word_1_93' title='bbox 1461 2288 1594 2343; x_wconf 91' lang='lat' dir='ltr'><strong>tanti</strong></span> <span class='ocrx_word' id='word_1_94' title='bbox 1634 2288 1736 2344; x_wconf 90' lang='lat' dir='ltr'><strong>viri</strong></span> <span class='ocrx_word' id='word_1_95' title='bbox 1786 2288 1911 2343; x_wconf 71' lang='lat' dir='ltr'><strong>vita:</strong></span> 
     </span>
    </p>
   </div>
   <div class='ocr_carea' id='block_1_18' title="bbox 2022 1260 3623 1348">
    <p class='ocr_par' dir='ltr' id='par_1_18' title="bbox 2022 1260 3623 1348">
     <span class='ocr_line' id='line_1_19' title="bbox 2022 1260 3623 1348; baseline 0.014 -33"><span class='ocrx_word' id='word_1_96' title='bbox 2022 1260 2166 1316; x_wconf 90' lang='lat' dir='ltr'><strong>enim</strong></span> <span class='ocrx_word' id='word_1_97' title='bbox 2196 1262 2300 1317; x_wconf 90' lang='lat' dir='ltr'><strong>alia</strong></span> <span class='ocrx_word' id='word_1_98' title='bbox 2330 1279 2451 1333; x_wconf 68' lang='lat' dir='ltr'><strong>qua:</strong></span> <span class='ocrx_word' id='word_1_99' title='bbox 2477 1264 2543 1321; x_wconf 89' lang='lat' dir='ltr'><strong>de</strong></span> <span class='ocrx_word' id='word_1_100' title='bbox 2573 1266 2764 1323; x_wconf 86' lang='lat' dir='ltr'><strong>eodem</strong></span> <span class='ocrx_word' id='word_1_101' title='bbox 2794 1269 3108 1328; x_wconf 87' lang='lat' dir='ltr'><strong>disserenda</strong></span> <span class='ocrx_word' id='word_1_102' title='bbox 3133 1286 3257 1332; x_wconf 92' lang='lat' dir='ltr'><strong>sunt</strong></span> <span class='ocrx_word' id='word_1_103' title='bbox 3278 1293 3376 1348; x_wconf 89' lang='lat' dir='ltr'><strong>pro</strong></span> <span class='ocrx_word' id='word_1_104' title='bbox 3405 1281 3540 1335; x_wconf 72' lang='lat' dir='ltr'><strong>virili</strong></span> <span class='ocrx_word' id='word_1_105' title='bbox 3570 1282 3623 1338; x_wconf 90' lang='lat' dir='ltr'><strong>iu</strong></span> 
     </span>
    </p>
   </div>
   <div class='ocr_carea' id='block_1_19' title="bbox 2019 1353 2882 1425">
    <p class='ocr_par' dir='ltr' id='par_1_19' title="bbox 2019 1353 2882 1425">
     <span class='ocr_line' id='line_1_20' title="bbox 2019 1353 2882 1425; baseline 0.012 -17"><span class='ocrx_word' id='word_1_106' title='bbox 2019 1353 2175 1409; x_wconf 89' lang='lat' dir='ltr'><strong>istius</strong></span> <span class='ocrx_word' id='word_1_107' title='bbox 2213 1356 2395 1425; x_wconf 90' lang='lat' dir='ltr'><strong>operis</strong></span> <span class='ocrx_word' id='word_1_108' title='bbox 2423 1356 2653 1416; x_wconf 91' lang='lat' dir='ltr'><strong>decursu</strong></span> <span class='ocrx_word' id='word_1_109' title='bbox 2680 1361 2882 1419; x_wconf 86' lang='lat' dir='ltr'><strong>dicent;</strong></span> 
     </span>
    </p>
   </div>
   <div class='ocr_carea' id='block_1_20' title="bbox 2094 1445 3624 1531">
    <p class='ocr_par' dir='ltr' id='par_1_20' title="bbox 2094 1445 3624 1531">
     <span class='ocr_line' id='line_1_21' title="bbox 2094 1445 3624 1531; baseline 0.014 -30"><span class='ocrx_word' id='word_1_110' title='bbox 2094 1445 2314 1504; x_wconf 69' lang='lat' dir='ltr'><strong>Przeibit</strong></span> <span class='ocrx_word' id='word_1_111' title='bbox 2348 1463 2541 1520; x_wconf 81' lang='lat' dir='ltr'><strong>nempe</strong></span> <span class='ocrx_word' id='word_1_112' title='bbox 2590 1452 2939 1513; x_wconf 81' lang='lat' dir='ltr'><strong>PAMELIUS</strong></span> <span class='ocrx_word' id='word_1_113' title='bbox 2986 1457 3350 1531; x_wconf 87' lang='lat' dir='ltr'><strong>Septimianos</strong></span> <span class='ocrx_word' id='word_1_114' title='bbox 3400 1456 3624 1523; x_wconf 75' lang='lat' dir='ltr'><strong>annales</strong></span> 
     </span>
    </p>
   </div>
   <div class='ocr_carea' id='block_1_21' title="bbox 2022 1541 3621 1615">
    <p class='ocr_par' dir='ltr' id='par_1_21' title="bbox 2022 1541 3621 1615">
     <span class='ocr_line' id='line_1_22' title="bbox 2022 1541 3621 1615; baseline 0.015 -23"><span class='ocrx_word' id='word_1_115' title='bbox 2022 1550 2121 1607; x_wconf 91' lang='lat' dir='ltr'><strong>per</strong></span> <span class='ocrx_word' id='word_1_116' title='bbox 2138 1547 2431 1609; x_wconf 88' lang='lat' dir='ltr'><strong>quatuoret</strong></span> <span class='ocrx_word' id='word_1_117' title='bbox 2455 1541 2644 1614; x_wconf 89' lang='lat' dir='ltr'><strong>viginti</strong></span> <span class='ocrx_word' id='word_1_118' title='bbox 2673 1544 2843 1602; x_wconf 77' lang='lat' dir='ltr'><strong>fastus</strong></span> <span class='ocrx_word' id='word_1_119' title='bbox 2890 1552 3203 1609; x_wconf 86' lang='lat' dir='ltr'><strong>consulares</strong></span> <span class='ocrx_word' id='word_1_120' title='bbox 3250 1566 3621 1615; x_wconf 84' lang='lat' dir='ltr'><strong>contexturus.</strong></span> 
     </span>
    </p>
   </div>
   <div class='ocr_carea' id='block_1_22' title="bbox 2081 1629 3627 1717">
    <p class='ocr_par' dir='ltr' id='par_1_22' title="bbox 2081 1629 3627 1717">
     <span class='ocr_line' id='line_1_23' title="bbox 2081 1629 3627 1717; baseline 0.016 -30"><span class='ocrx_word' id='word_1_121' title='bbox 2081 1629 2321 1690; x_wconf 87' lang='lat' dir='ltr'><strong>Subinde</strong></span> <span class='ocrx_word' id='word_1_122' title='bbox 2349 1649 2467 1705; x_wconf 64' lang='lat' dir='ltr'><strong>quae</strong></span> <span class='ocrx_word' id='word_1_123' title='bbox 2487 1635 2775 1707; x_wconf 85' lang='lat' dir='ltr'><strong>cujuslibet</strong></span> <span class='ocrx_word' id='word_1_124' title='bbox 2798 1641 2920 1697; x_wconf 86' lang='lat' dir='ltr'><strong>libri</strong></span> <span class='ocrx_word' id='word_1_125' title='bbox 2947 1647 3361 1717; x_wconf 28' lang='lat' dir='ltr'><strong>occasio,‘:etas,</strong></span> <span class='ocrx_word' id='word_1_126' title='bbox 3387 1656 3627 1710; x_wconf 82' lang='lat' dir='ltr'><strong>auctori-</strong></span> 
     </span>
    </p>
   </div>
   <div class='ocr_carea' id='block_1_23' title="bbox 2018 1727 3625 1815">
    <p class='ocr_par' dir='ltr' id='par_1_23' title="bbox 2018 1727 3625 1815">
     <span class='ocr_line' id='line_1_24' title="bbox 2018 1727 3625 1815; baseline 0.016 -38"><span class='ocrx_word' id='word_1_127' title='bbox 2018 1730 2131 1791; x_wconf 90' lang='lat' dir='ltr'><strong>tas,</strong></span> <span class='ocrx_word' id='word_1_128' title='bbox 2163 1734 2292 1796; x_wconf 91' lang='lat' dir='ltr'><strong>quot</strong></span> <span class='ocrx_word' id='word_1_129' title='bbox 2317 1727 2425 1783; x_wconf 94' lang='lat' dir='ltr'><strong>sint</strong></span> <span class='ocrx_word' id='word_1_130' title='bbox 2447 1736 2501 1783; x_wconf 91' lang='lat' dir='ltr'><strong>et</strong></span> <span class='ocrx_word' id='word_1_131' title='bbox 2521 1730 2860 1800; x_wconf 89' lang='lat' dir='ltr'><strong>quandonam</strong></span> <span class='ocrx_word' id='word_1_132' title='bbox 2896 1735 3011 1808; x_wconf 79' lang='lat' dir='ltr'><strong>sive</strong></span> <span class='ocrx_word' id='word_1_133' title='bbox 3049 1748 3193 1807; x_wconf 86' lang='lat' dir='ltr'><strong>ante,</strong></span> <span class='ocrx_word' id='word_1_134' title='bbox 3222 1742 3336 1798; x_wconf 86' lang='lat' dir='ltr'><strong>sive</strong></span> <span class='ocrx_word' id='word_1_135' title='bbox 3359 1753 3477 1815; x_wconf 91' lang='lat' dir='ltr'><strong>post</strong></span> <span class='ocrx_word' id='word_1_136' title='bbox 3504 1760 3625 1801; x_wconf 74' lang='lat' dir='ltr'><strong>sus~</strong></span> 
     </span>
    </p>
   </div>
   <div class='ocr_carea' id='block_1_24' title="bbox 2018 1819 3622 1907">
    <p class='ocr_par' dir='ltr' id='par_1_24' title="bbox 2018 1819 3622 1907">
     <span class='ocr_line' id='line_1_25' title="bbox 2018 1819 3622 1907; baseline 0.015 -36"><span class='ocrx_word' id='word_1_137' title='bbox 2018 1827 2233 1889; x_wconf 89' lang='lat' dir='ltr'><strong>ceptum</strong></span> <span class='ocrx_word' id='word_1_138' title='bbox 2289 1819 2357 1877; x_wconf 89' lang='lat' dir='ltr'><strong>ab</strong></span> <span class='ocrx_word' id='word_1_139' title='bbox 2395 1833 2616 1881; x_wconf 90' lang='lat' dir='ltr'><strong>auctore</strong></span> <span class='ocrx_word' id='word_1_140' title='bbox 2642 1828 3057 1887; x_wconf 83' lang='lat' dir='ltr'><strong>montanismum</strong></span> <span class='ocrx_word' id='word_1_141' title='bbox 3078 1835 3389 1907; x_wconf 85' lang='lat' dir='ltr'><strong>conscripti,</strong></span> <span class='ocrx_word' id='word_1_142' title='bbox 3421 1840 3622 1897; x_wconf 87' lang='lat' dir='ltr'><strong>diserte</strong></span> 
     </span>
    </p>
   </div>
   <div class='ocr_carea' id='block_1_25' title="bbox 2015 1908 3621 1990">
    <p class='ocr_par' dir='ltr' id='par_1_25' title="bbox 2015 1908 3621 1990">
     <span class='ocr_line' id='line_1_26' title="bbox 2015 1908 3621 1990; baseline 0.016 -27"><span class='ocrx_word' id='word_1_143' title='bbox 2015 1908 2364 1979; x_wconf 88' lang='lat' dir='ltr'><strong>disputabunt</strong></span> <span class='ocrx_word' id='word_1_144' title='bbox 2388 1912 2511 1979; x_wconf 87' lang='lat' dir='ltr'><strong>Job.</strong></span> <span class='ocrx_word' id='word_1_145' title='bbox 2537 1916 2672 1990; x_wconf 83' lang='lat' dir='ltr'><strong>Aug.</strong></span> <span class='ocrx_word' id='word_1_146' title='bbox 2701 1917 3057 1979; x_wconf 81' lang='lat' dir='ltr'><strong>NOESSELT</strong></span> <span class='ocrx_word' id='word_1_147' title='bbox 3085 1934 3141 1983; x_wconf 88' lang='lat' dir='ltr'><strong>et</strong></span> <span class='ocrx_word' id='word_1_148' title='bbox 3167 1927 3226 1981; x_wconf 85' lang='grc' dir='ltr'><strong>Ι).</strong></span> <span class='ocrx_word' id='word_1_149' title='bbox 3261 1926 3621 1989; x_wconf 79' lang='lat' dir='ltr'><strong>Gothofredus</strong></span> 
     </span>
    </p>
   </div>
   <div class='ocr_carea' id='block_1_26' title="bbox 2016 1999 2325 2060">
    <p class='ocr_par' dir='ltr' id='par_1_26' title="bbox 2016 1999 2325 2060">
     <span class='ocr_line' id='line_1_27' title="bbox 2016 1999 2325 2060; baseline 0.013 -4"><span class='ocrx_word' id='word_1_150' title='bbox 2016 1999 2325 2060; x_wconf 80' lang='lat' dir='ltr'><strong>LUMPER.</strong></span> 
     </span>
    </p>
   </div>
   <div class='ocr_carea' id='block_1_27' title="bbox 2090 2093 3675 2187">
    <p class='ocr_par' dir='ltr' id='par_1_27' title="bbox 2090 2093 3675 2187">
     <span class='ocr_line' id='line_1_28' title="bbox 2090 2093 3675 2187; baseline 0.016 -38"><span class='ocrx_word' id='word_1_151' title='bbox 2090 2093 2226 2151; x_wconf 89' lang='lat' dir='ltr'><strong>Tum</strong></span> <span class='ocrx_word' id='word_1_152' title='bbox 2250 2095 2568 2156; x_wconf 86' lang='lat' dir='ltr'><strong>Tertulliani</strong></span> <span class='ocrx_word' id='word_1_153' title='bbox 2594 2101 2904 2172; x_wconf 79' lang='lat' dir='ltr'><strong>Paradoxa,</strong></span> <span class='ocrx_word' id='word_1_154' title='bbox 2946 2121 3068 2164; x_wconf 91' lang='lat' dir='ltr'><strong>cum</strong></span> <span class='ocrx_word' id='word_1_155' title='bbox 3118 2122 3304 2169; x_wconf 91' lang='lat' dir='ltr'><strong>eorum</strong></span> <span class='ocrx_word' id='word_1_156' title='bbox 3334 2114 3613 2187; x_wconf 83' lang='lat' dir='ltr'><strong>antidoto,</strong></span> <span class='ocrx_word' id='word_1_157' title='bbox 3671 2106 3675 2112; x_wconf 67' lang='grc'><strong>’</strong></span> 
     </span>
    </p>
   </div>
   <div class='ocr_carea' id='block_1_28' title="bbox 2015 2187 3399 2269">
    <p class='ocr_par' dir='ltr' id='par_1_28' title="bbox 2015 2187 3399 2269">
     <span class='ocr_line' id='line_1_29' title="bbox 2015 2187 3399 2269; baseline 0.014 -26"><span class='ocrx_word' id='word_1_158' title='bbox 2015 2187 2208 2245; x_wconf 88' lang='lat' dir='ltr'><strong>iterata</strong></span> <span class='ocrx_word' id='word_1_159' title='bbox 2239 2191 2481 2262; x_wconf 89' lang='lat' dir='ltr'><strong>ejusdem</strong></span> <span class='ocrx_word' id='word_1_160' title='bbox 2511 2194 2734 2253; x_wconf 88' lang='lat' dir='ltr'><strong>Pamelii</strong></span> <span class='ocrx_word' id='word_1_161' title='bbox 2762 2214 2924 2269; x_wconf 85' lang='lat' dir='ltr'><strong>opera</strong></span> <span class='ocrx_word' id='word_1_162' title='bbox 2957 2205 3399 2263; x_wconf 86' lang='lat' dir='ltr'><strong>recensebuntur.</strong></span> 
     </span>
    </p>
   </div>
   <div class='ocr_carea' id='block_1_29' title="bbox 2086 2281 3614 2363">
    <p class='ocr_par' dir='ltr' id='par_1_29' title="bbox 2086 2281 3614 2363">
     <span class='ocr_line' id='line_1_30' title="bbox 2086 2281 3614 2363; baseline 0.016 -26"><span class='ocrx_word' id='word_1_163' title='bbox 2086 2281 2203 2338; x_wconf 86' lang='lat' dir='ltr'><strong>Una</strong></span> <span class='ocrx_word' id='word_1_164' title='bbox 2240 2285 2533 2343; x_wconf 85' lang='lat' dir='ltr'><strong>‘succedent</strong></span> <span class='ocrx_word' id='word_1_165' title='bbox 2548 2286 2611 2343; x_wconf 88' lang='grc' dir='ltr'><strong>Β.</strong></span> <span class='ocrx_word' id='word_1_166' title='bbox 2630 2289 3003 2351; x_wconf 74' lang='lat' dir='ltr'><strong>RHENANUS</strong></span> <span class='ocrx_word' id='word_1_167' title='bbox 3022 2296 3183 2353; x_wconf 88' lang='lat' dir='ltr'><strong>simul</strong></span> <span class='ocrx_word' id='word_1_168' title='bbox 3209 2309 3263 2354; x_wconf 93' lang='lat' dir='ltr'><strong>ct</strong></span> <span class='ocrx_word' id='word_1_169' title='bbox 3287 2300 3380 2355; x_wconf 85' lang='lat' dir='ltr'><strong>AN</strong></span> <span class='ocrx_word' id='word_1_170' title='bbox 3389 2302 3614 2363; x_wconf 82' lang='lat' dir='ltr'><strong>DRE:\S</strong></span> 
     </span>
    </p>
   </div>
   <div class='ocr_carea' id='block_1_30' title="bbox 308 2373 3616 2466">
    <p class='ocr_par' dir='ltr' id='par_1_30' title="bbox 308 2373 3616 2466">
     <span class='ocr_line' id='line_1_31' title="bbox 308 2373 3616 2466; baseline 0.007 -39"><span class='ocrx_word' id='word_1_171' title='bbox 308 2389 435 2445; x_wconf 87' lang='lat' dir='ltr'><strong>pars</strong></span> <span class='ocrx_word' id='word_1_172' title='bbox 464 2375 648 2431; x_wconf 90' lang='lat' dir='ltr'><strong>ultima</strong></span> <span class='ocrx_word' id='word_1_173' title='bbox 671 2420 687 2445; x_wconf 91' lang='lat'><strong>,</strong></span> <span class='ocrx_word' id='word_1_174' title='bbox 730 2377 1005 2450; x_wconf 87' lang='lat' dir='ltr'><strong>majorque</strong></span> <span class='ocrx_word' id='word_1_175' title='bbox 1034 2421 1049 2447; x_wconf 95' lang='lat'><strong>,</strong></span> <span class='ocrx_word' id='word_1_176' title='bbox 1092 2378 1148 2434; x_wconf 92' lang='lat' dir='ltr'><strong>in</strong></span> <span class='ocrx_word' id='word_1_177' title='bbox 1176 2379 1350 2436; x_wconf 68' lang='lat' dir='ltr'><strong>laedes</strong></span> <span class='ocrx_word' id='word_1_178' title='bbox 1389 2395 1605 2437; x_wconf 89' lang='lat' dir='ltr'><strong>errores</strong></span> <span class='ocrx_word' id='word_1_179' title='bbox 1644 2380 1908 2451; x_wconf 87' lang='lat' dir='ltr'><strong>impensa.</strong></span> <span class='ocrx_word' id='word_1_180' title='bbox 1941 2392 1991 2453; x_wconf 83' lang='lat' dir='ltr'><strong>B</strong></span> <span class='ocrx_word' id='word_1_181' title='bbox 2019 2373 2251 2434; x_wconf 78' lang='lat' dir='ltr'><strong>llOYUS</strong></span> <span class='ocrx_word' id='word_1_182' title='bbox 2277 2377 2605 2451; x_wconf 83' lang='lat' dir='ltr'><strong>Brugensis,</strong></span> <span class='ocrx_word' id='word_1_183' title='bbox 2657 2383 2712 2438; x_wconf 91' lang='lat' dir='ltr'><strong>in</strong></span> <span class='ocrx_word' id='word_1_184' title='bbox 2757 2386 3091 2455; x_wconf 81' lang='lat' dir='ltr'><strong>explicandis</strong></span> <span class='ocrx_word' id='word_1_185' title='bbox 3138 2406 3257 2462; x_wconf 68' lang='lat' dir='ltr'><strong>quae</strong></span> <span class='ocrx_word' id='word_1_186' title='bbox 3283 2394 3616 2466; x_wconf 80' lang='lat' dir='ltr'><strong>frequentiu-</strong></span> 
     </span>
    </p>
   </div>
   <div class='ocr_carea' id='block_1_31' title="bbox 306 2467 1911 2543">
    <p class='ocr_par' dir='ltr' id='par_1_31' title="bbox 306 2467 1911 2543">
     <span class='ocr_line' id='line_1_32' title="bbox 306 2467 1911 2543; baseline 0.006 -20"><span class='ocrx_word' id='word_1_187' title='bbox 306 2467 376 2523; x_wconf 81' lang='lat' dir='ltr'><strong>At</strong></span> <span class='ocrx_word' id='word_1_188' title='bbox 400 2483 525 2524; x_wconf 90' lang='lat' dir='ltr'><strong>cum</strong></span> <span class='ocrx_word' id='word_1_189' title='bbox 553 2469 720 2527; x_wconf 88' lang='lat' dir='ltr'><strong>altera</strong></span> <span class='ocrx_word' id='word_1_190' title='bbox 762 2487 886 2543; x_wconf 89' lang='lat' dir='ltr'><strong>pars</strong></span> <span class='ocrx_word' id='word_1_191' title='bbox 915 2481 970 2528; x_wconf 92' lang='lat' dir='ltr'><strong>et</strong></span> <span class='ocrx_word' id='word_1_192' title='bbox 1001 2474 1191 2529; x_wconf 88' lang='lat' dir='ltr'><strong>melior</strong></span> <span class='ocrx_word' id='word_1_193' title='bbox 1224 2475 1276 2529; x_wconf 92' lang='lat' dir='ltr'><strong>in</strong></span> <span class='ocrx_word' id='word_1_194' title='bbox 1301 2474 1421 2530; x_wconf 91' lang='lat' dir='ltr'><strong>ﬁdei</strong></span> <span class='ocrx_word' id='word_1_195' title='bbox 1452 2476 1749 2532; x_wconf 87' lang='lat' dir='ltr'><strong>certamina</strong></span> <span class='ocrx_word' id='word_1_196' title='bbox 1771 2482 1911 2532; x_wconf 82' lang='lat' dir='ltr'><strong>stre-</strong></span> 
     </span>
    </p>
   </div>
   <div class='ocr_carea' id='block_1_32' title="bbox 306 2560 1910 2638">
    <p class='ocr_par' dir='ltr' id='par_1_32' title="bbox 306 2560 1910 2638">
     <span class='ocr_line' id='line_1_33' title="bbox 306 2560 1910 2638; baseline 0.005 -21"><span class='ocrx_word' id='word_1_197' title='bbox 306 2574 414 2617; x_wconf 90' lang='lat' dir='ltr'><strong>nue</strong></span> <span class='ocrx_word' id='word_1_198' title='bbox 466 2560 629 2618; x_wconf 75' lang='lat' dir='ltr'><strong>fuerit</strong></span> <span class='ocrx_word' id='word_1_199' title='bbox 670 2574 908 2635; x_wconf 82' lang='lat' dir='ltr'><strong>erogata,</strong></span> <span class='ocrx_word' id='word_1_200' title='bbox 939 2564 1063 2621; x_wconf 89' lang='lat' dir='ltr'><strong>huic</strong></span> <span class='ocrx_word' id='word_1_201' title='bbox 1091 2566 1281 2638; x_wconf 82' lang='lat' dir='ltr'><strong>igitur,</strong></span> <span class='ocrx_word' id='word_1_202' title='bbox 1309 2568 1527 2624; x_wconf 89' lang='lat' dir='ltr'><strong>attentis</strong></span> <span class='ocrx_word' id='word_1_203' title='bbox 1552 2567 1744 2624; x_wconf 90' lang='lat' dir='ltr'><strong>saltem</strong></span> <span class='ocrx_word' id='word_1_204' title='bbox 1775 2576 1910 2625; x_wconf 90' lang='lat' dir='ltr'><strong>tem-</strong></span> 
     </span>
    </p>
   </div>
   <div class='ocr_carea' id='block_1_33' title="bbox 306 2656 1906 2739">
    <p class='ocr_par' dir='ltr' id='par_1_33' title="bbox 306 2656 1906 2739">
     <span class='ocr_line' id='line_1_34' title="bbox 306 2656 1906 2739; baseline 0.006 -32"><span class='ocrx_word' id='word_1_205' title='bbox 306 2666 499 2723; x_wconf 88' lang='lat' dir='ltr'><strong>porum</strong></span> <span class='ocrx_word' id='word_1_206' title='bbox 527 2656 735 2712; x_wconf 86' lang='lat' dir='ltr'><strong>ratione</strong></span> <span class='ocrx_word' id='word_1_207' title='bbox 765 2671 829 2712; x_wconf 89' lang='lat' dir='ltr'><strong>ac</strong></span> <span class='ocrx_word' id='word_1_208' title='bbox 857 2658 1190 2729; x_wconf 83' lang='lat' dir='ltr'><strong>:etatisjure,</strong></span> <span class='ocrx_word' id='word_1_209' title='bbox 1224 2658 1423 2730; x_wconf 91' lang='lat' dir='ltr'><strong>primas</strong></span> <span class='ocrx_word' id='word_1_210' title='bbox 1469 2660 1673 2739; x_wconf 85' lang='lat' dir='ltr'><strong>habere</strong></span> <span class='ocrx_word' id='word_1_211' title='bbox 1723 2670 1906 2732; x_wconf 90' lang='lat' dir='ltr'><strong>partes</strong></span> 
     </span>
    </p>
   </div>
   <div class='ocr_carea' id='block_1_34' title="bbox 304 2743 1906 2817">
    <p class='ocr_par' dir='ltr' id='par_1_34' title="bbox 304 2743 1906 2817">
     <span class='ocr_line' id='line_1_35' title="bbox 304 2743 1906 2817; baseline 0.006 -17"><span class='ocrx_word' id='word_1_212' title='bbox 304 2743 668 2817; x_wconf 87' lang='lat' dir='ltr'><strong>indulgeatur.</strong></span> <span class='ocrx_word' id='word_1_213' title='bbox 707 2749 864 2806; x_wconf 85' lang='lat' dir='ltr'><strong>liunc</strong></span> <span class='ocrx_word' id='word_1_214' title='bbox 891 2752 1085 2808; x_wconf 90' lang='lat' dir='ltr'><strong>merito</strong></span> <span class='ocrx_word' id='word_1_215' title='bbox 1110 2768 1268 2809; x_wconf 91' lang='lat' dir='ltr'><strong>suum</strong></span> <span class='ocrx_word' id='word_1_216' title='bbox 1293 2754 1639 2811; x_wconf 83' lang='lat' dir='ltr'><strong>occidentalis</strong></span> <span class='ocrx_word' id='word_1_217' title='bbox 1665 2754 1906 2813; x_wconf 82' lang='lat' dir='ltr'><strong>Ecclesia</strong></span> 
     </span>
    </p>
   </div>
   <div class='ocr_carea' id='block_1_35' title="bbox 303 2831 1907 2921">
    <p class='ocr_par' dir='ltr' id='par_1_35' title="bbox 303 2831 1907 2921">
     <span class='ocr_line' id='line_1_36' title="bbox 303 2831 1907 2921; baseline 0.009 -27"><span class='ocrx_word' id='word_1_218' title='bbox 303 2838 406 2894; x_wconf 89' lang='lat' dir='ltr'><strong>sibi</strong></span> <span class='ocrx_word' id='word_1_219' title='bbox 434 2839 674 2898; x_wconf 78' lang='lat' dir='ltr'><strong>vindicet</strong></span> <span class='ocrx_word' id='word_1_220' title='bbox 718 2843 947 2915; x_wconf 90' lang='lat' dir='ltr'><strong>primum</strong></span> <span class='ocrx_word' id='word_1_221' title='bbox 1004 2857 1353 2903; x_wconf 89' lang='lat' dir='ltr'><strong>assertorem.</strong></span> <span class='ocrx_word' id='word_1_222' title='bbox 1399 2831 1633 2921; x_wconf 81' lang='lat' dir='ltr'><strong>llujusce</strong></span> <span class='ocrx_word' id='word_1_223' title='bbox 1678 2851 1907 2921; x_wconf 88' lang='lat' dir='ltr'><strong>proinde</strong></span> 
     </span>
    </p>
   </div>
   <div class='ocr_carea' id='block_1_36' title="bbox 304 2934 1906 3013">
    <p class='ocr_par' dir='ltr' id='par_1_36' title="bbox 304 2934 1906 3013">
     <span class='ocr_line' id='line_1_37' title="bbox 304 2934 1906 3013; baseline 0.007 -24"><span class='ocrx_word' id='word_1_224' title='bbox 304 2934 486 3006; x_wconf 87' lang='lat' dir='ltr'><strong>magni</strong></span> <span class='ocrx_word' id='word_1_225' title='bbox 511 2938 743 2994; x_wconf 90' lang='lat' dir='ltr'><strong>nominis</strong></span> <span class='ocrx_word' id='word_1_226' title='bbox 788 2940 975 2997; x_wconf 90' lang='lat' dir='ltr'><strong>umbra</strong></span> <span class='ocrx_word' id='word_1_227' title='bbox 1026 2955 1090 2997; x_wconf 87' lang='lat' dir='ltr'><strong>ac</strong></span> <span class='ocrx_word' id='word_1_228' title='bbox 1137 2942 1437 3012; x_wconf 89' lang='lat' dir='ltr'><strong>patrocinio</strong></span> <span class='ocrx_word' id='word_1_229' title='bbox 1480 2943 1724 3013; x_wconf 82' lang='lat' dir='ltr'><strong>defensa,</strong></span> <span class='ocrx_word' id='word_1_230' title='bbox 1775 2959 1906 3001; x_wconf 83' lang='lat' dir='ltr'><strong>exo-</strong></span> 
     </span>
    </p>
   </div>
   <div class='ocr_carea' id='block_1_37' title="bbox 304 3027 1906 3108">
    <p class='ocr_par' dir='ltr' id='par_1_37' title="bbox 304 3027 1906 3108">
     <span class='ocr_line' id='line_1_38' title="bbox 304 3027 1906 3108; baseline 0.008 -26"><span class='ocrx_word' id='word_1_231' title='bbox 304 3027 477 3082; x_wconf 88' lang='lat' dir='ltr'><strong>riatur</strong></span> <span class='ocrx_word' id='word_1_232' title='bbox 500 3039 555 3085; x_wconf 88' lang='lat' dir='ltr'><strong>et</strong></span> <span class='ocrx_word' id='word_1_233' title='bbox 585 3040 796 3087; x_wconf 88' lang='lat' dir='ltr'><strong>crescat</strong></span> <span class='ocrx_word' id='word_1_234' title='bbox 823 3048 959 3088; x_wconf 90' lang='lat' dir='ltr'><strong>nova</strong></span> <span class='ocrx_word' id='word_1_235' title='bbox 1004 3032 1119 3089; x_wconf 82' lang='lat' dir='ltr'><strong>lucc</strong></span> <span class='ocrx_word' id='word_1_236' title='bbox 1146 3036 1413 3105; x_wconf 90' lang='lat' dir='ltr'><strong>omnium,</strong></span> <span class='ocrx_word' id='word_1_237' title='bbox 1444 3037 1640 3108; x_wconf 87' lang='lat' dir='ltr'><strong>quibus</strong></span> <span class='ocrx_word' id='word_1_238' title='bbox 1669 3036 1906 3105; x_wconf 85' lang='lat' dir='ltr'><strong>adolevit</strong></span> 
     </span>
    </p>
   </div>
   <div class='ocr_carea' id='block_1_38' title="bbox 303 3116 1898 3201">
    <p class='ocr_par' dir='ltr' id='par_1_38' title="bbox 303 3116 1898 3201">
     <span class='ocr_line' id='line_1_39' title="bbox 303 3116 1898 3201; baseline 0.008 -27"><span class='ocrx_word' id='word_1_239' title='bbox 303 3116 584 3177; x_wconf 90' lang='lat' dir='ltr'><strong>Catholica</strong></span> <span class='ocrx_word' id='word_1_240' title='bbox 616 3122 879 3189; x_wconf 88' lang='lat' dir='ltr'><strong>Traditio,</strong></span> <span class='ocrx_word' id='word_1_241' title='bbox 915 3127 1341 3185; x_wconf 89' lang='lat' dir='ltr'><strong>testimoniorum</strong></span> <span class='ocrx_word' id='word_1_242' title='bbox 1371 3131 1541 3186; x_wconf 88' lang='lat' dir='ltr'><strong>series</strong></span> <span class='ocrx_word' id='word_1_243' title='bbox 1576 3131 1801 3201; x_wconf 84' lang='lat' dir='ltr'><strong>integra,</strong></span> <span class='ocrx_word' id='word_1_244' title='bbox 1830 3145 1898 3186; x_wconf 82' lang='lat' dir='ltr'><strong>ex</strong></span> 
     </span>
    </p>
   </div>
   <div class='ocr_carea' id='block_1_39' title="bbox 302 3211 1893 3293">
    <p class='ocr_par' dir='ltr' id='par_1_39' title="bbox 302 3211 1893 3293">
     <span class='ocr_line' id='line_1_40' title="bbox 302 3211 1893 3293; baseline 0.008 -28"><span class='ocrx_word' id='word_1_245' title='bbox 302 3211 554 3267; x_wconf 91' lang='lat' dir='ltr'><strong>omnibus</strong></span> <span class='ocrx_word' id='word_1_246' title='bbox 588 3216 824 3286; x_wconf 90' lang='lat' dir='ltr'><strong>magnis,</strong></span> <span class='ocrx_word' id='word_1_247' title='bbox 879 3218 1183 3275; x_wconf 88' lang='lat' dir='ltr'><strong>minimisve</strong></span> <span class='ocrx_word' id='word_1_248' title='bbox 1222 3221 1593 3277; x_wconf 88' lang='lat' dir='ltr'><strong>concinuauda</strong></span> <span class='ocrx_word' id='word_1_249' title='bbox 1645 3222 1893 3293; x_wconf 82' lang='lat' dir='ltr'><strong>scriptis,</strong></span> 
     </span>
    </p>
   </div>
   <div class='ocr_carea' id='block_1_40' title="bbox 302 3305 1902 3379">
    <p class='ocr_par' dir='ltr' id='par_1_40' title="bbox 302 3305 1902 3379">
     <span class='ocr_line' id='line_1_41' title="bbox 302 3305 1902 3379; baseline 0.007 -18"><span class='ocrx_word' id='word_1_250' title='bbox 302 3319 422 3377; x_wconf 76' lang='lat' dir='ltr'><strong>quae</strong></span> <span class='ocrx_word' id='word_1_251' title='bbox 447 3305 517 3362; x_wconf 90' lang='lat' dir='ltr'><strong>ab</strong></span> <span class='ocrx_word' id='word_1_252' title='bbox 546 3309 921 3379; x_wconf 81' lang='lat' dir='ltr'><strong>Apostolorum</strong></span> <span class='ocrx_word' id='word_1_253' title='bbox 950 3320 1108 3369; x_wconf 62' lang='lat' dir='ltr'><strong>aetate</strong></span> <span class='ocrx_word' id='word_1_254' title='bbox 1132 3312 1201 3369; x_wconf 92' lang='lat' dir='ltr'><strong>ad</strong></span> <span class='ocrx_word' id='word_1_255' title='bbox 1225 3314 1439 3370; x_wconf 90' lang='lat' dir='ltr'><strong>ultimos</strong></span> <span class='ocrx_word' id='word_1_256' title='bbox 1464 3315 1654 3371; x_wconf 82' lang='lat' dir='ltr'><strong>Patres</strong></span> <span class='ocrx_word' id='word_1_257' title='bbox 1684 3316 1738 3370; x_wconf 93' lang='lat' dir='ltr'><strong>in</strong></span> <span class='ocrx_word' id='word_1_258' title='bbox 1768 3315 1902 3372; x_wconf 90' lang='lat' dir='ltr'><strong>orbe</strong></span> 
     </span>
    </p>
   </div>
   <div class='ocr_carea' id='block_1_41' title="bbox 301 3397 1903 3479">
    <p class='ocr_par' dir='ltr' id='par_1_41' title="bbox 301 3397 1903 3479">
     <span class='ocr_line' id='line_1_42' title="bbox 301 3397 1903 3479; baseline 0.007 -27"><span class='ocrx_word' id='word_1_259' title='bbox 301 3397 618 3469; x_wconf 87' lang='lat' dir='ltr'><strong>christiano,</strong></span> <span class='ocrx_word' id='word_1_260' title='bbox 667 3401 789 3458; x_wconf 89' lang='lat' dir='ltr'><strong>ﬁdei</strong></span> <span class='ocrx_word' id='word_1_261' title='bbox 834 3404 1045 3461; x_wconf 72' lang='lat' dir='ltr'><strong>tuendae.</strong></span> <span class='ocrx_word' id='word_1_262' title='bbox 1090 3421 1303 3476; x_wconf 89' lang='lat' dir='ltr'><strong>caussa,</strong></span> <span class='ocrx_word' id='word_1_263' title='bbox 1351 3406 1601 3477; x_wconf 89' lang='lat' dir='ltr'><strong>prodiere</strong></span> <span class='ocrx_word' id='word_1_264' title='bbox 1636 3416 1693 3464; x_wconf 88' lang='lat' dir='ltr'><strong>et</strong></span> <span class='ocrx_word' id='word_1_265' title='bbox 1715 3421 1903 3479; x_wconf 89' lang='lat' dir='ltr'><strong>super-</strong></span> 
     </span>
    </p>
   </div>
   <div class='ocr_carea' id='block_1_42' title="bbox 302 3496 1903 3568">
    <p class='ocr_par' dir='ltr' id='par_1_42' title="bbox 302 3496 1903 3568">
     <span class='ocr_line' id='line_1_43' title="bbox 302 3496 1903 3568; baseline 0.007 -22"><span class='ocrx_word' id='word_1_266' title='bbox 302 3500 470 3559; x_wconf 90' lang='lat' dir='ltr'><strong>sunt;</strong></span> <span class='ocrx_word' id='word_1_267' title='bbox 499 3504 692 3552; x_wconf 91' lang='lat' dir='ltr'><strong>cuncta</strong></span> <span class='ocrx_word' id='word_1_268' title='bbox 710 3496 822 3568; x_wconf 90' lang='lat' dir='ltr'><strong>jam</strong></span> <span class='ocrx_word' id='word_1_269' title='bbox 848 3499 986 3554; x_wconf 91' lang='lat' dir='ltr'><strong>edita</strong></span> <span class='ocrx_word' id='word_1_270' title='bbox 1010 3499 1203 3555; x_wconf 90' lang='lat' dir='ltr'><strong>iterum</strong></span> <span class='ocrx_word' id='word_1_271' title='bbox 1233 3499 1478 3567; x_wconf 88' lang='lat' dir='ltr'><strong>editura;</strong></span> <span class='ocrx_word' id='word_1_272' title='bbox 1528 3499 1903 3557; x_wconf 86' lang='lat' dir='ltr'><strong>deﬁcientibus</strong></span> 
     </span>
    </p>
   </div>
   <div class='ocr_carea' id='block_1_43' title="bbox 301 3585 1902 3651">
    <p class='ocr_par' dir='ltr' id='par_1_43' title="bbox 301 3585 1902 3651">
     <span class='ocr_line' id='line_1_44' title="bbox 301 3585 1902 3651; baseline 0.007 -11"><span class='ocrx_word' id='word_1_273' title='bbox 301 3585 372 3641; x_wconf 89' lang='lat' dir='ltr'><strong>dc</strong></span> <span class='ocrx_word' id='word_1_274' title='bbox 398 3587 486 3645; x_wconf 93' lang='lat' dir='ltr'><strong>die</strong></span> <span class='ocrx_word' id='word_1_275' title='bbox 507 3589 559 3646; x_wconf 93' lang='lat' dir='ltr'><strong>in</strong></span> <span class='ocrx_word' id='word_1_276' title='bbox 584 3592 728 3649; x_wconf 90' lang='lat' dir='ltr'><strong>diem</strong></span> <span class='ocrx_word' id='word_1_277' title='bbox 754 3601 846 3648; x_wconf 92' lang='lat' dir='ltr'><strong>aut</strong></span> <span class='ocrx_word' id='word_1_278' title='bbox 876 3607 999 3649; x_wconf 90' lang='lat' dir='ltr'><strong>raro</strong></span> <span class='ocrx_word' id='word_1_279' title='bbox 1026 3593 1437 3650; x_wconf 78' lang='lat' dir='ltr'><strong>occurrentibus</strong></span> <span class='ocrx_word' id='word_1_280' title='bbox 1483 3603 1722 3650; x_wconf 76' lang='lat' dir='ltr'><strong>veterum</strong></span> <span class='ocrx_word' id='word_1_281' title='bbox 1750 3594 1902 3651; x_wconf 90' lang='lat' dir='ltr'><strong>libris</strong></span> 
     </span>
    </p>
   </div>
   <div class='ocr_carea' id='block_1_44' title="bbox 300 3683 1897 3759">
    <p class='ocr_par' dir='ltr' id='par_1_44' title="bbox 300 3683 1897 3759">
     <span class='ocr_line' id='line_1_45' title="bbox 300 3683 1897 3759; baseline 0.003 -18"><span class='ocrx_word' id='word_1_282' title='bbox 300 3684 618 3742; x_wconf 80' lang='lat' dir='ltr'><strong>sufﬁcieuda</strong></span> <span class='ocrx_word' id='word_1_283' title='bbox 638 3703 654 3753; x_wconf 90' lang='lat'><strong>;</strong></span> <span class='ocrx_word' id='word_1_284' title='bbox 676 3683 769 3741; x_wconf 89' lang='lat' dir='ltr'><strong>diu</strong></span> <span class='ocrx_word' id='word_1_285' title='bbox 794 3700 824 3740; x_wconf 91' lang='lat' dir='ltr'><strong>a</strong></span> <span class='ocrx_word' id='word_1_286' title='bbox 848 3685 1035 3742; x_wconf 90' lang='lat' dir='ltr'><strong>multis</strong></span> <span class='ocrx_word' id='word_1_287' title='bbox 1058 3686 1217 3742; x_wconf 84' lang='lat' dir='ltr'><strong>enixe</strong></span> <span class='ocrx_word' id='word_1_288' title='bbox 1240 3685 1565 3755; x_wconf 88' lang='lat' dir='ltr'><strong>desiderata;</strong></span> <span class='ocrx_word' id='word_1_289' title='bbox 1579 3687 1897 3759; x_wconf 84' lang='lat' dir='ltr'><strong>jamdudum</strong></span> 
     </span>
    </p>
   </div>
   <div class='ocr_carea' id='block_1_45' title="bbox 302 3778 1899 3849">
    <p class='ocr_par' dir='ltr' id='par_1_45' title="bbox 302 3778 1899 3849">
     <span class='ocr_line' id='line_1_46' title="bbox 302 3778 1899 3849; baseline 0.004 -16"><span class='ocrx_word' id='word_1_290' title='bbox 302 3778 594 3846; x_wconf 89' lang='lat' dir='ltr'><strong>nuntiata;</strong></span> <span class='ocrx_word' id='word_1_291' title='bbox 652 3792 777 3834; x_wconf 91' lang='lat' dir='ltr'><strong>sero</strong></span> <span class='ocrx_word' id='word_1_292' title='bbox 808 3817 825 3843; x_wconf 90' lang='lat'><strong>,</strong></span> <span class='ocrx_word' id='word_1_293' title='bbox 878 3793 985 3849; x_wconf 91' lang='lat' dir='ltr'><strong>quo</strong></span> <span class='ocrx_word' id='word_1_294' title='bbox 1035 3778 1332 3848; x_wconf 86' lang='lat' dir='ltr'><strong>providius,</strong></span> <span class='ocrx_word' id='word_1_295' title='bbox 1378 3779 1625 3837; x_wconf 88' lang='lat' dir='ltr'><strong>inchoata</strong></span> <span class='ocrx_word' id='word_1_296' title='bbox 1670 3797 1684 3835; x_wconf 92' lang='lat'><strong>:</strong></span> <span class='ocrx_word' id='word_1_297' title='bbox 1732 3781 1899 3839; x_wconf 84' lang='lat' dir='ltr'><strong>ardua</strong></span> 
     </span>
    </p>
   </div>
   <div class='ocr_carea' id='block_1_46' title="bbox 300 3869 1899 3941">
    <p class='ocr_par' dir='ltr' id='par_1_46' title="bbox 300 3869 1899 3941">
     <span class='ocr_line' id='line_1_47' title="bbox 300 3869 1899 3941; baseline 0.003 -17"><span class='ocrx_word' id='word_1_298' title='bbox 300 3869 502 3941; x_wconf 90' lang='lat' dir='ltr'><strong>quippe</strong></span> <span class='ocrx_word' id='word_1_299' title='bbox 552 3884 640 3927; x_wconf 89' lang='lat' dir='ltr'><strong>res</strong></span> <span class='ocrx_word' id='word_1_300' title='bbox 681 3880 735 3926; x_wconf 91' lang='lat' dir='ltr'><strong>et</strong></span> <span class='ocrx_word' id='word_1_301' title='bbox 780 3879 940 3926; x_wconf 69' lang='lat' dir='ltr'><strong>tanta:</strong></span> <span class='ocrx_word' id='word_1_302' title='bbox 967 3872 1163 3935; x_wconf 89' lang='lat' dir='ltr'><strong>molis;</strong></span> <span class='ocrx_word' id='word_1_303' title='bbox 1193 3871 1461 3929; x_wconf 81' lang='lat' dir='ltr'><strong>indefesso</strong></span> <span class='ocrx_word' id='word_1_304' title='bbox 1493 3872 1708 3929; x_wconf 90' lang='lat' dir='ltr'><strong>tandem</strong></span> <span class='ocrx_word' id='word_1_305' title='bbox 1740 3874 1899 3930; x_wconf 90' lang='lat' dir='ltr'><strong>moli-</strong></span> 
     </span>
    </p>
   </div>
   <div class='ocr_carea' id='block_1_47' title="bbox 299 3961 1901 4037">
    <p class='ocr_par' dir='ltr' id='par_1_47' title="bbox 299 3961 1901 4037">
     <span class='ocr_line' id='line_1_48' title="bbox 299 3961 1901 4037; baseline 0.004 -20"><span class='ocrx_word' id='word_1_306' title='bbox 299 3961 468 4031; x_wconf 90' lang='lat' dir='ltr'><strong>mine,</strong></span> <span class='ocrx_word' id='word_1_307' title='bbox 489 3971 851 4035; x_wconf 88' lang='lat' dir='ltr'><strong>perpetuaque</strong></span> <span class='ocrx_word' id='word_1_308' title='bbox 873 3978 1056 4035; x_wconf 78' lang='lat' dir='ltr'><strong>opera,</strong></span> <span class='ocrx_word' id='word_1_309' title='bbox 1074 3963 1212 4020; x_wconf 91' lang='lat' dir='ltr'><strong>adsit</strong></span> <span class='ocrx_word' id='word_1_310' title='bbox 1233 3964 1393 4021; x_wconf 90' lang='lat' dir='ltr'><strong>modo</strong></span> <span class='ocrx_word' id='word_1_311' title='bbox 1420 3966 1591 4022; x_wconf 86' lang='lat' dir='ltr'><strong>bonus</strong></span> <span class='ocrx_word' id='word_1_312' title='bbox 1608 3965 1901 4037; x_wconf 76' lang='lat' dir='ltr'><strong>dexterque</strong></span> 
     </span>
    </p>
   </div>
   <div class='ocr_carea' id='block_1_48' title="bbox 297 4053 1655 4128">
    <p class='ocr_par' dir='ltr' id='par_1_48' title="bbox 297 4053 1655 4128">
     <span class='ocr_line' id='line_1_49' title="bbox 297 4053 1655 4128; baseline 0.001 -18"><span class='ocrx_word' id='word_1_313' title='bbox 297 4053 479 4121; x_wconf 89' lang='lat' dir='ltr'><strong>Deus,</strong></span> <span class='ocrx_word' id='word_1_314' title='bbox 528 4053 687 4110; x_wconf 89' lang='lat' dir='ltr'><strong>ﬁnem</strong></span> <span class='ocrx_word' id='word_1_315' title='bbox 714 4055 781 4111; x_wconf 87' lang='lat' dir='ltr'><strong>ad</strong></span> <span class='ocrx_word' id='word_1_316' title='bbox 810 4071 977 4127; x_wconf 86' lang='lat' dir='ltr'><strong>usque</strong></span> <span class='ocrx_word' id='word_1_317' title='bbox 1004 4055 1250 4112; x_wconf 90' lang='lat' dir='ltr'><strong>ultimum</strong></span> <span class='ocrx_word' id='word_1_318' title='bbox 1292 4058 1655 4128; x_wconf 86' lang='lat' dir='ltr'><strong>perducenda.</strong></span> 
     </span>
    </p>
   </div>
   <div class='ocr_carea' id='block_1_49' title="bbox 371 4146 1903 4224">
    <p class='ocr_par' dir='ltr' id='par_1_49' title="bbox 371 4146 1903 4224">
     <span class='ocr_line' id='line_1_50' title="bbox 371 4146 1903 4224; baseline 0.005 -22"><span class='ocrx_word' id='word_1_319' title='bbox 371 4146 541 4204; x_wconf 89' lang='lat' dir='ltr'><strong>Nobis</strong></span> <span class='ocrx_word' id='word_1_320' title='bbox 590 4164 719 4205; x_wconf 67' lang='lat' dir='ltr'><strong>vero</strong></span> <span class='ocrx_word' id='word_1_321' title='bbox 768 4150 892 4208; x_wconf 81' lang='lat' dir='ltr'><strong>talia</strong></span> <span class='ocrx_word' id='word_1_322' title='bbox 952 4150 1353 4224; x_wconf 83' lang='lat' dir='ltr'><strong>auspicantibus</strong></span> <span class='ocrx_word' id='word_1_323' title='bbox 1396 4149 1525 4207; x_wconf 77' lang='lat' dir='ltr'><strong>felix</strong></span> <span class='ocrx_word' id='word_1_324' title='bbox 1564 4148 1903 4224; x_wconf 77' lang='lat' dir='ltr'><strong>faustumque</strong></span> 
     </span>
    </p>
   </div>
   <div class='ocr_carea' id='block_1_50' title="bbox 296 4240 1900 4316">
    <p class='ocr_par' dir='ltr' id='par_1_50' title="bbox 296 4240 1900 4316">
     <span class='ocr_line' id='line_1_51' title="bbox 296 4240 1900 4316; baseline 0.004 -21"><span class='ocrx_word' id='word_1_325' title='bbox 296 4240 561 4309; x_wconf 87' lang='lat' dir='ltr'><strong>sit,illud</strong></span> <span class='ocrx_word' id='word_1_326' title='bbox 588 4242 774 4312; x_wconf 87' lang='lat' dir='ltr'><strong>primis</strong></span> <span class='ocrx_word' id='word_1_327' title='bbox 829 4242 1057 4299; x_wconf 74' lang='lat' dir='ltr'><strong>inﬁxum</strong></span> <span class='ocrx_word' id='word_1_328' title='bbox 1111 4242 1352 4315; x_wconf 82' lang='lat' dir='ltr'><strong>vestigiis</strong></span> <span class='ocrx_word' id='word_1_329' title='bbox 1394 4244 1667 4316; x_wconf 84' lang='lat' dir='ltr'><strong>relegere,</strong></span> <span class='ocrx_word' id='word_1_330' title='bbox 1700 4244 1830 4300; x_wconf 90' lang='lat' dir='ltr'><strong>illud</strong></span> <span class='ocrx_word' id='word_1_331' title='bbox 1869 4262 1900 4302; x_wconf 87' lang='lat' dir='ltr'><strong>a</strong></span> 
     </span>
    </p>
   </div>
   <div class='ocr_carea' id='block_1_51' title="bbox 295 4328 1900 4407">
    <p class='ocr_par' dir='ltr' id='par_1_51' title="bbox 295 4328 1900 4407">
     <span class='ocr_line' id='line_1_52' title="bbox 295 4328 1900 4407; baseline 0.003 -19"><span class='ocrx_word' id='word_1_332' title='bbox 295 4329 632 4388; x_wconf 89' lang='lat' dir='ltr'><strong>Tertulliano</strong></span> <span class='ocrx_word' id='word_1_333' title='bbox 686 4328 882 4391; x_wconf 68' lang='lat' dir='ltr'><strong>miscl‘e</strong></span> <span class='ocrx_word' id='word_1_334' title='bbox 920 4334 1076 4407; x_wconf 90' lang='lat' dir='ltr'><strong>lapso</strong></span> <span class='ocrx_word' id='word_1_335' title='bbox 1122 4335 1408 4404; x_wconf 89' lang='lat' dir='ltr'><strong>ediscere,</strong></span> <span class='ocrx_word' id='word_1_336' title='bbox 1459 4336 1659 4391; x_wconf 91' lang='lat' dir='ltr'><strong>nullum</strong></span> <span class='ocrx_word' id='word_1_337' title='bbox 1706 4351 1900 4407; x_wconf 89' lang='lat' dir='ltr'><strong>nempe</strong></span> 
     </span>
    </p>
   </div>
   <div class='ocr_carea' id='block_1_52' title="bbox 296 4424 1898 4500">
    <p class='ocr_par' dir='ltr' id='par_1_52' title="bbox 296 4424 1898 4500">
     <span class='ocr_line' id='line_1_53' title="bbox 296 4424 1898 4500; baseline 0.002 -21"><span class='ocrx_word' id='word_1_338' title='bbox 296 4424 426 4482; x_wconf 90' lang='lat' dir='ltr'><strong>ﬁdei</strong></span> <span class='ocrx_word' id='word_1_339' title='bbox 454 4426 695 4482; x_wconf 76' lang='lat' dir='ltr'><strong>serenda:</strong></span> <span class='ocrx_word' id='word_1_340' title='bbox 732 4435 825 4482; x_wconf 91' lang='lat' dir='ltr'><strong>aut</strong></span> <span class='ocrx_word' id='word_1_341' title='bbox 854 4428 1132 4484; x_wconf 73' lang='lat' dir='ltr'><strong>servanda:</strong></span> <span class='ocrx_word' id='word_1_342' title='bbox 1176 4443 1408 4500; x_wconf 88' lang='lat' dir='ltr'><strong>unquam</strong></span> <span class='ocrx_word' id='word_1_343' title='bbox 1452 4427 1616 4486; x_wconf 81' lang='lat' dir='ltr'><strong>fuisse</strong></span> <span class='ocrx_word' id='word_1_344' title='bbox 1647 4442 1898 4485; x_wconf 83' lang='lat' dir='ltr'><strong>necessa-</strong></span> 
     </span>
    </p>
   </div>
   <div class='ocr_carea' id='block_1_53' title="bbox 295 4515 1899 4591">
    <p class='ocr_par' dir='ltr' id='par_1_53' title="bbox 295 4515 1899 4591">
     <span class='ocr_line' id='line_1_54' title="bbox 295 4515 1899 4591; baseline 0.002 -18"><span class='ocrx_word' id='word_1_345' title='bbox 295 4516 440 4574; x_wconf 88' lang='lat' dir='ltr'><strong>rium</strong></span> <span class='ocrx_word' id='word_1_346' title='bbox 470 4515 789 4575; x_wconf 83' lang='lat' dir='ltr'><strong>feracissimi</strong></span> <span class='ocrx_word' id='word_1_347' title='bbox 816 4519 1012 4591; x_wconf 88' lang='lat' dir='ltr'><strong>ingenii</strong></span> <span class='ocrx_word' id='word_1_348' title='bbox 1062 4521 1394 4588; x_wconf 91' lang='lat' dir='ltr'><strong>subsidium,</strong></span> <span class='ocrx_word' id='word_1_349' title='bbox 1442 4535 1544 4577; x_wconf 90' lang='lat' dir='ltr'><strong>nec</strong></span> <span class='ocrx_word' id='word_1_350' title='bbox 1588 4531 1644 4576; x_wconf 90' lang='lat' dir='ltr'><strong>ut</strong></span> <span class='ocrx_word' id='word_1_351' title='bbox 1683 4521 1899 4577; x_wconf 88' lang='lat' dir='ltr'><strong>ﬁrmum</strong></span> 
     </span>
    </p>
   </div>
   <div class='ocr_carea' id='block_1_54' title="bbox 296 4610 1901 4680">
    <p class='ocr_par' dir='ltr' id='par_1_54' title="bbox 296 4610 1901 4680">
     <span class='ocr_line' id='line_1_55' title="bbox 296 4610 1901 4680; baseline 0.003 -16"><span class='ocrx_word' id='word_1_352' title='bbox 296 4614 409 4666; x_wconf 90' lang='lat' dir='ltr'><strong>stet</strong></span> <span class='ocrx_word' id='word_1_353' title='bbox 434 4617 490 4667; x_wconf 90' lang='lat' dir='ltr'><strong>et</strong></span> <span class='ocrx_word' id='word_1_354' title='bbox 519 4610 893 4668; x_wconf 88' lang='lat' dir='ltr'><strong>inconcussum</strong></span> <span class='ocrx_word' id='word_1_355' title='bbox 945 4611 1202 4669; x_wconf 77' lang='lat' dir='ltr'><strong>Ecclesia:</strong></span> <span class='ocrx_word' id='word_1_356' title='bbox 1251 4613 1681 4680; x_wconf 79' lang='lat' dir='ltr'><strong>fundamentum,</strong></span> <span class='ocrx_word' id='word_1_357' title='bbox 1708 4612 1901 4669; x_wconf 71' lang='grc' dir='ltr'><strong>δυσαι-</strong></span> 
     </span>
    </p>
   </div>
   <div class='ocr_carea' id='block_1_55' title="bbox 297 4702 1897 4774">
    <p class='ocr_par' dir='ltr' id='par_1_55' title="bbox 297 4702 1897 4774">
     <span class='ocr_line' id='line_1_56' title="bbox 297 4702 1897 4774; baseline 0.003 -14"><span class='ocrx_word' id='word_1_358' title='bbox 297 4702 545 4760; x_wconf 89' lang='lat' dir='ltr'><strong>ciendam</strong></span> <span class='ocrx_word' id='word_1_359' title='bbox 575 4720 696 4763; x_wconf 88' lang='lat' dir='ltr'><strong>esse</strong></span> <span class='ocrx_word' id='word_1_360' title='bbox 720 4705 788 4761; x_wconf 88' lang='lat' dir='ltr'><strong>ab</strong></span> <span class='ocrx_word' id='word_1_361' title='bbox 813 4705 1091 4762; x_wconf 85' lang='lat' dir='ltr'><strong>hominum</strong></span> <span class='ocrx_word' id='word_1_362' title='bbox 1116 4705 1374 4763; x_wconf 87' lang='lat' dir='ltr'><strong>imbecilli</strong></span> <span class='ocrx_word' id='word_1_363' title='bbox 1404 4723 1565 4763; x_wconf 88' lang='lat' dir='ltr'><strong>manu</strong></span> <span class='ocrx_word' id='word_1_364' title='bbox 1592 4717 1646 4764; x_wconf 92' lang='lat' dir='ltr'><strong>et</strong></span> <span class='ocrx_word' id='word_1_365' title='bbox 1674 4708 1897 4774; x_wconf 86' lang='lat' dir='ltr'><strong>caduca,</strong></span> 
     </span>
    </p>
   </div>
   <div class='ocr_carea' id='block_1_56' title="bbox 2016 2471 3614 2556">
    <p class='ocr_par' dir='ltr' id='par_1_56' title="bbox 2016 2471 3614 2556">
     <span class='ocr_line' id='line_1_57' title="bbox 2016 2471 3614 2556; baseline 0.014 -32"><span class='ocrx_word' id='word_1_366' title='bbox 2016 2479 2355 2541; x_wconf 88' lang='lat' dir='ltr'><strong>res-usurpat</strong></span> <span class='ocrx_word' id='word_1_367' title='bbox 2381 2471 2748 2531; x_wconf 89' lang='lat' dir='ltr'><strong>Tcrtullianus</strong></span> <span class='ocrx_word' id='word_1_368' title='bbox 2766 2476 3141 2537; x_wconf 84' lang='lat' dir='ltr'><strong>Proverbialcs</strong></span> <span class='ocrx_word' id='word_1_369' title='bbox 3172 2484 3449 2556; x_wconf 83' lang='lat' dir='ltr'><strong>formulas,</strong></span> <span class='ocrx_word' id='word_1_370' title='bbox 3470 2490 3614 2547; x_wconf 86' lang='lat' dir='ltr'><strong>unde</strong></span> 
     </span>
    </p>
   </div>
   <div class='ocr_carea' id='block_1_57' title="bbox 2014 2560 3288 2639">
    <p class='ocr_par' dir='ltr' id='par_1_57' title="bbox 2014 2560 3288 2639">
     <span class='ocr_line' id='line_1_58' title="bbox 2014 2560 3288 2639; baseline 0.013 -25"><span class='ocrx_word' id='word_1_371' title='bbox 2014 2560 2107 2616; x_wconf 82' lang='lat' dir='ltr'><strong>lux</strong></span> <span class='ocrx_word' id='word_1_372' title='bbox 2129 2576 2234 2619; x_wconf 92' lang='lat' dir='ltr'><strong>non</strong></span> <span class='ocrx_word' id='word_1_373' title='bbox 2267 2563 2486 2620; x_wconf 89' lang='lat' dir='ltr'><strong>minima</strong></span> <span class='ocrx_word' id='word_1_374' title='bbox 2514 2565 2568 2621; x_wconf 93' lang='lat' dir='ltr'><strong>in</strong></span> <span class='ocrx_word' id='word_1_375' title='bbox 2616 2573 2732 2623; x_wconf 89' lang='lat' dir='ltr'><strong>toto</strong></span> <span class='ocrx_word' id='word_1_376' title='bbox 2757 2583 2921 2639; x_wconf 88' lang='lat' dir='ltr'><strong>opere</strong></span> <span class='ocrx_word' id='word_1_377' title='bbox 2946 2571 3288 2631; x_wconf 85' lang='lat' dir='ltr'><strong>sull&#39;unditur.</strong></span> 
     </span>
    </p>
   </div>
   <div class='ocr_carea' id='block_1_58' title="bbox 2085 2655 3611 2744">
    <p class='ocr_par' dir='ltr' id='par_1_58' title="bbox 2085 2655 3611 2744">
     <span class='ocr_line' id='line_1_59' title="bbox 2085 2655 3611 2744; baseline 0.014 -35"><span class='ocrx_word' id='word_1_378' title='bbox 2085 2655 2288 2712; x_wconf 89' lang='lat' dir='ltr'><strong>Deinde</strong></span> <span class='ocrx_word' id='word_1_379' title='bbox 2308 2672 2429 2713; x_wconf 80' lang='lat' dir='ltr'><strong>rara</strong></span> <span class='ocrx_word' id='word_1_380' title='bbox 2457 2658 2743 2716; x_wconf 87' lang='lat' dir='ltr'><strong>admodum</strong></span> <span class='ocrx_word' id='word_1_381' title='bbox 2776 2676 2840 2717; x_wconf 89' lang='lat' dir='ltr'><strong>ac</strong></span> <span class='ocrx_word' id='word_1_382' title='bbox 2863 2665 3166 2732; x_wconf 84' lang='lat' dir='ltr'><strong>pererudita</strong></span> <span class='ocrx_word' id='word_1_383' title='bbox 3194 2668 3245 2723; x_wconf 90' lang='lat' dir='ltr'><strong>iu</strong></span> <span class='ocrx_word' id='word_1_384' title='bbox 3271 2669 3436 2727; x_wconf 91' lang='lat' dir='ltr'><strong>libros</strong></span> <span class='ocrx_word' id='word_1_385' title='bbox 3461 2672 3611 2744; x_wconf 81' lang='lat' dir='ltr'><strong>Apo-</strong></span> 
     </span>
    </p>
   </div>
   <div class='ocr_carea' id='block_1_59' title="bbox 2010 2745 3612 2823">
    <p class='ocr_par' dir='ltr' id='par_1_59' title="bbox 2010 2745 3612 2823">
     <span class='ocr_line' id='line_1_60' title="bbox 2010 2745 3612 2823; baseline 0.012 -20"><span class='ocrx_word' id='word_1_386' title='bbox 2010 2745 2269 2818; x_wconf 82' lang='lat' dir='ltr'><strong>logeticos</strong></span> <span class='ocrx_word' id='word_1_387' title='bbox 2297 2748 2675 2809; x_wconf 89' lang='lat' dir='ltr'><strong>dissertatione</strong></span> <span class='ocrx_word' id='word_1_388' title='bbox 2717 2753 2783 2808; x_wconf 89' lang='lat' dir='ltr'><strong>D.</strong></span> <span class='ocrx_word' id='word_1_389' title='bbox 2806 2754 3031 2812; x_wconf 85' lang='lat' dir='ltr'><strong>NICOL.</strong></span> <span class='ocrx_word' id='word_1_390' title='bbox 3066 2758 3156 2815; x_wconf 86' lang='lat' dir='ltr'><strong>LE</strong></span> <span class='ocrx_word' id='word_1_391' title='bbox 3200 2761 3487 2821; x_wconf 80' lang='lat' dir='ltr'><strong>NOURRY</strong></span> <span class='ocrx_word' id='word_1_392' title='bbox 3517 2784 3612 2823; x_wconf 87' lang='lat' dir='ltr'><strong>ar-</strong></span> 
     </span>
    </p>
   </div>
   <div class='ocr_carea' id='block_1_60' title="bbox 2009 2842 3608 2931">
    <p class='ocr_par' dir='ltr' id='par_1_60' title="bbox 2009 2842 3608 2931">
     <span class='ocr_line' id='line_1_61' title="bbox 2009 2842 3608 2931; baseline 0.013 -33"><span class='ocrx_word' id='word_1_393' title='bbox 2009 2842 2115 2898; x_wconf 89' lang='lat' dir='ltr'><strong>dua</strong></span> <span class='ocrx_word' id='word_1_394' title='bbox 2158 2858 2385 2917; x_wconf 74' lang='lat' dir='ltr'><strong>quteque</strong></span> <span class='ocrx_word' id='word_1_395' title='bbox 2416 2846 2765 2917; x_wconf 79' lang='lat' dir='ltr'><strong>Septimiante</strong></span> <span class='ocrx_word' id='word_1_396' title='bbox 2812 2849 3075 2908; x_wconf 64' lang='lat' dir='ltr'><strong>doctrinae</strong></span> <span class='ocrx_word' id='word_1_397' title='bbox 3123 2870 3392 2915; x_wconf 84' lang='lat' dir='ltr'><strong>momenta</strong></span> <span class='ocrx_word' id='word_1_398' title='bbox 3447 2877 3608 2931; x_wconf 90' lang='lat' dir='ltr'><strong>quam</strong></span> 
     </span>
    </p>
   </div>
   <div class='ocr_carea' id='block_1_61' title="bbox 2008 2935 2823 3013">
    <p class='ocr_par' dir='ltr' id='par_1_61' title="bbox 2008 2935 2823 3013">
     <span class='ocr_line' id='line_1_62' title="bbox 2008 2935 2823 3013; baseline 0.011 -23"><span class='ocrx_word' id='word_1_399' title='bbox 2008 2935 2225 2993; x_wconf 87' lang='lat' dir='ltr'><strong>uberius</strong></span> <span class='ocrx_word' id='word_1_400' title='bbox 2252 2946 2309 2995; x_wconf 91' lang='lat' dir='ltr'><strong>et</strong></span> <span class='ocrx_word' id='word_1_401' title='bbox 2330 2939 2540 3010; x_wconf 87' lang='lat' dir='ltr'><strong>plenius</strong></span> <span class='ocrx_word' id='word_1_402' title='bbox 2567 2951 2823 3013; x_wconf 84' lang='lat' dir='ltr'><strong>exponet.</strong></span> 
     </span>
    </p>
   </div>
   <div class='ocr_carea' id='block_1_62' title="bbox 2079 3026 3605 3101">
    <p class='ocr_par' dir='ltr' id='par_1_62' title="bbox 2079 3026 3605 3101">
     <span class='ocr_line' id='line_1_63' title="bbox 2079 3026 3605 3101; baseline 0.011 -19"><span class='ocrx_word' id='word_1_403' title='bbox 2079 3026 2300 3085; x_wconf 89' lang='lat' dir='ltr'><strong>Interim</strong></span> <span class='ocrx_word' id='word_1_404' title='bbox 2358 3032 2694 3089; x_wconf 90' lang='lat' dir='ltr'><strong>subnectitur</strong></span> <span class='ocrx_word' id='word_1_405' title='bbox 2734 3034 2916 3093; x_wconf 90' lang='lat' dir='ltr'><strong>brevis</strong></span> <span class='ocrx_word' id='word_1_406' title='bbox 2959 3046 3015 3094; x_wconf 87' lang='lat' dir='ltr'><strong>et</strong></span> <span class='ocrx_word' id='word_1_407' title='bbox 3075 3039 3342 3099; x_wconf 87' lang='lat' dir='ltr'><strong>luculenta</strong></span> <span class='ocrx_word' id='word_1_408' title='bbox 3396 3043 3605 3101; x_wconf 79' lang='lat' dir='ltr'><strong>LAUR.</strong></span> 
     </span>
    </p>
   </div>
   <div class='ocr_carea' id='block_1_63' title="bbox 2010 3117 3610 3205">
    <p class='ocr_par' dir='ltr' id='par_1_63' title="bbox 2010 3117 3610 3205">
     <span class='ocr_line' id='line_1_64' title="bbox 2010 3117 3610 3205; baseline 0.012 -32"><span class='ocrx_word' id='word_1_409' title='bbox 2010 3117 2345 3176; x_wconf 81' lang='lat' dir='ltr'><strong>MOSHEMII</strong></span> <span class='ocrx_word' id='word_1_410' title='bbox 2373 3122 2443 3179; x_wconf 90' lang='lat' dir='ltr'><strong>de</strong></span> <span class='ocrx_word' id='word_1_411' title='bbox 2457 3132 2616 3179; x_wconf 63' lang='lat' dir='ltr'><strong>{etate</strong></span> <span class='ocrx_word' id='word_1_412' title='bbox 2652 3125 3015 3198; x_wconf 88' lang='lat' dir='ltr'><strong>Apologetici,</strong></span> <span class='ocrx_word' id='word_1_413' title='bbox 3048 3130 3309 3203; x_wconf 90' lang='lat' dir='ltr'><strong>initioque</strong></span> <span class='ocrx_word' id='word_1_414' title='bbox 3354 3150 3610 3205; x_wconf 89' lang='lat' dir='ltr'><strong>persecu-</strong></span> 
     </span>
    </p>
   </div>
   <div class='ocr_carea' id='block_1_64' title="bbox 2012 3211 2857 3285">
    <p class='ocr_par' dir='ltr' id='par_1_64' title="bbox 2012 3211 2857 3285">
     <span class='ocr_line' id='line_1_65' title="bbox 2012 3211 2857 3285; baseline 0.006 -20"><span class='ocrx_word' id='word_1_415' title='bbox 2012 3212 2172 3267; x_wconf 91' lang='lat' dir='ltr'><strong>tionis</strong></span> <span class='ocrx_word' id='word_1_416' title='bbox 2197 3211 2505 3269; x_wconf 87' lang='lat' dir='ltr'><strong>Severianae</strong></span> <span class='ocrx_word' id='word_1_417' title='bbox 2533 3214 2857 3285; x_wconf 90' lang='lat' dir='ltr'><strong>disquisitio.</strong></span> 
     </span>
    </p>
   </div>
   <div class='ocr_carea' id='block_1_65' title="bbox 2076 3302 3607 3379">
    <p class='ocr_par' dir='ltr' id='par_1_65' title="bbox 2076 3302 3607 3379">
     <span class='ocr_line' id='line_1_66' title="bbox 2076 3302 3607 3379; baseline 0.012 -21"><span class='ocrx_word' id='word_1_418' title='bbox 2076 3302 2285 3360; x_wconf 89' lang='lat' dir='ltr'><strong>Interea</strong></span> <span class='ocrx_word' id='word_1_419' title='bbox 2336 3304 2576 3363; x_wconf 83' lang='lat' dir='ltr'><strong>decurrit</strong></span> <span class='ocrx_word' id='word_1_420' title='bbox 2621 3307 3000 3374; x_wconf 77' lang='lat' dir='ltr'><strong>integerrimus</strong></span> <span class='ocrx_word' id='word_1_421' title='bbox 3045 3311 3361 3372; x_wconf 89' lang='lat' dir='ltr'><strong>Tertulliani</strong></span> <span class='ocrx_word' id='word_1_422' title='bbox 3430 3326 3607 3379; x_wconf 83' lang='lat' dir='ltr'><strong>textus</strong></span> 
     </span>
    </p>
   </div>
   <div class='ocr_carea' id='block_1_66' title="bbox 2005 3394 3601 3481">
    <p class='ocr_par' dir='ltr' id='par_1_66' title="bbox 2005 3394 3601 3481">
     <span class='ocr_line' id='line_1_67' title="bbox 2005 3394 3601 3481; baseline 0.011 -31"><span class='ocrx_word' id='word_1_423' title='bbox 2005 3394 2425 3466; x_wconf 65' lang='lat' dir='ltr'><strong>praecedentium</strong></span> <span class='ocrx_word' id='word_1_424' title='bbox 2506 3396 2801 3455; x_wconf 88' lang='lat' dir='ltr'><strong>editionum</strong></span> <span class='ocrx_word' id='word_1_425' title='bbox 2867 3400 3167 3474; x_wconf 71' lang='lat' dir='ltr'><strong>Ilhenan‘az,</strong></span> <span class='ocrx_word' id='word_1_426' title='bbox 3236 3408 3557 3467; x_wconf 76' lang='lat' dir='ltr'><strong>Pametianw</strong></span> <span class='ocrx_word' id='word_1_427' title='bbox 3584 3455 3601 3481; x_wconf 92' lang='lat'><strong>,</strong></span> 
     </span>
    </p>
   </div>
   <div class='ocr_carea' id='block_1_67' title="bbox 2003 3485 3609 3571">
    <p class='ocr_par' dir='ltr' id='par_1_67' title="bbox 2003 3485 3609 3571">
     <span class='ocr_line' id='line_1_68' title="bbox 2003 3485 3609 3571; baseline 0.011 -29"><span class='ocrx_word' id='word_1_428' title='bbox 2003 3485 2327 3544; x_wconf 72' lang='lat' dir='ltr'><strong>Franckanw</strong></span> <span class='ocrx_word' id='word_1_429' title='bbox 2348 3530 2363 3557; x_wconf 94' lang='lat'><strong>,</strong></span> <span class='ocrx_word' id='word_1_430' title='bbox 2408 3488 2739 3562; x_wconf 67' lang='lat' dir='ltr'><strong>Rigaltianaa,</strong></span> <span class='ocrx_word' id='word_1_431' title='bbox 2781 3493 3175 3566; x_wconf 73' lang='lat' dir='ltr'><strong>Parisiensium,</strong></span> <span class='ocrx_word' id='word_1_432' title='bbox 3218 3498 3440 3571; x_wconf 70' lang='grc' dir='ltr'><strong>νεικείω,</strong></span> <span class='ocrx_word' id='word_1_433' title='bbox 3472 3502 3609 3560; x_wconf 80' lang='lat' dir='ltr'><strong>Hal-</strong></span> 
     </span>
    </p>
   </div>
   <div class='ocr_carea' id='block_1_68' title="bbox 2003 3579 3605 3664">
    <p class='ocr_par' dir='ltr' id='par_1_68' title="bbox 2003 3579 3605 3664">
     <span class='ocr_line' id='line_1_69' title="bbox 2003 3579 3605 3664; baseline 0.012 -30"><span class='ocrx_word' id='word_1_434' title='bbox 2003 3579 2177 3646; x_wconf 79' lang='lat' dir='ltr'><strong>(ensis,</strong></span> <span class='ocrx_word' id='word_1_435' title='bbox 2231 3579 2643 3654; x_wconf 73' lang='lat' dir='ltr'><strong>Wiceburgensis</strong></span> <span class='ocrx_word' id='word_1_436' title='bbox 2692 3587 2855 3643; x_wconf 88' lang='lat' dir='ltr'><strong>variis</strong></span> <span class='ocrx_word' id='word_1_437' title='bbox 2913 3588 3232 3648; x_wconf 88' lang='lat' dir='ltr'><strong>lectionibus</strong></span> <span class='ocrx_word' id='word_1_438' title='bbox 3276 3595 3605 3664; x_wconf 89' lang='lat' dir='ltr'><strong>illustratus,</strong></span> 
     </span>
    </p>
   </div>
   <div class='ocr_carea' id='block_1_69' title="bbox 2010 3666 3609 3751">
    <p class='ocr_par' dir='ltr' id='par_1_69' title="bbox 2010 3666 3609 3751">
     <span class='ocr_line' id='line_1_70' title="bbox 2010 3666 3609 3751; baseline 0.011 -23"><span class='ocrx_word' id='word_1_439' title='bbox 2010 3671 2306 3728; x_wconf 90' lang='lat' dir='ltr'><strong>multorum</strong></span> <span class='ocrx_word' id='word_1_440' title='bbox 2359 3666 2623 3745; x_wconf 82' lang='lat' dir='ltr'><strong>praetcrea</strong></span> <span class='ocrx_word' id='word_1_441' title='bbox 2654 3692 2849 3748; x_wconf 87' lang='lat' dir='ltr'><strong>nempe</strong></span> <span class='ocrx_word' id='word_1_442' title='bbox 2887 3678 3079 3749; x_wconf 83' lang='lat' dir='ltr'><strong>JUNII,</strong></span> <span class='ocrx_word' id='word_1_443' title='bbox 3110 3682 3385 3751; x_wconf 76' lang='lat' dir='ltr'><strong>LATINII,</strong></span> <span class='ocrx_word' id='word_1_444' title='bbox 3416 3685 3609 3745; x_wconf 86' lang='lat' dir='ltr'><strong>WOU-</strong></span> 
     </span>
    </p>
   </div>
   <div class='ocr_carea' id='block_1_70' title="bbox 2004 3762 3606 3849">
    <p class='ocr_par' dir='ltr' id='par_1_70' title="bbox 2004 3762 3606 3849">
     <span class='ocr_line' id='line_1_71' title="bbox 2004 3762 3606 3849; baseline 0.011 -32"><span class='ocrx_word' id='word_1_445' title='bbox 2004 3762 2216 3819; x_wconf 80' lang='lat' dir='ltr'><strong>WERII</strong></span> <span class='ocrx_word' id='word_1_446' title='bbox 2245 3806 2259 3828; x_wconf 90' lang='lat'><strong>,</strong></span> <span class='ocrx_word' id='word_1_447' title='bbox 2309 3764 2628 3824; x_wconf 81' lang='lat' dir='ltr'><strong>SALMASII</strong></span> <span class='ocrx_word' id='word_1_448' title='bbox 2657 3810 2674 3837; x_wconf 90' lang='lat'><strong>,</strong></span> <span class='ocrx_word' id='word_1_449' title='bbox 2736 3769 3074 3828; x_wconf 72' lang='lat' dir='ltr'><strong>CIACCONII</strong></span> <span class='ocrx_word' id='word_1_450' title='bbox 3103 3817 3119 3842; x_wconf 91' lang='lat'><strong>,</strong></span> <span class='ocrx_word' id='word_1_451' title='bbox 3196 3775 3557 3835; x_wconf 77' lang='lat' dir='ltr'><strong>SCALIGERI</strong></span> <span class='ocrx_word' id='word_1_452' title='bbox 3590 3823 3606 3849; x_wconf 94' lang='lat'><strong>,</strong></span> 
     </span>
    </p>
   </div>
   <div class='ocr_carea' id='block_1_71' title="bbox 2004 3857 3608 3930">
    <p class='ocr_par' dir='ltr' id='par_1_71' title="bbox 2004 3857 3608 3930">
     <span class='ocr_line' id='line_1_72' title="bbox 2004 3857 3608 3930; baseline 0.009 -15"><span class='ocrx_word' id='word_1_453' title='bbox 2004 3857 2335 3927; x_wconf 78' lang='lat' dir='ltr'><strong>SEMLERI,</strong></span> <span class='ocrx_word' id='word_1_454' title='bbox 2384 3860 2706 3929; x_wconf 78' lang='lat' dir='ltr'><strong>RITTERII,</strong></span> <span class='ocrx_word' id='word_1_455' title='bbox 2766 3864 3109 3922; x_wconf 86' lang='lat' dir='ltr'><strong>LEOPOLDI</strong></span> <span class='ocrx_word' id='word_1_456' title='bbox 3179 3873 3608 3930; x_wconf 85' lang='lat' dir='ltr'><strong>corrcctionibus</strong></span> 
     </span>
    </p>
   </div>
   <div class='ocr_carea' id='block_1_72' title="bbox 2007 3954 3607 4032">
    <p class='ocr_par' dir='ltr' id='par_1_72' title="bbox 2007 3954 3607 4032">
     <span class='ocr_line' id='line_1_73' title="bbox 2007 3954 3607 4032; baseline 0.01 -24"><span class='ocrx_word' id='word_1_457' title='bbox 2007 3954 2319 4024; x_wconf 86' lang='lat' dir='ltr'><strong>castigatus,</strong></span> <span class='ocrx_word' id='word_1_458' title='bbox 2364 3969 2464 4010; x_wconf 91' lang='lat' dir='ltr'><strong>nec</strong></span> <span class='ocrx_word' id='word_1_459' title='bbox 2494 3971 2600 4011; x_wconf 92' lang='lat' dir='ltr'><strong>non</strong></span> <span class='ocrx_word' id='word_1_460' title='bbox 2642 3966 2699 4012; x_wconf 90' lang='lat' dir='ltr'><strong>et</strong></span> <span class='ocrx_word' id='word_1_461' title='bbox 2734 3957 3030 4015; x_wconf 89' lang='lat' dir='ltr'><strong>adornatus</strong></span> <span class='ocrx_word' id='word_1_462' title='bbox 3059 3961 3407 4032; x_wconf 86' lang='lat' dir='ltr'><strong>amplissimis</strong></span> <span class='ocrx_word' id='word_1_463' title='bbox 3436 3966 3607 4023; x_wconf 80' lang='lat' dir='ltr'><strong>RIIE-</strong></span> 
     </span>
    </p>
   </div>
   <div class='ocr_carea' id='block_1_73' title="bbox 1930 4020 3604 4125">
    <p class='ocr_par' dir='ltr' id='par_1_73' title="bbox 1930 4020 3604 4125">
     <span class='ocr_line' id='line_1_74' title="bbox 1930 4020 3604 4125; baseline 0.003 -23"><span class='ocrx_word' id='word_1_464' title='bbox 1930 4020 1979 4085; x_wconf 87' lang='lat' dir='ltr'><strong><em>C</em></strong></span> <span class='ocrx_word' id='word_1_465' title='bbox 2011 4020 2192 4116; x_wconf 81' lang='lat' dir='ltr'><strong>NANI,</strong></span> <span class='ocrx_word' id='word_1_466' title='bbox 2226 4047 2989 4120; x_wconf 76' lang='lat' dir='ltr'><strong>PAMELII,~PANCIROLII,</strong></span> <span class='ocrx_word' id='word_1_467' title='bbox 3045 4020 3431 4125; x_wconf 57' lang='lat' dir='ltr'><strong>Lacuna/ta,</strong></span> <span class='ocrx_word' id='word_1_468' title='bbox 3484 4020 3604 4115; x_wconf 68' lang='grc' dir='ltr'><strong>Ᾱί.</strong></span> 
     </span>
    </p>
   </div>
   <div class='ocr_carea' id='block_1_74' title="bbox 2006 4139 3604 4216">
    <p class='ocr_par' dir='ltr' id='par_1_74' title="bbox 2006 4139 3604 4216">
     <span class='ocr_line' id='line_1_75' title="bbox 2006 4139 3604 4216; baseline 0.008 -20"><span class='ocrx_word' id='word_1_469' title='bbox 2006 4139 2368 4205; x_wconf 69' lang='lat' dir='ltr'><strong>BASPlN/EI,</strong></span> <span class='ocrx_word' id='word_1_470' title='bbox 2402 4140 2878 4211; x_wconf 79' lang='lat' dir='ltr'><strong>llAVERCAMPI,</strong></span> <span class='ocrx_word' id='word_1_471' title='bbox 2909 4144 3315 4216; x_wconf 81' lang='lat' dir='ltr'><strong>MURATORII,</strong></span> <span class='ocrx_word' id='word_1_472' title='bbox 3353 4152 3412 4204; x_wconf 90' lang='grc' dir='ltr'><strong>Ι).</strong></span> <span class='ocrx_word' id='word_1_473' title='bbox 3435 4149 3604 4208; x_wconf 78' lang='lat' dir='ltr'><strong>COR-</strong></span> 
     </span>
    </p>
   </div>
   <div class='ocr_carea' id='block_1_75' title="bbox 2005 4226 3561 4299">
    <p class='ocr_par' dir='ltr' id='par_1_75' title="bbox 2005 4226 3561 4299">
     <span class='ocr_line' id='line_1_76' title="bbox 2005 4226 3561 4299; baseline 0.008 -10"><span class='ocrx_word' id='word_1_474' title='bbox 2005 4232 2260 4289; x_wconf 70' lang='lat' dir='ltr'><strong>BINIANI</strong></span> <span class='ocrx_word' id='word_1_475' title='bbox 2285 4233 2546 4289; x_wconf 65' lang='grc' dir='ltr'><strong>ΤΗΟΜΔΕ</strong></span> <span class='ocrx_word' id='word_1_476' title='bbox 2565 4244 2619 4290; x_wconf 94' lang='lat' dir='ltr'><strong>et</strong></span> <span class='ocrx_word' id='word_1_477' title='bbox 2654 4236 2924 4292; x_wconf 89' lang='lat' dir='ltr'><strong>variorum</strong></span> <span class='ocrx_word' id='word_1_478' title='bbox 2955 4244 3380 4299; x_wconf 90' lang='lat' dir='ltr'><strong>commentariis.</strong></span> <span class='ocrx_word' id='word_1_479' title='bbox 3548 4226 3561 4233; x_wconf 33' lang='grc' dir='ltr'><em>δ</em></span> 
     </span>
    </p>
   </div>
   <div class='ocr_carea' id='block_1_76' title="bbox 2076 4324 3603 4402">
    <p class='ocr_par' dir='ltr' id='par_1_76' title="bbox 2076 4324 3603 4402">
     <span class='ocr_line' id='line_1_77' title="bbox 2076 4324 3603 4402; baseline 0.01 -23"><span class='ocrx_word' id='word_1_480' title='bbox 2076 4324 2170 4381; x_wconf 79' lang='lat' dir='ltr'><strong>llis</strong></span> <span class='ocrx_word' id='word_1_481' title='bbox 2202 4332 2278 4380; x_wconf 90' lang='lat' dir='ltr'><strong>tot</strong></span> <span class='ocrx_word' id='word_1_482' title='bbox 2307 4335 2362 4381; x_wconf 93' lang='lat' dir='ltr'><strong>et</strong></span> <span class='ocrx_word' id='word_1_483' title='bbox 2390 4327 2573 4381; x_wconf 89' lang='lat' dir='ltr'><strong>talium</strong></span> <span class='ocrx_word' id='word_1_484' title='bbox 2601 4328 2839 4384; x_wconf 89' lang='lat' dir='ltr'><strong>virorum</strong></span> <span class='ocrx_word' id='word_1_485' title='bbox 2866 4345 2993 4386; x_wconf 89' lang='lat' dir='ltr'><strong>cura</strong></span> <span class='ocrx_word' id='word_1_486' title='bbox 3026 4335 3259 4402; x_wconf 90' lang='lat' dir='ltr'><strong>peractis</strong></span> <span class='ocrx_word' id='word_1_487' title='bbox 3310 4336 3375 4391; x_wconf 88' lang='lat' dir='ltr'><strong>ad</strong></span> <span class='ocrx_word' id='word_1_488' title='bbox 3417 4353 3603 4394; x_wconf 81' lang='lat' dir='ltr'><strong>cumu-</strong></span> 
     </span>
    </p>
   </div>
   <div class='ocr_carea' id='block_1_77' title="bbox 2002 4417 3602 4496">
    <p class='ocr_par' dir='ltr' id='par_1_77' title="bbox 2002 4417 3602 4496">
     <span class='ocr_line' id='line_1_78' title="bbox 2002 4417 3602 4496; baseline 0.01 -24"><span class='ocrx_word' id='word_1_489' title='bbox 2002 4417 2111 4473; x_wconf 90' lang='lat' dir='ltr'><strong>lum</strong></span> <span class='ocrx_word' id='word_1_490' title='bbox 2144 4458 2160 4485; x_wconf 92' lang='lat'><strong>,</strong></span> <span class='ocrx_word' id='word_1_491' title='bbox 2212 4425 2269 4473; x_wconf 91' lang='lat' dir='ltr'><strong>ut</strong></span> <span class='ocrx_word' id='word_1_492' title='bbox 2289 4418 2360 4473; x_wconf 83' lang='lat' dir='ltr'><strong>ita</strong></span> <span class='ocrx_word' id='word_1_493' title='bbox 2402 4418 2600 4488; x_wconf 90' lang='lat' dir='ltr'><strong>dicam,</strong></span> <span class='ocrx_word' id='word_1_494' title='bbox 2654 4422 2875 4479; x_wconf 89' lang='lat' dir='ltr'><strong>accedet</strong></span> <span class='ocrx_word' id='word_1_495' title='bbox 2922 4424 3326 4496; x_wconf 89' lang='lat' dir='ltr'><strong>copiosissimus</strong></span> <span class='ocrx_word' id='word_1_496' title='bbox 3388 4430 3602 4487; x_wconf 82' lang='lat' dir='ltr'><strong>Tcrtul-</strong></span> 
     </span>
    </p>
   </div>
   <div class='ocr_carea' id='block_1_78' title="bbox 2001 4511 3596 4590">
    <p class='ocr_par' dir='ltr' id='par_1_78' title="bbox 2001 4511 3596 4590">
     <span class='ocr_line' id='line_1_79' title="bbox 2001 4511 3596 4590; baseline 0.008 -24"><span class='ocrx_word' id='word_1_497' title='bbox 2001 4511 2161 4568; x_wconf 68' lang='lat' dir='ltr'><strong>lianus</strong></span> <span class='ocrx_word' id='word_1_498' title='bbox 2197 4512 2474 4570; x_wconf 85' lang='lat' dir='ltr'><strong>latinitatis</strong></span> <span class='ocrx_word' id='word_1_499' title='bbox 2517 4513 2700 4582; x_wconf 84' lang='lat' dir='ltr'><strong>index,</strong></span> <span class='ocrx_word' id='word_1_500' title='bbox 2751 4518 3020 4590; x_wconf 66' lang='lat' dir='ltr'><strong>praecipua</strong></span> <span class='ocrx_word' id='word_1_501' title='bbox 3056 4518 3170 4578; x_wconf 90' lang='lat' dir='ltr'><strong>CII.</strong></span> <span class='ocrx_word' id='word_1_502' title='bbox 3202 4520 3596 4579; x_wconf 81' lang='lat' dir='ltr'><strong>GODOFRED.</strong></span> 
     </span>
    </p>
   </div>
   <div class='ocr_carea' id='block_1_79' title="bbox 2001 4606 3451 4683">
    <p class='ocr_par' dir='ltr' id='par_1_79' title="bbox 2001 4606 3451 4683">
     <span class='ocr_line' id='line_1_80' title="bbox 2001 4606 3451 4683; baseline 0.01 -18"><span class='ocrx_word' id='word_1_503' title='bbox 2001 4606 2317 4665; x_wconf 85' lang='lat' dir='ltr'><strong>SCHUTZII</strong></span> <span class='ocrx_word' id='word_1_504' title='bbox 2354 4624 2517 4681; x_wconf 86' lang='lat' dir='ltr'><strong>opera</strong></span> <span class='ocrx_word' id='word_1_505' title='bbox 2557 4611 2815 4683; x_wconf 82' lang='lat' dir='ltr'><strong>digestus.</strong></span> <span class='ocrx_word' id='word_1_506' title='bbox 3253 4642 3285 4671; x_wconf 63' lang='grc' dir='ltr'><strong>ι-</strong></span> <span class='ocrx_word' id='word_1_507' title='bbox 3299 4636 3403 4666; x_wconf 52' lang='grc' dir='ltr'><strong>λων</strong></span> 
     </span>
    </p>
   </div>
   <div class='ocr_carea' id='block_1_80' title="bbox 2075 4700 3602 4776">
    <p class='ocr_par' dir='ltr' id='par_1_80' title="bbox 2075 4700 3602 4776">
     <span class='ocr_line' id='line_1_81' title="bbox 2075 4700 3602 4776; baseline 0.007 -19"><span class='ocrx_word' id='word_1_508' title='bbox 2075 4700 2232 4757; x_wconf 87' lang='lat' dir='ltr'><strong>Unde</strong></span> <span class='ocrx_word' id='word_1_509' title='bbox 2264 4701 2374 4773; x_wconf 88' lang='lat' dir='ltr'><strong>jam</strong></span> <span class='ocrx_word' id='word_1_510' title='bbox 2401 4718 2560 4759; x_wconf 91' lang='lat' dir='ltr'><strong>nemo</strong></span> <span class='ocrx_word' id='word_1_511' title='bbox 2585 4717 2693 4760; x_wconf 89' lang='lat' dir='ltr'><strong>non</strong></span> <span class='ocrx_word' id='word_1_512' title='bbox 2723 4703 2868 4760; x_wconf 83' lang='lat' dir='ltr'><strong>videt</strong></span> <span class='ocrx_word' id='word_1_513' title='bbox 2892 4719 3050 4776; x_wconf 88' lang='lat' dir='ltr'><strong>quam</strong></span> <span class='ocrx_word' id='word_1_514' title='bbox 3076 4705 3266 4776; x_wconf 85' lang='lat' dir='ltr'><strong>exigua</strong></span> <span class='ocrx_word' id='word_1_515' title='bbox 3299 4706 3451 4764; x_wconf 80' lang='lat' dir='ltr'><strong>novis</strong></span> <span class='ocrx_word' id='word_1_516' title='bbox 3488 4709 3602 4768; x_wconf 85' lang='lat' dir='ltr'><strong>edi-</strong></span> 
     </span>
    </p>
   </div>
   <div class='ocr_carea' id='block_1_81' title="bbox 3253 4636 3457 4680">
    <p class='ocr_par' dir='ltr' id='par_1_81' title="bbox 3253 4636 3457 4680">
     <span class='ocr_line' id='line_1_82' title="bbox 3253 4636 3457 4680; baseline 0.01 -19"><span class='ocrx_word' id='word_1_517' title='bbox 3253 4642 3285 4671; x_wconf 51' lang='grc' dir='ltr'><strong>ι.</strong></span> <span class='ocrx_word' id='word_1_518' title='bbox 3299 4636 3366 4666; x_wconf 45' lang='grc' dir='ltr'><strong>ξιιμ</strong></span> <span class='ocrx_word' id='word_1_519' title='bbox 3379 4640 3403 4663; x_wconf 71' lang='grc' dir='ltr'><strong><em>υ</em></strong></span> <span class='ocrx_word' id='word_1_520' title='bbox 3418 4638 3457 4680; x_wconf 51' lang='grc' dir='ltr'><strong>’.ξ</strong></span> 
     </span>
    </p>
   </div>
   <div class='ocr_carea' id='block_1_82' title="bbox 295 4793 3601 4877">
    <p class='ocr_par' dir='ltr' id='par_1_82' title="bbox 295 4793 3601 4877">
     <span class='ocr_line' id='line_1_83' title="bbox 295 4793 3601 4877; baseline 0.005 -26"><span class='ocrx_word' id='word_1_521' title='bbox 295 4793 733 4854; x_wconf 82' lang='lat' dir='ltr'><strong>banccolunmam</strong></span> <span class='ocrx_word' id='word_1_522' title='bbox 749 4816 810 4854; x_wconf 86' lang='lat' dir='ltr'><strong>ac</strong></span> <span class='ocrx_word' id='word_1_523' title='bbox 822 4801 1198 4869; x_wconf 78' lang='lat' dir='ltr'><strong>ﬁrmamentum</strong></span> <span class='ocrx_word' id='word_1_524' title='bbox 1215 4800 1434 4855; x_wconf 77' lang='lat' dir='ltr'><strong>veritatis</strong></span> <span class='ocrx_word' id='word_1_525' title='bbox 1454 4798 1557 4872; x_wconf 91' lang='lat' dir='ltr'><strong>(l).</strong></span> <span class='ocrx_word' id='word_1_526' title='bbox 1585 4797 1741 4855; x_wconf 87' lang='lat' dir='ltr'><strong>Enim</strong></span> <span class='ocrx_word' id='word_1_527' title='bbox 1760 4800 1905 4855; x_wconf 81' lang='lat' dir='ltr'><strong>aliud</strong></span> <span class='ocrx_word' id='word_1_528' title='bbox 2010 4793 2217 4850; x_wconf 68' lang='lat' dir='ltr'><strong>toribus</strong></span> <span class='ocrx_word' id='word_1_529' title='bbox 2240 4795 2515 4864; x_wconf 72' lang='grc' dir='ltr'><strong>ρτονίηεὶει</strong></span> <span class='ocrx_word' id='word_1_530' title='bbox 2562 4804 2841 4852; x_wconf 58' lang='lat' dir='ltr'><strong>remaneat</strong></span> <span class='ocrx_word' id='word_1_531' title='bbox 2862 4837 2878 4864; x_wconf 73' lang='grc'><strong>9</strong></span> <span class='ocrx_word' id='word_1_532' title='bbox 2907 4806 2963 4852; x_wconf 70' lang='grc' dir='ltr'><strong>ει</strong></span> <span class='ocrx_word' id='word_1_533' title='bbox 3009 4812 3171 4868; x_wconf 78' lang='lat' dir='ltr'><strong>quam</strong></span> <span class='ocrx_word' id='word_1_534' title='bbox 3214 4799 3284 4856; x_wconf 75' lang='lat' dir='ltr'><strong>Sil</strong></span> <span class='ocrx_word' id='word_1_535' title='bbox 3312 4800 3442 4858; x_wconf 74' lang='lat' dir='ltr'><strong>nihil</strong></span> <span class='ocrx_word' id='word_1_536' title='bbox 3476 4819 3601 4877; x_wconf 76' lang='lat' dir='ltr'><strong>pro-</strong></span> 
     </span>
    </p>
   </div>
   <div class='ocr_carea' id='block_1_83' title="bbox 296 4886 3600 4968">
    <p class='ocr_par' dir='ltr' id='par_1_83' title="bbox 296 4886 3600 4968">
     <span class='ocr_line' id='line_1_84' title="bbox 296 4886 3600 4968; baseline 0.003 -22"><span class='ocrx_word' id='word_1_537' title='bbox 296 4889 684 4961; x_wconf 74' lang='lat' dir='ltr'><strong>fundamentum</strong></span> <span class='ocrx_word' id='word_1_538' title='bbox 736 4909 882 4948; x_wconf 84' lang='lat' dir='ltr'><strong>nemo</strong></span> <span class='ocrx_word' id='word_1_539' title='bbox 942 4903 1102 4965; x_wconf 82' lang='lat' dir='ltr'><strong>potest</strong></span> <span class='ocrx_word' id='word_1_540' title='bbox 1158 4909 1342 4963; x_wconf 84' lang='lat' dir='ltr'><strong>ponere</strong></span> <span class='ocrx_word' id='word_1_541' title='bbox 1368 4935 1385 4962; x_wconf 93' lang='lat'><strong>,</strong></span> <span class='ocrx_word' id='word_1_542' title='bbox 1440 4905 1621 4965; x_wconf 68' lang='lat' dir='ltr'><strong>praue:-</strong></span> <span class='ocrx_word' id='word_1_543' title='bbox 1670 4895 1725 4949; x_wconf 85' lang='lat' dir='ltr'><strong>id</strong></span> <span class='ocrx_word' id='word_1_544' title='bbox 1766 4894 1904 4968; x_wconf 85' lang='lat' dir='ltr'><strong>quod</strong></span> <span class='ocrx_word' id='word_1_545' title='bbox 2010 4886 2295 4958; x_wconf 88' lang='lat' dir='ltr'><strong>pemodum</strong></span> <span class='ocrx_word' id='word_1_546' title='bbox 2320 4886 2391 4943; x_wconf 92' lang='lat' dir='ltr'><strong>de</strong></span> <span class='ocrx_word' id='word_1_547' title='bbox 2418 4901 2517 4944; x_wconf 91' lang='lat' dir='ltr'><strong>suo</strong></span> <span class='ocrx_word' id='word_1_548' title='bbox 2560 4903 2701 4959; x_wconf 88' lang='lat' dir='ltr'><strong>penu</strong></span> <span class='ocrx_word' id='word_1_549' title='bbox 2735 4888 3078 4958; x_wconf 88' lang='lat' dir='ltr'><strong>addendum,</strong></span> <span class='ocrx_word' id='word_1_550' title='bbox 3116 4893 3218 4949; x_wconf 89' lang='lat' dir='ltr'><strong>nisi</strong></span> <span class='ocrx_word' id='word_1_551' title='bbox 3267 4894 3405 4953; x_wconf 81' lang='lat' dir='ltr'><strong>forte</strong></span> <span class='ocrx_word' id='word_1_552' title='bbox 3434 4898 3497 4954; x_wconf 91' lang='lat' dir='ltr'><strong>iis</strong></span> <span class='ocrx_word' id='word_1_553' title='bbox 3516 4901 3600 4957; x_wconf 88' lang='lat' dir='ltr'><strong>di-</strong></span> 
     </span>
    </p>
   </div>
   <div class='ocr_carea' id='block_1_84' title="bbox 295 4978 3597 5060">
    <p class='ocr_par' dir='ltr' id='par_1_84' title="bbox 295 4978 3597 5060">
     <span class='ocr_line' id='line_1_85' title="bbox 295 4978 3597 5060; baseline 0.003 -24"><span class='ocrx_word' id='word_1_554' title='bbox 295 4984 517 5051; x_wconf 71' lang='lat' dir='ltr'><strong>positum</strong></span> <span class='ocrx_word' id='word_1_555' title='bbox 539 4993 636 5053; x_wconf 78' lang='lat' dir='ltr'><strong>est,</strong></span> <span class='ocrx_word' id='word_1_556' title='bbox 664 4984 799 5056; x_wconf 80' lang='lat' dir='ltr'><strong>quod</strong></span> <span class='ocrx_word' id='word_1_557' title='bbox 821 4992 895 5041; x_wconf 74' lang='lat' dir='ltr'><strong>est</strong></span> <span class='ocrx_word' id='word_1_558' title='bbox 934 4982 1272 5043; x_wconf 83' lang='lat' dir='ltr'><strong>CHRISTUS</strong></span> <span class='ocrx_word' id='word_1_559' title='bbox 1300 4984 1504 5043; x_wconf 80' lang='lat' dir='ltr'><strong>JESUS</strong></span> <span class='ocrx_word' id='word_1_560' title='bbox 1534 4984 1637 5060; x_wconf 72' lang='grc'><strong>(2).</strong></span> <span class='ocrx_word' id='word_1_561' title='bbox 1667 4985 1902 5042; x_wconf 81' lang='lat' dir='ltr'><strong>Firmum</strong></span> <span class='ocrx_word' id='word_1_562' title='bbox 2005 4978 2176 5040; x_wconf 85' lang='lat' dir='ltr'><strong>cenda</strong></span> <span class='ocrx_word' id='word_1_563' title='bbox 2218 4978 2325 5034; x_wconf 74' lang='lat' dir='ltr'><strong>sint</strong></span> <span class='ocrx_word' id='word_1_564' title='bbox 2371 4987 2483 5036; x_wconf 79' lang='lat' dir='ltr'><strong>tum</strong></span> <span class='ocrx_word' id='word_1_565' title='bbox 2511 4995 2630 5051; x_wconf 68' lang='lat' dir='ltr'><strong>qua:</strong></span> <span class='ocrx_word' id='word_1_566' title='bbox 2657 4993 2819 5050; x_wconf 83' lang='lat' dir='ltr'><strong>supra</strong></span> <span class='ocrx_word' id='word_1_567' title='bbox 2864 4982 3205 5054; x_wconf 87' lang='lat' dir='ltr'><strong>suscipienda</strong></span> <span class='ocrx_word' id='word_1_568' title='bbox 3238 4986 3597 5059; x_wconf 87' lang='lat' dir='ltr'><strong>decrevimus,</strong></span> 
     </span>
    </p>
   </div>
   <div class='ocr_carea' id='block_1_85' title="bbox 295 5064 1898 5152">
    <p class='ocr_par' dir='ltr' id='par_1_85' title="bbox 295 5064 1898 5152">
     <span class='ocr_line' id='line_1_86' title="bbox 295 5064 1898 5152; baseline 0.004 -23"><span class='ocrx_word' id='word_1_569' title='bbox 295 5076 688 5147; x_wconf 79' lang='lat' dir='ltr'><strong>fundamentum</strong></span> <span class='ocrx_word' id='word_1_570' title='bbox 711 5064 810 5135; x_wconf 77' lang='lat' dir='ltr'><strong>Dei</strong></span> <span class='ocrx_word' id='word_1_571' title='bbox 838 5089 959 5147; x_wconf 74' lang='lat' dir='ltr'><strong>stat,</strong></span> <span class='ocrx_word' id='word_1_572' title='bbox 999 5079 1190 5136; x_wconf 78' lang='lat' dir='ltr'><strong>habens</strong></span> <span class='ocrx_word' id='word_1_573' title='bbox 1208 5080 1525 5151; x_wconf 77' lang='lat' dir='ltr'><strong>signaculum</strong></span> <span class='ocrx_word' id='word_1_574' title='bbox 1557 5081 1683 5135; x_wconf 84' lang='lat' dir='ltr'><strong>hoc:</strong></span> <span class='ocrx_word' id='word_1_575' title='bbox 1705 5098 1898 5152; x_wconf 84' lang='lat' dir='ltr'><strong>cogna-</strong></span> 
     </span>
    </p>
   </div>
   <div class='ocr_carea' id='block_1_86' title="bbox 2005 5070 3596 5145">
    <p class='ocr_par' dir='ltr' id='par_1_86' title="bbox 2005 5070 3596 5145">
     <span class='ocr_line' id='line_1_87' title="bbox 2005 5070 3596 5145; baseline 0.005 -16"><span class='ocrx_word' id='word_1_576' title='bbox 2005 5072 2072 5129; x_wconf 91' lang='lat' dir='ltr'><strong>de</strong></span> <span class='ocrx_word' id='word_1_577' title='bbox 2098 5070 2414 5128; x_wconf 89' lang='lat' dir='ltr'><strong>Tertulliani</strong></span> <span class='ocrx_word' id='word_1_578' title='bbox 2465 5086 2565 5128; x_wconf 90' lang='lat' dir='ltr'><strong>usu</strong></span> <span class='ocrx_word' id='word_1_579' title='bbox 2613 5080 2667 5128; x_wconf 92' lang='lat' dir='ltr'><strong>et</strong></span> <span class='ocrx_word' id='word_1_580' title='bbox 2696 5074 3053 5145; x_wconf 88' lang='lat' dir='ltr'><strong>auctoritate,</strong></span> <span class='ocrx_word' id='word_1_581' title='bbox 3111 5092 3212 5135; x_wconf 90' lang='lat' dir='ltr'><strong>nec</strong></span> <span class='ocrx_word' id='word_1_582' title='bbox 3257 5081 3417 5136; x_wconf 89' lang='lat' dir='ltr'><strong>etiam</strong></span> <span class='ocrx_word' id='word_1_583' title='bbox 3453 5083 3503 5136; x_wconf 89' lang='lat' dir='ltr'><strong>in</strong></span> <span class='ocrx_word' id='word_1_584' title='bbox 3531 5084 3596 5137; x_wconf 86' lang='lat' dir='ltr'><strong>iis</strong></span> 
     </span>
    </p>
   </div>
   <div class='ocr_carea' id='block_1_87' title="bbox 292 5165 3591 5245">
    <p class='ocr_par' dir='ltr' id='par_1_87' title="bbox 292 5165 3591 5245">
     <span class='ocr_line' id='line_1_88' title="bbox 292 5165 3591 5245; baseline 0.006 -22"><span class='ocrx_word' id='word_1_585' title='bbox 292 5171 366 5223; x_wconf 78' lang='lat' dir='ltr'><strong>vit</strong></span> <span class='ocrx_word' id='word_1_586' title='bbox 393 5169 642 5228; x_wconf 79' lang='lat' dir='ltr'><strong>Dominus</strong></span> <span class='ocrx_word' id='word_1_587' title='bbox 657 5173 744 5244; x_wconf 85' lang='lat' dir='ltr'><strong>qui</strong></span> <span class='ocrx_word' id='word_1_588' title='bbox 763 5183 879 5229; x_wconf 79' lang='lat' dir='ltr'><strong>sunt</strong></span> <span class='ocrx_word' id='word_1_589' title='bbox 904 5175 1036 5244; x_wconf 74' lang='lat' dir='ltr'><strong>eius,</strong></span> <span class='ocrx_word' id='word_1_590' title='bbox 1055 5184 1103 5231; x_wconf 86' lang='lat' dir='ltr'><strong>et</strong></span> <span class='ocrx_word' id='word_1_591' title='bbox 1116 5175 1342 5231; x_wconf 78' lang='lat' dir='ltr'><strong>discedat</strong></span> <span class='ocrx_word' id='word_1_592' title='bbox 1361 5176 1424 5230; x_wconf 85' lang='lat' dir='ltr'><strong>ab</strong></span> <span class='ocrx_word' id='word_1_593' title='bbox 1450 5174 1713 5245; x_wconf 77' lang='lat' dir='ltr'><strong>iniquitate</strong></span> <span class='ocrx_word' id='word_1_594' title='bbox 1734 5175 1900 5230; x_wconf 76' lang='lat' dir='ltr'><strong>omnis</strong></span> <span class='ocrx_word' id='word_1_595' title='bbox 1922 5241 1957 5245; x_wconf 83' lang='lat'><strong>_</strong></span> <span class='ocrx_word' id='word_1_596' title='bbox 2004 5165 2218 5223; x_wconf 69' lang='grc' dir='ltr'><strong>εἱῦῖηιθῑ</strong></span> <span class='ocrx_word' id='word_1_597' title='bbox 2243 5166 2467 5222; x_wconf 78' lang='grc' dir='ltr'><strong>οηιηῖηο</strong></span> <span class='ocrx_word' id='word_1_598' title='bbox 2517 5165 2754 5236; x_wconf 57' lang='lat' dir='ltr'><strong>renuis,</strong></span> <span class='ocrx_word' id='word_1_599' title='bbox 2805 5170 3004 5225; x_wconf 70' lang='grc' dir='ltr'><strong>θκίηιίει</strong></span> <span class='ocrx_word' id='word_1_600' title='bbox 3054 5185 3248 5242; x_wconf 79' lang='lat' dir='ltr'><strong>nempe</strong></span> <span class='ocrx_word' id='word_1_601' title='bbox 3277 5184 3333 5229; x_wconf 79' lang='grc' dir='ltr'><strong>οι</strong></span> <span class='ocrx_word' id='word_1_602' title='bbox 3358 5174 3591 5231; x_wconf 66' lang='grc' dir='ltr'><strong>δι’θνῖοτί</strong></span> 
     </span>
    </p>
   </div>
   <div class='ocr_carea' id='block_1_88' title="bbox 291 5263 1226 5340">
    <p class='ocr_par' dir='ltr' id='par_1_88' title="bbox 291 5263 1226 5340">
     <span class='ocr_line' id='line_1_89' title="bbox 291 5263 1226 5340; baseline 0.006 -22"><span class='ocrx_word' id='word_1_603' title='bbox 291 5263 385 5336; x_wconf 86' lang='lat' dir='ltr'><strong>qui</strong></span> <span class='ocrx_word' id='word_1_604' title='bbox 411 5266 639 5320; x_wconf 85' lang='lat' dir='ltr'><strong>nominat</strong></span> <span class='ocrx_word' id='word_1_605' title='bbox 662 5282 842 5322; x_wconf 85' lang='lat' dir='ltr'><strong>nomen</strong></span> <span class='ocrx_word' id='word_1_606' title='bbox 890 5267 1098 5322; x_wconf 87' lang='lat' dir='ltr'><strong>Domini</strong></span> <span class='ocrx_word' id='word_1_607' title='bbox 1123 5266 1226 5340; x_wconf 83' lang='lat'><strong>(5).</strong></span> 
     </span>
    </p>
   </div>
   <div class='ocr_carea' id='block_1_89' title="bbox 370 5353 1897 5434">
    <p class='ocr_par' dir='ltr' id='par_1_89' title="bbox 370 5353 1897 5434">
     <span class='ocr_line' id='line_1_90' title="bbox 370 5353 1897 5434; baseline 0.005 -23"><span class='ocrx_word' id='word_1_608' title='bbox 370 5353 451 5411; x_wconf 85' lang='lat' dir='ltr'><strong>Ea</strong></span> <span class='ocrx_word' id='word_1_609' title='bbox 488 5367 571 5414; x_wconf 90' lang='lat' dir='ltr'><strong>est</strong></span> <span class='ocrx_word' id='word_1_610' title='bbox 597 5357 801 5416; x_wconf 90' lang='lat' dir='ltr'><strong>interea</strong></span> <span class='ocrx_word' id='word_1_611' title='bbox 838 5359 1060 5434; x_wconf 89' lang='lat' dir='ltr'><strong>hujusce</strong></span> <span class='ocrx_word' id='word_1_612' title='bbox 1093 5362 1183 5434; x_wconf 91' lang='lat' dir='ltr'><strong>qui</strong></span> <span class='ocrx_word' id='word_1_613' title='bbox 1217 5356 1430 5433; x_wconf 80' lang='lat' dir='ltr'><strong>&#39;primus</strong></span> <span class='ocrx_word' id='word_1_614' title='bbox 1461 5361 1700 5418; x_wconf 89' lang='lat' dir='ltr'><strong>occurrit</strong></span> <span class='ocrx_word' id='word_1_615' title='bbox 1744 5361 1897 5420; x_wconf 90' lang='lat' dir='ltr'><strong>testis</strong></span> 
     </span>
    </p>
   </div>
   <div class='ocr_carea' id='block_1_90' title="bbox 1922 5241 3596 5333">
    <p class='ocr_par' dir='ltr' id='par_1_90' title="bbox 1922 5241 3596 5333">
     <span class='ocr_line' id='line_1_91' title="bbox 1922 5241 3596 5333; baseline 0.005 -16"><span class='ocrx_word' id='word_1_616' title='bbox 1922 5241 2321 5318; x_wconf 87' lang='lat' dir='ltr'><strong>Doccurrente</strong></span> <span class='ocrx_word' id='word_1_617' title='bbox 2374 5247 2443 5318; x_wconf 81' lang='lat' dir='ltr'><strong>de</strong></span> <span class='ocrx_word' id='word_1_618' title='bbox 2508 5260 2699 5318; x_wconf 91' lang='lat' dir='ltr'><strong>eodem</strong></span> <span class='ocrx_word' id='word_1_619' title='bbox 2754 5272 3072 5333; x_wconf 88' lang='lat' dir='ltr'><strong>argumento</strong></span> <span class='ocrx_word' id='word_1_620' title='bbox 3127 5241 3596 5325; x_wconf 82' lang='lat' dir='ltr'><strong>dissertatiuncula</strong></span> 
     </span>
    </p>
   </div>
   <div class='ocr_carea' id='block_1_91' title="bbox 2005 5352 3595 5429">
    <p class='ocr_par' dir='ltr' id='par_1_91' title="bbox 2005 5352 3595 5429">
     <span class='ocr_line' id='line_1_92' title="bbox 2005 5352 3595 5429; baseline 0.008 -20"><span class='ocrx_word' id='word_1_621' title='bbox 2005 5353 2071 5409; x_wconf 88' lang='lat' dir='ltr'><strong>D.</strong></span> <span class='ocrx_word' id='word_1_622' title='bbox 2121 5352 2431 5410; x_wconf 82' lang='lat' dir='ltr'><strong>Corbiniani</strong></span> <span class='ocrx_word' id='word_1_623' title='bbox 2479 5352 2747 5424; x_wconf 70' lang='lat' dir='ltr'><strong>Thomze;</strong></span> <span class='ocrx_word' id='word_1_624' title='bbox 2793 5366 2903 5412; x_wconf 89' lang='lat' dir='ltr'><strong>tum</strong></span> <span class='ocrx_word' id='word_1_625' title='bbox 2959 5373 3205 5429; x_wconf 79' lang='lat' dir='ltr'><strong>quamam</strong></span> <span class='ocrx_word' id='word_1_626' title='bbox 3273 5359 3471 5418; x_wconf 82' lang='lat' dir='ltr'><strong>fuerint</strong></span> <span class='ocrx_word' id='word_1_627' title='bbox 3525 5365 3595 5423; x_wconf 88' lang='lat' dir='ltr'><strong>ad</strong></span> 
     </span>
    </p>
   </div>
   <div class='ocr_carea' id='block_1_92' title="bbox 288 5448 1904 5525">
    <p class='ocr_par' dir='ltr' id='par_1_92' title="bbox 288 5452 1900 5525">
     <span class='ocr_line' id='line_1_93' title="bbox 288 5452 1900 5525; baseline 0.003 -17"><span class='ocrx_word' id='word_1_628' title='bbox 288 5452 441 5508; x_wconf 86' lang='lat' dir='ltr'><strong>varia</strong></span> <span class='ocrx_word' id='word_1_629' title='bbox 470 5469 536 5513; x_wconf 89' lang='lat' dir='ltr'><strong>ac</strong></span> <span class='ocrx_word' id='word_1_630' title='bbox 577 5453 738 5512; x_wconf 88' lang='lat' dir='ltr'><strong>dubia</strong></span> <span class='ocrx_word' id='word_1_631' title='bbox 785 5455 1028 5525; x_wconf 90' lang='lat' dir='ltr'><strong>indoles,</strong></span> <span class='ocrx_word' id='word_1_632' title='bbox 1060 5464 1120 5513; x_wconf 91' lang='lat' dir='ltr'><strong>ut</strong></span> <span class='ocrx_word' id='word_1_633' title='bbox 1165 5457 1421 5515; x_wconf 88' lang='lat' dir='ltr'><strong>nonnulla</strong></span> <span class='ocrx_word' id='word_1_634' title='bbox 1450 5455 1519 5516; x_wconf 91' lang='lat' dir='ltr'><strong>de</strong></span> <span class='ocrx_word' id='word_1_635' title='bbox 1560 5463 1712 5517; x_wconf 85' lang='lat' dir='ltr'><strong>recto</strong></span> <span class='ocrx_word' id='word_1_636' title='bbox 1753 5454 1900 5515; x_wconf 90' lang='lat' dir='ltr'><strong>illius</strong></span> 
     </span>
    </p>
   </div>
   <div class='ocr_carea' id='block_1_93' title="bbox 2001 5448 3591 5525">
    <p class='ocr_par' dir='ltr' id='par_1_93' title="bbox 2005 5448 3591 5521">
     <span class='ocr_line' id='line_1_94' title="bbox 2005 5448 3591 5521; baseline 0.007 -18"><span class='ocrx_word' id='word_1_637' title='bbox 2005 5461 2176 5519; x_wconf 90' lang='lat' dir='ltr'><strong>usque</strong></span> <span class='ocrx_word' id='word_1_638' title='bbox 2203 5454 2447 5519; x_wconf 88' lang='lat' dir='ltr'><strong>tempora</strong></span> <span class='ocrx_word' id='word_1_639' title='bbox 2492 5456 2676 5504; x_wconf 91' lang='lat' dir='ltr'><strong>nostra</strong></span> <span class='ocrx_word' id='word_1_640' title='bbox 2726 5448 2983 5521; x_wconf 66' lang='lat' dir='ltr'><strong>praecipui</strong></span> <span class='ocrx_word' id='word_1_641' title='bbox 3038 5450 3091 5505; x_wconf 89' lang='lat' dir='ltr'><strong>in</strong></span> <span class='ocrx_word' id='word_1_642' title='bbox 3132 5450 3411 5511; x_wconf 86' lang='lat' dir='ltr'><strong>literarum</strong></span> <span class='ocrx_word' id='word_1_643' title='bbox 3457 5457 3591 5514; x_wconf 89' lang='lat' dir='ltr'><strong>orbe</strong></span> 
     </span>
    </p>
   </div>
   <div class='ocr_carea' id='block_1_94' title="bbox 280 5637 1035 5747">
    <p class='ocr_par' dir='ltr' id='par_1_94' title="bbox 280 5637 1035 5747">
     <span class='ocr_line' id='line_1_95' title="bbox 280 5637 1035 5747; baseline 0 -10"><span class='ocrx_word' id='word_1_644' title='bbox 280 5700 297 5737; x_wconf 74' lang='grc' dir='ltr'><strong>ε</strong></span> <span class='ocrx_word' id='word_1_645' title='bbox 363 5672 678 5747; x_wconf 65' lang='grc' dir='ltr'><strong>(ωτίιη.</strong></span> <span class='ocrx_word' id='word_1_646' title='bbox 722 5677 939 5747; x_wconf 70' lang='lat' dir='ltr'><strong>ams.</strong></span> <span class='ocrx_word' id='word_1_647' title='bbox 1021 5637 1035 5645; x_wconf 62' lang='grc'><em>’</em></span> 
     </span>
    </p>
   </div>
   <div class='ocr_carea' id='block_1_95' title="bbox 284 5746 978 5892">
    <p class='ocr_par' dir='ltr' id='par_1_95' title="bbox 284 5746 978 5892">
     <span class='ocr_line' id='line_1_96' title="bbox 366 5746 978 5892; baseline 0.018 -94"><span class='ocrx_word' id='word_1_648' title='bbox 366 5746 449 5892; x_wconf 48' lang='grc' dir='ltr'><strong>ξε)</strong></span> <span class='ocrx_word' id='word_1_649' title='bbox 489 5746 511 5800; x_wconf 86' lang='grc' dir='ltr'>ι</span> <span class='ocrx_word' id='word_1_650' title='bbox 547 5747 677 5831; x_wconf 75' lang='lat' dir='ltr'><strong>Ger.</strong></span> <span class='ocrx_word' id='word_1_651' title='bbox 732 5746 839 5818; x_wconf 82' lang='lat' dir='ltr'><strong>Ill,</strong></span> <span class='ocrx_word' id='word_1_652' title='bbox 884 5753 978 5811; x_wconf 76' lang='grc' dir='ltr'><strong>η.</strong></span> 
     </span>
     <span class='ocr_line' id='line_1_97' title="bbox 284 5815 968 5892; baseline 0.007 -19"><span class='ocrx_word' id='word_1_653' title='bbox 284 5819 301 5834; x_wconf 81' lang='grc'><strong><em>⁸</em></strong></span> <span class='ocrx_word' id='word_1_654' title='bbox 393 5817 450 5892; x_wconf 80' lang='grc'><strong>5)</strong></span> <span class='ocrx_word' id='word_1_655' title='bbox 482 5815 527 5878; x_wconf 88' lang='lat' dir='ltr'><strong>ll</strong></span> <span class='ocrx_word' id='word_1_656' title='bbox 556 5817 700 5877; x_wconf 70' lang='lat' dir='ltr'><strong>Tum.</strong></span> <span class='ocrx_word' id='word_1_657' title='bbox 743 5822 822 5892; x_wconf 86' lang='lat' dir='ltr'><strong>Il,</strong></span> <span class='ocrx_word' id='word_1_658' title='bbox 873 5822 968 5883; x_wconf 68' lang='lat'><strong>19.</strong></span> 
     </span>
    </p>
   </div>
   <div class='ocr_carea' id='block_1_96' title="bbox 575 5915 1109 5984">
    <p class='ocr_par' dir='ltr' id='par_1_96' title="bbox 575 5915 1109 5984">
     <span class='ocr_line' id='line_1_98' title="bbox 575 5915 1109 5984; baseline 0.007 -4"><span class='ocrx_word' id='word_1_659' title='bbox 575 5915 1016 5984; x_wconf 67' lang='lat' dir='ltr'><strong>Temenum</strong></span> <span class='ocrx_word' id='word_1_660' title='bbox 1058 5917 1109 5984; x_wconf 87' lang='lat' dir='ltr'><strong>I.</strong></span> 
     </span>
    </p>
   </div>
   <div class='ocr_carea' id='block_1_97' title="bbox 2001 5538 3598 5610">
    <p class='ocr_par' dir='ltr' id='par_1_97' title="bbox 2001 5538 3598 5610">
     <span class='ocr_line' id='line_1_99' title="bbox 2001 5538 3598 5610; baseline 0.005 -13"><span class='ocrx_word' id='word_1_661' title='bbox 2001 5541 2058 5597; x_wconf 91' lang='lat' dir='ltr'><strong>in</strong></span> <span class='ocrx_word' id='word_1_662' title='bbox 2082 5539 2472 5596; x_wconf 89' lang='lat' dir='ltr'><strong>Tertullianum</strong></span> <span class='ocrx_word' id='word_1_663' title='bbox 2500 5539 2726 5610; x_wconf 89' lang='lat' dir='ltr'><strong>impensi</strong></span> <span class='ocrx_word' id='word_1_664' title='bbox 2754 5538 2970 5597; x_wconf 89' lang='lat' dir='ltr'><strong>labores</strong></span> <span class='ocrx_word' id='word_1_665' title='bbox 2987 5580 3004 5609; x_wconf 95' lang='lat'><strong>,</strong></span> <span class='ocrx_word' id='word_1_666' title='bbox 3032 5556 3169 5608; x_wconf 88' lang='lat' dir='ltr'><strong>quos</strong></span> <span class='ocrx_word' id='word_1_667' title='bbox 3190 5543 3383 5602; x_wconf 88' lang='lat' dir='ltr'><strong>iterum</strong></span> <span class='ocrx_word' id='word_1_668' title='bbox 3416 5561 3449 5603; x_wconf 83' lang='lat' dir='ltr'><strong>a</strong></span> <span class='ocrx_word' id='word_1_669' title='bbox 3466 5548 3598 5606; x_wconf 92' lang='lat' dir='ltr'><strong>doc-</strong></span> 
     </span>
    </p>
   </div>
   <div class='ocr_carea' id='block_1_98' title="bbox 2001 5634 3594 5713">
    <p class='ocr_par' dir='ltr' id='par_1_98' title="bbox 2001 5634 3594 5713">
     <span class='ocr_line' id='line_1_100' title="bbox 2001 5634 3594 5713; baseline 0.004 -19"><span class='ocrx_word' id='word_1_670' title='bbox 2001 5636 2421 5704; x_wconf 75' lang='lat' dir='ltr'><strong>tiss.&#39;Ceillerio,</strong></span> <span class='ocrx_word' id='word_1_671' title='bbox 2463 5637 2716 5708; x_wconf 85' lang='lat' dir='ltr'><strong>Lumpcr,</strong></span> <span class='ocrx_word' id='word_1_672' title='bbox 2760 5634 2988 5694; x_wconf 89' lang='lat' dir='ltr'><strong>Schram</strong></span> <span class='ocrx_word' id='word_1_673' title='bbox 3031 5648 3088 5695; x_wconf 85' lang='lat' dir='ltr'><strong>et</strong></span> <span class='ocrx_word' id='word_1_674' title='bbox 3116 5640 3548 5701; x_wconf 77' lang='lat' dir='ltr'><strong>Schtennemann</strong></span> <span class='ocrx_word' id='word_1_675' title='bbox 3575 5686 3594 5713; x_wconf 87' lang='lat'><strong>,</strong></span> 
     </span>
    </p>
   </div>
   <div class='ocr_carea' id='block_1_99' title="bbox 1999 5730 3593 5805">
    <p class='ocr_par' dir='ltr' id='par_1_99' title="bbox 1999 5730 3593 5805">
     <span class='ocr_line' id='line_1_101' title="bbox 1999 5730 3593 5805; baseline 0.004 -16"><span class='ocrx_word' id='word_1_676' title='bbox 1999 5731 2285 5805; x_wconf 88' lang='lat' dir='ltr'><strong>diligenter</strong></span> <span class='ocrx_word' id='word_1_677' title='bbox 2305 5730 2653 5802; x_wconf 86' lang='lat' dir='ltr'><strong>investigatos</strong></span> <span class='ocrx_word' id='word_1_678' title='bbox 2673 5730 2943 5802; x_wconf 89' lang='lat' dir='ltr'><strong>accepturi</strong></span> <span class='ocrx_word' id='word_1_679' title='bbox 2975 5745 3191 5803; x_wconf 87' lang='lat' dir='ltr'><strong>sumus;</strong></span> <span class='ocrx_word' id='word_1_680' title='bbox 3230 5742 3342 5791; x_wconf 90' lang='lat' dir='ltr'><strong>tum</strong></span> <span class='ocrx_word' id='word_1_681' title='bbox 3371 5735 3593 5798; x_wconf 90' lang='lat' dir='ltr'><strong>demum</strong></span> 
     </span>
    </p>
   </div>
   <div class='ocr_carea' id='block_1_100' title="bbox 1998 5822 3593 5905">
    <p class='ocr_par' dir='ltr' id='par_1_100' title="bbox 1998 5822 3593 5905">
     <span class='ocr_line' id='line_1_102' title="bbox 1998 5822 3593 5905; baseline 0.005 -22"><span class='ocrx_word' id='word_1_682' title='bbox 1998 5822 2270 5883; x_wconf 87' lang='lat' dir='ltr'><strong>coronidis</strong></span> <span class='ocrx_word' id='word_1_683' title='bbox 2296 5822 2498 5895; x_wconf 88' lang='lat' dir='ltr'><strong>instar,</strong></span> <span class='ocrx_word' id='word_1_684' title='bbox 2551 5822 2766 5881; x_wconf 88' lang='lat' dir='ltr'><strong>uberius</strong></span> <span class='ocrx_word' id='word_1_685' title='bbox 2798 5824 2850 5882; x_wconf 90' lang='lat' dir='ltr'><strong>in</strong></span> <span class='ocrx_word' id='word_1_686' title='bbox 2877 5824 2984 5882; x_wconf 90' lang='lat' dir='ltr'><strong>hoc</strong></span> <span class='ocrx_word' id='word_1_687' title='bbox 3026 5827 3290 5897; x_wconf 70' lang='lat' dir='ltr'><strong>procemio</strong></span> <span class='ocrx_word' id='word_1_688' title='bbox 3325 5830 3593 5905; x_wconf 81' lang='lat' dir='ltr'><strong>supererit</strong></span> 
     </span>
    </p>
   </div>
   <div class='ocr_carea' id='block_1_101' title="bbox 2859 5916 3071 6004">
    <p class='ocr_par' dir='ltr' id='par_1_101' title="bbox 2859 5916 3071 6004">
     <span class='ocr_line' id='line_1_103' title="bbox 2859 5916 3071 6004; baseline -0.014 -21"><span class='ocrx_word' id='word_1_689' title='bbox 2859 5916 3071 6004; x_wconf 74' lang='grc' dir='ltr'><strong>(υησ.)</strong></span> 
     </span>
    </p>
   </div>
  </div>
