4242 6266
661 317 729 378 u
2144 314 2532 377 PREFATIO.
3886 323 3957 386 Β

666 427 951 502 indigitare
993 439 1226 500 quonam
1268 440 1453 489 rerum
1502 428 1727 498 Ordine,
1756 427 2019 491 librorum
2074 429 2257 501 serie,
2283 431 2671 504 Aaliqnandiu
2700 431 2889 490 saltem
2920 433 2974 491 in
3022 433 3339 493 orthodoxae
3385 436 3508 495 ﬁdei
3559 439 3762 511 gremio
3829 455 3955 498 con-

667 520 1106 580 dissertationum
1168 522 1481 580 accessione
1511 561 1529 590 ,
1570 512 1887 579 'leetionum
1942 522 2258 579 eollatarum

663 615 943 682 varietate,
968 617 1480 675 commentariorum
1509 616 1754 673 ubertate
1782 631 1845 673 ac
1872 616 2085 673 delectu
2110 658 2125 683 ,
2168 632 2262 690 ap-

662 706 945 778 pendicum
981 717 1035 764 et
1083 709 1324 766 indicum
1371 709 1606 766 culmine
1634 709 1750 768 haec
1788 725 1931 769 nova
1972 708 2138 766 editio
2190 709 2262 767 sit

663 799 733 856 ab
761 800 883 861 aliis
908 803 1263 864 secernenda.

1060 914 1505 997 ARTICULUS
1546 916 1860 986 PRIMUS.

922 1061 1008 1107 me
1055 1040 1502 1110 AUcTont'rA'rt-z
1545 1061 1992 1109 TERTULLIANI.

661 1170 684 1215 τ
734 1170 1039 1233 Auctoritas
1078 1170 1130 1229 in
1172 1185 1237 1228 eo
1267 1171 1355 1243 qui
1395 1178 1690 1242 potestatem
1738 1171 1929 1226 habens
1984 1169 2119 1226 alios
2166 1169 2261 1226 do-

661 1271 751 1320 cet
770 1308 784 1333 ,
816 1273 961 1321 recte
981 1278 1011 1320 a
1036 1264 1235 1336 duplici
1259 1264 1435 1335 capite
1474 1263 1788 1332 deducitur,
1832 1278 2025 1335 nempe
2053 1273 2162 1319 tum
2190 1264 2259 1319 ab

658 1357 826 1429 ipsius
880 1360 1119 1417 scientia:
1148 1361 1540 1430 aestimatione,
1572 1369 1683 1419 tum
1735 1360 1801 1416 ab
1831 1359 2071 1431 ejusdem
2099 1374 2258 1417 vera—

657 1450 836 1507 citatis
861 1450 1075 1509 ﬁducia.
1294 1514 1301 1523 ι

728 1542 833 1602 Uni
854 1546 1027 1601 etsoli
1048 1546 1162 1602 Deo
1188 1560 1396 1603 summa
1444 1549 1734 1603 auctoritas
1770 1555 1887 1614 est,
1933 1546 2131 1619 quippe
2170 1546 2257 1602 cui

657 1635 761 1693 soli
787 1650 994 1694 summa
1034 1638 1104 1695 sit
1128 1639 1328 1696 veritas
1349 1639 1400 1694 in
1438 1638 1836 1711 cqgnoscendo,
1869 1647 1924 1695 et
1967 1653 2174 1697 summa
2206 1639 2257 1694 in

661 1729 890 1787 dicendo
940 1733 1224 1790 veracitas.

2365 527 2616 594 stitcriut,
2647 526 2847 584 idcirco
2869 542 3084 586 omnem
3115 529 3220 605 illis
3248 528 3409 590 ﬁdem
3446 532 3708 606 abrogare
3733 546 3833 593 nec
3861 549 3957 605 par

2346 631 2469 677 nec
2494 619 2573 677 fas
2595 630 2719 683 cSt:
2748 622 2997 696 quinimo
3016 624 3071 682 in
3109 625 3304 697 quibus
3336 639 3464 686 cum
3491 626 3784 687 Catholicis
3828 642 3957 688 con-

2364 711 2609 783 spirant,
2659 713 2715 771 in
2763 711 2831 773 iis
2879 729 2951 772 eo
2996 716 3170 799 major
3195 730 3388 789 .penes
3429 719 3576 791 ipsos
3607 719 3803 778 ﬁducia
3832 727 3958 790 est,

2365 807 2507 879 quod
2538 807 2663 865 hinc
2711 817 2767 864 et
2806 808 2933 867 inde
2976 811 3332 870 collusionem
3361 813 3478 871 ﬁeri
3526 823 3580 876 et
3628 815 3803 874 amice
3829 828 3959 876 con-

2359 897 2529 973 jurari
2555 916 2714 958 nemo
2742 916 2906 960 sanus
2927 904 3279 962 existimabit.

2434 994 2533 1052 His
2558 995 2837 1053 catholicis
2870 999 2949 1055 rei
2977 997 3276 1057 Patristica:
3316 1001 3507 1075 positis
3533 1002 3787 1073 criteriis,
3816 1019 3961 1066 nunc

2366 1087 2760 1147 deveniendum
2784 1098 2869 1149 est
2886 1092 2951 1149 ad
2970 1094 3306 1165 propositum
3327 1104 3570 1152 nostrum
3594 1114 3607 1163 ;
3637 1111 3779 1155 nunc
3806 1111 3958 1173 :eqna

2365 1181 2520 1237 lance
2571 1196 2637 1241 ac
2681 1182 2832 1239 ﬁrma
2877 1185 3226 1243 aestimandus
3258 1195 3342 1245 est
3383 1186 3685 1259 QUINTUS
3734 1189 3959 1249 SEPTI-

2365 1274 2530 1332 MIUS
2560 1275 2876 1335 FLORENS
2915 1276 3466 1352 TEliTULLIANUS,
3498 1293 3579 1342 tot
3623 1295 3959 1346 vetustarum

2365 1368 2765 1441 disciplinarum
2792 1372 3187 1446 peritissimus;
3233 1374 3632 1451 philosOphica,
3674 1378 3956 1453 historica,

2361 1464 2611 1539 juridica,
2641 1467 2879 1525 oratoria
2893 1482 2959 1525 ac
2973 1469 3180 1542 poetica
3200 1472 3508 1530 eruditione
3542 1481 3766 1544 potens;
3791 1474 3960 1534 multa

2363 1569 2668 1631 susceptam
2714 1568 2844 1619 ante
2881 1561 3042 1618 fidem
3069 1562 3270 1621 forensi
3297 1565 3456 1623 laude
3490 1565 3730 1634 ﬂorens;
3762 1566 3961 1635 ﬂorens

2366 1651 2471 1711 tior
2482 1662 2535 1712 et
2548 1661 2762 1725 accepta
2779 1653 2903 1724 ﬁde,
2919 1662 3105 1728 utpote
3120 1657 3280 1714 totius
3290 1657 3718 1717 Christianorum
3732 1675 3958 1734 caussae,

2361 1757 2548 1804 coram
2570 1746 3002 1818 imperatoribus,
3022 1749 3076 1807 in
3100 1750 3249 1807 orbis
3284 1750 3515 1810 Romani
3540 1751 3679 1821 foro,
3708 1753 3962 1816 defensor

733 1822 995 1890 Quaelibet
1021 1825 1124 1880 alia
1165 1840 1231 1881 eo
1261 1824 1434 1898 major
1460 1824 1639 1883 evadit
1665 1826 1977 1894 auctoritas,
2000 1840 2106 1897 quo
2134 1839 2256 1897 pro-

2362 1847 2417 1894 et
2446 1848 2739 1909 patronus;
2762 1856 2885 1897 terte
2913 1853 2942 1895 a
2964 1838 3180 1898 Christo
3203 1842 3432 1900 Domino
3454 1845 3708 1904 secundae
3732 1861 3796 1904 ac
3815 1849 3963 1921 Apo-

658 1915 776 1988 pior
796 1916 861 1972 ad
892 1916 1039 1974 illam
1062 1917 1270 1976 accedit
1288 1929 1340 1975 et
1381 1919 1673 1991 perfectior
1714 1919 1958 1990 ejusdem
1988 1915 2259 1991 particeps

655 2008 905 2065 efficitur.

725 2102 865 2160 Hinc
907 2103 1063 2160 nobis
1089 2102 1382 2162 Catholicis
1410 2104 1557 2161 nulla
1600 2104 1701 2160 sub
1747 2104 1862 2160 sole
1900 2103 2093 2175 major,
2148 2105 2256 2160 imo

658 2197 890 2252 maxima
918 2197 974 2252 in
988 2198 1129 2254 caelo
1158 2207 1210 2255 et
1232 2199 1297 2263 in,
1314 2208 1477 2265 terra,
1509 2213 1609 2254 nec
1634 2197 1735 2252 alia
1757 2212 1821 2252 ac
1848 2198 1944 2253 Dei
1966 2198 2133 2268 ipsius
2150 2206 2251 2265 est,

655 2288 917 2345 Ecclesia:
945 2288 1188 2346 docentis
1218 2300 1476 2363 potestas,
1505 2306 1624 2361 quae
1655 2289 1801 2345 verba
1828 2289 2250 2363 virtutisDeiU),

658 2384 714 2438 in
732 2400 829 2455 quo
848 2392 966 2438 sunt
990 2399 1161 2439 omnes
1188 2385 1411 2439 thesauri
1440 2383 1703 2453 sapientia:
1731 2393 1777 2438 et
1797 2383 2019 2438 scientia:
2038 2382 2252 2437 abscon-

658 2474 755 2531 diti
767 2474 996 2549 (i),quae
1009 2475 1276 2533 infailibili
1292 2491 1392 2535 nec
1406 2491 1632 2546 unquam
1649 2475 1716 2530 ad
1736 2476 2254 2532 consummationem

656 2569 839 2625 saeculi
860 2569 1156 2627 deiicienda
1179 2568 1411 2641 Spiritus
1453 2568 1634 2627 Sancti
1666 2569 1993 2637 assistentia,
2041 2568 2248 2637 nititur,

655 2661 858 2733 regitur
891 2677 955 2718 ac
975 2663 1344 2719 conﬁrmatur.

730 2753 900 2811 Porro
928 2755 1180 2810 omnibus
1208 2753 1503 2810 Catltolieis
1528 2754 1620 2825 qui
1676 2769 1797 2811 sese
1836 2753 2094 2811 Ecclesiae
2121 2752 2253 2825 legi-

657 2847 819 2906 times
874 2847 1015 2902 ﬁlios
1066 2846 1313 2917 probare.
1345 2846 1608 2914 student,
1654 2863 1875 2903 necesse
1927 2862 2048 2904 esse
2099 2848 2255 2904 docet

656 2940 719 2996 Β.
757 2939 1064 2995 Vincentius
1101 2938 1416 3006 Lirinensis,
1448 2948 1505 2994 ut
1528 2948 1834 2995 sanctorum
1866 2938 2083 2995 Patrum
2129 2938 2251 2994 ﬁdei

658 3031 977 3099 inhaereant,
993 3030 1414 3104 adglutinentur,
1428 3031 1803 3087 immoriautur
1818 3030 1918 3104 (2).
1944 3031 2076 3087 Eam
2102 3046 2249 3101 vero,

656 3127 1033 3184 consentiente
1085 3136 1195 3183 tota
1227 3124 1577 3193 Traditione,
1630 3126 1801 3197 legem
1851 3125 1920 3182 ad
1973 3140 2251 3183 assensum

2362 1930 2623 2003 Stolorum
2657 1932 2935 2005 proximte
2960 1948 3175 2005 praeco;
3206 1935 3412 2007 primus
3454 1934 3709 1996 Ecclesia:
3754 1939 3961 1999 Latina:

2362 2024 2514 2080 testis
2533 2032 2589 2081 et
2607 2023 2822 2093 vindex,
2839 2025 2946 2081 imo
2965 2041 3101 2083 unus
3122 2027 3275 2098 cujus
3301 2029 3548 2089 vindicia:
3565 2032 3633 2088 ad
3655 2045 3755 2090 nos
3769 2049 3963 2107 perveo

2336 2118 2538 2181 ,nerint
2553 2134 2568 2186 ;
2585 2117 2820 2190 insignes
2834 2116 3101 2181 Africana:
3119 2120 3243 2177 ﬁdei
3268 2120 3554 2194 primitiae;
3575 2126 3813 2185 virorum
3834 2142 3964 2199 apo-

2360 2210 2672 2267 stolicorum
2698 2211 2977 2281 alumpus;
3000 2212 3261 2286 magister
3280 2222 3336 2272 et
3355 2215 3469 2291 ipse
3494 2225 3811 2291 martyrum,
3829 2234 3965 2291 pon-

2362 2300 2567 2360 tiﬁcum
2593 2311 2649 2361 et
2675 2303 2993 2374 doctorum;
3022 2306 3216 2365 Romae
3230 2308 3298 2366 ad
3330 2324 3481 2368 sacra
3504 2321 3812 2383 provectus,
3834 2315 3963 2371 Car-

2360 2392 2672 2468 thaginique
2692 2395 2749 2453 in
2778 2399 3097 2471 presbyterii
3126 2400 3252 2459 albo
3271 2401 3611 2476 adscriptus;
3641 2420 3965 2468 arcanorum

2357 2488 2798 2559 scientissimus;
2839 2492 3081 2548 omnium
3114 2507 3226 2551 suae
3249 2495 3427 2552 aetatis
3458 2496 3834 2567 haereticorum
3867 2501 3968 2561 dc-

2357 2580 2603 2650 beliator,
2620 2582 2730 2640 imo
2752 2568 2986 2643 Montani
3009 2601 3230 2645 eversor
3250 2589 3528 2662 egregius;
3555 2600 3610 2648 et
3637 2600 3815 2651 tamen
3837 2594 3968 2668 (uti-

2357 2687 2479 2727 nam
2501 2672 2638 2730 absit
2658 2675 2699 2748 l)
2724 2679 3068 2746 montanista,
3091 2678 3395 2749 hmretietts,
3415 2681 3790 2756 htereseosquc
3807 2697 3969 2764 caput

2354 2773 2681 2834 emortuum,
2716 2767 2971 2826 Ecclesia:
2995 2770 3205 2826 tandem
3226 2772 3336 2842 jam
3364 2787 3469 2830 non
3495 2772 3657 2832 homo
3676 2778 3763 2832 !...

2425 2856 2523 2914 Cui
2555 2873 2678 2916 eum
2709 2872 2785 2917 tot
2816 2877 3122 2921 successere
3153 2866 3316 2935 vices,
3356 2868 3633 2939 multiplex
3684 2870 3805 2943 ejus
3845 2885 3969 2929 esse

2356 2948 2520 3006 debet
2558 2952 2875 3020 aestimatio,
2926 2954 3135 3027 aliaque
3188 2958 3365 3015 evadit
3422 2970 3582 3030 prout
3635 2961 3793 3018 aliam
3850 2965 3969 3037 ipse

2354 3051 2561 3100 tantum
2587 3060 2618 3101 a
2645 3060 2704 3103 se
2728 3048 2974 3107 diversus
3003 3051 3173 3105 induit
3196 3066 3498 3123 personam.
3532 3055 3607 3111 Ac
3633 3065 3755 3113 ante
3785 3061 3968 3116 omnia

2356 3136 2409 3191 in
2446 3153 2532 3207 eo,
2577 3137 2717 3196 haud
2744 3155 2899 3198 secus
2923 3157 2986 3198 ac
3014 3143 3063 3198 in
3105 3145 3315 3201 caeteris
3344 3140 3600 3204 Ecclesiae
3630 3148 3963 3219 doctoribus,

655 3219 902 3277 Patribus
929 3219 1291 3293 praestandum
1339 3220 1508 3291 ponit,
1534 3228 1594 3275 ut
1623 3219 1880 3293 quidquid
1919 3235 2026 3276 non
2079 3235 2245 3276 unum
2277 3250 2324 3316 ρ
2357 3230 2664 3288 nonnullius
2712 3242 2795 3290 est
2827 3235 2981 3307 pretii
3024 3237 3377 3295 eruditionem
3420 3240 3695 3310 profanam
3737 3259 3768 3298 a
3813 3259 3966 3301 sacra

650 3323 743 3371 aut
768 3315 1160 3381 duos-tantum,
1206 3312 1303 3371 sed
1329 3328 1516 3371 omnes
1560 3314 1762 3386 pariter
1805 3329 1912 3370 uno
1951 3313 2251 3387 eodemque

655 3419 922 3462 consensu
947 3414 1162 3476 aperte,
1192 3404 1520 3477 frequenter,
1551 3416 1959 3475 perseveranter
1990 3406 2250 3477 tenuisse,

654 3497 957 3568 scripsisse,
988 3496 1238 3552 docuisse
1261 3498 1598 3567 cognoveris,
1632 3497 1684 3551 id
1718 3499 1809 3553 tibi
1842 3514 2054 3570 quoque
2086 3500 2254 3568 intel-

656 3590 794 3664 ligas
815 3591 1021 3662 absque
1049 3590 1156 3646 ulla
1181 3590 1514 3646 dubitatione
1539 3589 1893 3646 credendum.

656 3691 676 3750 ἕ
730 3685 979 3742 Patribus
1024 3698 1154 3740 vero
1202 3683 1473 3755 sigillatim
1520 3685 1750 3755 sumptis
1799 3684 1944 3739 nulla
1973 3684 2075 3740 alia
2108 3686 2254 3741 cem-

662 3782 798 3853 petit
818 3778 1141 3844 auctoritas,
1177 3777 1277 3834 nisi
1304 3776 1508 3848 privata
1530 3816 1546 3844 ,
1571 3791 1638 3833 ex
1678 3778 1843 3832 variis
1895 3777 2254 3849 dignoscenda

659 3872 892 3941 indiciis,
924 3886 1149 3945 quorum
1180 3869 1283 3927 alia
1308 3869 1594 3941 unicuique
1641 3879 1768 3925 sunt
1814 3872 1965 3942 quasi
2016 3872 2251 3942 propria,

659 3968 763 4025 alia
791 3980 920 4023 vero
940 3965 1140 4021 deforis
1164 3963 1466 4034 desumpta.

730 4059 788 4116 In
819 4059 884 4116 iis
921 4066 1101 4115 autem
1149 4058 1278 4130 ipsis
1315 4056 1708 4114 consideranda
1737 4066 1858 4114 sunt
1883 4058 1996 4117 sive
2033 4074 2151 4132 quae
2189 4059 2256 4116 ad

662 4151 989 4212 intellectum
1009 4158 1156 4208 recte
1184 4150 1481 4207 institutum
1499 4192 1516 4222 ,
1548 4152 1662 4207 sive
1688 4166 1807 4223 qua:
1843 4150 1910 4207 ad
1959 4166 2144 4208 sanam
2164 4168 2259 4209 vo-

662 4247 921 4303 luntatem
951 4244 1216 4317 pertinent
1241 4260 1256 4310 ;
1286 4243 1411 4300 hinc
1431 4243 1684 4299 nimirum
1713 4259 1901 4301 eorum
1932 4245 2128 4317 ingenii
2155 4247 2256 4313 vis,

661 4338 1027 4397 doctrinarum
1058 4337 1273 4394 ubertas
1289 4379 1303 4400 ,
1329 4337 1580 4409 loquendi
1609 4338 1798 4395 modus
1814 4352 1878 4394 ac
1902 4336 2259 4409 consuetudo,

666 4433 809 4490 unde
849 4440 963 4487 tuto
1005 4430 1152 4493 credi
1174 4439 1351 4501 potest
1395 4431 1675 4500 quodnon
1701 4432 2067 4504 decipiantur;
2110 4434 2260 4489 illinc

663 4534 843 4584 autem
876 4539 1085 4580 morum
1109 4523 1365 4595 probitas,
1387 4523 1616 4593 vitatque
1646 4526 1924 4590 sanctitas,
1948 4540 2052 4596 qua
2081 4527 2258 4582 omnis

669 4617 959 4690 depellitur
978 4615 1211 4687 suspicio
1234 4630 1301 4669 an
1328 4613 1599 4684 decipiant
1624 4623 1716 4669 aut
1739 4613 1987 4685 decipere
2013 4616 2199 4681 velint.

738 4709 821 4767 Ad
838 4708 954 4766 base
967 4708 1118 4782 quasi
1150 4706 1441 4764 intrinseca
1471 4707 1805 4763 auctoritatis
1825 4709 1974 4779 signa
2001 4712 2261 4767 accedunt

667 4812 779 4862 tum
806 4802 1036 4858 diversa:
1067 4809 1391 4872 temporum,
1432 4798 1694 4866 locorum,
1727 4799 2065 4871 dignitatum,
2096 4811 2259 4859 ecete-

665 4886 847 4969 rchue
874 4895 926 4951 in
957 4893 1148 4963 quibus
1177 4904 1425 4951 auctores
1453 4894 1786 4965 scripserunt
1820 4895 2257 4967 circumstantias,

665 4997 777 5044 tum
807 4985 1139 5059 potissimum
1181 4986 1312 5059 tanti
1367 4985 1521 5055 pretii
1569 4984 1822 5056 judicium
1866 5002 1975 5059 quo
2022 4988 2262 5046 Ecclesia

666 5057 960 5153 scriptores
985 5057 1248 5150 quosdam
1278 5078 1429 5134 titulo
1458 5078 1622 5134 tacito
1646 5080 1729 5135 vel
1751 5057 1978 5136 solemni
2000 5124 2015 5151 ,
2046 5084 2263 5153 speciali

664 5174 748 5233 vel
777 5171 1167 5245 specialissimo
1194 5170 1384 5242 prohat
1400 5180 1456 5226 et
1481 5170 1761 5242 dijudicat.
1849 5214 1855 5221 .

737 5268 817 5325 Ne
858 5282 987 5325 vero
1036 5273 1387 5323 amoveantur
1448 5274 1540 5321 aut
1593 5273 1918 5335 respuantur
1971 5267 2262 5341 scriptores

662 5369 925 5433 quotquot
982 5357 1372 5424 ecclesiastici,
1429 5357 1521 5429 qui
1585 5372 1827 5416 summos
1879 5374 1946 5417 ac
1995 5360 2263 5433 legitimos

667 5451 966 5509 sanctitatis
985 5453 1165 5524 apices
1191 5449 1430 5507 nondum
1461 5449 1662 5506 fuerint
1697 5450 1897 5522 adepti,
1921 5468 2021 5509 nec
2054 5463 2259 5514 rectum

664 5544 791 5604 ﬁdei
814 5543 1614 5616 tramitemindecliuabiiipcde
1654 5544 1929 5615 triverint;
1964 5562 2088 5606 cum
2115 5550 2257 5607 enim

733 5701 810 5775 (ι)
850 5701 1012 5759 liebr.
1044 5700 1087 5770 l,
1116 5703 1168 5760 δ.

733 5775 810 5831 (ξε)
837 5776 951 5829 (lui.
990 5775 1053 5831 tt.
1084 5776 1138 5831 δ.

752 5777 951 5837 ‘2}(10l.
990 5777 1053 5836 ll.
1084 5777 1138 5831 5.

728 5777 807 5925 ἑὸ)
837 5845 1087 5905 Viuecnt.
1125 5847 1287 5905 Lirin.
1320 5847 1623 5908 Contmenit.
1656 5850 1719 5925 ll,
1753 5849 1844 5911 ΞΟ.

2286 4603 2339 4664 1)

2356 3324 2731 3397 suppellectili,
2748 3328 3060 3399 scriptorem
3083 3331 3344 3401 privatum
3370 3332 3438 3388 ab
3464 3343 3681 3391 auctore
3701 3334 3968 3394 catholico

2357 3418 2439 3473 vel
2464 3420 2811 3488 montanista,
2844 3437 2956 3478 rem
2986 3438 3139 3479 mere
3167 3423 3455 3481 literariam
3478 3434 3570 3482 aut
3607 3426 3912 3485 historicam
3934 3445 3967 3487 a

2355 3522 2541 3568 caussa
2571 3512 2868 3582 dogmatica
2895 3528 3198 3598 secernere.

2429 3602 2500 3656 At
2551 3603 2675 3673 quid
2705 3617 2914 3660 caussa:
2949 3618 3093 3663 esset
3156 3623 3254 3663 cur
3312 3609 3381 3663 iu'
3418 3608 3521 3667 hoc
3584 3611 3763 3684 operis
3817 3629 3968 3674 mere

2318 3724 2319 3727 η
2356 3693 2892 3766 patristiciprommio
2906 3713 2969 3753 ac
2994 3700 3163 3771 primo
3185 3701 3367 3758 limine
3388 3704 3543 3760 diuin
3570 3705 3810 3778 Septimii
3841 3724 3970 3781 pro-

2358 3787 2477 3843 fana
2520 3788 2675 3846 laude
2700 3794 2983 3850 morarer?
3002 3795 3191 3852 Paucis
3224 3797 3381 3868 igitur
3400 3800 3675 3859 absolvam
3708 3806 3876 3876 qualis
3896 3796 3968 3862 sit

2358 3882 2563 3950 rhetor,
2595 3888 2991 3956 grammaticus,
3020 3889 3351 3962 dialecticus,
3385 3909 3480 3951 seu
3506 3894 3693 3954 formae
3724 3900 3966 3958 excultor

2359 3974 2633 4044 literal-ite,
2710 3979 2952 4050 qualisve
3015 3981 3087 4039 sit
3151 3983 3544 4059 phii050phus,
3625 3989 3962 4068 philologus,

2361 4070 2736 4141 antiquitatum
2779 4074 3096 4147 indagator,
3160 4078 3503 4137 historiarum
3572 4087 3768 4153 tenax,
3829 4085 3965 4157 juris

2367 4166 2607 4236 peritus,
2650 4168 2799 4223 omni
2837 4172 3180 4228 scientiarum
3221 4188 3419 4245 genere
3463 4178 3962 4236 exercitatissimus.

2436 4259 2600 4315 Porro
2689 4263 2817 4333 quid
2895 4264 2962 4321 de
3032 4266 3198 4337 ipsius
3265 4267 3500 4349 (“Cch
3566 4271 3865 4330 disserendi
3911 4284 3967 4331 et

2363 4357 2769 4423 argumentandi
2834 4373 3033 4429 genere
3094 4362 3433 4419 sentiendum
3479 4366 3569 4433 sit,
3622 4366 3777 4436 paulo
3828 4367 3964 4423 inira

2365 4445 2532 4504 habes
2579 4449 2851 4521 eleganter
2898 4462 2953 4508 et
2999 4453 3200 4511 diserte
3270 4471 3300 4512 a
3344 4456 3563 4513 doctiss.
3613 4458 3675 4513 D.
3730 4458 3966 4532 Lumpcr

2364 4542 2682 4613 explicatum
2716 4543 2814 4618 (i).
2839 4546 3013 4602 Pauca
3043 4557 3244 4604 tantum
3277 4549 3663 4621 adderejuvat,
3687 4567 3753 4608 ne
3769 4552 3966 4611 delica-

2372 4634 2608 4692 tissimus
2629 4637 2797 4694 lector
2811 4653 2872 4694 ac
2893 4640 3154 4709 politioris
3176 4641 3428 4699 minerva:
3440 4643 3727 4701 studiosior
3739 4645 3965 4705 salebris

2367 4722 2708 4784 Tertullianae
2764 4729 3040 4786 lalinitatis
3103 4730 3335 4789 offendat
3384 4744 3439 4791 et
3493 4737 3712 4793 intereat.
3754 4736 3963 4794 Primus

2366 4815 2479 4873 fere
2502 4821 2739 4875 onmium
2771 4821 3131 4880 Tcrtullianus
3158 4824 3402 4897 dogmata
3427 4827 3717 4887 traditurus
3733 4845 3795 4886 ac
3817 4846 3964 4904 mys-

2367 4911 2501 4966 teria
2524 4911 2799 4986 hucusque
2828 4916 2956 4972 latio
2984 4918 3219 4976 sermoni
3242 4935 3464 4991 prorsus
3501 4922 3700 4995 ignota,
3738 4922 3965 4996 proinde

2367 5020 2534 5062 novas
2585 5006 2860 5066 intrudere
2896 5008 3150 5068 formulas
3184 5027 3246 5068 ac
3275 5004 3815 5084 iuaudita‘vocabttla,
3853 5016 3965 5073 sal-

2369 5108 2475 5156 tem
2539 5100 2646 5157 alio
2689 5118 2850 5161 sensu
2929 5116 3180 5177 usurpata
3225 5107 3439 5178 potuit,
3502 5107 3611 5162 imo
3662 5118 3717 5164 et
3757 5109 3961 5167 debuit.

2368 5192 2696 5252 Nascebatur
2711 5213 2773 5255 ac
2794 5201 3179 5271 propemodum
3205 5201 3256 5255 in
3282 5200 3437 5255 cunis
3456 5200 3699 5273 vagiebat
3728 5201 3964 5261 latinitas

2366 5285 2456 5342 illa
2487 5289 2870 5358 ecclesiastica,
2901 5309 3020 5364 qua:
3059 5307 3183 5347 suos
3223 5293 3291 5348 ab
3322 5292 3472 5350 initio
3512 5294 3695 5351 habuit
3737 5296 3961 5364 modos;

2365 5394 2492 5436 suas
2512 5381 2628 5439 sive
2650 5385 2700 5439 in
2719 5385 2894 5440 soluto
2920 5399 3190 5453 sermone,
3216 5385 3328 5441 sive
3345 5387 3395 5441 in
3430 5385 3730 5459 rhythmico
3746 5388 3964 5445 modulo

2366 5471 2529 5545 leges,
2552 5476 2791 5546 apprime
2824 5476 3114 5533 tractandis
3142 5477 3453 5534 coelestibus
3491 5480 3842 5536 sacramentis
3868 5494 3963 5537 aco

2362 5566 2746 5637 commodatas,
2764 5567 2968 5638 habuit,
2993 5569 3188 5636 sanxit,
3208 5584 3271 5626 ac
3292 5570 3540 5625 servavit.
3563 5569 3766 5636 Quibus
3784 5579 3963 5628 autem

2360 5657 2706 5715 eﬁ‘ormandis
2731 5677 2794 5734 ac
2816 5678 2910 5733 per
2926 5678 3017 5718 ora
3047 5661 3319 5720 hominum
3345 5662 3657 5734 evulgandis
3684 5662 3825 5720 haud
3852 5663 3965 5720 exi-

2358 5764 2460 5826 gua
2485 5764 2570 5809 est
2597 5725 2913 5813 Terttilliani
2943 5757 3058 5814 laus
3097 5757 3287 5813 mirum
3328 5756 3381 5823 in
3410 5755 3624 5816 modum
3653 5757 3917 5837 profuisse
3942 5774 3958 5831 ξ

2439 5841 2516 5920 (ί)
2545 5842 2667 5907 Vid.
2700 5846 2846 5921 inin,
2876 5857 2914 5907 l.
2951 5847 2992 5922 Ι,
3035 5848 3138 5910 col.
3170 5843 3333 5911 89-
3356 5845 3446 5907 96.
