4242 6266
624 276 695 334 ιδ
1086 324 1099 333 ,
2117 263 2503 323 ramento.
2696 332 2707 342 ο
2860 314 2928 341 ,,
3854 266 3922 330 ιο

696 389 830 447 Nam
872 396 979 445 tres
1006 386 1127 444 fidei
1155 384 1410 453 formulas
1452 383 1633 451 habet,
1664 396 1824 439 unam
1849 396 2075 454 eamque
2100 383 2218 438 bre-
2246 384 2298 442 Α
2323 396 2485 452 Opera
2512 388 2749 439 veterum
2780 382 3045 440 editorum
3069 382 3259 441 iterum
3287 384 3573 455 recensita,
3596 386 3661 444 ad
3691 386 3922 448 frontem

625 484 833 541 viorem
854 484 907 539 in
929 483 1064 538 libro
1089 482 1152 535 de
1186 477 1477 550 Virginibus
1502 478 1731 533 vetandis
1751 476 2220 549 (f),alteranrlon—

624 581 828 652 giorem
848 579 898 633 in
917 573 1393 645 Prwscriptionibus
1416 571 1790 628 Hazreticorum
1815 570 1916 645 (Ξ),
1938 572 2144 628 tertiam
2168 579 2223 627 et

625 669 982 730 recentiorem
996 726 997 731 η
1010 665 1064 722 in
1095 665 1183 721 lib.
1210 666 1452 721 adversus
1465 663 1722 720 Praxeam
1737 663 1837 736 (5).

698 765 908 822 Primus
933 764 1072 820 inter
1098 761 1341 828 Latinos,
1367 760 1633 832 quoslibet
1656 758 1926 816 nascentis
1964 756 2221 815 Ecclesia)

626 859 809 915 hostes
859 855 1139 929 polemicis
1193 865 1246 911 et
1295 852 1642 926 apologeticis
1685 852 1897 923 scriptis
1940 865 2223 925 aggressus

624 961 728 1009 est.
745 950 1018 1008 Adversus
1037 948 1180 1005 enim
1207 955 1393 1021 gentes
1417 945 1630 1019 scripsit
1646 954 1850 1018 septem
1877 961 2013 1018 quos
2035 947 2223 1003 inscri-

625 1045 831 1116 psimus
881 1044 1232 1116 Apologeticos
1277 1042 1453 1110 libros,
1518 1054 1712 1111 nempe
1760 1041 1898 1096 duos
1947 1041 2113 1097 libros
2154 1041 2223 1095 ad

625 1136 899 1204 Nationes,
929 1145 984 1192 et
1016 1134 1400 1208 Apologeticum
1443 1147 1715 1205 magnum,
1750 1131 1895 1189 hunc
1928 1133 1995 1188 ad
2034 1132 2223 1204 praesi-

620 1232 740 1299 des,
773 1232 893 1287 illos
939 1228 1006 1285 ad
1046 1227 1259 1299 plebem
1288 1227 1550 1293 directos;
1597 1226 1726 1282 item
1754 1267 1771 1295 ,
1803 1225 1866 1280 de
1909 1223 2222 1280 Testimonio

620 1325 827 1391 animw,
856 1337 950 1378 seu
974 1320 1305 1392 Apologetici
1359 1328 1520 1391 caput
1554 1318 1623 1373 17
1653 1317 1871 1374 uberius
1901 1325 2217 1383 tractatum;

620 1424 678 1472 et
703 1415 890 1471 librum
914 1413 981 1467 ad
1009 1412 1307 1485 Scapulam,
1337 1426 1442 1482 quo
1471 1410 1538 1466 de
1563 1409 1759 1481 iniusta
1784 1424 1849 1465 ac
1871 1409 2074 1465 crudeli
2099 1424 2224 1481 per-

622 1510 903 1567 secutione
941 1507 1287 1581 conqueritur
1311 1514 1368 1561 et
1393 1504 1820 1562 Christianorum
1842 1500 2068 1560 virtut'es
2100 1505 2221 1560 iau-
2265 1523 2268 1526 ’

621 1603 780 1660 dibus
807 1601 965 1658 efl‘ert
994 1619 1008 1656 :
1040 1600 1236 1673 quibus
1263 1596 1548 1663 accedunt,
1591 1598 1659 1652 ad
1697 1597 1951 1671 Martyres
1982 1598 2222 1670 apologia

623 1696 692 1751 de
746 1694 988 1766 martyrii
1039 1692 1233 1764 gloria,
1289 1691 1357 1747 ad
1413 1689 1743 1747 Christianos
1799 1691 1863 1746 de
1904 1690 2223 1761 Spectaculis

2325 474 2549 546 hujusce
2581 474 2711 531 tomi
2736 474 2917 532 afﬁxa.

2396 569 2576 625 Altera
2595 581 2776 627 manet
2793 570 3067 641 integrior,
3084 586 3185 629 nec
3209 573 3340 629 satis
3364 574 3687 631 celebranda
3710 574 3920 632 Tertul-

2324 660 2450 717 liani
2465 661 2600 729 laus,
2619 662 2836 718 moralis
2858 678 3051 734 nempe
3071 678 3134 720 ac
3152 665 3500 736 partenetica,
3519 681 3584 724 ex
3608 668 3789 725 multis
3808 668 3923 739 ejus

2326 754 2647 811 desumenda
2671 756 2840 827 libris,
2867 758 2935 813 ad
2964 774 3144 816 mores
3163 759 3487 818 christianos
3511 758 3920 833 pertinentibus.

2281 907 2284 909 λ
2325 849 2563 920 Quorum
2603 850 2799 922 duplex
2838 863 2921 908 est
2950 852 3120 909 series
3145 872 3160 910 :
3191 854 3340 926 prior
3368 864 3494 913 ante
3522 867 3830 929 susceptum
3858 858 3924 915 ab

2325 953 2541 1000 auctore
2577 946 3028 1014 montanismum,
3063 949 3332 1017 posterior
3364 949 3433 1006 ab
3472 964 3538 1006 eo
3569 950 3681 1022 jam
3719 960 3924 1008 ruenta-

2325 1036 2463 1092 nista
2481 1035 2773 1119 descripta,
2814 1038 2981 1094 Porro
2998 1038 3054 1093 in
3076 1049 3301 1112 utraque
3319 1040 3384 1097 ad
3409 1042 3587 1098 vivutn
3610 1043 3923 1115 exprimitur

2326 1128 2449 1186 vitae
2478 1130 2786 1186 christiana
2814 1132 3092 1202 speculum
3131 1134 3245 1191 sive
3275 1135 3329 1191 in
3357 1135 3475 1207 ejus
3505 1137 3649 1193 fonte
3678 1139 3920 1208 perenni,

2326 1224 2574 1281 oratione
2606 1225 2811 1296 privata
2844 1236 2897 1283 et
2922 1226 3130 1297 publica
3161 1227 3238 1301 (i)
3264 1270 3279 1297 ,
3318 1229 3438 1286 sive
3470 1227 3524 1285 in
3562 1230 3677 1301 ejus
3714 1230 3926 1288 ﬂuentis

2327 1317 2635 1385 uberrimis,
2667 1319 3024 1375 sacramentis
3049 1334 3244 1391 nempe
3259 1318 3363 1393 (2),
3385 1321 3578 1376 siveoin
3608 1320 3773 1393 ipsius
3796 1322 3925 1379 acti-

2328 1410 2428 1467 bus
2453 1411 2827 1469 communibus
2855 1411 2937 1485 (5)
2974 1422 3065 1469 aut
3091 1415 3548 1486 praestantissimis
3584 1414 3697 1487 (4),
3729 1415 3843 1473 sive
3871 1417 3923 1473 in

2326 1503 2515 1563 ritibus
2539 1504 2796 1577 liturgicis
2818 1505 2906 1578 qui
2932 1506 2981 1562 ei
3007 1515 3285 1564 externam
3312 1507 3535 1566 formam
3561 1509 3801 1566 efﬁciunt
3824 1509 3922 1584 (5),

2326 1597 2440 1653 sive
2486 1597 2539 1652 in
2598 1598 2834 1655 vitandis
2886 1598 2979 1656 ubi
3028 1598 3360 1671 periclitatur
3414 1601 3591 1659 anima
3639 1602 3927 1662 christiana

2329 1689 2536 1759 mundi,
2592 1691 2837 1749 earnisve
2863 1691 3134 1750 illecebris
3159 1693 3261 1769 (6),
3289 1705 3383 1753 aut
3407 1697 3762 1770 suscipiendis
3790 1700 3927 1758 unde

621 1790 960 1846 ethnicorum
979 1786 1580 1861 fugiendisdehortatio,
1603 1786 1671 1843 ad
1686 1802 1876 1844 omnes
1891 1787 2006 1843 sive
2024 1787 2223 1843 Christi
2253 1785 2301 1846 B
2329 1796 2392 1838 ea
2416 1783 2687 1839 reviviscit
2705 1784 2958 1856 operibus
2972 1784 3072 1859 (7),
3093 1795 3186 1843 aut
3204 1788 3447 1845 obeunda
3476 1806 3576 1863 qua
3603 1791 3930 1863 glorificatur

619 1883 735 1939 sive
775 1882 1002 1938 deorum
1048 1877 1287 1937 cultores
1323 1876 1390 1935 de
1414 1878 1721 1935 Idololatria
1745 1887 1800 1937 et
1823 1878 2011 1951 grandi
2061 1877 2223 1951 hujus

619 1979 861 2037 criminis
886 1979 1167 2051 gravitate.

690 2072 884 2129 Justini
913 2071 1237 2144 philosOpbi,
1265 2054 1454 2130 Ireniei
1480 2075 1732 2147 martyris
1756 2083 1812 2131 et
1839 2075 2061 2134 aliorum
2092 2095 2223 2152 quo-

620 2187 739 2228 rum
763 2169 975 2227 nomina
994 2170 1110 2242 ipse
1131 2185 1245 2242 prae
1260 2184 1321 2227 se
1335 2171 1458 2240 fert,
1474 2171 1695 2245 vestigia
1715 2173 2008 2244 insecutus,
2026 2176 2225 2233 Iudaeis

618 2264 867 2320 Messium
913 2279 946 2320 a
989 2263 1268 2336 prophetis
1304 2264 1620 2336 prredictum
1660 2266 1946 2324 advenisse
1993 2268 2223 2325 demon-

618 2365 755 2414 strat
782 2357 885 2428 (4);
903 2371 1197 2429 omnesque
1214 2356 1522 2425 haereticos,
1537 2366 1649 2415 tum
1669 2362 1962 2431 generatim
1989 2360 2042 2419 in
2071 2361 2223 2418 Prae-

617 2448 1011 2521 scriptionibns,
1040 2464 1111 2506 ne
1148 2449 1267 2521 ipso
1307 2450 1524 2522 quidem
1553 2450 1808 2528 Montano
1853 2463 2111 2525 excepto,
2139 2454 2226 2525 jn-

620 2541 765 2612 gulat
791 2582 806 2606 ,
850 2550 964 2597 tum
1013 2542 1294 2613 speciatim
1323 2584 1339 2611 ,
1386 2543 1642 2615 singulari
1687 2544 1842 2616 quasi
1885 2548 2222 2618 certamine,

621 2631 885 2691 confodit.
918 2633 1053 2689 Hinc
1089 2632 1235 2690 enim
1278 2634 1608 2691 inconditam
1632 2636 2010 2696 Gnosticorum
2045 2652 2223 2697 cater-

623 2743 743 2783 vam
770 2727 954 2784 decies
973 2728 1227 2799 exagitat,
1253 2729 1421 2785 vineit
1445 2739 1501 2787 et
1525 2732 1925 2807 contundit.(5),
1956 2749 2056 2792 nec
2086 2736 2227 2794 hanc

618 2821 812 2890 aciem,
840 2830 899 2878 ut
922 2820 1153 2890 videtur,
1185 2823 1289 2878 nisi
1319 2822 1475 2881 hoste
1495 2823 1611 2881 fuso
1637 2823 1947 2898 fugatoque,
1968 2828 2050 2885 vel
2076 2845 2226 2887 eme-

614 2913 755 2971 ritus
788 2902 1182 2987 veteranusque
1211 2915 1389 2983 miles,
1409 2915 1668 2974 deseruit.
1692 2916 1953 2978 Praxeam
1984 2920 2223 2993 insuper,
2276 2982 2283 2987 ,

617 3011 705 3080 qui
727 3009 897 3065 Deum
921 3024 1109 3077 unum,
1125 3008 1220 3065 sed
1241 3023 1347 3065 non
1367 3010 1588 3080 trinum,
1610 3014 1904 3081 asserebat,
1920 3028 2022 3071 nec
2041 3031 2146 3073 non
2172 3027 2228 3075 et

619 3101 954 3171 Montanum,
982 3101 1048 3157 ad
1076 3116 1237 3173 quem
1262 3102 1642 3159 miserabiliter
1660 3103 1878 3176 defecit,
1903 3110 2228 3181 oppugnavit

2328 1874 2571 1947 martyrii
2606 1886 2828 1932 cruenta
2874 1877 3121 1949 palaestra
3159 1876 3265 1951 (8).
3308 1880 3568 1952 Equidem
3596 1880 3650 1938 in
3679 1880 3763 1938 his
3789 1891 3928 1939 trac~

2328 1968 2505 2025 laudis
2545 1969 2877 2042 frequentius
2906 1972 3043 2028 ultra
3065 1972 3263 2029 limites
3289 1973 3556 2046 legitimos
3582 1976 3844 2049 abripitur
3869 1977 3933 2035 ri.

2328 2062 2503 2133 gidior
2537 2066 2880 2121 montanisue
2916 2067 3213 2136 asperitas;
3252 2074 3309 2123 at
3347 2078 3504 2125 caute
3538 2068 3709 2127 errori
3748 2068 3932 2126 latenti

2329 2158 2382 2213 in
2444 2157 2642 2213 nostris
2706 2156 2860 2213 libris
2908 2157 3332 2229 provisum‘est.
3395 2160 3660 2218 i'ra'tcrea
3716 2161 3930 2218 nonnisi

2329 2249 2733 2307 effervescentis
2763 2251 2993 2323 ingenii,
3021 2251 3087 2308 ad
3130 2268 3320 2325 magna
3351 2254 3633 2311 excitantis
3679 2271 3745 2313 ac
3770 2271 3934 2313 com-

2328 2358 2545 2417 munem
2593 2342 2873 2399 hominum
2929 2343 3146 2401 modum
3194 2347 3522 2417 excedentis,
3558 2347 3788 2420 impetus
3818 2348 3931 2420 ple-

2326 2451 2553 2509 rumque
2582 2435 2850 2492 notandus
2878 2445 2983 2493 est.
3372 2492 3379 2499 ,

2400 2529 2609 2585 [labeas
2643 2527 2804 2600 igitur
2828 2528 2989 2586 velim
3017 2529 3439 2592 Tamentamen
3471 2551 3537 2593 ex
3569 2535 3682 2594 suis
3709 2543 3937 2594 tantum-

2329 2620 2491 2677 modo
2520 2619 2730 2692 scriptis
2769 2635 2834 2678 ac
2868 2623 2987 2678 solo
3019 2626 3274 2696 peculiari
3310 2643 3451 2699 penu
3479 2629 3934 2685 commendatum.

2328 2714 2719 2773 Commendant
2738 2731 2861 2774 eum
2892 2728 3154 2790 praeterea
3175 2720 3293 2778 haec
3319 2722 3493 2793 prisca
3517 2722 3708 2794 quibus
3734 2721 3937 2780 scribe-

2329 2810 2420 2867 bat
2441 2819 2701 2882 tempora,
2724 2811 2926 2882 primus
2949 2814 3089 2870 inter
3108 2815 3293 2884 Afros,
3322 2815 3464 2872 inter
3492 2817 3713 2875 Latinos
3733 2816 3934 2889 primus

2328 2917 2452 2981 post
2478 2908 2765 2965 Pontifices
2803 2908 3108 2979 Romanos,
3152 2912 3244 2984 qui
3284 2913 3497 2985 agnitus
3537 2916 3728 2971 saltem
3769 2914 3839 2972 sit
3881 2922 3940 2971 et

2329 3012 2613 3068 servatus;
2642 3002 2816 3060 fausta
2841 3003 3150 3060 docentium
3181 3014 3235 3062 et
3255 3005 3639 3078 discipulorum
3670 3018 3933 3080 tempora,

2330 3111 2451 3152 eum
2490 3095 2546 3152 in
2577 3110 2719 3152 novo
2743 3095 3168 3154 Christianorum
3209 3100 3415 3156 semine
3454 3101 3684 3158 ferveret
3712 3100 3938 3157 calidior

618 3195 672 3249 in
706 3194 807 3251 hoc
832 3194 1145 3266 elegantiori
1183 3208 1248 3250 ac
1286 3194 1553 3265 pulchello
1574 3196 1638 3251 de
1667 3175 2221 3259 Pwnitentialihello:

2331 3187 2529 3245 Christi
2557 3197 2613 3244 et
2638 3197 2935 3262 martyrum
2956 3188 3195 3262 sanguis,
3217 3207 3338 3247 cum
3356 3192 3647 3247 adltncdum
3665 3193 3936 3265 Apostolo-

616 3285 981 3357 sephistarum
997 3283 1213 3341 demum
1229 3285 1428 3341 insulsa
1444 3286 1920 3360 philosophomena
1936 3292 2000 3347 de
2018 3293 2224 3366 Anima,

620 3377 880 3446 explodit.
927 3377 1042 3432 Hoc
1070 3376 1355 3433 'indefesso
1394 3377 1579 3437 labore
1638 3395 1703 3436 ae
1748 3391 2009 3455 perpetuo
2048 3397 2226 3443 certa-

618 3470 794 3535 mine,
835 3467 1130 3525 decertavit
1154 3469 1514 3527 Tertullianus
1545 3488 1560 3526 :
1592 3488 1855 3545 cumque,
1899 3486 2059 3535 astate
2097 3495 2226 3553 pro-

619 3560 835 3619 vectior
847 3575 913 3616 ac
942 3560 1163 3617 vulnere
1182 3560 1466 3617 insanabili
1493 3562 1746 3632 afflictus,
1776 3566 1829 3622 in
1853 3567 2087 3624 Montani
2115 3587 2230 3641 par-

621 3663 703 3713 tes
746 3654 1061 3723 desciisset,
1107 3652 1305 3710 nedum
1346 3653 1480 3710 nihil
1506 3655 1584 3711 ab
1637 3657 1839 3729 impetu
1889 3662 2224 3735 remitteret,

620 3746 797 3803 acrius
814 3760 934 3803 sese
956 3745 1022 3802 ad
1045 3746 1228 3817 prtelia
1252 3745 1486 3802 accinxit
1511 3761 1576 3804 ac
1600 3747 1703 3805 sibi
1730 3749 1933 3809 dixisse
1955 3754 2101 3812 visus
2120 3765 2223 3814 est:

620 3838 716 3895 Vm
745 3839 877 3895 mihi
905 3838 952 3895 si
975 3853 1082 3895 non
1110 3838 1476 3896 dimicavero!

694 3929 907 3987 Primus
938 3929 1133 3987 iterum
1163 3929 1251 3986 hic
1278 3929 1461 3987 latinis
1488 3932 1707 3991 auribus
1736 3935 1884 3994 dedit
1919 3942 2227 4000 auscultan-

621 4023 749 4105 dum
772 4039 836 4079 ac
861 4022 1134 4081 luculento
1158 4038 1410 4081 sermone
1436 4027 1814 4085 concinnatum
1836 4030 1902 4088 de
1923 4049 1984 4090 re
2004 4034 2225 4108 dogma-

620 4102 722 4172 tica
749 4118 800 4173 in
829 4116 1012 4188 specie
1044 4115 1295 4173 distincta
1326 4125 1630 4175 tractatum.
1655 4121 1804 4178 Adeo
1836 4138 1962 4182 vero
1991 4126 2044 4181 in
2074 4102 2225 4186 hisce

621 4208 959 4282 dogmatibus
985 4208 1209 4266 seorsim
1237 4209 1493 4281 sumptis,
1522 4212 1773 4270 excelluit
1791 4257 1804 4283 ,
1842 4224 1920 4285 ut,
1951 4219 2124 4275 ausim
2151 4220 2223 4276 di-

619 4319 785 4369 cere,
844 4299 1252 4359 decurrentibus
1306 4304 1359 4358 in
1411 4303 1737 4362 immensum
1820 4308 2018 4377 annis,
2084 4312 2219 4370 nihil

619 4396 926 4454 adlmcdum
950 4392 1214 4467 prodiisse
1234 4394 1326 4466 qui
1346 4395 1658 4452 Tertulliani
1679 4398 1843 4456 libros
1862 4401 1930 4459 de
1953 4402 2218 4475 Oratione,

619 4488 690 4547 de
722 4488 986 4561 Baptismo
1005 4529 1020 4554 ,
1051 4484 1115 4542 de
1141 4483 1470 4553 Paenitentia,
1501 4487 1564 4542 de
1594 4486 1870 4559 Patientia,
1885 4503 2221 4568 caeterosquc

2331 3298 2447 3337 rum
2473 3297 2570 3337 vox
2592 3291 2795 3338 sonaret
2821 3299 2883 3337 ac
2910 3292 3358 3356 repraesentaretur
3381 3286 3556 3358 facies,
3580 3300 3701 3341 cum
3721 3286 3938 3341 aut/ten-

2333 3379 2446 3431 lica:
2470 3391 2641 3431 eorum
2668 3376 2831 3432 litera:
2847 3378 3019 3448 palam
3049 3379 3386 3435 recitarentur
3416 3377 3517 3453 (9).
3545 3378 3938 3441 Commendant

2332 3482 2455 3524 eum
2474 3479 2529 3524 et
2551 3469 2681 3526 urbs
2697 3471 2864 3540 patria
2881 3486 2941 3527 ac
2959 3471 3198 3528 Ecclesia
3225 3472 3379 3544 cujus
3405 3475 3608 3545 primus
3633 3473 3755 3542 fuit,
3773 3489 3934 3546 quem

2332 3560 2641 3616 noverimus
2665 3600 2682 3626 ,
2729 3561 3022 3629 sacerdos;
3067 3564 3376 3636 Carthago,
3410 3552 3483 3621 ‘ut
3524 3567 3719 3623 aemula
3761 3567 3933 3625 Roma

2331 3648 2541 3718 victrix,
2569 3651 2648 3706 sic
2666 3666 2694 3705 a
2720 3650 2825 3708 fide
2846 3651 3076 3721 devicta,
3100 3662 3203 3710 uta
3227 3655 3386 3713 Petro
3410 3657 3604 3728 Roma,
3632 3658 3711 3715 sic
3729 3673 3760 3714 a
3785 3658 3935 3716 Petri

2330 3741 2607 3815 discipulis
2627 3744 2916 3815 acquisita;
2939 3760 3099 3813 nova,
3122 3746 3167 3802 si
3193 3746 3295 3817 vis,
3325 3756 3383 3804 at
3401 3764 3621 3806 suorum
3648 3749 3932 3807 infantium

2325 3834 2439 3908 jam
2482 3835 2611 3893 felix
2652 3845 2826 3894 mater
2851 3847 2906 3895 et
2955 3841 3263 3909 exsultans;
3304 3857 3464 3914 quam
3512 3843 3676 3900 modo
3719 3843 3934 3901 nobiles

2329 3937 2515 4001 partus
2549 3930 2665 3985 orbi
2708 3932 3117 4000 renuntiarunt,
3165 3942 3277 3988 tum
3314 3933 3577 4007 Martyres
3614 3936 3929 4008 Scyllitani,

2329 4030 2440 4076 tum
2464 4020 2765 4093 Perpetuos,
2783 4022 3077 4081 Felicitatis
3096 4033 3151 4085 et
3168 4025 3674 4099 sociorumagmen,
3697 4044 3931 4100 quorum

2280 4108 2305 4131 ’
2326 4112 2616 4185 Septimius
2629 4125 2812 4172 noster
2827 4115 2925 4172 fuit
2936 4118 3374 4186 comvus,imo,ut
3395 4118 3713 4192 quibusdam
3727 4120 3929 4192 placet,

2328 4205 2480 4260 teStis
2505 4214 2560 4262 et
2584 4207 2944 4264 encomiastes
2968 4205 3109 4281 (i0).
3144 4209 3510 4281 Ecelesiahaec
3523 4209 3612 4267 diu
3642 4212 3931 4270 sanctitate

2326 4298 2527 4355 florens
2565 4309 2619 4356 et
2652 4300 2896 4357 doctrina
2928 4280 3165 4358 virorum
3200 4302 3299 4360 sibi
3332 4280 3727 4363 agertulliano
3753 4308 3930 4363 conti-

2326 4408 2434 4451 nuo
2459 4394 2881 4464 succedentium,
2906 4394 3053 4453 haud
3074 4412 3231 4454 secus
3259 4412 3323 4455 ac
3347 4400 3391 4454 si
3422 4397 3509 4457 hic
3521 4399 3713 4457 Noster
3732 4415 3927 4458 eorum

2324 4485 2538 4560 ingenia
2569 4490 2914 4558 excitaverit,
2945 4506 3139 4548 manus
3164 4492 3231 4548 ad
3262 4491 3506 4563 prtelium
3535 4493 3802 4563 docuerit,
3833 4510 3929 4552 or-

618 4597 755 4655 quos
785 4578 1116 4653 dogmaticos
1158 4577 1530 4637 inscribendos
1578 4582 1907 4656 censuimus,
1935 4602 2217 4660 superasse
2241 4573 2297 4637 D
2324 4578 2477 4636 dines
2500 4580 2565 4637 ad
2595 4580 2764 4638 aciem
2792 4582 3127 4651 instruxerit,
3156 4583 3341 4656 eisque
3367 4600 3585 4655 novum,
3607 4588 3774 4645 veluti
3796 4587 3926 4645 belli

621 4675 815 4732 merito
846 4672 1207 4730 existimetur.

693 4767 903 4822 Interea
950 4764 1090 4821 haud
1143 4764 1352 4822 inficias
1402 4763 1492 4823 ibo
1534 4767 1618 4824 vel
1663 4765 1864 4839 ej-tima
1906 4770 2219 4833 Tertulliani

622 4860 821 4931 scripta
866 4858 990 4915 hinc
1031 4869 1086 4917 et
1131 4859 1259 4918 inde
1300 4859 1533 4932 plurimo
1581 4862 1883 4934 sphalmate
1947 4869 2217 4940 laborare,

622 4954 790 5014 multa
827 4951 948 5008 labe
986 4967 1256 5009 venenosa
1284 4952 1491 5013 fmdari.
1521 4956 1657 5026 Qua:
1682 4972 1802 5015 cum
1831 4962 2036 5031 optimo
2058 4973 2223 5027 cisa-

617 5048 780 5108 lutari
815 5044 1061 5105 antidoto
1103 5046 1443 5117 aliquatenus
1483 5060 1667 5108 sanata
1689 5093 1705 5121 ,
1734 5052 1916 5112 videas
1944 5056 2126 5127 velim,
2153 5072 2221 5115 ex

694 5226 772 5299 (i)
803 5224 936 5297 Cap.
970 5224 1048 5299 1,-
1064 5230 1106 5281 t.
1134 5221 1345 5299 li,_col.
1365 5223 1494 5299 888.

716 5294 773 5369 ε)
812 5294 943 5369 οη).
982 5296 1073 5363 i3,
1100 5305 1144 5369 ι,
1176 5294 1368 5369 Πιεοι.
1399 5296 1492 5369 se.

692 5304 775 5440 ξε)
812 5304 943 5369 Cap.
982 5304 1073 5363 is,
1103 5305 1144 5350 t.
1177 5304 1241 5360 ll,
1263 5304 1368 5352 col.
1399 5304 1492 5353 26.

720 5372 754 5426 3
794 5366 1460 5440 Cap.2,t.ll,col.__156.
1798 5395 1802 5399 ι

694 5438 775 5524 (ς)
799 5438 887 5524 Cf.
912 5439 1077 5524 agn.
1120 5438 1543 5524 §charffe§lierg
1589 5456 1861 5524 continent.
1889 5448 2209 5524 Academia.

619 5510 685 5566 de
707 5509 936 5579 Justino,
954 5509 1273 5566 Tertulliano
1294 5523 1340 5566 et
1360 5509 1620 5583 Cypriane
1641 5517 1757 5571 adv.
1788 5518 2000 5576 Juda’os
2021 5524 2208 5595 disput.

618 5582 794 5638 Lund.
827 5581 983 5638 Goth.
1008 5581 1173 5638 4820.
1201 5581 1365 5638 iit-4°.

667 5593 794 5638 una.
827 5593 983 5638 uotn.
1008 5593 1173 5645 “5'20.
1201 5593 1365 5638 ill-4".
2104 5593 2110 5595 ἡ

666 5692 669 5695 -
694 5654 775 5727 (5)
803 5652 858 5736 In
886 5652 1011 5736 libr.
1043 5652 1336 5736 Sgorpig'cq
1388 5655 1504 5736 adv.
1533 5656 1966 5736 (inea-ficosmdv.
1992 5663 2214 5723 Hermo-

614 5722 764 5796 g_en'.,'
784 5722 1193 5796 adpabfanion.
1226 5723 1624 5796 Y;—adversus
1649 5722 2216 5796 Valentinianos:—-de

611 5779 780 5857 amni
805 5792 1014 5866 milii“;
1034 5822 1105 5839 -
1128 5793 1192 5852 de
1211 5779 2048 5864 Résurrcc’tiene'carnis:n"mw"

2327 4685 2621 4746 tesseram,
2662 4678 2943 4748 indiderit,
2974 4677 3350 4752 effinxeritquc
3371 4680 3660 4753 eloquium,
3708 4683 3761 4738 iu
3808 4691 3925 4739 toto

2326 4771 2580 4843 deinceps
2628 4769 2949 4828 occidentali
3005 4772 3138 4829 orbe
3190 4773 3483 4830 christiano
3534 4769 3917 4847 evulgandum.

2322 4863 2718 4920 Commendant
2764 4879 2888 4921 eum
2937 4872 2998 4921 ct
3055 4861 3156 4923 viri
3211 4867 3537 4924 sanctissimi
3600 4868 3921 4940 quibuscunt

2325 4955 2487 5016 simul
2516 4956 2695 5028 deguit
2718 4994 2734 5026 ,
2774 4967 2866 5013 aut
2904 4966 3256 5017 conversatus
3285 4969 3369 5017 est
3389 5001 3408 5031 ,
3438 4970 3529 5018 aut
3557 4961 3877 5019 necessitate
3899 5002 3919 5034 ,

2397 5095 2480 5170 (i)
2504 5094 2620 5170 Lifr.
2643 5096 2708 5153 de
2746 5097 3014 5170 Oratione.

2391 5168 2477 5244 (2)
2504 5168 2619 5244 Lib.
2649 5170 2713 5223 de
2733 5169 3023 5244 Baptismo,
3051 5170 3115 5244 de
3142 5169 3469 5239 Pwnilentia,
3499 5172 3563 5229 de
3596 5172 3917 5244 Euchariqu

2322 5237 2414 5298 lib.
2439 5240 2503 5295 de
2526 5238 2713 5296 Coron.
2740 5237 2921 5307 Milit.,
2953 5241 3017 5296 de
3044 5241 3366 5307 Matrimon.,
3394 5237 3483 5302 lib.
3502 5246 3572 5301 ad
3606 5246 3768 5303 Uxor.

2418 5310 2471 5386 5)
2489 5310 2570 5386 Qe
2596 5310 2877 5386 Patientia,
2905 5313 2969 5367 de
2994 5311 3147 5373 Cultu
3177 5316 3441 5386 faeminar.

2417 5381 2470 5456 4)
2497 5381 2576 5456 D_e
2616 5382 2755 5456 i_’irg.
2785 5383 2884 5441 vel.

2457 5454 2475 5527 )
2508 5454 2588 5527 _De
2610 5454 2759 5527 Orat.

2417 5525 2580 5662 6),1)ε
2599 5525 2836 5597 Spectas.

2414 5597 2466 5678 ζ
2498 5597 2583 5678 De
2604 5597 2988 5678 Pgnitenmhde
3014 5598 3190 5678 Jejun.

2418 5667 2474 5745 ξ)
2501 5668 2583 5745 4d
2607 5668 2857 5745 {lat-lyra,
2884 5671 3071 5745 Scorp.

2416 5739 2901 5818 9)_De_l’_rtescript.
2929 5739 3168 5818 σαγῇ-56,
3192 5754 3231 5800 t.
3264 5745 3332 5813 ll,
3355 5746 3455 5805 col.
3472 5747 3563 5805 49.

2418 5810 2509 5892 10)
2538 5809 2622 5871 Cf.
2634 5809 2846 5877 Dissert'.
2862 5814 2895 5874 Ι
2905 5854 2918 5873 .
2934 5809 3003 5873 Αἰ
3017 5809 3272 5879 Naesselt.
3291 5809 3451 5896 infra,
3467 5829 3506 5875 t.
3528 5818 3567 5889 Ι,
3585 5818 3907 5893 col.85,sqq.
