4238 6262
581 340 654 401 ta
1773 416 1779 421 ,
2035 342 2422 403 nummo.
3827 364 3904 426 go

585 476 857 547 dogmata,
891 472 1119 530 eruditio
1153 486 1281 531 vero
1307 473 1374 530 ad
1407 467 1485 533 ea
1510 486 1631 547 qure
1677 481 1800 532 tunc
1844 475 1897 532 in
1946 476 2185 538 Eccmsia
2212 457 2265 520 Α
2365 457 2491 515 Hi“
2518 458 3896 551 BPQOECCIeSia“naiaposwncaaCallloum»51mm.

587 571 672 640 agi
698 568 962 635 solebant,
1002 583 1099 624 seu
1129 567 1195 623 ad
1225 582 1315 624 res
1340 568 1636 640 disciplina:
1664 570 1945 627 referenda
1972 582 2072 627 est.

655 660 736 716 Ne
762 660 816 715 in
843 660 1165 716 immensum
1186 659 1303 716 hinc
1331 661 1526 731 praevia
1557 662 1755 718 monita
1788 673 2051 731 crescant,
2077 680 2190 722 non

583 765 829 812 nostrum
857 763 941 809 est
963 754 1075 809 haec
1102 755 1374 826 sigillatim
1401 754 1707 822 decurrere,
1724 771 1822 813 nec
1842 757 1908 813 ad
1930 760 2186 815 amussim

587 848 767 904 omnia
797 847 865 903 ab
896 862 960 904 eo
990 857 1135 904 recte
1164 859 1253 903 aut
1284 857 1533 919 proterve
1561 849 1702 905 dicta
1733 864 2034 918 recensere,
2070 868 2189 924 quae

586 944 704 1002 sive
742 943 809 998 ad
837 943 1102 1014 exegesim
1140 958 1348 1000 sacram
1374 984 1389 1013 ,
1421 945 1536 1001 sive
1566 944 1634 1000 ad
1663 945 2040 1018 dogmaticam,
2072 961 2190 1003 mo-

583 1038 823 1094 ralemve
872 1036 1215 1108 theologiam,
1264 1037 1376 1093 sive
1423 1038 1489 1093 ad
1532 1038 1669 1094 ritus
1716 1054 1964 1095 moresve
2002 1039 2192 1095 Eccle-

478 1206 492 1212 _
589 1132 706 1199 sive,
735 1140 1141 1201 temporumque
1170 1143 1234 1185 ac
1262 1130 1572 1200 opinionum
1600 1130 1883 1187 historiam
1920 1139 2184 1202 spectant.

659 1225 922 1280 Nonnulla
971 1233 1173 1279 tantum
1215 1225 1485 1296 praecipua
1530 1225 1788 1281 doctrina:
1814 1225 2191 1282 Tertullianea:

586 1320 779 1390 capita,
810 1317 1229 1389 gravissimeque
1267 1317 1508 1387 ejusdem
1540 1327 1738 1384 errata,
1772 1321 2079 1375 summatim
2107 1319 2192 1375 in-

585 1411 857 1483 digitanda
887 1418 1052 1477 sunt,
1082 1425 1145 1465 ac
1176 1410 1455 1466 excitanda
1486 1411 1778 1482 insigniora
1810 1412 1924 1482 ejus
1964 1427 2188 1483 operum

582 1505 723 1571 loca,
754 1521 875 1577 qua:
906 1504 1241 1576 potissimum
1270 1505 1325 1561 in
1352 1506 1625 1576 exegctico,
1654 1506 1961 1577 dogmatico,
1982 1506 2184 1571 morali,

587 1597 826 1668 liturgico
858 1603 912 1652 et
952 1597 1166 1658 ascetico
1208 1612 1308 1652 usu
1362 1597 1603 1665 veniunt,
1658 1612 1764 1668 quo
1793 1598 1861 1653 ad
1888 1613 1950 1653 ca
1981 1598 2190 1669 plenius

586 1689 1009 1759 introspicienda
1034 1705 1154 1745 sese
1175 1689 1403 1746 alacrior
1427 1690 1671 1762 accingat
1709 1690 1951 1762 quisquis
1984 1690 2063 1747 rei
2095 1704 2191 1761 pa-

589 1785 811 1840 tristicac
838 1784 1045 1850 studet,
1080 1799 1142 1839 ac
1172 1785 1470 1854 praesertim
1494 1783 1797 1854 junioribus
1825 1783 2107 1855 theologia:
2137 1794 2191 1839 et

2295 551 2613 608 immortalis
2640 567 2703 609 ac
2730 554 2973 626 visibilis,
3005 572 3099 613 seu
3126 558 3388 629 Romana,
3423 564 3508 620 cui
3530 565 3618 636 jus
3644 573 3899 641 competit

2295 643 2525 701 docendi
2562 658 2750 703 omnes
2792 658 3001 717 gentes,
3030 665 3184 706 suam
3229 651 3298 708 ab
3347 669 3455 710 uno
3494 655 3676 727 fonte,
3732 663 3898 720 verbo

2296 736 2392 793 Dei
2413 752 2626 808 nempe,
2659 738 2773 795 sive
2796 740 3019 813 scripto,
3044 744 3160 799 sive
3186 743 3403 814 tradito,
3431 730 3897 812 doctrinam-acci-

2296 831 2393 901 pit.
2418 830 2587 887 Porro
2618 831 2684 888 ad
2715 847 2833 889 eam
2856 834 2980 905 jure
3002 837 3220 909 proprio
3249 841 3481 910 pertinet
3517 852 3629 902 tum
3653 848 3896 907 traditio-

2295 939 2393 980 ncs
2421 925 2754 995 dignoscere,
2781 929 3101 989 confirmare
3121 941 3177 989 ct
3194 934 3425 1007 sancire,
3456 947 3566 995 tum
3596 939 3898 1016 Scripturas

2296 1031 2587 1090 carumque
2625 1021 3054 1093 inspirationem,
3085 1024 3679 1099 interpretationem‘ct
3729 1052 3895 1094 cano-

2296 1127 2419 1167 nem
2467 1120 2726 1170 statuere.
2764 1114 2863 1170 Ubi
2889 1118 3024 1172 enim
3063 1123 3358 1191 apparuerit
3397 1141 3505 1181 esse
3547 1129 3809 1186 veritatem
3848 1140 3898 1192 et

2296 1194 2581 1276 disciplinis
2595 1216 2641 1261 et
2658 1207 2778 1277 ﬁdei
2799 1208 3109 1279 christiance,
3127 1212 3235 1267 illic
3254 1215 3347 1269 erit
3381 1217 3563 1273 veritas
3594 1219 3896 1294 Scriptura-

2294 1314 2408 1352 rum
2447 1307 2494 1353 et
2536 1302 2927 1373 expositionum,
2961 1313 3008 1359 et
3034 1306 3261 1361 omnium
3310 1309 3638 1368 traditionum
3664 1315 3899 1374 christia~

2295 1406 2480 1445 narum
2507 1391 2647 1463 (Lib.
2678 1394 2741 1450 de
2768 1393 3086 1467 Prwscript.,
3119 1415 3238 1471 cap.
3264 1399 3352 1469 l9,
3386 1410 3423 1457 t.
3452 1403 3516 1471 ll,
3547 1404 3647 1460 col.
3680 1407 3797 1480 5i).

2368 1484 2542 1541 Pauca
2582 1486 2781 1545 addere
2808 1498 2891 1545 est
2921 1490 2985 1545 iis
3012 1505 3131 1561 qua:
3177 1501 3337 1549 antea
3383 1493 3450 1551 de
3500 1495 3896 1569 Scripturarum

2295 1578 2653 1649 inspiratione,
2704 1580 3020 1652 plenitudine
3058 1583 3347 1655 adoranda,
3401 1591 3691 1660 apostolica
3738 1596 3899 1652 inter-

2296 1674 2578 1744 pretatione
2601 1688 2664 1729 ac
2691 1673 2930 1746 legitimo
2954 1693 3168 1747 canone,
3198 1695 3263 1735 ex
3291 1680 3621 1743 Tertulliano
3642 1686 3893 1760 diximus;

2296 1766 2705 1836 tantummodo,
2752 1783 2877 1824 eum
2928 1770 3129 1828 debere
3157 1786 3280 1829 esse
3308 1774 3568 1833 librorum
3621 1795 3895 1842 sacrorum

588 1875 903 1946 patrologiae
944 1871 1239 1931 candidatis
1269 1876 1431 1932 tutior
1453 1874 1859 1948 expeditiorque
1886 1875 1968 1930 via
1991 1885 2188 1946 pateat.
2223 1871 2271 1933 B
2300 1877 2470 1931 "iam:
2500 1870 2556 1916 υῑ
2579 1860 2845 1931 “melleis
2888 1862 3159 1933 Ῥπαῧοιίε
3188 1864 3490 1937 alimenti”:
3535 1887 3638 1927 ηοη
3661 1874 3897 1947 efﬁngam

667 1970 807 2023 Ante
840 1968 1019 2023 omnia
1051 1968 1180 2023 illud
1206 1969 1358 2039 plena
1382 1983 1518 2024 voce
1539 1967 1794 2039 praedicat
1844 1969 2189 2025 TsnrcLLta-

588 2076 709 2129 NUS,
749 2068 918 2117 totum
951 2060 1076 2115 lidei
1106 2060 1416 2116 Christianae
1452 2061 1739 2117 aediﬁcium
1793 2062 1848 2117 in
1881 2062 2189 2117 firmissima

590 2153 818 2209 veritate
847 2152 1122 2219 historica,
1152 2168 1217 2208 ac
1260 2152 1566 2208 veneranda
1597 2153 1900 2209 traditionis
1952 2153 2189 2209 auctori-

588 2255 703 2303 tate
763 2247 1077 2303 subsistere.
1123 2245 1249 2302 Ha'c
1276 2256 1401 2302 sunt
1440 2246 1584 2304 enim
1623 2246 1981 2303 ineluctabilia
2024 2247 2186 2317 facta,

590 2339 805 2411 quibus,
826 2338 1133 2394 relutaenea
1150 2347 1336 2395 catena
1351 2354 1414 2395 ac
1435 2355 1617 2407 aurea,
1646 2350 1753 2396 tota
1782 2355 1871 2397 res
1897 2340 2186 2397 christiana

588 2431 790 2503 pendet
838 2432 1023 2487 :Deus
1070 2432 1229 2487 Pater
1277 2433 1442 2488 mittit
1492 2432 1686 2488 Filium
1730 2449 1886 2489 suum
1936 2435 1987 2488 in
2045 2434 2187 2491 hunc

587 2524 871 2591 mundum,
902 2535 958 2579 ut
986 2524 1282 2580 Ecclesia‘m
1339 2525 1688 2581 Christianam
1738 2525 1985 2582 aedificet.
2029 2526 2187 2582 Jesns

591 2616 837 2673 Christus
886 2616 953 2670 ad
993 2616 1134 2672 hunc
1186 2617 1435 2673 eumdem
1481 2618 1642 2675 linem
1682 2611 1855 2675 'mittit
1897 2620 2187 2690 Apostolos

584 2724 736 2779 suos,
770 2718 824 2766 et
852 2708 1006 2765 docet
1034 2710 1152 2765 illos
1173 2710 1427 2766 veritates
1453 2726 1640 2767 omnes
1662 2727 1782 2783 qua:
1803 2711 1924 2767 huic
1949 2712 2185 2768 aedifica-

592 2804 726 2858 tioni
790 2800 1200 2859 fundamentum
1258 2803 1604 2874 suppeditant
1657 2813 1711 2859 et
1769 2805 2182 2862 incrementum.

585 2895 831 2967 Apostoli
864 2904 1197 2967 acceptamla
1230 2895 1457 2952 Domino
1481 2896 1784 2954 doctrinam
1822 2898 2039 2953 tradunt
2064 2894 2200 2954 om-'

584 2989 744 3046 nibus
789 2989 857 3045 ad
904 3005 1040 3060 quas
1092 2990 1375 3046 mittuntur
1427 2991 1704 3047 Ecciesiis.
1761 2993 2015 3049 Ecclesia:
2070 2994 2185 3051 ista:

585 3090 773 3137 tenent
800 3081 1107 3139 firmissime
1137 3083 1282 3139 illam
1316 3084 1699 3155 Apostolorum
1751 3085 2072 3154 doctrinam,
2122 3103 2187 3145 ac

584 3177 794 3231 caeteris
846 3177 1263 3243 communicant,
1300 3193 1420 3249 qua:
1471 3179 1851 3249 Apostolorum
1914 3181 2184 3238 neminem

2295 1955 2436 2026 ipsas
2489 1955 2729 2011 materias
2781 1954 3166 2044 doctrinawm,’
3207 1972 3309 2014 nec
3343 1959 3503 2032 igitur
3527 1962 3597 2017 ad
3644 1982 3729 2021 eas
3779 1985 3898 2039 pro.

2294 2059 2513 2116 vocetur,
2549 2065 2639 2104 nec
2666 2051 2718 2103 in
2748 2049 2825 2103 liis
2854 2052 3190 2106 constituatur
3218 2061 3491 2123 certamen,
3516 2057 3568 2112 in
3594 2060 3772 2129 quibus
3805 2072 3893 2118 aut

2295 2143 2456 2211 nulla,
2484 2152 2571 2197 aut
2596 2144 2787 2197 incerta
2818 2145 3029 2199 victoria
3058 2155 3151 2214 est,
3184 2157 3273 2203 aut
3295 2166 3391 2219 par
3412 2149 3617 2208 incerta:
3643 2153 3890 2225 (Prwscr.

2294 2235 2384 2301 i9,
2409 2244 2445 2289 t.
2462 2234 2525 2303 ll,
2542 2236 2643 2291 col.
2657 2235 2774 2308 3i):
2791 2237 3209 2321 examinandum
3224 2241 3276 2295 in
3292 2243 3479 2312 primis
3498 2258 3617 2300 esse
3638 2247 3784 2318 cujus
3796 2250 3895 2306 sint

2293 2324 2596 2398 Scriptum,
2626 2344 2657 2381 a
2678 2326 2798 2400 quo,
2825 2337 2873 2382 et
2911 2345 3000 2400 per
3026 2346 3172 2402 quos,
3206 2342 3252 2386 et
3281 2335 3508 2404 quando,
3537 2344 3582 2390 et
3609 2337 3788 2410 quibus
3829 2342 3895 2397 sit

2293 2421 2482 2474 tradita
2521 2420 2816 2490 disciplina,
2835 2437 2945 2493 .qua
2970 2424 3099 2492 ﬁunt
3128 2421 3448 2492 Christiani;
3492 2428 3658 2485 Deum
3685 2434 3893 2502 permi-

2290 2512 2445 2580 sisse,
2466 2512 2574 2567 imo
2593 2514 2807 2568 voluisse
2830 2529 2889 2569 eo
2902 2514 3058 2570 modo
3085 2516 3357 2588 dispositas
3379 2519 3694 2592 Scripturas,
3714 2535 3767 2580 ut
3788 2526 3896 2582 Ita:-

2290 2606 2459 2661 reticis
2486 2608 2722 2662 materias
2742 2608 3198 2679 subministrarem,
3227 2603 3315 2683 qui
3344 2614 3453 2669 sine
3480 2614 3763 2688 Scripturis
3788 2636 3895 2678 esse

2291 2713 2393 2753 non
2438 2709 2648 2769 possunt
2700 2699 2863 2772 (Ibid.
2913 2716 3031 2772 cap.
3087 2701 3180 2769 59,
3211 2703 3311 2759 col.
3345 2704 3475 2777 55).
3522 2706 3790 2766 Praeterea
3836 2712 3891 2769 in

2291 2790 2626 2848 Tcrtulliano
2651 2800 2839 2848 notatu
2868 2778 3074 2865 dignus
3095 2802 3256 2867 atque
3294 2799 3622 2869 percelebris
3666 2801 3892 2859 habetur

2293 2883 2444 2940 locus
2470 2885 2538 2941 de
2564 2885 2946 2956 Apostolorum
2974 2888 3137 2943 literis
3174 2890 3499 2961 autlienticis,
3524 2893 3577 2948 in
3604 2910 3763 2966 quem
3790 2896 3890 2953 viri

2289 2978 2528 3049 perdocti
2569 2980 2711 3034 varia
2737 2979 3028 3037 commenti
3058 2992 3182 3039 sunt
3214 2981 3373 3056 (Ibid.
3404 2984 3495 3054 36,
3523 2987 3623 3041 col.
3658 2988 3748 3060 49)
3785 2988 3887 3061 (1).

2288 3069 2400 3127 Nec
2429 3071 2723 3127 omittenda
2755 3089 2874 3143 quae
2897 3075 3097 3145 passim
3131 3076 3347 3133 disserit
3379 3086 3487 3133 tum
3515 3078 3586 3135 dc
3629 3078 3775 3135 LXX
3802 3081 3888 3138 ln-

2288 3172 2584 3236 terpretum
2609 3166 2857 3222 versione
2892 3166 2994 3238 (2),
3029 3178 3141 3223 tum
3181 3168 3250 3224 de
3275 3171 3659 3241 antiquissimis
3689 3173 3889 3230 Biblio-

490 3302 497 3309 _
584 3267 855 3323 viderunt.
888 3268 957 3323 Et
997 3283 1187 3325 omnes
1225 3268 1342 3324 ἰδίω
1389 3269 1663 3336 Ecclesia},
1705 3271 1932 3327 invicem
1981 3273 2182 3329 εοδαυ,
2211 3273 2257 3338 C
2290 3272 2410 3312 rum
2454 3257 2634 3313 latinis
2668 3258 3128 3327 translationibus,
3157 3260 3269 3330 jam
3312 3277 3457 3319 nunc
3505 3265 3556 3319 in
3599 3264 3893 3341 Occidente.

584 3371 744 3428 natae,
775 3376 939 3416 unum
982 3361 1230 3431 idemque
1259 3377 1454 3433 corpus
1486 3364 1539 3418 in
1569 3366 1769 3422 unitate
1797 3366 2035 3436 ejusdem
2079 3370 2177 3423 do-

584 3453 810 3519 ctrina),
870 3453 1218 3523 ejusdemque
1272 3454 1395 3509 lidci
1437 3460 1784 3513 conStituuut.
1842 3459 1971 3526 Quis
2021 3476 2181 3530 porro

586 3544 884 3600 Ecclesium
942 3544 1115 3613 hanc,
1171 3546 1474 3600 columnam
1526 3547 1857 3603 immobilem
1914 3540 2175 3620 veritatis,

583 3641 816 3707 deseret,
849 3649 904 3695 ut
929 3641 1278 3712 amplectatur
1325 3650 1498 3697 sectas
1535 3643 1601 3704 ah
1632 3641 1821 3721 eadem
1865 3643 2178 3714 sejunctas?

510 3733 514 3737 ⁴
583 3734 698 3789 lloc
755 3742 835 3789 est
888 3733 1299 3789 celeberrimum
1359 3734 1705 3791 Tertulliana:
1758 3738 2177 3809 praescriptionis

579 3838 975 3899 argumentum,
1001 3828 1238 3899 palmare
1281 3829 1445 3884 telum
1503 3830 1662 3885 tetius
1718 3830 1995 3900 polemica:
2035 3833 2179 3890 chri-

583 3920 790 3985 Slianil),
820 3920 1240 3991 pulcherrimum
1279 3936 1410 3977 sane
1456 3936 1519 3978 ac
1571 3922 1985 3980 invictissimum
2034 3926 2176 3998 quod

583 4028 809 4083 usquam
837 4015 976 4068 inter
993 4013 1354 4083 disceptantes
1384 4015 1540 4070 fuerit
1566 4025 1903 4087 usurpatum,

651 4102 851 4175 Itaque,
879 4105 1048 4176 inquit
1076 4119 1300 4175 magnus
1341 4105 1432 4161 ille
1483 4107 1584 4172 vir,
1611 4116 1682 4161 tot
1709 4123 1769 4161 ac
1816 4117 1970 4164 tantce
1998 4109 2175 4167 Eccle-

578 4198 700 4264 siae,
733 4213 837 4250 una
882 4206 953 4251 est
992 4196 1081 4249 illa
1107 4195 1171 4249 ab
1214 4197 1470 4267 Apostolis
1521 4200 1711 4270 prima,
1745 4216 1808 4255 ea:
1861 4218 1961 4273 qua
2004 4219 2177 4260 omnes

578 4287 827 4359 (Purser.
857 4303 903 4342 ε.
934 4286 1395 4359 20).——Apostolos
1429 4288 1634 4345 Domini
1655 4291 1897 4347 habemus
1920 4306 2171 4364 auctores,

578 4384 663 4454 qui
690 4399 780 4436 nec
811 4383 909 4454 ipsi
930 4383 1200 4453 quicquam
1220 4397 1283 4436 ea:
1310 4400 1402 4438 suo
1427 4384 1656 4454 arbitrio,
1687 4387 1823 4455 quod
1852 4387 2171 4459 indaeerent,

574 4479 858 4551 elegerunt;
912 4478 1001 4532 sed
1046 4488 1303 4550 acceptam
1333 4497 1365 4533 α
1386 4480 1587 4536 Christo
1615 4484 1935 4562 disciplinam
1958 4487 2177 4557 ﬁdeliter

574 4571 867 4627 nationibus
892 4572 1275 4643 assignaverunt
1301 4570 1496 4645 (lbid.,
1528 4592 1645 4646 cap.
1684 4576 1849 4649 6).—-
1878 4577 2042 4635 Nulla
2062 4583 2175 4653 jam

2230 3378 2231 3385 ι
2288 3351 2542 3422 vulgatis,
2567 3352 2889 3424 majoriquc,
2930 3353 3188 3414 eademve
3234 3370 3299 3413 ae
3322 3371 3621 3428 graecorum
3639 3360 3883 3421 codicum

2288 3444 2604 3500 auctoritate
2633 3448 2885 3517 receptis.

2359 3537 2453 3593 llis
2477 3547 2657 3594 autem
2708 3540 2896 3609 positis
2941 3542 3199 3601 Ecclesiae
3235 3544 3613 3620 fundamentis,
3644 3550 3783 3609 idem
3824 3564 3882 3610 ut

2283 3628 2457 3684 obiter
2500 3630 2775 3685 subvertat
2810 3630 3039 3689 caducas
3068 3635 3441 3697 hcereticorum
3478 3643 3879 3715 mdilieationcs,

2284 3736 2425 3777 nunc
2466 3736 2652 3780 eorum
2692 3723 2745 3778 in
2780 3726 2946 3781 verbo
2978 3727 3072 3784 Dei
3103 3728 3339 3789 facinora
3389 3749 3454 3792 ac
3493 3735 3878 3807 Scripturarnn

2283 3815 2443 3870 aedes
2470 3815 2779 3887 exprobrat,
2810 3820 3222 3879 nunc’hacrcsim
3236 3821 3730 3888 ctidoloﬂttriamet
3756 3851 3878 3905 prc-

2282 3908 2460 3965 fanam
2480 3910 2871 3982 philosophiam
2901 3928 3088 3984 parum
3116 3916 3255 3974 inter
3285 3935 3343 3975 sc
3371 3920 3587 3980 differre
3621 3927 3875 3995 ostendit,

2281 4019 2424 4059 nunc
2446 4004 3102 4065 licereseoscltaraeteresa
3122 4027 3246 4068 vera
3269 4013 3506 4072 Ecclesia
3537 4015 3740 4075 alienos
3762 4037 3879 4078 om-

2282 4080 2700 4156 nino'dcscribit
2746 4101 3009 4171 (Advcrs.
3043 4104 3333 4176 Marciam,
3368 4109 3458 4165 lib.
3488 4110 3555 4179 v,
3608 4129 3722 4185 cap.
3774 4115 3874 4184 17;

2282 4192 2369 4247 lib.
2397 4192 2487 4258 ιγ,
2516 4210 2630 4264 cap.
2678 4194 2747 4250 19
2792 4197 2856 4249 de
2894 4195 3218 4270 Prwscript.,
3253 4216 3369 4271 cap.
3424 4202 3478 4269 7,
3514 4205 3602 4271 17,
3658 4208 3747 4273 57,
3779 4208 3870 4277 40,

2280 4287 2370 4355 tl,
2399 4285 2544 4359 44);
2599 4301 2897 4358 omnesque
2945 4304 3051 4344 uno
3093 4292 3513 4363 praescriptionis
3556 4312 3874 4369 argumento

2279 4380 2395 4437 sive
2410 4388 2702 4451 prazsentes
2714 4381 2825 4436 sive
2841 4380 3062 4450 futuras,
3079 4383 3358 4456 ipsumque
3385 4386 3796 4448 Montanismum
3811 4410 3874 4452 ac

2280 4472 2775 4530 Tertulliauismum
2839 4473 3120 4531 insanabili
3164 4477 3385 4535 vulnere
3425 4482 3663 4540 confodit
3695 4493 3751 4542 et
3776 4501 3871 4558 op.

2277 4565 2483 4638 primit.

575 4683 699 4738 gens
719 4664 816 4721 Dei
847 4677 1089 4721 extranea
1111 4675 1204 4735 est,
1236 4668 1290 4722 in
1314 4684 1513 4723 omnem
1544 4680 1751 4739 terram,
1778 4683 1826 4727 et
1856 4672 1910 4729 in
1932 4677 2171 4731 terminos

2347 4659 2459 4716 Nec
2481 4659 2868 4728 tantummodo,
2899 4659 3141 4716 utvoluit
3166 4661 3223 4717 in
3252 4667 3454 4722 recenti
3487 4683 3652 4741 opere
3694 4672 3870 4731 Nean—

574 4760 711 4814 orbis
740 4760 1016 4831 Evangelia
1037 4771 1333 4817 coruscante
1356 4761 1457 4836 (De
1471 4762 1675 4830 Anima,
1700 4780 1746 4819 c.
1771 4765 1885 4837 49).
1917 4766 2169 4825 Innocen-

574 4852 699 4907 tiam
725 4851 875 4906 aDeo
893 4853 1079 4922 edocti,
1103 4864 1150 4908 et
1171 4858 1392 4927 perfecte
1416 4872 1525 4910 eam
1557 4859 1867 4928 novimus,ut
1890 4878 1920 4914 a
1946 4863 2167 4932 perfecto

572 4946 819 5016 magistro
845 4946 1136 5014 revelatam,
1170 4957 1216 5000 et
1241 4948 1460 5016 ﬁdeliter
1484 4951 1811 5021 custodimus,
1831 4964 1884 5006 ut
1911 4954 1971 5007 ab
1994 4956 2169 5008 incon-

574 5036 842 5108 temptibili
877 5036 1155 5107 dispectore
1215 5041 1508 5096 mandatam
1543 5043 1805 5116 (Apolog.,
1846 5064 1893 5103 c.
1919 5045 2035 5118 45).
2058 5047 2167 5103 Nec

572 5129 856 5198 dispectore
878 5138 1047 5183 tamen
1064 5128 1261 5199 deﬁciet
1276 5132 1382 5188 lucc
1400 5144 1535 5189 secta
1548 5153 1701 5207 quam
1720 5149 1837 5193 tunc
1852 5142 2012 5212 magis
2043 5143 2169 5197 tedi-

573 5224 719 5293 ﬁcari
736 5222 891 5290 scias,
911 5238 1025 5276 cum
1043 5222 1169 5277 ειυάὶ
1192 5224 1491 5298 videtur(ad
1506 5228 1689 5300 Scap.,
1720 5245 1770 5287 c.
1787 5234 1863 5304 5).
1886 5233 2070 5289 Plures
2087 5242 2165 5308 ef-

571 5315 805 5385 ﬂcimur,
825 5320 1024 5387 quoties
1051 5321 1288 5371 metimur
1316 5336 1346 5373 α
1393 5322 1533 5375 vobis
1561 5338 1580 5375 :
1619 5338 1793 5378 semen
1831 5336 1906 5381 est
1954 5330 2165 5400 sanguis

569 5404 974 5463 Christianorum
1030 5411 1049 5481 (
1074 5408 1318 5483 Apolog.,
1349 5428 1468 5483 cap.
1496 5413 1588 5482 49,
1652 5425 1691 5471 ι.
1717 5415 1754 5484 l,
1790 5418 1887 5473 col.
1917 5417 2024 5475 555
2047 5419 2163 5492 Α.).

638 5499 713 5557 At
745 5512 991 5556 memento
1029 5503 1193 5559 claves
1212 5506 1323 5573 eius
1345 5505 1425 5558 llic
1463 5504 1739 5561 Domimun
1789 5508 1965 5576 Petro,
1997 5522 2042 5565 et.
2078 5530 2167 5583 per

567 5608 681 5647 cum
701 5591 946 5648 Ecclesiae
966 5595 1228 5665 reliquisse
1252 5595 1486 5669 (Scorp.,
1518 5616 1566 5653 c.
1586 5600 1694 5672 i0).
1729 5599 1900 5656 Habes
1921 5602 2160 5672 liontam,

565 5685 704 5737 unde
728 5686 871 5740 nobis
901 5702 1095 5756 quoque
1121 5690 1399 5743 auctoritas
1422 5704 1605 5761 prarsto
1626 5704 1717 5748 est.
1737 5692 1847 5749 Ista
1867 5713 2019 5765 quam
2037 5698 2165 5769 felix

564 5774 799 5832 Ecclesia
824 5817 840 5845 ,
866 5779 946 5831 cui
974 5788 1129 5833 totum
1158 5780 1442 5835 doctrinam
1489 5784 1723 5855 Apostoli
1764 5803 1877 5840 cum
1915 5791 2162 5860 sanguine

560 5887 653 5928 suo
681 5870 1019 5944 profuderunt
1043 5873 1062 5926 !
1092 5874 1438 5947 (Prteseript.,
1465 5893 1581 5949 cap.
1624 5880 1713 5952 56,
1743 5892 1780 5937 t.
1814 5879 1879 5953 li,
1909 5883 2008 5938 col.
2041 5883 2156 5954 49).

2273 4752 2371 4808 der
2395 4749 2476 4826 (3)
2499 4793 2513 4818 ,
2537 4751 2591 4806 in
2617 4751 2922 4827 Gnosticos,
2952 4753 3062 4809 imo
3089 4763 3145 4809 et
3173 4754 3226 4810 in
3248 4772 3437 4816 omnes
3465 4760 3766 4832 haereticos,
3801 4784 3867 4824 ne

2274 4843 2581 4901 novissimis
2607 4842 2823 4915 quidem
2850 4850 3265 4917 protestantium
3290 4853 3455 4911 sectis
3492 4861 3748 4931 exceptis,
3779 4862 3864 4916 in-

2339 5034 2421 5106 (1)
2446 5030 2579 5118 Yide
2602 5032 2804 5118 Remel.
2835 5043 3049 5118 uo_tl._ad
3078 5045 3158 5100 loc
3182 5043 3474 5118 citat.llug.
3506 5048 3676 5104 Grotii
3708 5057 3857 5109 tract.

2272 5108 2335 5193 de
2372 5107 2589 5193 veritate.
2621 5107 3046 5193 ghl'ist;.l_ieliq.
3078 5117 3191 5193 μδ.
3242 5107 3575 5193 Ιιίεμηδιαιά
3608 5107 3855 5193 Dodwel,

2269 5179 2496 5253 dissert.,
2513 5178 2655 5253 t._l,§
2678 5178 3047 5253 Annicltard.
3076 5184 3284 5242 Simon.
3303 5186 3440 5243 Hist.
3473 5178 3590 5245 cril.
3610 5193 3681 5247 du
3699 5178 3855 5253 NJ‘:

2270 5252 2355 5333 ea.
2380 5251 2433 5317 4,
2462 5268 2516 5333 ης
2546 5250 2640 5333 to;
2674 5251 2909 5333 naniam
2937 5254 3199 5333 parum.
3263 5256 3715 5333 (glaucum-digesti
3762 5250 3859 5320 in»;

2272 5322 2672 5409 Evariqcl‘is‘ct‘hen
2725 5322 3231 5409 (ἐρεοΙιὶείειεηῃανρ.
3286 5328 3355 5409 ll,
3386 5345 3525 5409 _ca_r_i.
3721 5336 3748 5409 §
3796 5337 3851 5403 8,

2272 5392 2610 5477 13;.50L2503:
2650 5394 2902 5477 errer-
2927 5392 3130 5477 ιὶιηυίίὲι
3145 5405 3195 5477 ει
3224 5392 3424 5477 “deti!
3454 5392 3770 5477 Tertullimi’i.
3801 5392 3855 5463 ἰιὶ

2270 5463 2415 5544 Hist.
2434 5463 2617 5544 incol.
2641 5465 2758 5544 erit.
2780 5463 3066 5544 (incuss;
3080 5466 3201 5544 PP.
3225 5463 3401 5544 LXI],
3422 5491 3477 5544 p.
3498 5469 3761 5533 257-262.

2342 5536 2422 5609 (2)
2446 5534 2529 5591 Cf.
2560 5536 2759 5609 ChriSt.
2784 5534 2997 5609 (Cellarii
3022 5535 3239 5597 Dissert.
3273 5534 3506 5602 Xlllfde
3530 5546 3854 5605 LXX/nter-

2270 5608 2751 5689 p-retib'ﬁj—Simon
2772 5608 2839 5689 de
2857 5608 3145 5689 hiagistris,
3174 5613 3392 5689 Dissert.
3419 5618 3714 5689 subjunctas
3741 5622 3852 5675 edi-

2270 5680 2393 5733 tioni
2418 5678 2901 5749 Septuagintavimli
2936 5678 3149 5738 version'.
3180 5683 3389 5743 Daniel.
3423 5678 3701 5745 cx'codice
3726 5690 3852 5748 Cinis

2266 5749 2647 5828 gianoﬂiump.
2675 5750 2774 5828 loc.
2801 5751 2941 5807 citat.
2991 5753 3292 5828 p._666.et_
3325 5773 3437 5828 sqq.
3488 5760 3663 5817 Adisis
3715 5760 3849 5820 intra

2267 5820 2438 5906 una;
2461 5820 2669 5906 l-Vottrry
2698 5820 3033 5906 Dissuta}:
3057 5825 3112 5893 6,
3128 5836 3275 5906 _art.__
3265 5825 3323 5891 2.
3350 5820 3495 5906 ευρ.
3522 5831 3632 5888 787
3662 5842 3713 5888 et
3740 5851 3844 5906 sqq.

2338 5894 2418 5965 (5)
2456 5891 2879 5963 Antiguostikus.
2910 5891 3203 5961 Geist.‘des
3235 5891 3543 5961 Tertulliani.
3575 5915 3627 5964 ε.
3658 5919 3710 5966 c.
3738 5893 3778 5967 ii
