4242 6266
344 322 413 392 st
1388 284 1403 303 ’
1808 324 2198 386 PRAEFATIO.

351 450 490 546 ῖῖοῑθ
516 445 655 505 Valet
681 445 733 504 id
752 460 919 521 Βθηυε
940 441 1366 546 ξιτῧθῐηεηιφξάί·
1383 440 1584 499 Βδελοηῖ
1602 441 1742 546 enim
1765 457 1873 546 Prin
1889 458 1950 546 _5°
1977 447 2027 509 Α
2056 467 2122 523 ad
2154 467 2404 525 eximium
2427 482 2560 540 Opus
2582 465 2738 544 D..Le
2754 468 2961 545 Nourry
2989 473 3009 545 (
3039 473 3133 545 inf.
3159 491 3276 546 cap.
3309 474 3363 546 9,
3390 477 3488 535 col.
3513 479 3650 541 853-

348 535 527 603 ferunt
556 558 798 600 errorum
836 541 1010 612 capita
1038 539 1295 596 neoterici
1333 553 1398 595 ac
1425 546 1638 594 veteres
1667 536 1942 609 lucretici;

348 639 415 696 ab
432 638 632 693 unitate
655 650 716 690 ac
732 634 1049 690 auctoritate
1064 630 1322 688 Ecclesia:
1340 630 1648 702 apostolica
1667 628 1944 696 deﬁciunt;

346 741 527 807 spreta
554 729 861 797 traditione,
887 727 955 784 ad
983 726 1287 798 Scripturas
1315 724 1459 782 solas
1497 728 1826 796 provocant;
1856 737 1947 779 ca-

344 842 541 887 nonem
564 841 661 899 pro
690 824 850 883 libitu
872 823 1145 896 explicant
1197 836 1263 879 ac
1315 820 1624 892 disjieiunt;
1658 834 1759 877 nec
1780 834 1947 875 nova-

344 938 465 981 rum
490 931 759 979 sectarum
783 918 1114 991 antesignani
1142 916 1298 991 plura
1322 929 1386 972 ac
1406 914 1537 972 olim
1576 914 1696 972 sive
1747 913 1947 971 Marcio

342 1016 459 1073 sive
488 1013 804 1072 Valentinus
830 1013 982 1085 signa
1008 1010 1265 1085 legitimte
1289 1024 1354 1067 ac
1377 1008 1575 1066 divina:
1614 1008 1946 1065 auctoritatis

344 1107 635 1176 exhibent;
659 1121 760 1165 nec
781 1113 908 1164 ante
935 1119 1041 1163 nec
1070 1113 1192 1179 post
1218 1118 1314 1162 eos
1342 1102 1702 1161 successionis
1728 1112 1947 1173 aposto-

340 1204 462 1261 lica:
506 1201 792 1275 vestigium
835 1200 1082 1258 volamve
1135 1199 1369 1267 habent;
1424 1206 1686 1270 praeterea
1755 1211 1942 1254 eorum

339 1296 614 1356 doctrinas
660 1303 926 1368 respuunt
972 1294 1136 1351 simul
1194 1302 1247 1349 et
1290 1291 1530 1348 Ecclesia
1574 1290 1838 1359 Romana,
1889 1298 1946 1346 et

337 1405 530 1448 omnes
550 1390 605 1448 in
631 1390 766 1449 orbe
791 1398 1085 1458 terrarum,
1109 1388 1223 1445 sive
1250 1385 1390 1458 apud
1410 1385 1651 1455 Graecos,
1672 1386 1788 1443 sive
1801 1385 1943 1457 apud

332 1483 608 1546 Asiaticos
641 1483 899 1542 Ecclesia:
929 1483 1032 1557 (1).

407 1578 674 1646 Subinde,
713 1586 774 1633 ut
794 1577 861 1633 ad
890 1575 1275 1633 Tcrtullianum
1306 1575 1621 1643 redeamus,
1663 1573 1942 1631 recitanda

330 1673 481 1731 foret
509 1688 615 1730 una
642 1688 706 1729 ex
726 1671 894 1730 tribus
922 1669 1045 1727 ﬁdei
1068 1670 1347 1741 formulis,
1380 1660 1515 1743 quas
1540 1652 1838 1742 Septimius
1877 1670 1942 1725 li-

329 1766 450 1825 bris
478 1764 725 1834 inseruit,
774 1774 866 1821 aut
889 1763 1081 1820 saltem
1100 1763 1458 1833 conferenda,
1493 1763 1596 1821 nisi
1627 1770 1944 1836 premerent

2048 559 2317 634 867),qui
2366 563 2582 634 egregie
2636 564 2918 620 contundit
2979 568 3283 637 pervicaces
3336 570 3643 641 Marcionis,

2050 654 2273 725 Apellis,
2302 655 2637 726 aliorumque
2677 658 3041 728 gnosticorum
3074 658 3499 722 adinveutioncs.

2121 747 2267 805 Idem
2316 749 2644 807 adamussim
2673 764 2739 807 ea
2768 767 2892 824 qua:
2928 751 2998 810 de
3027 755 3236 825 angelis
3283 765 3339 811 et
3382 757 3642 815 daemoni-

2049 839 2151 895 bus
2181 838 2341 897 habet
2368 840 2754 912 Tertullianus,
2787 842 3021 916 explicat
3047 844 3203 915 ibid.,
3230 860 3355 920 cap.
3389 848 3481 918 10,
3530 850 3639 907 col.

2051 931 2313 993 868-891.
3482 1002 3499 1013 ,

2122 1026 2506 1095 Tertullianus,
2531 1028 2601 1086 de
2652 1029 2870 1087 homine
2916 1028 3189 1088 disserens
3228 1033 3391 1091 variis
3436 1013 3547 1093 suis
3583 1036 3637 1097 in

2048 1120 2287 1191 scriptis,
2340 1124 2512 1193 primo
2535 1122 2697 1179 tradit
2738 1124 3011 1180 hominem
3040 1114 3319 1183 iacturam
3368 1143 3488 1186 esse
3539 1132 3635 1189 Dci

2050 1214 2325 1281 creatoris,
2343 1225 2593 1272 constare
2617 1230 2686 1273 ex
2715 1215 2922 1273 duabus
2945 1219 3279 1287 substantiis,
3310 1235 3539 1293 corpore
3572 1240 3638 1283 ac

2049 1307 2249 1375 anima,
2270 1308 2338 1365 ad
2364 1308 2769 1366 similitudinem
2791 1309 2912 1366 Filii
2932 1317 2987 1367 et
3008 1309 3238 1383 Spiritus
3266 1312 3462 1371 factum
3480 1331 3634 1388 opus,

2048 1409 2103 1457 et
2131 1400 2420 1474 imaginem
2474 1404 2591 1472 Dei,
2639 1403 2805 1461 totius
2851 1403 3219 1463 ttniversitatis
3262 1422 3636 1478 possessorem

2045 1507 2189 1563 esse,
2220 1495 2462 1566 atquein
2490 1494 2591 1552 hoc
2621 1495 2689 1552 ab
2716 1496 2832 1567 ipso
2862 1496 2974 1554 Deo
3003 1501 3337 1556 exstructum
3361 1500 3547 1568 fuisse,
3583 1513 3642 1560 ut

2047 1588 2306 1645 Dominus
2328 1603 2449 1647 esse
2470 1596 2674 1661 posset,
2699 1589 2825 1646 dum
2853 1588 2914 1646 lit
2939 1606 2969 1647 a
3001 1592 3226 1649 Domino
3254 1590 3383 1667 (lib.
3403 1593 3495 1651 IV.
3516 1597 3637 1653 adv.

2050 1680 2243 1753 Mam,
2268 1699 2387 1756 cap.
2418 1686 2523 1754 57;
2555 1685 2648 1741 lib.
2675 1683 2743 1751 ν,
2774 1699 2893 1758 cap.
2920 1685 3027 1755 I7;
3060 1686 3177 1744 adv.
3208 1686 3488 1758 Praxcaut,
3517 1706 3641 1757 cap.

2049 1778 2137 1845 12;
2171 1780 2233 1833 de
2263 1779 2464 1851 8pm.,
2488 1795 2607 1851 cap.
2638 1779 2696 1849 2;
2728 1781 2792 1836 de
2816 1780 3107 1837 Resurrect.
3133 1783 3321 1850 carnis,
3349 1785 3536 1857 cap.5,
3556 1784 3638 1857 6).

330 1857 584 1930 prommii
613 1855 898 1926 angustiae,
924 1871 1047 1912 cum
1073 1854 1196 1912 tidei
1226 1856 1488 1929 symbolis
1516 1871 1649 1928 quos
1677 1855 1930 1927 lrenteus,

2115 1870 2495 1939 Tertullianus,
2525 1872 2627 1929 etsi
2653 1872 2994 1944 quibusdam,
3025 1875 3248 1946 carptim
3277 1874 3394 1947 ejus
3414 1851 3640 1946 -scripta

334 1948 731 2023 Gregoriusque
756 1942 1189 2021 'l‘haumaturgus
1217 1958 1271 2005 et
1290 1949 1381 2005 alii
1400 1948 1639 2007 edidere.

331 2082 334 2087 -
405 2042 599 2100 Paucis
635 2056 858 2115 agemus
885 2057 1010 2100 cum
1035 2041 1300 2114 Septimio
1331 2041 1400 2099 de
1426 2042 1539 2099 Deo
1582 2042 1809 2115 ejusque
1854 2051 1937 2100 at-

332 2136 547 2192 tributis
567 2178 582 2204 ,
610 2151 732 2192 cum
761 2135 1087 2193 uberrimam
1118 2150 1183 2192 ac
1207 2135 1639 2207 copiosissimam
1661 2136 1934 2195 dissertat.

332 2229 403 2290 D.
423 2230 499 2287 Le
520 2228 750 2303 Nourry,
772 2228 910 2286 intra
933 2229 1125 2286 damus
1148 2246 1164 2297 ;
1191 2228 1297 2285 huc
1319 2229 1482 2300 igitur
1504 2229 1667 2286 velim
1695 2228 1857 2286 adeas
1872 2244 1937 2287 ac

332 2324 522 2381 videas
545 2338 778 2395 quonam
806 2323 1096 2396 sextuplici
1141 2331 1459 2394 argumento
1488 2324 1632 2380 Deus
1660 2336 1782 2379 esse
1811 2337 1938 2393 pro-

330 2417 491 2477 betur
511 2432 543 2474 a
561 2416 890 2473 Tertulliano
920 2415 940 2490 (
965 2433 1081 2485 cap.
1108 2417 1165 2485 7,
1192 2424 1291 2473 art.
1327 2419 1379 2487 t,
1402 2416 1501 2473 col.
1530 2416 1637 2474 804
1680 2426 1730 2472 et
1760 2415 1894 2491 sqq.)
1918 2433 1934 2483 ;

335 2526 571 2585 quonam
611 2524 776 2567 sensu
801 2510 1012 2566 dicatur
1035 2509 1343 2567 hominibus
1369 2511 1650 2583 cognitus,
1693 2510 1937 2581 quamvis

332 2605 406 2662 sit
473 2603 792 2673 invisibilis,
836 2603 1441 2675 incomprehensibilis,
1502 2604 1933 2671 intestimabilis;

330 2712 454 2768 qua:
484 2695 642 2767 hujus
658 2696 775 2752 veri
803 2695 901 2752 Dei
927 2705 981 2752 et
1008 2697 1380 2763 vivi-scientia,
1408 2697 1669 2768 sapientia
1692 2705 1747 2754 et
1772 2706 1936 2754 teter-

330 2791 474 2849 nitas
514 2789 535 2866 (
559 2792 659 2848 col.
689 2789 797 2849 809
820 2801 869 2847 et
894 2792 1058 2865 sqq.);
1082 2792 1213 2863 quid
1241 2792 1342 2848 sibi
1370 2791 1485 2848 vult
1509 2808 1618 2849 vox
1646 2792 1734 2848 illa
1758 2791 1937 2863 Septi-

242 2942 253 2957 ,
331 2887 429 2943 niii
456 2887 618 2944 toties
656 2887 876 2959 agitata,
928 2887 1095 2942 Deum
1128 2902 1327 2960 corpus
1348 2901 1488 2955 esse,
1523 2887 1624 2944 etsi
1653 2887 1796 2945 Deus
1821 2889 1934 2959 spi-

331 2980 470 3037 ritus
535 2988 621 3038 est
670 2978 808 3053 (col.
862 2979 962 3038 Sil
1010 2990 1058 3035 et
1095 2981 1247 3052 sqq.)
1295 2979 1400 3053 (2).
1451 2979 1585 3035 Item
1638 2979 1936 3036 luculenter

332 3072 528 3127 asserit
589 3071 952 3129 Tertullianus
991 3072 1164 3128 Deum
1241 3086 1349 3128 non
1400 3088 1523 3130 esse
1578 3073 1682 3128 nisi
1733 3073 1934 3128 bonum

340 3161 548 3235 (Scorp.
583 3162 688 3235 5);
718 3180 873 3235 aeque
896 3180 960 3222 ac
990 3165 1089 3221 Dei
1118 3167 1413 3223 bonitatem
1436 3207 1451 3234 ,
1479 3165 1597 3236 ejus
1632 3174 1810 3221 tuetur
1843 3164 1933 3236 ju-

334 3255 535 3311 stitiam
576 3264 762 3312 contra
791 3256 1115 3314 Marcionem
1144 3258 1279 3333 (lib.
1313 3257 1380 3326 II,
1411 3274 1458 3312 c.
1493 3258 1618 3330 11),
1652 3258 1754 3313 etsi
1796 3260 1940 3313 dicat
1964 3252 2009 3315 C
2116 3269 2251 3325 Cum
2280 3269 2461 3324 anima
2489 3269 2628 3324 idem
2662 3270 2732 3323 sit
2757 3285 2818 3323 ac
2844 3268 3085 3337 spiritus,
3125 3272 3432 3326 necessario
3452 3278 3636 3344 scqui-
3736 3309 3749 3321 .

335 3345 631 3403 bonitatem
669 3363 792 3405 esse
838 3349 949 3405 Deo
992 3350 1306 3421 ingenitam,
1344 3350 1606 3420 justitiam
1647 3363 1774 3405 vero
1800 3350 1941 3405 acci-

335 3438 576 3506 dentem,
593 3453 685 3496 seu
698 3439 871 3511 quoad
891 3438 1162 3507 effectum,
1177 3429 1635 3497 accommodatam
1655 3449 1934 3509 creaturae,

335 3541 560 3604 peccato
586 3532 930 3603 posteriorem
950 3532 1161 3605 (Ibid):
1187 3532 1313 3589 hinc
1341 3532 1506 3588 Deum
1535 3547 1601 3587 ex
1625 3532 1792 3588 nihilo
1818 3547 1937 3587 om-

337 3626 427 3681 nia
454 3628 721 3683 creavissc
743 3669 759 3694 ,
790 3642 892 3683 nec
920 3636 1175 3683 aeternam
1202 3642 1325 3684 esse
1351 3625 1649 3691 materiam,
1679 3626 1938 3682 adversus

338 3720 728 3793 Ilermogenem
754 3722 971 3794 egregie
999 3720 1275 3779 contendit
1305 3717 1500 3792 (Contr.
1522 3717 1792 3791 Hermog.,
1817 3735 1935 3788 cap.

340 3815 407 3873 19
433 3824 480 3871 et
504 3815 663 3887 sqq).

336 3912 361 3972 1
412 3907 701 3981 Perspicue
730 3908 866 3966 adeo
894 3924 957 3966 ac
986 3916 1174 3966 exacte
1218 3906 1453 3978 loquitur
1480 3907 1843 3965 Tertullianus
1868 3906 1940 3961 de

339 3999 599 4058 Trinitate
640 4001 939 4059 divinarum
986 4002 1342 4059 Personarum
1376 4008 1431 4056 et
1466 4015 1648 4056 carum
1699 3998 1935 4055 consul)-

339 4094 707 4164 stantialitate,
739 4104 799 4151 ut
835 4095 968 4153 nihil
1009 4096 1238 4167 amplius
1264 4094 1556 4152 desiderari
1586 4101 1793 4164 queam
1830 4091 1939 4149 dis-

342 4188 535 4260 tinguit
578 4190 774 4262 quippe
804 4190 1123 4257 clarissime,
1152 4205 1305 4262 teque
1342 4205 1406 4245 ae
1439 4189 1607 4245 nostri
1647 4188 1744 4244 aevi
1789 4186 1940 4243 theo-

342 4282 449 4353 logi
469 4294 522 4338 et
546 4282 814 4354 doctores,
845 4292 955 4342 tres
982 4284 1189 4341 divinas
1218 4298 1496 4354 personas,
1530 4290 1585 4339 et
1604 4281 1674 4338 de
1704 4280 1940 4353 qualibet

342 4389 528 4430 carum
577 4375 830 4445 prtedicat
894 4375 1157 4431 actualcm
1207 4374 1546 4434 caisteutiam
1605 4374 1659 4428 in
1739 4373 1941 4430 unitate

341 4467 506 4523 unius
530 4466 878 4538 ejusdemque
922 4478 1161 4534 naturae;
1193 4483 1261 4524 ex
1287 4467 1480 4539 quibus
1508 4481 1637 4523 sane
1661 4465 1939 4523 constitui-

344 4570 433 4617 tur
458 4561 733 4617 catholicte
760 4561 1016 4617 Ecclesiae
1034 4560 1276 4618 doctrina
1305 4562 1444 4617 circa
1472 4559 1575 4617 hoc
1601 4560 1937 4632 mysterium.

2043 1964 2359 2034 lihantihus,
2389 1964 2633 2021 videatur
2673 1965 2743 2022 de
2774 1965 2993 2022 homine
3023 1974 3080 2023 et
3105 1967 3283 2022 anima
3323 1967 3525 2026 duriori
3575 1985 3640 2026 ac

2042 2056 2310 2129 pinguiori
2360 2058 2603 2114 minerva
2650 2056 3050 2129 pltilOSOphari,
3127 2058 3173 2116 si
3216 2058 3427 2130 penitus
3484 2076 3640 2117 meus

2043 2149 2159 2221 ejus
2210 2150 2640 2221 introspiciatur,
2708 2150 2902 2208 merito
2950 2150 3116 2206 ardua
3170 2165 3234 2207 ac
3290 2151 3636 2209 subtilissima

2042 2241 2464 2315 anthropologize
2491 2257 2554 2300 ac
2582 2243 2944 2316 psychologice
2972 2259 3169 2301 arcana
3198 2245 3508 2304 acutissimo
3536 2247 3633 2304 oh-

2042 2344 2157 2393 tutu
2181 2329 2493 2407 penetrasse
2509 2337 2865 2393 mstimabitur
2883 2337 2989 2411 (1).

2112 2429 2353 2487 Platonis
2378 2430 2524 2487 enim
2547 2432 2739 2499 instar,
2777 2439 2983 2501 partem
3008 2431 3204 2489 anima:
3231 2432 3511 2509 distinguit
3534 2435 3635 2494 du-
3683 2484 3689 2490 .

2040 2524 2255 2593 plicem,
2289 2538 2451 2581 unam
2477 2523 2695 2597 quidem
2722 2523 3109 2598 intelligentem
3153 2540 3217 2583 ac
3244 2530 3522 2600 sapientiae
3549 2545 3637 2586 sc-

2042 2616 2189 2682 dem,
2218 2616 2443 2674 alteram
2472 2632 2599 2674 vero
2631 2633 2832 2674 caecam
2881 2619 3322 2691 etintclligentize
3359 2632 3635 2694 expertem

2040 2712 2266 2783 (liquor
2287 2719 2340 2767 et
2363 2714 2581 2783 altrm);
2612 2712 2844 2768 animam
2877 2721 3055 2769 autem
3083 2730 3111 2769 a
3139 2714 3331 2785 spiritu
3360 2717 3633 2787 distingui,

2040 2821 2206 2864 sensu
2234 2807 2497 2878 gnoslico,
2523 2814 2682 2878 negat
2706 2823 2718 2859 :
2751 2806 2814 2863 Si
2829 2823 3039 2879 separas
3062 2811 3299 2880 spiritum
3315 2823 3361 2866 et
3385 2815 3635 2880 animam,

2041 2915 2222 2971 separa
2260 2909 2309 2954 et
2337 2915 2525 2970 opera;
2554 2908 2708 2969 agant
2730 2901 2782 2954 in
2811 2900 3028 2955 discreto
3061 2901 3259 2973 aliquid
3301 2903 3466 2972 ambo,
3500 2922 3640 2958 scor-

2041 3011 2151 3050 sum
2190 2994 2383 3060 anima,
2407 3004 2633 3050 seorsum
2659 2995 2903 3067 spiritus,-
2931 2997 3103 3051 anima
3136 2998 3245 3052 sine
3270 2998 3451 3067 spiritu
3483 2999 3635 3063 vivat,

2042 3088 2253 3155 spiritus
2299 3088 2409 3142 sine
2445 3089 2617 3142 anima
2646 3088 2872 3159 spirat...
2892 3086 3033 3160 Ergo
3064 3088 3164 3143 duo
3200 3106 3302 3143 non
3333 3099 3500 3155 erunt,
3524 3107 3637 3159 qua:

2042 3178 2201 3233 dividi
2217 3196 2317 3233 non
2343 3189 2548 3248 possunt
2571 3178 2590 3251 (
2611 3178 2685 3235 De
2708 3180 2918 3241 Anima,
2951 3194 3070 3246 cap.
3094 3180 3180 3244 10,
3210 3186 3248 3233 t.
3272 3178 3334 3248 Il,
3363 3180 3631 3252 col.665).

2046 3372 2130 3418 tur
2153 3362 2346 3416 anima:
2377 3361 2733 3432 proprietates
2763 3361 2990 3440 easdem.
3020 3374 3144 3417 esse
3176 3377 3238 3419 ac
3273 3363 3630 3434 preprietates

2044 3455 2300 3528 spiritus;
2335 3454 2459 3510 hinc
2486 3455 2721 3526 animam
2746 3468 2867 3509 esse
2893 3454 3220 3524 simplicem,
3248 3469 3277 3511 a
3306 3470 3534 3527 corpore
3550 3473 3636 3515 se-

2043 3556 2282 3618 paratam
2307 3562 2320 3601 :
2355 3555 2464 3602 tam
2506 3543 2754 3601 duasrcs
2783 3560 2945 3617 quam
2969 3544 3249 3612 diversas;
3281 3561 3381 3603 nec
3408 3549 3634 3619 proinde

2042 3638 2444 3710 impingendum
2467 3647 2549 3695 est
2578 3640 2631 3694 in
2658 3637 2711 3694 id
2741 3638 2883 3709 quod
2922 3648 2976 3694 et
3003 3638 3071 3694 ab
3100 3654 3166 3695 eo
3193 3639 3493 3711 appelletur
3514 3659 3629 3703 cor—

2043 3731 2236 3803 poralis
2283 3739 2339 3787 et
2380 3732 2633 3804 efﬁgiata,
2675 3747 2769 3788 seu
2817 3731 2871 3787 in
2900 3732 3080 3802 specie
3126 3739 3180 3787 et
3209 3746 3271 3789 re
3298 3734 3631 3804 subsistens;

2041 3824 2257 3881 aliunde
2281 3824 2568 3881 confitetur
2591 3840 2710 3881 eam
2745 3825 2836 3880 Dei
2876 3824 3002 3879 ﬂatu
3035 3835 3233 3892 natam,
3263 3829 3635 3886 natura‘chri-

2042 3919 2295 3985 stianam,
2324 3918 2621 3972 substantia
2666 3917 2998 3987 simplicem,
3033 3916 3255 3973 liberam
3284 3918 3512 3986 arbitrii,
3550 3936 3637 3976 ra-

2045 4011 2315 4076 tionalem,
2362 4010 2744 4076 immortalem,
2775 4023 2881 4064 non
2909 4024 2975 4066 ex
3003 4011 3198 4080 gratia,
3234 4018 3291 4066 ut
3318 4026 3507 4069 omnes
3527 4013 3632 4069 ler-

2041 4120 2129 4162 me
2155 4112 2386 4171 veteres,
2418 4103 2512 4159 sed
2539 4118 2603 4158 ex
2634 4109 2826 4157 natura
2854 4114 2985 4169 sua;
3025 4116 3143 4158 eam
3169 4117 3300 4159 vero
3321 4114 3444 4175 post
3488 4120 3632 4175 prmo

2043 4206 2252 4255 sentem
2276 4198 2413 4253 hanc
2438 4197 2623 4261 vitam,
2654 4195 2740 4252 vel
2762 4194 2948 4252 dolere
2977 4196 3117 4264 apud
3148 4195 3372 4264 inferos,
3395 4198 3479 4254 vel
3506 4215 3636 4270 gau-

2045 4289 2175 4345 dere
2201 4289 2252 4344 in
2282 4289 2434 4346 caelis
2464 4287 2671 4361 (Ibid.,
2712 4304 2828 4358 cap.
2854 4286 2968 4359 58).
3004 4287 3115 4343 Etsi
3146 4287 3252 4343 alio
3288 4288 3403 4345 loco
3450 4288 3641 4347 doceat

2044 4381 2299 4447 animam,
2354 4390 2479 4437 ante
2523 4380 2877 4436 universalem
2920 4380 3373 4437 resurrectionem
3412 4396 3513 4437 nec
3541 4397 3639 4452 pu-

2046 4469 2172 4539 niri,
2198 4487 2298 4530 nec
2316 4471 2577 4545 gaudere;
2610 4473 2830 4543 insuper
2849 4471 3093 4543 quaedam
3112 4481 3328 4542 peccata
3361 4480 3641 4542 postmor-
3664 4520 3679 4535 ,

2046 4575 2153 4624 tem
2188 4567 2334 4624 illico
2361 4565 2521 4623 nobis
2552 4565 2746 4623 luenda
2773 4565 2888 4623 fore
2917 4565 3017 4622 sub
3053 4564 3427 4637 expectatione
3454 4579 3637 4623 resur-

344 4652 469 4724 (Cf.
504 4653 596 4711 lib.
623 4654 742 4709 adv.
775 4653 1027 4725 Hermog.
1068 4668 1186 4726 cap.
1240 4654 1333 4724 45,
1362 4662 1402 4711 ι.
1431 4653 1494 4721 II,
1522 4654 1620 4710 col.
1652 4653 1779 4707 257.
1808 4652 1939 4708 Adv.

2050 4660 2303 4717 rectionis
2316 4704 2329 4716 .

344 4745 626 4816 Praream,
655 4761 776 4819 cap.
804 4748 863 4813 2,
895 4749 995 4805 col.
1026 4749 1131 4805 156
1155 4763 1170 4815 ;
1196 4761 1317 4818 cap.
1345 4746 1398 4815 3,
1429 4747 1529 4802 col.
1562 4747 1664 4802 157
1693 4762 1707 4811 ;
1734 4761 1852 4816 cap.
1880 4745 1938 4813 4,

346 4841 449 4897 col.
480 4840 584 4898 459
607 4858 622 4909 ;
646 4856 764 4914 cap.
796 4842 851 4910 8,
885 4844 984 4897 col.
1012 4843 1138 4909 15ος
1166 4857 1286 4913 cap.
1330 4842 1421 4910 tt,
1440 4826 1539 4898 cal.
1565 4841 1689 4907 tea;
1710 4856 1833 4912 cap.
1852 4842 1942 4909 te,

346 4935 448 4991 col.
484 4935 604 5003 167,
620 4950 739 5007 cap.
772 4937 860 5003 15,
889 4937 1130 5003 col.168;
1159 4952 1280 5008 cap.
1306 4937 1398 5006 26,
1425 4936 1670 5003 col.188;
1702 4951 1823 5008 cap.
1852 4937 1941 5005 50,

348 5027 853 5099 εοΙ.195;,ε;ιι).51,
889 5028 990 5084 col.
1025 5027 1152 5084 i96.
1186 5028 1207 5102 )

426 5121 497 5177 De
524 5120 645 5176 Filii
686 5136 814 5178 vero
840 5119 1137 5190 divinitate,
1169 5121 1550 5194 generatione,
1583 5122 1942 5178 consubstan-

352 5215 596 5285 tialitate,
627 5215 908 5285 tiliatione,
936 5216 1255 5284 aeternitate,
1277 5215 1344 5272 de
1368 5214 1586 5272 Christo
1613 5214 1723 5271 Deo
1749 5224 1804 5271 et
1832 5220 1936 5272 bo-

352 5309 499 5365 mine
544 5310 929 5381 prophetarum
982 5309 1250 5368 vaticiniis
1296 5307 1677 5379 praenuntiata,
1727 5306 1783 5365 in
1834 5307 1932 5365 Ju-

352 5401 468 5457 daea
495 5416 657 5457 carne
685 5401 868 5460 induto
904 5416 970 5459 ae
1017 5410 1356 5468 conversato,
1385 5407 1620 5465 mortuo,
1667 5399 1734 5453 ad
1770 5398 1937 5456 vitam

354 5509 603 5566 regresso
630 5508 693 5550 ac
719 5495 773 5551 in
822 5494 979 5559 caelis
1018 5503 1330 5570 assumpto,
1363 5492 1556 5550 iterum
1597 5491 1933 5549 remittemus

425 5606 503 5679 (1)
536 5606 658 5662 Vid.
680 5606 732 5663 J.
758 5609 822 5663 Α.
850 5607 1087 5663 Moeltlcr
1102 5605 1367 5679 Patrolog.
1392 5605 1522 5679 oder
1537 5604 1847 5679 chtjstliclte
1862 5605 1951 5679 Li-

358 5675 900 5751 tcrtc'rgeschichth.
926 5678 1067 5805 ll,
1097 5680 1222 5745 554,
1254 5675 1383 5735 vers.
1413 5675 1948 5748 gallic.Paris.18£5.

431 5750 513 5805 (‘2)
544 5749 629 5805 Cf.
660 5750 781 5805 Nat.
810 5751 965 5805 Alex.
1040 5748 1618 5805 ist.eccl.swc.ll.’art.
1640 5747 1770 5805 VIII.
1795 5759 1833 5802 t.
1860 5748 1946 5803 III.

356 5747 629 5879 -ἓὲγϐιὶ
660 5750 781 5835 Nat.
806 5751 965 5833 slex.
983 5747 1397 5833 Hist.ecc.l.stec.
1415 5747 1618 5833 11,:art.
1640 5747 1770 5831 YIII,
1795 5759 1833 5802 t.
1860 5748 1946 5803 Ill.

475 5831 668 5878 antova
695 5838 748 5876 m
764 5821 964 5877 dissert.
993 5822 1056 5876 de
1084 5821 1319 5888 Septmm
1340 5830 1386 5875 et
1413 5820 1694 5892 Eptphanu
1732 5823 1949 5877 multra-

358 5894 757 5965 pontorpltismo.
787 5893 999 5956 Mediol.
1023 5894 1183 5967 1775,
1208 5892 1371 5952 ἱη-8⁰.
1456 5960 1467 5971 ι

2121 4757 2351 4813 Carnem
2397 4756 2565 4827 ipsam
2594 4753 2828 4809 hominis
2867 4751 3061 4805 mirum
3097 4749 3150 4804 in
3184 4748 3400 4805 modum
3440 4751 3641 4823 glorifi-

2050 4856 2137 4905 cat
2173 4847 2554 4913 Tertullianus,
2579 4860 2678 4900 nec
2704 4857 3026 4913 quemquam
3068 4842 3244 4897 forsan
3282 4857 3351 4900 ex
3403 4846 3641 4917 patrihus

2050 4940 2290 5010 reperias
2333 4940 2423 5010 qui
2452 4939 2520 4994 de
2546 4952 2607 4992 ea
2637 4935 2929 5005 insigniora
2981 4933 3198 4991 dixerit.
3251 4938 3640 5010 Quodcumque,

2052 5031 2244 5104 inquit,
2277 5031 2427 5085 limus
2450 5027 2846 5100 expriutebalur,
2877 5026 3105 5085 Christus
3134 5030 3451 5103 cogitabatur
3492 5032 3644 5086 homo

2052 5129 2322 5196 futurus...
2354 5120 2441 5177 Ita
2484 5122 2634 5175 limus
2677 5120 2767 5175 ille
2795 5121 2910 5193 jam
2949 5132 3070 5177 tunc
3121 5124 3336 5177 imluens
3370 5122 3644 5192 imaginem

2050 5214 2237 5270 Christi
2266 5214 2426 5286 futuri
2451 5212 2505 5266 in
2533 5227 2821 5278 carne,nou
2847 5223 3044 5267 tantum
3060 5210 3159 5266 Dei
3186 5228 3312 5283 Opus
3332 5221 3460 5276 erat,
3489 5212 3646 5269 sedet

2051 5310 2233 5379 pignus
2264 5307 2362 5380 (De
2389 5307 2607 5362 Ilesurr.
2632 5302 2790 5361 Citra.
2817 5320 2868 5362 c.
2900 5304 2951 5373 6,
2985 5314 3024 5360 t.
3055 5303 3120 5368 II,
3148 5305 3251 5360 col.
3276 5302 3427 5376 802).

2123 5401 2335 5457 Rursus
2362 5400 2607 5458 eamdem
2650 5415 2867 5455 carnem
2911 5413 2942 5453 a
2987 5403 3210 5468 peccato
3239 5408 3535 5455 recreatam
3588 5411 3645 5457 et

2051 5510 2174 5551 cum
2208 5494 2384 5548 anima
2415 5492 2652 5548 rediviva
2682 5487 3175 5561 resurgentem,his
3203 5487 3490 5547 adumbrat
3513 5476 3647 5548 deli-

2053 5589 2352 5648 neamcntis
2382 5607 2396 5643 :
2428 5587 2556 5642 Cum
2600 5585 2771 5639 anima
2815 5583 2922 5638 Deo
2963 5582 3225 5654 allegitur,
3266 5585 3379 5656 ipsa
3424 5584 3644 5661 (caro)

2052 5694 2144 5753 est,
2178 5697 2294 5755 qua:
2330 5680 2495 5753 efﬁcit,
2528 5686 2584 5733 ut
2631 5677 2805 5731 auium
2848 5676 3001 5747 allegi
3044 5677 3224 5747 possit.
3272 5676 3482 5736 Scilicet
3521 5695 3645 5734 caro

2128 5818 2364 5894 (l)_Vide
2381 5817 2510 5894 hinc
2528 5811 3101 5894 luculenterexposit‘a
3125 5812 3177 5870 in
3200 5828 3364 5894 opere
3405 5813 3513 5884 jam
3533 5813 3647 5894 lau-

2055 5883 2261 5950 dato'l.
2283 5894 2349 5953 Λ.
2377 5888 2634 5980 Moehler.
2668 5883 2946 5959 Patrologi
2970 5893 3009 5946 t.
3039 5883 3174 5960 lI,p.
3206 5886 3330 5946 561.
3360 5883 3489 5946 vers.
3519 5886 3647 5957 gall.
