4242 6266
505 314 580 381 13
1156 345 1162 353 -
1441 364 1448 371 .
1992 314 2134 375 ΡΜ

2238 314 2382 375 ιἰΊΟ.
3526 347 3543 363 ι
3748 316 3822 376 24

511 438 758 504 abluitur,
788 445 841 493 ut
857 434 1030 493 anima
1059 433 1384 492 emaculetur.
1414 431 1548 493 Caro
1572 434 1815 508 ungitur,
1845 442 1899 490 ut
1937 435 2112 490 anima
2135 433 2195 502 Δ
2218 433 2410 507 pudet,
2438 434 2559 507 quia
2584 431 2879 506 pudendum
2904 441 2999 492 est.
3028 431 3096 489 Et
3121 442 3351 491 mortuus
3381 445 3455 491 est
3499 434 3600 491 Dei
3626 433 3817 492 Filius.

510 540 854 587 consecretur.
919 528 1049 586 Caro
1108 529 1340 600 signatur
1367 568 1384 596 ,
1436 536 1491 582 ut
1555 537 1601 583 et
1668 527 1841 583 anima
1902 527 2109 581 munia-

511 624 615 681 tur.
676 623 809 681 Caro
874 606 1072 679 manus
1126 622 1449 693 impositione
1509 621 1882 689 aduntbratur,
1942 630 1997 675 ut
2066 631 2113 675 et

511 718 685 771 anima
731 717 917 787 spiritu
958 716 1293 772 illuminetur.
1335 713 1468 771 Caro
1509 731 1723 786 corpore
1766 724 1812 770 et
1862 714 2111 788 sanguine

515 808 706 865 Citriin
753 811 985 875 vescitur,
1035 819 1091 865 ut
1134 820 1184 866 et
1232 809 1405 865 anima
1448 810 1512 865 de
1554 809 1665 866 Deo
1691 808 1951 882 saginatur
1989 808 2118 881 (De

512 904 738 960 Resnrr.
771 904 932 960 Carn.
966 901 1068 976 8).
1125 902 1369 975 Sequitur
1423 903 1649 959 animam
1693 902 1963 958 nubentem
2009 901 2117 972 spi-

513 996 616 1050 ritu
656 1012 797 1061 caro,
838 1005 894 1050 ut
941 995 1112 1050 dotale
1135 994 1478 1065 mancipium,
1539 1004 1586 1049 et
1622 994 1740 1065 jam
1783 1010 1885 1049 non
1932 993 2119 1047 animle

516 1087 738 1159 famula,
784 1093 873 1143 sed
902 1087 1131 1158 spiritus.
1160 1087 1204 1141 Ο
1241 1086 1443 1143 beatum
1471 1087 1798 1153 connubium,
1828 1084 1870 1141 si
1897 1101 1999 1140 non
2026 1084 2120 1139 ad-

518 1183 709 1237 miserit
765 1181 1169 1252 adulterium!(
1209 1181 1285 1237 De
1329 1181 1544 1247 Anima,
1603 1176 1704 1250 41)
1783 1176 1972 1234 Carnis
2023 1176 2119 1233 de-

520 1290 669 1332 mum
722 1290 844 1330 cum
909 1266 1380 1330 Christo’ovantis
1452 1272 1781 1344 triumphum
1841 1269 2122 1343 splendide

516 1371 776 1427 describit
832 1387 846 1424 ι
911 1369 1012 1424 Ilic
1074 1368 1266 1441 (Jesus
1304 1367 1670 1439 Christus)...

517 1483 614 1533 quc
658 1467 953 1533 depositunt‘
979 1473 1143 1519 servat
1184 1464 1239 1518 in
1288 1462 1586 1533 semetipso,
1617 1460 1955 1516 urrhabonem
1985 1476 2126 1514 sum-

518 1576 618 1613 ma:
640 1558 818 1614 totius.
843 1556 1280 1628 Quemadmodum
1303 1555 1439 1610 enim
1476 1554 1621 1609 nobis
1662 1553 1999 1608 arrhabonem
2019 1552 2125 1623 spi-

519 1653 648 1706 ritus
670 1651 895 1720 reliquit,
914 1651 984 1703 ittt
1009 1658 1053 1704 et
1079 1666 1110 1703 α
1136 1648 1279 1704 nobis
1304 1648 1642 1703 arrhabonem
1666 1650 1835 1702 carnis
1859 1644 2127 1715 accepit,et

522 1747 659 1801 vexit
685 1746 736 1798 in
766 1745 946 1801 coelum
981 1744 1166 1815 pignus
1207 1741 1363 1796 totius
1401 1756 1616 1797 summa:
1654 1739 1778 1795 illuc
1824 1738 2127 1809 quandoque

1771 1365 1939 1420 carnis
1990 1382 2119 1434 quo-
2192 1386 2199 1392 ’

2224 525 2451 583 Prorsus
2470 527 2711 583 credibile
2738 538 2836 595 est,
2867 526 2996 597 quia‘
3010 526 3235 598 ineptum
3252 537 3324 582 est
3336 543 3359 591 ;
3388 535 3434 581 et
3455 527 3706 598 sepultus,
3736 542 3821 580 re-

2217 620 2460 675 surrexit.
2486 619 2688 675 Certum
2713 629 2805 688 est,
2853 620 2974 693 quia
3004 618 3317 691 impossibile
3348 617 3447 694 (De
3471 619 3635 677 Carn.
3662 614 3813 687 cur,

2218 726 2338 785 cap.
2370 713 2423 782 5,
2457 720 2494 768 ι.
2516 711 2580 782 n,
2611 713 2715 770 col.
2745 711 2896 788 765).

2292 804 2422 861 ilice
2449 804 2581 862 satis
2602 814 2783 873 sunto,
2810 816 2869 862 ut
2892 815 3150 878 quantum
3179 806 3236 863 in
3262 807 3575 879 exponenda
3595 808 3699 867 ﬁde
3718 810 3824 868 do-

2221 900 2451 972 gmatica
2478 898 2737 972 prodesse
2761 901 2933 973 possit
2961 900 3324 959 Tertullianus
3350 902 3670 959 innotescat.
3704 903 3821 960 Alia

2224 997 2477 1067 perplura
2522 1006 2649 1052 sunt
2700 997 2949 1069 dogmata
2979 1012 3120 1070 quae,
3151 999 3220 1054 ab
3250 1014 3316 1053 eo
3364 998 3553 1056 eadem
3582 1000 3826 1059 ubertate

2224 1097 2428 1144 asserta
2459 1102 2523 1144 ac
2553 1088 2769 1144 uberius
2815 1104 2846 1142 a
2893 1088 3205 1146 doctissimo
3233 1090 3296 1145 D.
3330 1089 3406 1146 Le
3434 1090 3649 1163 Nourry
3677 1107 3827 1148 com-

2224 1188 2429 1248 menta,
2462 1180 2632 1238 habes
2659 1181 2713 1238 in
2758 1180 2983 1254 hujusce
3014 1183 3142 1239 tomi
3171 1181 3404 1241 decursu
3431 1185 3627 1242 iterum
3656 1185 3708 1241 in
3738 1187 3822 1243 lu-

2228 1286 2345 1330 cem
2370 1274 2600 1345 prolata.

2299 1364 2469 1434 Quam
2483 1366 2696 1439 egregie
2716 1378 2967 1440 recteque
2987 1367 3278 1441 Septimius
3299 1370 3624 1427 intellexerit
3642 1385 3824 1427 veram

2226 1457 2599 1530 sinceramque
2640 1474 2883 1531 operosa:
2921 1470 2977 1517 et
3025 1464 3274 1532 practice:
3322 1462 3447 1519 ﬁdei
3492 1473 3692 1520 nostrae
3723 1479 3825 1520 no-

2229 1552 2452 1619 tionem,
2484 1553 2616 1608 nihil
2647 1555 2817 1626 magis
2865 1555 3019 1611 nobis
3043 1555 3279 1613 ostendit
3305 1571 3465 1626 quam
3499 1556 3826 1626 amplissima

2229 1643 2527 1729 disqiplinte
2555 1645 2821 1721 liturgica:
2849 1646 3161 1720 descriptio,
3203 1647 3555 1729 confertaque
3583 1660 3825 1707 veterum

2229 1728 2427 1793 rituum
2473 1739 2648 1809 copia,
2690 1740 2745 1796 in
2771 1740 3022 1796 omnibus
3042 1740 3161 1812 ejus
3205 1742 3422 1812 scriptis
3449 1728 3661 1798 diffusa.
3693 1741 3827 1798 Cum

519 1840 830 1912 redigendte.
858 1839 1041 1896 Securi
1069 1848 1384 1906 estole,caro
1407 1848 1457 1891 et
1494 1836 1739 1907 sanguis;
1765 1835 2050 1905 usurpastis
2075 1830 2202 1894 etB
2234 1833 2450 1888 maximi
2491 1834 2647 1903 pretii
2694 1834 2804 1890 sint
2840 1850 2961 1907 quae
3001 1836 3140 1892 hanc
3178 1835 3472 1907 primorum
3511 1837 3827 1892 saeculorum

521 1931 702 1988 etclam
729 1943 774 1987 et
797 1948 1006 2003 regnum
1037 1930 1134 1987 Dei
1156 1931 1211 1986 in
1238 1931 1437 1988 Christo
1468 1928 1488 2002 (
1516 1929 1590 1987 De
1614 1928 1926 1986 Itesurrect.
1956 1925 2121 1986 Cum.

523 2038 572 2079 ε.
597 2024 686 2088 51,
727 2031 766 2077 t.
799 2022 861 2090 tt,
897 2022 1000 2079 col.
1033 2021 1187 2093 sua).

595 2115 707 2171 Nec
730 2117 784 2170 in
807 2115 907 2171 hoc
927 2115 1120 2172 animae
1134 2117 1355 2185 integrae
1375 2124 1427 2171 et
1441 2115 1702 2180 innocuae,
1721 2128 1879 2184 quam
1895 2113 1947 2167 in
1966 2112 2127 2183 lapsae

524 2222 590 2263 ac
633 2206 913 2263 maculata.-
940 2215 1082 2262 statu
1132 2205 1490 2264 describendo
1539 2206 1825 2262 infelicior.
1857 2203 2128 2276 Originale

529 2308 803 2370 peccatum
850 2296 1103 2365 admittit,
1135 2298 1398 2371 docetque
1426 2298 1638 2370 egregie
1669 2297 1938 2370 quomodo
1968 2311 2129 2367 quam

524 2393 636 2449 late
692 2401 747 2449 et
788 2393 1100 2464 primigenia
1166 2391 1312 2448 labes
1382 2391 1641 2462 serpserit
1699 2405 1764 2445 ac
1818 2403 2008 2446 omnes
2049 2389 2132 2444 in-

446 2503 463 2506 ’
534 2487 756 2543 fecerit:
779 2486 966 2542 Anima
990 2486 1211 2542 hominis
1254 2487 1388 2542 velut
1427 2486 1665 2542 surculus
1692 2484 1903 2556 quidam
1931 2500 1995 2539 ea;
2022 2499 2131 2537 ma-

528 2581 650 2636 trice
678 2580 843 2634 Adam
874 2580 924 2634 in
956 2580 1287 2653 propaginem
1313 2578 1530 2633 deducta
1569 2587 1615 2633 et
1641 2577 1945 2650 genitalibus
1967 2575 2133 2649 {terni-

535 2689 618 2727 ntu
643 2674 799 2745 foveis
824 2672 1194 2738 commendata,
1227 2688 1341 2726 cum
1369 2672 1508 2726 omni
1549 2686 1645 2725 sua
1685 2676 1932 2741 paratum
1961 2666 2134 2740 pullu-

531 2767 654 2822 labit
679 2809 692 2832 ,
723 2777 825 2822 etc.
859 2766 960 2837 (De
981 2766 1159 2821 Anim.
1194 2762 1307 2837 19).
1342 2762 1593 2819 Satanam
1621 2760 1988 2833 pronuntias...
2046 2776 2136 2831 per

533 2879 678 2933 quem
728 2863 876 2916 homo
931 2879 961 2916 a
1000 2860 1277 2932 primordio
1319 2858 1688 2914 cir'cumrentus
1726 2864 1783 2909 ut
1829 2863 2135 2925 prleceptum

536 2954 637 3012 Dei
688 2955 968 3020 excederet,
1029 2962 1078 3008 et
1117 2960 1381 3025 propterea
1427 2951 1481 3004 in
1529 2958 1739 3004 mortem
1761 2946 1931 3012 datus,
1956 2946 2137 3001 exinde

539 3063 700 3108 totum
726 3067 885 3122 genus
903 3050 966 3104 tle
984 3065 1076 3105 suo
1089 3047 1276 3104 semine
1295 3040 1558 3119 infectant,
1599 3058 1708 3099 sua:
1736 3043 1888 3098 etiam
1915 3040 2133 3095 damna-

534 3145 957 3219 tionistraducem
977 3143 1095 3216 fecit
1115 3142 1214 3217 (De
1227 3142 1453 3198 Tcstim.
1487 3139 1666 3196 Anim.
1690 3137 1847 3207 5,1,1,
1871 3135 2133 3209 col.618).

2227 1925 2358 1983 disci
2364 1926 2563 1998 plinam
2579 1938 2738 1999 atque
2760 1930 3174 1987 consuetudines
3190 1929 3464 1997 exhibent,
3480 1930 3683 2002 singula
3702 1931 3831 1987 alie-

2228 2037 2411 2079 remus
2439 2039 2597 2094 quam
2634 2036 2882 2081 accurate
2943 2025 3186 2096 litui-gica
3229 2024 3574 2094 documenta,
3601 2040 3719 2097 qua:
3774 2026 3828 2082 in

2229 2114 2471 2187 Septimii
2497 2118 2712 2189 scriptis
2739 2128 3125 2176 memorantur.

2258 2266 2261 2269 ς
2305 2207 2510 2264 Etuta
2548 2210 2813 2280 baptismo
2860 2210 3152 2281 ordiamur,
3209 2219 3453 2269 vetustus
3507 2212 3593 2271 hic
3641 2213 3833 2272 doctor

2232 2298 2395 2356 tradit
2423 2300 2596 2371 primo
2626 2301 2747 2359 loco
2792 2302 3060 2360 laboriosa
3102 2311 3272 2375 opera
3325 2313 3451 2361 ante
3503 2304 3831 2375 baptismum

2233 2391 2593 2462 suscipienda,
2617 2388 2840 2451 crebras
2858 2395 3150 2463 orationes,
3162 2395 3388 2466 jejunia,
3410 2397 3832 2467 geniculatioues

2233 2493 2290 2540 et
2316 2485 2640 2557 pervigilias,
2695 2502 2816 2543 cum
2872 2487 3212 2547 confessione
3240 2488 3430 2545 saltem
3454 2489 3665 2547 occulta
3709 2505 3831 2547 om-

2237 2577 2383 2634 nium
2410 2589 2556 2636 retro
2585 2589 2956 2650 peccatorum;
2984 2581 3180 2638 deinde
3222 2597 3345 2653 qua:
3387 2583 3453 2639 ad
3491 2584 3833 2640 collationem

2236 2670 2489 2741 baptismi
2530 2673 2854 2741 pertineant,
2885 2673 3077 2730 trinam
3109 2675 3533 2743 immersionem,
3563 2684 3620 2732 et
3673 2676 3833 2733 trium

2237 2764 2592 2820 sanctissima:
2642 2766 2919 2824 Trinitatis
2981 2756 3332 2838 personarum
3418 2764 3830 2840 invocatt‘bnem,

2239 2872 2512 2932 postremo
2526 2877 2647 2933 qua:
2659 2863 3073 2934 subsequantur,
3091 2878 3284 2934 nempe
3297 2864 3606 2920 unctionem
3621 2874 3741 2935 post
3753 2864 3833 2921 la-

2239 2970 2479 3024 vacrum,
2505 2958 2899 3030 impositionem
2928 2974 3183 3015 manuum
3209 2966 3283 3026 et,
3305 2968 3361 3014 ut
3376 2958 3616 3030 pluribus
3643 2960 3837 3017 merito

2243 3049 2420 3105 visum
2447 3059 2551 3119 est,
2583 3051 2929 3109 collationem
2954 3052 3187 3121 Spiritus
3202 3051 3383 3109 Sancti
3411 3066 3509 3124 per
3545 3051 3837 3108 conﬁrma-

2243 3144 2403 3201 tionis
2431 3157 2847 3216 sacramentum,
2879 3148 2989 3205 imo
3014 3154 3071 3206 et
3097 3145 3450 3204 Eueharistim
3470 3145 3836 3219 participatio-

606 3239 902 3298 Audiamus
925 3253 1068 3295 nunc
1110 3237 1361 3293 eumdem
1404 3234 1605 3293 Christi
1634 3244 1810 3291 ortum
1858 3233 1913 3288 in
1968 3231 2128 3288 terris
2156 3221 2204 3285 C
2237 3252 2360 3295 nem
2390 3237 2496 3313 (cf,
2528 3239 2615 3297 lib,
2644 3240 2708 3295 de
2734 3238 3046 3314 Βαριξεηιο),

534 3333 687 3406 quasi
732 3348 876 3389 novo
895 3333 1104 3389 cantico
1131 3331 1506 3388 concinentcm
1541 3345 1553 3381 :
1586 3326 1736 3384 Neve
1761 3327 1901 3382 nasci
1927 3324 2134 3380 debebat

533 3443 677 3483 noro:
699 3426 974 3482 nativitatis
1003 3424 1328 3481 dedicator...
1346 3423 1475 3480 Haec
1499 3433 1573 3480 est
1589 3423 1825 3479 nutivitas
1842 3437 1990 3487 nova,
2012 3420 2135 3476 dum

539 3523 691 3576 homo
711 3520 936 3587 nascitur
959 3519 1014 3574 in
1038 3517 1180 3583 Deo,
1209 3518 1266 3571 in
1292 3532 1391 3587 quo
1417 3516 1620 3572 homine
1662 3514 1804 3570 Deus
1847 3526 2000 3569 natus
2039 3523 2135 3583 est,

539 3631 694 3671 carne
717 3612 911 3685 antiqui
936 3611 1142 3667 seminis
1160 3619 1394 3680 suscepta
1410 3650 1424 3677 ,
1456 3610 1566 3665 sine
1593 3610 1783 3664 semine
1824 3610 2055 3679 antiquo,
2082 3617 2139 3663 ut

539 3707 686 3763 illam
707 3723 835 3763 novo
856 3706 1064 3773 semine,
1094 3705 1152 3760 id
1201 3712 1274 3760 est
1296 3702 1615 3773 spiritaliter,
1648 3704 1948 3773 reformaret
1966 3700 2157 3756 cuiu--

545 3801 616 3856 sis
665 3799 981 3870 antiquitatis
1013 3797 1247 3857 sordibus
1295 3797 1554 3869 expiatam
1585 3794 1685 3869 (De
1710 3793 1888 3875 Carne
1915 3794 2134 3866 Christi,

540 3910 592 3952 c.
627 3896 713 3964 t7,
742 3904 780 3951 ι.
809 3894 874 3963 ιι,
900 3893 1004 3951 col.
1035 3893 1185 3966 781).
1232 3896 1253 3914 -

617 3986 949 4044 Tertulliano
970 3984 1217 4057 apparuit
1239 3983 1545 4044 humanitas
1561 3993 1616 4042 et
1631 3983 1934 4058 benignitas
1955 3984 2141 4043 Salva-

544 4082 675 4137 toris
705 4081 758 4137 in
788 4094 975 4146 carne,
998 4079 1219 4135 verbum
1237 4092 1363 4135 caro
1380 4078 1599 4147 factum,
1624 4089 1877 4151 tanquam
1896 4082 2141 4138 omnium

542 4174 667 4233 ﬁdei
700 4175 1079 4249 mysteriorum
1126 4173 1447 4244 principium
1475 4181 1531 4229 et
1559 4174 1702 4243 ﬁnis,
1728 4189 1884 4231 novae
1913 4175 2144 4232 creatio-

548 4272 635 4327 nis
661 4270 927 4342 fastigium
954 4278 1011 4326 et
1035 4268 1467 4337 fundamentum,
1501 4270 1716 4326 unicum
1746 4269 1933 4326 mundi
1957 4270 2143 4326 orien-

543 4366 615 4420 tis
658 4361 1034 4429 meditullium,
1067 4360 1208 4419 unde
1231 4363 1411 4418 omnia
1438 4362 1491 4418 in
1521 4376 1620 4419 nos
1640 4362 1782 4419 bona
1809 4362 2143 4432 derivantur,

548 4471 657 4530 quo
676 4466 866 4513 cuncta
891 4471 1011 4528 qua:
1035 4456 1204 4512 Deum
1232 4456 1462 4527 religant
1501 4464 1556 4511 et
1596 4455 1865 4525 homines,
1898 4464 2147 4513 remeant

482 4552 485 4553 ⁷
550 4560 1040 4609 ctconncctantur.
1068 4549 1204 4607 Hinc
1249 4549 1497 4620 Septimii
1538 4547 1834 4607 vehemens
1872 4557 1929 4606 et
1965 4550 2145 4607 acrior

2310 3329 2675 3388 Tertullianus
2716 3331 3039 3402 peculiarem
3077 3340 3362 3390 tractatum
3400 3333 3467 3392 de
3511 3333 3833 3391 Paenitentia

2238 3423 2601 3490 concinnavit,
2645 3424 2927 3496 pulchrum
2973 3427 3110 3485 adeo
3150 3441 3216 3484 ac
3254 3427 3580 3500 elegantem,
3625 3436 3685 3482 ut
3707 3442 3836 3483 eum

2240 3516 2483 3571 nonnulli
2508 3517 2626 3572 ausi
2668 3517 2777 3574 sint
2806 3519 2908 3589 ipsi
2950 3534 3234 3590 perperam
3263 3520 3605 3591 abjudicare;
3648 3519 3703 3576 in
3732 3535 3839 3591 quo

2241 3609 2791 3665 omnesPoznitentire
2821 3618 2950 3666 ante
2976 3611 3061 3667 vel
3102 3621 3227 3682 post
3266 3611 3589 3684 baptismum
3628 3612 3839 3684 publice

2243 3702 2560 3772 privatimve
2588 3712 2816 3777 peractae
2843 3704 2977 3760 ritus
3015 3704 3346 3776 all‘ectusque
3371 3702 3616 3776 apprime
3635 3705 3841 3763 descri-

2241 3795 2340 3865 bit,
2367 3797 2444 3853 uti
2463 3798 2804 3869 aliquatenus
2827 3796 3011 3855 videre
3029 3808 3114 3856 est
3139 3799 3298 3871 paulo
3320 3797 3477 3868 infra,
3507 3800 3596 3855 ubi
3618 3799 3692 3875 de
3709 3814 3841 3855 exo-

2242 3889 2525 3961 mologesi,
2557 3904 2678 3961 qum
2705 3906 2819 3945 cum
2844 3889 3092 3962 provolvit
3125 3891 3396 3960 hominem,
3431 3892 3594 3963 magis
3620 3893 3842 3957 relevat;

2243 3998 2359 4037 cum
2383 3982 2671 4054 squalidunt
2700 3984 2844 4055 facit,
2867 3984 3031 4055 magis
3050 3982 3352 4039 mandatum
3378 3982 3588 4049 reddit;
3614 4000 3728 4039 cum
3755 4000 3843 4038 ac-

2245 4084 2408 4144 cusat,
2435 4085 2674 4145 excusat;
2710 4092 2828 4132 cum
2857 4076 3180 4147 condemnat,
3199 4076 3446 4149 absolvit.
3493 4077 3513 4147 (
3537 4076 3615 4135 De
3641 4075 3838 4137 Pmnit.

2245 4183 2296 4226 c.
2324 4168 2377 4237 9,
2418 4178 2458 4224 t.
2486 4169 2526 4239 ι,
2557 4169 2662 4226 col.
2688 4169 2847 4227 12M.
2871 4171 2894 4244 )

2316 4265 2396 4322 De
2422 4264 2761 4324 Eucharistia
2790 4266 3062 4325 disserens
3099 4266 3461 4324 Tertullianus
3496 4266 3661 4325 tradit
3684 4267 3840 4325 Chri-

2247 4358 2451 4414 stianos
2476 4374 2689 4417 summo
2732 4374 2894 4417 mane
2916 4360 3211 4416 convenire
3239 4360 3585 4417 consuevisse
3609 4359 3680 4417 ad
3731 4376 3846 4433 my-

2247 4448 2473 4509 Sterium
2516 4451 2630 4512 hoc
2662 4453 3080 4522 celebrandum;
3119 4453 3286 4510 laicos
3314 4453 3383 4509 de
3433 4452 3845 4522 prmsidentium

2250 4563 2412 4605 manu
2434 4557 2832 4606 sacramentum
2859 4547 3184 4620 sumpsisse;
3204 4544 3280 4603 'in
3309 4547 3543 4619 propriis
3598 4547 3845 4607 manibus

548 4646 777 4716 impetus
797 4659 903 4714 quo
932 4643 986 4699 in
1011 4617 1420 4699 admiration—em
1446 4640 1608 4698 Verbi
1629 4641 1890 4697 incarnati
1916 4642 2141 4713 rapitur,
2169 4617 2225 4681 Ῑ)
2248 4643 2558 4714 accepisse;
2585 4642 2640 4698 in
2669 4640 2912 4712 proprias
2937 4617 3131 4698 domos
3153 4617 3428 4707 intulisse,
3450 4640 3716 4712 utjcjuni,
3744 4642 3846 4697 sub

547 4754 652 4810 quo
692 4736 977 4806 cujuslibet
1002 4736 1106 4793 hoc
1133 4750 1382 4807 magnum
1408 4735 1618 4807 pietatis
1636 4737 2030 4793 sacramentum
2060 4735 2147 4794 vel

547 4828 738 4887 leviter
764 4818 1125 4902 impugnantis
1164 4829 1356 4901 impios
1375 4843 1541 4888 ausus
1588 4830 1761 4901 carpit
1781 4838 1838 4886 et
1874 4829 2145 4888 retundit:

550 4937 658 4994 quo
688 4920 928 4976 insanire
956 4921 1186 4988 videtur,
1216 4936 1328 4993 pra:
1357 4923 1526 4980 nimio
1549 4923 1607 4981 in
1649 4919 1924 4980 Christum
1956 4931 2140 4981 natum

551 5024 850 5089 etpassum
877 5021 1140 5085 stupore:
1172 5014 1279 5070 Sed
1322 5016 1435 5086 jam
1482 5016 1584 5084 hic,
1634 5016 1809 5088 inquit
1869 5016 2143 5085 Marciani,

551 5107 822 5180 responde,
846 5107 1139 5179 interfector
1164 5108 1386 5164 veritatis
1414 5126 1433 5168 .'
1464 5125 1630 5165 nonne
1644 5125 1757 5166 aere
1779 5111 2057 5182 cruciﬁxus
2076 5123 2150 5168 est

552 5201 692 5257 Deus
709 5200 736 5256 .9
773 5216 941 5256 nonne
967 5216 1080 5255 vere
1102 5207 1330 5257 mortuus
1350 5244 1366 5269 ,
1397 5211 1453 5255 ut
1496 5216 1610 5257 vere
1635 5202 1953 5273 cruciﬁxus?
1982 5197 2150 5259 nonne

548 5310 662 5349 uere
682 5295 1008 5350 resuscitatus
1019 5295 1112 5350 Ρ...
1142 5292 1305 5349 Parce
1330 5293 1494 5349 unica:
1518 5292 1626 5366 s‘pei
1648 5296 1800 5350 totius
1824 5296 1978 5353 orbis.
2012 5295 2150 5363 Quid

551 5385 767 5441 destruis
818 5388 1157 5442 necessarium
1207 5385 1425 5442 dedecus
1452 5385 1601 5455 fidei?
1634 5385 2001 5458 Quodcumque
2037 5385 2150 5442 Deo

546 5478 819 5548 indignum
838 5485 933 5545 est,
946 5478 1074 5533 mihi
1096 5479 1321 5550 expedit.
1350 5477 1540 5537 Salvus
1558 5494 1690 5548 sum,
1721 5480 1768 5534 si
1791 5495 1890 5536 non
1929 5484 2150 5552 confun-

553 5569 650 5624 dar
669 5569 732 5624 de
758 5568 980 5625 Domino
1005 5587 1135 5628 meo.
1165 5571 1272 5640 Qui
1309 5571 1427 5639 mei,
1469 5571 1654 5643 inquit,
1683 5563 1945 5645 confusus’
1972 5572 2146 5645 fuerit,

553 5660 843 5732 cbufundar
866 5671 916 5717 et
938 5678 1031 5734 ego
1061 5663 1192 5732 ejus.
1224 5661 1366 5717 Alias
1391 5678 1493 5717 non
1521 5663 1722 5719 invenio
1746 5663 1986 5720 materias
2024 5681 2148 5720 con-

552 5758 793 5830 fusionis,
821 5775 937 5830 qua:
954 5774 1034 5813 me
1054 5775 1144 5828 per
1168 5768 1511 5828 contemptum
1531 5758 1731 5815 ruboris
1778 5760 1987 5829 probent
2027 5760 2150 5817 bene

549 5854 960 5928 impudentetuet
974 5852 1189 5928 feliciter
1202 5854 1431 5913 stultum.
1454 5852 1506 5911 Ν
1509 5864 1623 5913 atus
1639 5864 1710 5915 est
1723 5854 1820 5915 Dei
1839 5853 2031 5933 Filius,
2048 5872 2149 5916 non

2252 4750 2358 4793 una
2394 4736 2576 4807 specie
2605 4734 3016 4806 participarent;
3048 4748 3240 4791 recens
3265 4733 3561 4806 baptizatos
3604 4734 3718 4791 sive
3762 4733 3846 4790 itt-

2247 4827 2444 4895 iantes,
2470 4828 2584 4884 sive
2609 4826 2839 4895 adultos,
2866 4825 3057 4885 eodem
3081 4827 3345 4885 beneﬁcio
3369 4827 3595 4885 donatos
3622 4826 3807 4884 fuisse.

2322 4920 2691 4981 llierarchiam
2745 4919 3179 4981 Eeclesiasticam
3232 4937 3264 4979 a
3313 4920 3465 4979 laicis
3514 4920 3841 4989 distinctam,

2253 5017 2415 5074 variis
2438 5017 2756 5074 instructam
2781 5015 3084 5086 ordinibus,
3116 5016 3311 5089 quibus
3352 5029 3450 5072 sua
3488 5022 3615 5070 sunt
3639 5015 3843 5081 munia,

2257 5124 2465 5182 suaque
2491 5109 2710 5182 propria
2739 5110 2979 5177 nomina,
3009 5108 3151 5182 apud
3179 5107 3464 5164 haereticos
3488 5105 3844 5163 disturbatam

2251 5212 2347 5260 aut
2391 5203 2605 5275 penitus
2642 5204 3001 5271 exstinctam,
3070 5202 3445 5257 inconcussam
3491 5214 3624 5256 vero
3673 5208 3727 5257 et
3777 5199 3848 5255 ab

2253 5295 2530 5367 Apostolis
2556 5295 2624 5352 ad
2650 5311 2820 5368 usque
2847 5293 3141 5351 novissima
3171 5300 3415 5363 tempora
3457 5291 3683 5363 perenni
3724 5306 3849 5347 suc-

2254 5389 2502 5447 cessione
2525 5388 2670 5460 apud
2688 5386 2997 5445 Catholicos
3020 5393 3312 5453 servatam,
3342 5383 3704 5440 Tertullianus
3723 5396 3849 5455 pas-

2253 5485 2355 5542 sim
2378 5483 2680 5557 proﬁtetur,
2704 5496 2768 5538 ac
2787 5479 3090 5553 prtesertim
3115 5479 3169 5537 in
3196 5492 3360 5537 aureo
3386 5478 3478 5534 illo
3510 5478 3574 5534 de
3596 5476 3848 5534 Prrescri-

2252 5577 2508 5651 ptiouibus
2552 5576 2710 5645 libro,
2749 5588 2911 5646 quem
2952 5571 3093 5631 forte
3128 5571 3307 5630 adhuc
3366 5571 3662 5629 catholicus
3716 5585 3847 5629 con-

2249 5669 2484 5742 scripsit,
2510 5668 2621 5741 jam
2644 5680 2777 5723 vero
2800 5666 3130 5724 montanista
3148 5663 3333 5733 edidit,
3352 5663 3406 5721 in
3433 5678 3539 5735 quo
3565 5661 3848 5720 haereticos

2250 5766 2333 5822 sui
2361 5764 2619 5836 temporis
2654 5761 2936 5835 suggillat,
2984 5760 3128 5833 quod
3156 5760 3526 5817 ordinationes
3556 5771 3741 5815 eorum
3771 5766 3849 5813 te-

2251 5858 2520 5927 merarite,
2550 5856 2720 5929 leves,
2743 5852 3125 5953 ipeoustantcs,
3159 5854 3355 5926 quippe
3379 5866 3500 5912 cum
3526 5850 3661 5910 alius
3682 5848 3842 5910 hodie
