4242 6266
386 331 461 399 25

1836 347 2236 439 νηιΕΡΑτιο.
3601 376 3675 439 se

383 453 672 568 epist-3pm,
701 469 821 568 eras
869 452 1046 514 alius:
1073 457 1230 517 hodie
1253 458 1534 530 Diaconus,
1563 464 1653 536 qui
1696 480 1834 557 cras.
1855 468 1982 524 Lec-
2006 468 2062 530 Α
2087 436 2257 530 ratam
2281 517 2300 545 ,
2368 474 2673 537 innocentia
2723 480 2985 553 integram
3009 488 3048 553 ,'
3071 485 3320 547 castitate
3390 494 3668 568 mundam,

382 556 463 603 tor
481 566 501 615 ;
518 547 676 605 hodie
698 548 990 624 Presbyter,
1012 553 1102 627 qui
1113 568 1233 612 cras
1258 555 1443 614 laicus.
1465 557 1653 631 (Ibid.,
1675 576 1723 619 c.
1745 551 1834 631 ll,
1852 572 1890 619 t.
1907 562 1968 634 ll,

382 642 487 699 col.
517 643 609 709 so.
635 643 751 717 57.)
868 707 881 710 ,

452 733 869 805 Matrimonium,
900 752 1024 796 cum
1047 742 1309 813 Apostolo
1334 754 1491 801 vocat
1514 761 1766 820 magnum
1792 763 1974 807 sacra-

378 836 616 883 mentum
637 842 724 895 ;at
729 830 885 901 juxta
904 834 1171 890 inachiam
1198 845 1246 891 et
1276 838 1665 908 fornicationem
1699 840 1857 899 docet
1891 860 1973 899 re-

379 919 552 989 putari
569 921 951 993 cenjunctiones
974 926 1223 995 occultas,
1243 946 1336 985 nec
1358 931 1500 1003 prius
1527 934 1667 1004 apud
1691 934 1972 991 Ecclesium

377 1014 635 1085 professas
654 1056 670 1082 ,
703 1032 795 1070 nec
821 1018 885 1072 ab
911 1020 1168 1092 episcopo,
1198 1027 1504 1097 presbyteris
1529 1036 1577 1082 et
1604 1028 1834 1085 diaconi:
1858 1048 1970 1086 mo-

377 1109 609 1179 nogamis
634 1112 918 1181 postulatus
941 1113 1046 1187 (De
1074 1115 1330 1186 Pudicit.,
1361 1134 1411 1175 ι’.
1430 1120 1484 1188 4,
1517 1128 1553 1174 ι.
1581 1120 1643 1189 ll,
1677 1123 1781 1178 col.
1815 1124 1965 1197 987).

374 1200 576 1272 Cuique
599 1202 727 1259 illud
758 1214 942 1262 notum
976 1223 991 1260 :
1028 1206 1181 1265 Unde
1205 1212 1511 1283 sufﬁciamus
1530 1213 1599 1267 ad
1623 1216 1970 1272 enarrandam

374 1294 666 1366 felicitatem
711 1298 822 1369 ejus
880 1301 1214 1368 matrimonii,
1238 1304 1371 1375 quod
1399 1304 1627 1360 Ecclesia
1650 1309 1892 1364 conciliat
1921 1320 1969 1366 et

373 1390 643 1458 confirmat
670 1391 859 1448 oblatio
903 1403 949 1447 et
988 1396 1218 1467 obsignat
1245 1397 1545 1467 benedictio,
1576 1403 1748 1473 angeli
1778 1420 1966 1459 renun-

371 1483 519 1551 tiant,
534 1483 688 1540 Pater
708 1497 821 1540 rato
843 1487 1017 1543 habet?
1032 1490 1133 1561 (Ad
1150 1489 1245 1546 Ux.
1267 1490 1302 1546 l.
1325 1491 1383 1559 ll,
1403 1493 1509 1561 c.9,
1538 1505 1575 1550 t.
1595 1495 1632 1564 l,
1651 1498 1756 1552 col.
1777 1498 1963 1570 1502).

442 1576 574 1634 llaec
600 1579 812 1637 demum
843 1578 909 1634 de
928 1595 1088 1651 prece
1112 1581 1228 1638 sive
1253 1584 1479 1654 privata,
1503 1586 1618 1643 sive
1644 1588 1872 1658 publica,
1896 1590 1969 1648 de

365 1674 539 1731 sacris
582 1674 919 1747 synaxihus,
978 1692 1042 1735 ac
1085 1678 1360 1735 Dominica
1403 1694 1559 1737 omna
1605 1682 1965 1742 Tertullianus

367 1766 568 1824 habet:
600 1770 887 1827 Christiani
935 1771 1183 1839 orabant,
1215 1772 1411 1829 oculum
1442 1775 1798 1843 suspicientes
1818 1818 1833 1842 ,
1862 1792 1964 1833 ex-

2078 578 2247 638 agape
2269 580 2601 640 coronatam,
2633 588 2756 631 cum
2783 591 2978 649 pompa
3004 594 3228 651 operum
3256 584 3543 658 bonorum,
3585 592 3672 649 in-

2081 668 2163 715 ter
2191 662 2423 732 psalmos
2451 675 2505 721 et
2526 666 2754 739 hymnos
2792 670 3078 729 deductam
3105 675 3172 730 ad
3202 676 3297 734 Dei
3323 681 3518 755 altare,
3561 702 3674 743 om-

2077 753 2165 807 nia
2191 769 2220 807 a
2250 755 2358 811 Deo
2397 756 2820 829 impetraturam,
2853 763 3143 826 Christiani
3165 775 3492 832 mactabant.

2149 845 2396 905 Strictius
2419 864 2483 905 ac
2508 849 2705 909 festino
2730 854 2867 926 pede
2887 857 3166 929 cujusuam
3199 865 3272 921 sit
3293 869 3431 923 usus
3460 868 3672 926 Tertul-

2077 940 2205 997 liani
2230 943 2281 998 iu
2312 958 2373 999 re
2401 947 2588 1002 morali
2629 957 2683 1003 et
2719 951 2970 1021 aseetica,
3025 965 3083 1011 ut
3108 959 3471 1032 promisimus,
3498 961 3671 1037 carpi-

2076 1050 2215 1091 mus.
2241 1036 2386 1094 lllieo
2404 1054 2468 1095 ac
2494 1041 2669 1111 primo
2699 1045 3084 1116 explorandum
3117 1049 3253 1110 foret
3291 1057 3509 1128 quinam
3533 1036 3671 1131 qua-

2074 1126 2221 1184 lesve
2278 1128 2474 1187 fuerint
2517 1132 2943 1195 Christianorum
3008 1158 3207 1202 mores.
3256 1126 3338 1203 Ea
3394 1126 3669 1221 disciplina

2074 1222 2332 1291 patientia:
2358 1225 2541 1281 divina:
2567 1245 2717 1300 agere
2741 1248 2851 1298 nos,
2885 1233 3058 1306 inquit
3101 1238 3312 1310 Noster,
3345 1245 3467 1301 satis
3497 1248 3672 1301 niani-

2072 1314 2256 1383 festum
2284 1332 2392 1371 esse
2421 1320 2557 1390 vobis
2602 1332 2784 1391 potest,
2824 1341 2941 1379 cum
2980 1338 3124 1384 tanta
3168 1333 3434 1391 hominum
3489 1340 3638 1394 multi
3652 1372 3669 1383 -

2073 1409 2215 1477 tudo,
2247 1429 2366 1480 pars
2419 1431 2547 1486 pene
2587 1419 2756 1490 major
2802 1419 3018 1476 ciuitatis
3058 1428 3321 1501 cuiusque,
3374 1432 3428 1487 in
3465 1434 3667 1489 silentio

2070 1510 2119 1556 et
2161 1503 2408 1559 modestia
2451 1509 2674 1579 agimus,
2714 1512 2906 1583 singuli
2966 1524 3100 1591 forte
3145 1521 3255 1575 noti
3305 1523 3469 1595 magis
3513 1541 3667 1595 quant

2068 1609 2388 1662 omnes;nec
2415 1602 2624 1659 aliunde
2652 1609 2920 1667 noscibiles
2944 1653 2961 1679 ,
3004 1630 3159 1683 quam
3211 1616 3275 1670 de
3318 1617 3668 1676 emendatione

2067 1690 2304 1747 uitiorum
2349 1695 2370 1768 (
2397 1696 2478 1752 Ad
2516 1698 2756 1772 Scapul.,
2778 1719 2899 1775 cap.
2924 1705 2983 1775 .2,
3019 1715 3057 1762 t.
3091 1706 3132 1777 l,
3162 1709 3266 1765 col.
3299 1709 3448 1783 700).

2138 1783 2255 1841 Jam
2284 1802 2414 1845 vero
2458 1795 2654 1861 qnanta
2698 1795 3122 1856 Christianorum
3152 1801 3388 1859 charitas
3412 1818 3533 1874 qua:
3582 1806 3665 1862 vel

366 1861 550 1929 pansis
574 1863 840 1928 manibus,
868 1864 920 1920 in
947 1862 1146 1920 Christi
1175 1865 1323 1920 cruci
1350 1864 1494 1921 afﬁxi
1525 1866 1742 1922 modum
1771 1882 1835 1922 ac
1862 1869 1966 1923 lor-
1994 1861 2045 1928 Β
2071 1874 2316 1936 ethnicos
2338 1881 2392 1936 in
2407 1882 2816 1943 admirationem
2843 1891 2985 1962 rapit
3012 1908 3025 1947 :
3068 1890 3208 1959 Vide,
3237 1861 3491 1966 inquiunt,
3516 1861 3667 1951 uti".

365 1969 509 2010 mam
528 1998 542 2021 ,
570 1957 746 2026 capite
773 1957 948 2024 nudo,
966 1961 1117 2015 vultu
1135 1974 1372 2032 voceque
1398 1960 1631 2017 demissa
1653 2004 1669 2029 ,
1696 1961 1764 2016 ad
1788 1962 1966 2019 orien-

368 2056 475 2103 tem
492 2051 733 2107 convcrsi
754 2068 768 2117 ;
784 2060 908 2108 ante
922 2054 1222 2110 orationem
1244 2068 1433 2110 manus
1456 2054 1695 2122 abluere,
1715 2056 1963 2127 penulam

365 2138 651 2209 deponere,
686 2142 1002 2215 plerumque
1025 2145 1168 2201 soliti
1196 2144 1326 2210 ;alii
1356 2145 1496 2202 inter
1522 2146 1782 2202 orandum
1824 2148 1963 2206 assi-

364 2232 577 2302 dentes,
602 2237 692 2291 alii
719 2238 820 2294 sub
838 2248 1133 2310 conspectu
1156 2240 1479 2312 Dei,angelo
1504 2239 1677 2297 adhuc
1700 2243 1960 2301 orationis

363 2336 559 2398 stante,
589 2337 734 2387 stare
764 2340 819 2388 et
864 2333 996 2405 ipsis
1023 2334 1358 2391 reverentius
1394 2336 1758 2404 aestimantes;
1797 2337 1961 2396 alter-

365 2420 450 2477 nis
479 2421 697 2480 demum
728 2424 1062 2482 Psalmorum
1087 2425 1335 2484 cantibus
1370 2434 1427 2485 et
1457 2426 1673 2500 hymnis
1716 2444 1841 2487 sese
1866 2444 1960 2489 re-

348 2523 628 2582 'creanlcs,
654 2529 721 2572 ac
745 2526 862 2589 post
884 2532 1099 2589 precem
1124 2517 1369 2576 osculum
1399 2524 1552 2592 pacis
1589 2536 1700 2577 non
1741 2520 1960 2579 subtra-

363 2608 592 2676 hentes;
619 2611 738 2667 sine
759 2610 1052 2682 monitore.
1077 2613 1171 2684 qui
1192 2628 1328 2671 voce
1373 2614 1614 2686 praeiret,
1633 2614 1731 2673 sed
1767 2615 1839 2673 de
1857 2630 1956 2688 pe-

358 2710 513 2760 ctore
549 2714 711 2775 atque
750 2705 940 2761 intimo
984 2706 1164 2762 cordis
1197 2706 1390 2763 aﬁ‘ectu
1444 2707 1831 2778 deprecantes;
1867 2708 1958 2767 die

363 2797 494 2853 solis
536 2812 658 2853 cum
710 2797 893 2854 laetitia
927 2799 1343 2866 convenientes;
1372 2800 1958 2858 tumsacrorumlihro-

358 2904 479 2945 rum
511 2890 729 2946 lectioni
777 2900 1061 2958 vacantes;
1100 2893 1299 2961 scripta
1335 2892 1495 2949 simul
1540 2892 1951 2964 Pr0phetarum,

356 2984 848 3055 commentariaque
879 2985 1256 3056 Apostolorum
1285 2987 1601 3055 recitantes;
1628 2986 1957 3043 admonitio‘

356 3092 483 3134 nem
497 3077 836 3147 prtesidentis
848 3078 1145 3147 audientes;
1169 3088 1278 3135 tum
1300 3080 1681 3150 castigationes
1693 3089 1747 3135 et
1760 3093 1956 3136 censu-
1976 3150 1979 3153 δ

354 3184 473 3225 ram
486 3168 723 3225 divinam
737 3170 1084 3240 excipientes,
1117 3185 1147 3226 a
1175 3172 1663 3229 communicatione
1690 3170 1953 3227 orationis

2066 1970 2222 2026 vicem
2242 1990 2297 2030 se
2315 1975 2557 2048 diligant,
2572 1988 2617 2034 et
2638 1988 2691 2035 ut
2714 1998 2806 2052 pro
2826 1984 3071 2039 alterutro
3083 1986 3210 2041 mori
3229 1988 3330 2042 sint
3347 1990 3541 2059 parati!
3551 1989 3578 2042 Ι
3586 1990 3666 2061 psi

2065 2063 2199 2119 enim
2220 2066 2418 2124 ethnici
2439 2070 2508 2124 ad
2526 2072 2857 2129 occidendum
2885 2076 3183 2132 alterutrum
3204 2080 3663 2152 paratiores(Apo-

2064 2154 2276 2228 log.59,
2296 2166 2334 2214 t.
2350 2158 2390 2228 Ι,
2414 2162 2519 2218 col.
2540 2163 2687 2235 471).
2713 2166 2922 2232 Quanta
2947 2169 3232 2242 conjugum
3250 2170 3660 2228 Christianorum

2064 2246 2303 2343 castitas,
2327 2263 2380 2310 et
2403 2256 2648 2313 caelibum
2673 2261 2960 2318 multorum
2991 2263 3289 2335 integritas,
3307 2276 3361 2322 et
3395 2268 3661 2339 virginum

2063 2340 2399 2402 innocentia!
2436 2348 2575 2414 Quid
2598 2352 2728 2405 enim
2750 2354 2947 2425 insigne
2962 2357 3295 2428 prazferimus,
3328 2360 3426 2414 nisi
3444 2361 3663 2433 primam

2063 2435 2387 2507 sapientiam,
2415 2456 2517 2511 qua
2532 2442 2718 2512 frivola
2744 2445 2984 2502 humana:
3010 2465 3192 2505 manus
3220 2467 3373 2522 Opera
3401 2469 3503 2507 non
3536 2454 3663 2509 ndo-

2061 2545 2259 2599 ramus;
2276 2532 2759 2608 abstinentiam,qua
2785 2540 2847 2596 ab
2876 2543 3045 2598 alieno
3067 2553 3441 2615 temperamus;
3464 2546 3663 2618 pudici-

2063 2626 2362 2697 tiam,qnam
2391 2647 2479 2685 nec
2502 2633 2662 2688 oculis
2681 2637 3108 2703 contaminamns;
3120 2639 3540 2704 misericordiam,
3557 2656 3657 2710 qua

2058 2732 2211 2787 super
2229 2720 2511 2793 indigentes
2546 2726 2839 2795 ﬂectimur;
2880 2729 3469 2802 ipsantveritatem,qua
3496 2731 3661 2799 o/fen-

2060 2811 2254 2877 (limus;
2280 2814 2445 2884 ipsam
2488 2818 2787 2886 libertatem,
2821 2839 2914 2893 pro
2933 2840 3035 2893 qua
3075 2824 3205 2879 mori
3225 2826 3453 2904 novimus
3486 2824 3607 2896 (lib.
3638 2824 3659 2881 ι

2058 2906 2125 2961 ad
2156 2907 2392 2979 Nation.,
2422 2927 2472 2968 c.
2501 2912 2553 2981 4,
2576 2922 2610 2968 t.
2630 2913 2672 2981 Ι,
2697 2916 2797 2971 col.
2827 2916 2979 2990 961).
3003 2915 3227 2974 Cuinam
3250 2919 3543 2974 inauditum
3575 2928 3660 2975 est

2060 3017 2220 3071 quam
2250 3003 2450 3062 invicte
2479 3007 2843 3065 Tertullianus
2882 3026 3005 3067 cum
3030 3012 3460 3068 Christianorum
3490 3013 3655 3066 mori-

2057 3092 2160 3150 bus
2196 3097 2437 3153 conferat
2489 3099 2932 3172 philosnpborum
2980 3105 3419 3174 praestantissima
3472 3119 3658 3158 exem-

2056 3184 2143 3255 pla
2195 3187 2473 3245 modestia:
2503 3231 2519 3257 ,
2577 3192 2987 3261 :equanimitatis
3015 3235 3031 3261 ,
3092 3194 3258 3262 ﬁdei,
3301 3193 3656 3264 simplicitatis

355 3269 415 3319 et
433 3272 729 3319 conventus
756 3271 810 3320 et
830 3263 1006 3319 omnis
1029 3264 1202 3319 sancti
1254 3264 1563 3320 commercii
1592 3262 1949 3333 delinquenti-
1977 3255 2028 3322 C
2060 3276 2326 3351 (Apolog.,
2382 3255 2513 3351 cap.
2550 3255 2679 3354 46f?
2751 3283 2987 3339 Cteteras
3016 3255 3180 3341 rinter
3225 3255 3654 3342 Christianorum

353 3355 458 3413 bus
503 3356 773 3428 relegatis.
804 3357 1056 3429 EpiscOpi
1084 3358 1168 3413 his
1192 3358 1483 3430 synaxibus
1498 3352 1871 3427 praesidebant,
1900 3366 1954 3415 et

355 3463 545 3509 eorum
575 3450 913 3517 auctoritate,
942 3451 1243 3523 presbyteri
1273 3458 1329 3507 et
1352 3448 1584 3517 diaconi,
1604 3448 1812 3521 probati
1841 3449 1954 3504 ele-

350 3544 447 3610 eti,
478 3545 702 3600 seniores
742 3545 1031 3615 nuncupati
1056 3561 1071 3612 ;
1094 3560 1123 3599 a
1145 3543 1341 3616 quibus
1362 3557 1464 3600 nec
1490 3542 1561 3599 de
1580 3541 1810 3600 aliorum
1837 3557 1953 3598 ma-

352 3653 445 3705 nu,
488 3638 542 3694 in
592 3648 833 3710 tempore
877 3641 1072 3708 victus,
1099 3640 1261 3697 etiam
1312 3638 1645 3697 antelucanis
1696 3639 1947 3711 ctptibus,

350 3729 707 3787 Eucharistitc
730 3743 1123 3789 sacramentum
1148 3732 1262 3789 sive
1277 3732 1619 3802 sumendum,
1634 3732 1749 3788 sive
1774 3747 1950 3789 reser-

353 3823 606 3895 randum,
652 3832 711 3880 ut
738 3824 883 3883 domi
933 3830 1229 3895 sumerent,
1262 3824 1620 3897 excipiebant.
1670 3824 1843 3882 Erant
1893 3834 1951 3884 et

349 3924 548 3987 pra-ter
576 3916 719 3974 diem
748 3917 902 3985 solis,
928 3916 1255 3989 jejuniorum
1278 3926 1335 3974 et
1360 3919 1650 3975 stationum
1667 3917 1805 3985 dies,
1836 3917 1949 3989 qui-

352 4011 458 4066 bus
490 4011 743 4082 prolixius
787 4012 1047 4079 orabant,
1081 4027 1256 4084 genua
1286 4011 1565 4069 ﬂectentes
1590 4027 1713 4069 cum
1738 4011 1949 4084 reliquo

352 4102 670 4161 humilitatis
711 4119 881 4173 more,
914 4106 982 4160 ad
1005 4120 1156 4163 aram
1196 4105 1420 4173 diutius,
1444 4114 1668 4178 accepto
1714 4118 1947 4176 corpore

350 4197 588 4267 Domini,
613 4206 846 4255 stantes.
899 4199 1152 4255 Erantet
1193 4196 1343 4255 hora:
1393 4198 1501 4265 diei
1567 4198 1942 4266 solemniores,

345 4308 547 4366 nempe
576 4294 751 4359 tertia,
778 4301 948 4359 sexta,
965 4306 1125 4360 nona,
1159 4300 1354 4362 praeter
1382 4292 1649 4364 legitimas
1671 4291 1943 4349 orationes

343 4400 471 4457 qua:
514 4387 759 4457 ingrchu
814 4387 949 4442 lucis
986 4395 1042 4442 et
1105 4387 1276 4443 noctis
1328 4384 1707 4451 debebantur,
1763 4384 1944 4442 cibum

345 4490 402 4537 et
420 4480 687 4539 lavacrum
708 4482 896 4553 prteire
921 4482 1198 4550 solebant,
1229 4483 1531 4556 vigiliisque
1577 4483 1748 4540 noctis
1770 4485 1943 4540 inter-

343 4572 631 4642 cidebant;
674 4583 928 4632 caeterum
973 4575 1107 4631 nihil
1158 4575 1383 4632 omnino
1432 4575 1805 4647 praescriptum
1834 4585 1935 4644 est,

2059 3367 2285 3426 virtutes
2335 3372 2571 3429 maxime
2618 3375 2837 3430 emicuit
2866 3386 2975 3430 tam
3004 3374 3189 3431 sedula
3215 3393 3375 3448 quam
3404 3377 3536 3433 dura
3554 3380 3638 3449 je-

2050 3460 2329 3532 juniorum
2386 3464 2746 3534 observantia,
2800 3482 2904 3538 qua
2950 3483 3060 3523 non
3108 3470 3285 3526 minus
3332 3485 3490 3542 quam
3534 3472 3653 3527 aliis

2055 3554 2343 3612 virtutibus
2398 3556 2466 3612 ab
2508 3558 2739 3615 ethnicis
2790 3558 3191 3632 discrepabunt.
3260 3561 3371 3620 Nec
3432 3564 3497 3620 iis
3554 3578 3645 3619 sa-

2055 3644 2124 3702 tis
2153 3646 2251 3702 luit
2273 3663 2376 3705 non
2407 3650 2582 3705 solum
2611 3650 2836 3722 publicis
2868 3652 2922 3708 in
2952 3654 3366 3722 calamitatibus,
3396 3655 3490 3712 sed
3532 3657 3651 3712 aliis

2054 3737 2215 3793 etiam
2241 3738 2429 3796 diebus
2461 3751 2566 3796 tam
2604 3734 2799 3798 severa
2834 3753 3155 3816 austeraque
3194 3745 3520 3817 jejuniorum
3561 3750 3651 3804 oh-

2052 3833 2356 3890 servatione
2383 3834 2515 3890 iram
2543 3836 2637 3892 Dei
2667 3838 2898 3908 placare,
2952 3838 3046 3894 sed
3068 3839 3121 3894 in
3157 3856 3304 3895 sacco
3347 3840 3533 3903 etiam,
3577 3842 3653 3896 ait

2053 3924 2485 3995 Tertullianus,et
2497 3928 2663 3984 cinere
2680 3931 3179 3997 volutantes,invidia
3193 3934 3371 3989 caelum
3390 3934 3651 3989 tundimus

2054 4016 2333 4091 (Apolog.,
2355 4035 2471 4091 cap.
2491 4020 2562 4078 40
2582 4019 2622 4092 ).
2645 4021 2759 4078 Huc
2789 4022 3069 4079 referenda
3087 4024 3265 4080 forent
3286 4024 3642 4095 pulcherrima

2049 4126 2169 4182 qua:
2185 4113 2235 4167 in
2253 4113 2406 4169 libris
2418 4115 2741 4185 specialibus
2753 4115 3097 4172 concinnavit
3112 4116 3304 4172 Noster
3315 4117 3383 4173 de
3397 4118 3644 4185 oratione,

2050 4204 2120 4262 de
2148 4206 2409 4277 patientia:
2436 4209 2655 4273 virtute,
2684 4207 2750 4264 de
2780 4224 2917 4264 vano
2946 4208 3217 4265 mulierum
3244 4210 3386 4264 cultu
3414 4222 3461 4265 et
3488 4229 3646 4265 orna-

2048 4310 2240 4370 mento,
2268 4302 2336 4358 de
2357 4301 2540 4359 illicita
2565 4305 2969 4375 spectaculorum
2991 4302 3311 4374 frequentia,
3336 4304 3401 4360 de
3429 4294 3645 4359 idolola-

2048 4394 2149 4448 tria
2174 4402 2231 4451 et
2256 4394 2420 4451 variis
2444 4395 2686 4466 ejusdem
2708 4397 3012 4468 speciebus,
3043 4396 3111 4453 de
3137 4397 3372 4470 martyrii
3396 4412 3505 4468 pra.-
3524 4412 3643 4452 om-

2048 4488 2207 4545 nibus
2225 4489 2595 4572 excellen'tiori
2623 4491 3088 4565 magnanimitate.

2118 4583 2234 4653 His,
2263 4584 2537 4642 coronidis
2566 4586 2766 4653 instar,
2800 4585 3156 4642 adnectantur
3200 4583 3400 4640 selecta
3428 4597 3491 4639 ex
3521 4581 3647 4638 Ter-

343 4668 452 4724 nisi
477 4669 624 4724 omni
653 4668 704 4725 in
736 4678 977 4741 tempore
1002 4678 1059 4725 et
1101 4669 1222 4727 loco
1250 4684 1429 4726 orare.
1473 4668 1618 4726 Nihil
1644 4684 1774 4727 vero
1795 4670 1941 4727 Celeo
1965 4650 2023 4713 Ῑ)
2050 4650 2257 4736 mutaui
2283 4682 2536 4753 operibus
2562 4683 2794 4738 asceiica
2812 4680 3155 4737 documenta.

348 4762 499 4819 brius
518 4777 678 4833 quam
710 4778 831 4819 cum
882 4777 1037 4819 coma
1067 4762 1123 4817 tit
1176 4776 1298 4833 quae
1349 4762 1528 4834 Agape
1550 4762 1780 4828 dicitur;
1834 4778 1943 4820 non

344 4856 494 4925 prius
516 4854 868 4911 discumbitur
885 4869 1045 4927 quam
1072 4855 1244 4911 oratio
1259 4853 1326 4910 ad
1350 4854 1516 4910 Deum
1544 4863 1938 4924 praegustetur;

341 4947 545 5016 editur,
575 4956 832 5020 quantum
862 4950 1167 5005 esurientes
1211 4946 1457 5019 frugique
1493 4947 1752 5022 capiunt;
1804 4946 1943 5002 bibi-

343 5052 450 5108 tur,
481 5050 740 5113 qnantum
769 5041 976 5112 pudicis
1004 5041 1134 5096 utile
1156 5048 1260 5097 est.
1288 5040 1417 5098 Post
1440 5055 1671 5108 orenam,
1710 5054 1846 5111 aqua
1874 5038 1945 5096 ad

341 5148 534 5190 manus
554 5133 847 5190 abluendas
872 5132 1189 5206 porrigitur,
1209 5132 1409 5188 lumina
1445 5130 1516 5188 ad
1546 5144 1715 5202 usque
1767 5132 1940 5188 lucem

340 5224 450 5282 diei
478 5222 944 5293 accendebantur;
969 5224 1083 5282 tum
1109 5235 1315 5282 remota
1337 5238 1542 5290 mensa,
1578 5224 1943 5294 unusquisque

338 5321 408 5375 ad
464 5319 719 5393 hymnum
761 5322 1009 5393 aliquem,
1038 5330 1129 5377 aut
1170 5320 1512 5390 desumptum
1555 5333 1623 5374 ex
1664 5317 1940 5387 Scriptura

337 5422 546 5479 sancta,
577 5422 670 5468 aut
695 5411 763 5468 de
778 5412 992 5484 proprio
1020 5412 1237 5484 ingenio
1262 5410 1521 5478 elicitum,
1547 5410 1599 5466 iu
1624 5409 1785 5464 totius
1804 5424 1939 5464 cun-

334 5520 523 5561 scssus
551 5514 606 5561 et
630 5520 846 5561 coronae
873 5505 1051 5563 medio
1076 5505 1397 5576 canendum,
1432 5517 1755 5585 provocant
1780 5520 1795 5562 :
1824 5510 1937 5564 ιιιω

334 5597 587 5669 precibus
630 5608 814 5668 grates
840 5598 952 5654 Deo
1004 5599 1327 5665 referuntur,
1369 5607 1428 5655 et
1475 5598 1600 5655 inde
1643 5596 1938 5658 disceditur

334 5689 407 5746 ad
427 5689 672 5747 eamdem
712 5706 896 5746 curam
926 5689 1202 5749 modestia:
1226 5700 1281 5748 et
1323 5690 1617 5762 pudicitiae,
1660 5692 1752 5765 qui
1826 5707 1935 5751 non

334 5792 447 5839 tam
496 5798 706 5840 caenam
756 5784 1105 5851 ccenaverint,
1159 5798 1321 5855 quam
1372 5783 1731 5857 disciplinam.
1786 5784 1934 5846 lianc

329 5877 568 5943 hostiam
615 5880 684 5941 de
710 5879 875 5951 corde
901 5879 1171 5951 devotam,
1202 5880 1309 5945 ﬁde
1329 5893 1557 5955 pastam,
1585 5882 1811 5949 veritate
1831 5902 1932 5950 ω.

2119 4772 2438 4831 Christianus
2489 4773 2655 4829 Deum
2693 4774 2850 4840 timet,
2902 4788 3008 4835 non
3057 4771 3400 4828 homines.-—
3443 4790 3463 4828 ς
3494 4771 3600 4829 Nos
3624 4812 3641 4839 ν

2045 4869 2139 4940 qui
2168 4868 2268 4925 sub
2292 4869 2401 4926 Deo
2443 4855 2683 4923 omnium
2724 4865 3067 4937 speculatore
3102 4864 3497 4938 dispungimur,
3526 4868 3643 4940 qui-

2047 4977 2154 5033 que
2180 4972 2437 5016 teternam
2466 4961 2534 5016 ab
2575 4974 2642 5016 eo
2681 4973 2895 5028 ptenam
2920 4958 3283 5029 providemus,
3314 4963 3512 5018 merito
3538 4961 3639 5017 soli

2047 5053 2368 5110 innocentiae
2396 5052 2745 5118 occurrimus,
2775 5060 2830 5107 et
2845 5066 2942 5121 pro
2954 5052 3193 5110 scientia:
3210 5052 3558 5124 plenitudine,
3586 5062 3641 5107 et

2044 5161 2144 5218 pro
2170 5146 2495 5203 latebrarum
2522 5143 2857 5211 difﬁcultate,
2890 5153 2947 5202 et
2993 5159 3091 5216 pro
3116 5144 3480 5216 magnitudine
3517 5159 3638 5199 cru-

2043 5239 2232 5306 ciatus,
2268 5235 2676 5302 non,diuturni,
2728 5252 2914 5294 verum
2938 5237 3270 5308 sempiterni,
3299 5252 3418 5293 eum
3448 5237 3638 5291 timcn-

2045 5343 2145 5402 tcs,
2161 5347 2318 5404 quem
2347 5332 2539 5388 timere
2563 5330 2781 5397 debebit
2799 5339 2855 5386 et
2878 5329 3012 5399 ipse,
3031 5330 3118 5400 qui
3143 5329 3390 5385 timentes
3408 5327 3633 5398 judicat:

2044 5425 2235 5493 Deum,
2269 5440 2375 5481 non
2403 5422 2785 5497 proconsulem
2818 5420 3068 5478 timentes
3111 5419 3213 5494 (In
3239 5419 3483 5503 Apolog.,
3515 5437 3630 5495 cap.

2039 5519 2129 5587 45,
2154 5527 2193 5573 t.
2224 5518 2265 5587 1,
2297 5518 2398 5574 col.
2429 5518 2597 5590 500).
2636 5534 2657 5572 ι
3292 5508 3298 5515 ’

2110 5609 2253 5665 Deus
2263 5610 2334 5665 ad
2360 5611 2706 5681 paenitentiam
2722 5609 3289 5681 impellit.—-¢Bonum
3310 5616 3393 5664 est
3417 5607 3637 5678 pumile-

2038 5718 2119 5769 πθ,
2147 5717 2216 5758 an
2238 5702 2371 5758 non?
2394 5701 2531 5772 Quid
2554 5702 2810 5759 revolvis?
2832 5701 2974 5757 Deus
2994 5701 3251 5774 praecipit.
3279 5703 3345 5756 At
3372 5701 3515 5756 enim
3544 5700 3635 5756 ille

2036 5809 2145 5850 non
2171 5793 2410 5865 principii
2432 5801 2660 5863 tantum,
2685 5793 2780 5852 sed
2801 5796 2963 5852 etiam
2987 5795 3253 5850 hortatur.
3282 5793 3474 5852 Invitat
3497 5807 3634 5864 pra:-

2036 5888 2145 5950 mie
2166 5888 2436 5961 salutem;
2477 5888 2687 5962 iurans,
2719 5888 2882 5951 etiam
2907 5888 3017 5949 viva
3041 5886 3248 5960 dicens,
3301 5887 3446 5958 cupit
3483 5883 3632 5944 credi
