4238 6262
538 370 613 444 ε,
1996 363 2381 427 Ptt/EFATIO.
2478 420 2491 435 .
3622 338 3631 351 ’
3771 382 3843 445 es

548 498 673 557 sibi.
695 497 742 557 0
772 494 958 557 beatos
981 508 1098 562 nes,
1127 500 1559 567 quorumeaussa
1607 484 1747 542 Deus
1772 483 2022 576 jnrath
2049 484 2149 540 mi—
2176 485 2228 546 Δ
2255 487 2372 545 dus.
2409 488 2462 545 ω
2495 503 2707 563 quoque
2754 489 3080 554 desiderium
3124 498 3372 570 patientia
3416 505 3839 576 temperandum.

544 591 822 661 serrimos,
872 589 916 647 si
973 603 1071 646 nec
1093 587 1293 660 juranti
1331 583 1558 641 Domino
1591 575 2057 650 eredimus.(Lib.
2084 577 2148 632 de

547 685 765 753 Pwnih,
786 701 901 755 cap.
931 682 986 751 4,
1022 691 1061 738 t.
1090 681 1131 749 Ι,
1166 680 1267 735 col.
1298 675 1482 749 1255).
1528 695 1547 729 ι

616 776 945 833 Peccatarem
975 772 1043 826 ad
1066 789 1120 828 se
1166 778 1494 826 revertentem
1527 766 1667 822 Deus
1721 764 1933 837 benigne
1976 761 2150 846 susci-

544 873 640 944 pit.
660 868 908 938 —«Quis
938 866 1030 924 ille
1047 866 1202 923 nobis
1229 861 1608 937 intelligendus
1621 860 1815 917 Pater?
1841 859 1986 916 Deus
2037 856 2144 913 sei-

541 967 687 1035 lieet,
721 972 827 1021 tam
853 963 1014 1020 Pater
1045 976 1235 1028 nemo;
1264 967 1373 1015 tam
1410 959 1527 1030 pius
1559 954 1806 1013 nemo.ls
1831 968 1959 1025 ergo
2001 959 2054 1008 te
2083 950 2146 1007 fi-

544 1061 679 1121 lium
708 1073 886 1126 suum,
917 1057 1018 1113 etsi
1048 1064 1328 1134 acceptum
1353 1052 1422 1109 ab
1450 1067 1516 1108 eo
1544 1049 1875 1123 prodegeris,
1918 1048 2019 1105 etsi
2041 1063 2143 1102 nu-

545 1153 647 1211 dus
676 1150 925 1218 redieris,
950 1148 1194 1219 recipiet,
1241 1144 1366 1219 quia
1405 1143 1591 1202 redisti
1621 1161 1636 1199 :
1668 1143 1946 1215 magisque
1974 1141 2041 1198 de
2066 1155 2146 1198 re-

545 1261 736 1320 gressu
764 1253 872 1311 tuo,
897 1258 1055 1315 quam
1115 1240 1184 1297 de
1227 1240 1450 1297 alterius
1508 1236 1806 1294 sobrietate
1854 1234 2143 1291 laetabitur.

544 1338 650 1396 Sed
675 1339 720 1393 si
744 1336 1003 1409 poeniteat
1033 1349 1101 1391 ex
1132 1333 1409 1390 animo....
1447 1332 1492 1386 si
1537 1343 1753 1402 porcos,
1808 1325 2147 1383 immundum

544 1432 818 1502 relinquas
843 1444 1027 1502 pecus,
1058 1427 1102 1484 si
1127 1435 1335 1497 patrem
1364 1432 1577 1496 repetas
1605 1424 1690 1480 vel
1716 1421 1983 1479 offensum
2004 1465 2018 1489 ,
2041 1419 2146 1476 De-

545 1524 690 1595 liqui,
720 1523 927 1589 dicens,
962 1520 1140 1589 Pater,
1168 1536 1259 1575 nec
1281 1519 1466 1591 dignus
1496 1532 1586 1589 ego
1626 1517 1741 1587 jam
1774 1515 1954 1573 vocari
2006 1522 2143 1569 tuus.

546 1619 777 1678 Tantum
806 1617 1009 1674 relevat
1033 1614 1303 1673 confessio
1324 1612 1663 1678 delictorum,
1695 1617 1953 1682 quantum
1983 1606 2143 1663 dissio

551 1712 775 1770 mulatio
825 1720 1133 1783 exaggerat.
1205 1706 1489 1766 Confessio
1563 1705 1708 1761 enim
1765 1701 2147 1761 satisfactionis

546 1806 829 1863 consilium
891 1813 1002 1871 est,
1060 1801 1419 1861 dissimulatio
1470 1797 1821 1862 contumacia:
1863 1794 2144 1872 (Ibidem,

551 1915 667 1972 cap.
698 1899 750 1968 8,
782 1908 820 1956 ι.
840 1897 882 1968 1,
916 1896 1017 1955 col.
1048 1895 1230 1969 1245).

625 2015 644 2051 ε
673 1992 1055 2064 Εκοηιοιοθεδὶε
1079 1987 1453 2063 prosternendi
1478 1996 1533 2045 et
1552 1983 1936 2043 humilificandi
1968 1983 2145 2040 homi-

546 2090 633 2149 nis
681 2086 963 2158 disciplina
984 2092 1088 2152 est,
1119 2081 1589 2140 conversationem
1612 2078 1896 2150 injungcns
1933 2074 2147 2133 miscri-

549 2180 747 2241 cordia:
796 2178 1015 2235 illicem.
1047 2175 1122 2232 De
1170 2175 1289 2247 ipso
1332 2186 1548 2245 quoque
1591 2170 1772 2226 habitu
1816 2176 1978 2241 atque
2004 2168 2148 2223 victu

551 2274 790 2343 mandat,
823 2285 982 2328 sacco
1028 2278 1084 2327 et
1129 2268 1301 2326 cineri
1332 2266 1608 2332 incubare,
1659 2278 1858 2334 corpus
1898 2261 2149 2321 sordibus

556 2370 867 2433 obscurare,
923 2364 1160 2420 animum
1215 2359 1539 2418 mmroribus
1576 2357 1850 2429 dejicere,
1894 2355 1983 2411 illa
2029 2369 2150 2426 qua:

547 2461 810 2537 peccavit,
861 2459 999 2517 tristi
1072 2457 1387 2513 tractatione
1448 2465 1695 2520 mutare;
1747 2459 2004 2507 caaterum
2052 2463 2150 2520 pa-

552 2570 694 2616 stum
726 2566 780 2614 et
808 2564 989 2629 potum
1018 2568 1165 2626 pura,
1178 2565 1361 2619 nosse,
1390 2564 1498 2606 non
1525 2546 1727 2604 ventris
1773 2544 2000 2611 scilicet,
2054 2541 2149 2600 sed

552 2654 747 2710 anima:
775 2666 964 2708 caussa
994 2666 1008 2704 :
1045 2648 1360 2721 plerumque
1385 2658 1515 2700 vero
1537 2640 1754 2713 jejuniis
1772 2653 1959 2711 preces
1984 2637 2149 2704 alere,

559 2744 935 2815 ingemiscere,
959 2739 1367 2811 lachrymari,et
1392 2734 1598 2806 mugire
1627 2731 1745 2789 dies
1767 2740 2059 2800 noctesque
2084 2727 2152 2783 ad

554 2836 838 2894 Dominum
870 2834 1037 2890 Deum
1058 2840 1232 2898 tuum,
1259 2826 1593 2901 presbyteris
1621 2823 1854 2891 advolvi,
1890 2830 1945 2879 et
1973 2821 2154 2879 charis

557 2929 650 2987 Dei
673 2926 1058 3001 adgeniculari,
1085 2925 1337 2981 omnibus
1367 2921 1622 2978 fratribus
1648 2919 1944 2991 legationes
1957 2917 2153 2988 depre-

557 3024 781 3080 cationis
802 3037 914 3079 sua:
940 3020 1220 3093 injungere
1243 3016 1294 3090 (l
1304 3016 1489 3084 bidem,
1523 3031 1572 3071 c.
1604 3013 1656 3082 9,
1683 3011 1776 3082 t.l,
1803 3011 1904 3068 col.
1930 3008 2148 3081 1242).»

627 3115 866 3171 Ridemla
883 3113 1194 3185 paenitentia,
1214 3127 1330 3183 qua:
1355 3108 1566 3165 delicias
1591 3123 1692 3162 non
1718 3105 1913 3179 objicit.
1930 3102 2154 3161 —tAd-

551 3211 703 3282 jicito
730 3210 797 3265 ad
837 3217 1133 3281 sumptum,
1164 3205 1463 3277 conquirilo
1490 3202 1715 3261 altilium
1746 3216 2023 3259 enormem
2067 3216 2155 3255 sa-

2249 584 2356 644 Cur
2370 585 2877 648 enimimmodcrate
2896 590 3037 649 feras
3052 593 3274 666 abiisse,
3304 612 3460 670 quem
3491 616 3618 656 mox
3650 602 3842 661 subso-

2250 678 2468 751 queris?
2495 679 2760 737 Cmterum
2788 683 3121 756 impatientia
3147 689 3199 745 in
3220 689 3523 761 hujusmodi
3544 703 3598 750 et
3617 696 3729 767 spei
3749 712 3846 753 no-

2250 783 2375 829 strre
2399 774 2539 832 male
2566 775 2853 845 ominatur,
2880 788 2937 836 et
2960 779 3120 838 fidem
3161 787 3563 855 prmvaricatur.
3589 789 3656 845 Et
3684 789 3843 848 Chri-

2250 879 2389 927 stum
2417 871 2662 929 ltedimes
2681 917 2696 944 ,
2729 888 2850 931 cum
2879 885 3130 935 evocatos
3159 894 3402 953 quosque
3447 883 3514 939 ab
3550 884 3663 953 illo,
3692 886 3844 957 quasi

2251 966 2608 1036 miserandos,
2684 985 2791 1025 non
2840 974 3208 1043 mquanimiter
3271 975 3561 1049 accipimus
3598 977 3842 1052 (Ibidem,

2250 1073 2365 1131 cap.
2400 1057 2452 1125 9,
2483 1059 2584 1116 col.
2618 1058 2821 1135 1261).
2849 1078 2869 1117 ι

2323 1148 2595 1208 Patientia:
2621 1155 2954 1210 encomia.——
2977 1176 2998 1210 ‹
3036 1159 3178 1216 Satis
3209 1159 3433 1220 idoneus
3458 1164 3728 1237 patientiae
3756 1182 3843 1225 se-

2249 1254 2469 1316 quester
2496 1248 2657 1304 Deus.
2690 1248 2745 1305 Si
2778 1250 3024 1321 injuriam
3053 1252 3367 1325 deposueris
3394 1274 3559 1331 penes
3590 1276 3733 1331 cum,
3765 1263 3849 1318 ul-

2251 1344 2336 1392 tor
2359 1346 2471 1407 est;
2500 1340 2544 1395 si
2565 1339 2841 1408 damnum,
2874 1346 3149 1403 restitutor
3162 1357 3281 1414 est;
3312 1350 3356 1405 si
3386 1350 3649 1422 dolorem,
3678 1354 3846 1412 medi-

2250 1442 2346 1485 cus
2371 1441 2488 1498 est;
2521 1433 2565 1488 si
2587 1441 2837 1505 mortem,
2860 1439 3210 1497 resuscitator
3229 1451 3328 1497 est.
3354 1442 3619 1514 Quantum
3649 1447 3844 1518 patien-

2253 1523 2340 1579 tia:
2362 1523 2505 1592 licet,
2536 1533 2593 1581 ut
2621 1525 2789 1583 Deum
2815 1527 3007 1586 habeat
3032 1531 3367 1590 debitorem?
3394 1552 3494 1593 nec
3542 1539 3842 1610 immerito;

2249 1612 2430 1671 omnia
2480 1615 2623 1672 enim
2655 1618 2847 1689 placita
2885 1621 3004 1693 ejus
3053 1632 3249 1692 tuetur,
3290 1627 3541 1684 omnibus
3586 1630 3847 1686 mandatis

2252 1706 2370 1778 ejus
2396 1708 2700 1766 intervenit.
2732 1711 2920 1770 Fidem
2942 1716 3133 1784 munit,
3183 1732 3367 1790 pacem
3399 1721 3685 1793 gubernat,
3725 1721 3849 1779 dile-

2252 1802 2486 1858 ctionem
2534 1804 2771 1876 adjuvat,
2805 1806 3156 1868 humilitatem
3207 1812 3446 1885 instruit,
3474 1818 3842 1887 pmnitentiam

2175 1885 2225 1947 B
2253 1905 2550 1968 exspectat,
2576 1899 2995 1973 cxomologesim
3025 1903 3286 1977 adsignat,
3309 1885 3527 1965 carnem
3553 1911 3709 1981 regit,
3742 1911 3851 1983 spi-

2251 1992 2413 2049 ritum
2442 2002 2640 2061 servat,
2674 1992 2906 2067 linguam
2938 1995 3146 2064 frzenat,
3195 2014 3411 2057 manum
3436 2004 3693 2070 continet,
3729 2012 3848 2060 tcn~

2252 2083 2479 2140 lationes
2506 2084 2767 2155 inculcat,
2801 2087 3051 2144 scandala
3075 2090 3246 2162 pellit,
3293 2095 3550 2165 martyria
3599 2110 3849 2152 consum-

2251 2184 2381 2246 mat,
2430 2192 2719 2251 pauperem
2752 2183 3084 2253 consolatur,
3114 2184 3333 2242 divitem
3364 2197 3646 2260 temperat,
3701 2190 3849 2246 infir-

2250 2285 2397 2327 mum
2426 2286 2534 2328 non
2579 2274 2837 2339 extendit,
2870 2276 3138 2333 valentem
3190 2295 3296 2335 non
3327 2283 3614 2351 consumit,
3636 2283 3846 2340 fidelem

2252 2362 2500 2431 delectat,
2534 2366 2784 2437 gentilcm
2817 2366 3024 2439 invitat,
3047 2385 3262 2427 servum
3296 2372 3542 2444 Domino,
3566 2375 3848 2432 Dominum

2255 2455 2369 2512 Deo
2397 2459 2761 2525 commendat,
2791 2460 3066 2518 fmminam
3094 2474 3347 2533 exornat,
3371 2466 3541 2523 virum
3569 2469 3849 2538 approbat;

2254 2558 2466 2606 amatur
2498 2552 2550 2607 in
2583 2566 2770 2623 puero,
2817 2553 3064 2613 laudatur
3108 2557 3160 2614 in
3206 2559 3431 2629 juvene,
3457 2548 3766 2631 suspicitur
3798 2564 3850 2620 in

2254 2656 2424 2711 sene;
2450 2643 2501 2699 in
2531 2645 2677 2701 omni
2705 2661 2858 2714 sexu,
2898 2649 2950 2703 in
2983 2650 3129 2707 omni
3159 2658 3314 2707 atate
3358 2650 3592 2710 formosa
3624 2654 3853 2729 cst(lbi-

2258 2737 2390 2801 dem,
2419 2753 2535 2811 cap.
2561 2738 2651 2808 15,
2678 2739 2778 2795 col.
2813 2739 2995 2809 1270).
3032 2761 3051 2796 ι

2328 2830 2582 2887 Adversus
2594 2835 2882 2904 spectacula
2913 2844 2957 2890 et
2985 2835 3304 2893 tlteatra.-—t
3326 2837 3711 2909 lmpudieitiam
3740 2856 3856 2896 om-

2259 2937 2382 2979 nem
2410 2925 2617 2981 amoliri
2642 2925 2913 2999 jubemur.
2942 2927 3053 2984 Hoc
3085 2930 3245 2999 igitur
3285 2930 3443 2985 modo
3469 2931 3629 2987 etiam
3660 2948 3690 2988 a
3713 2932 3854 2988 thea-

2260 3025 2344 3071 tro
2373 3030 2707 3087 separamur,
2738 3017 2881 3090 quod
2923 3027 3006 3075 est
3044 3022 3310 3090 privatum
3346 3024 3721 3079 consistorium
3751 3024 3851 3079 hn-

2260 3109 2549 3184 pudieitim,
2576 3110 2667 3167 ubi
2699 3111 2834 3168 nihil
2879 3111 3159 3183 probatur,
3196 3130 3353 3186 quam
3386 3116 3529 3188 quod
3571 3116 3697 3171 alibi
3748 3134 3851 3174 non

2261 3205 2520 3277 probatur
2549 3204 2701 3280 (Lib.
2728 3206 2791 3261 de
2821 3206 3021 3277 Spect.,
3053 3224 3169 3279 cap.
3204 3209 3290 3280 l7,
3326 3218 3361 3265 t.
3382 3208 3423 3278 ἰ,
3446 3210 3542 3265 col.
3567 3209 3729 3281 649).
3758 3231 3778 3264 ι

556 3304 754 3374 ginam,
778 3302 1038 3358 defmcato
1069 3308 1400 3357 senectutem
1419 3296 1561 3352 vini:
1583 3282 1811 3367 cumque
1837 3294 1956 3366 quis
1986 3292 2157 3348 inter-
2185 3274 2237 3353 Ο
2310 3298 2512 3355 Scenici
2532 3314 2727 3370 semper
2742 3299 3081 3370 infames.—t
3094 3299 3552 3359 Arcentsccnicos
3567 3301 3855 3358 honoribus

560 3397 765 3467 rogavit
790 3395 1002 3452 cuinam
1026 3408 1088 3448 ea
1115 3390 1387 3463 largiaris;
1411 3388 1630 3459 deliqui,
1664 3388 1848 3453 dicito,
1875 3386 1927 3442 in
1962 3387 2153 3452 Deum,

562 3488 910 3558 ctperielitor
948 3486 1003 3541 in
1032 3493 1292 3540 mternum
1330 3484 1525 3553 perire.
1559 3481 1741 3551 Itaque
1783 3496 1924 3536 nunc
1947 3478 2158 3550 pendeo

562 3593 616 3638 ct
638 3595 883 3637 maceror
907 3587 962 3635 et
992 3576 1292 3640 excrucior,
1324 3586 1379 3631 ut
1428 3575 1592 3630 Deum
1624 3573 1968 3629 reconciliem
2002 3571 2155 3635 milti,

562 3688 721 3747 quem
755 3668 1111 3742 delinquendo
1139 3669 1250 3723 laesi
1279 3666 1479 3736 (Ibid.,
1512 3683 1627 3734 cap.
1657 3666 1744 3731 ll,
1775 3665 1876 3719 col.
1905 3663 2048 3720 1246
2078 3664 2152 3736 ).›

634 3765 923 3821 Christiano
949 3760 1168 3817 mundus
1193 3769 1264 3814 est
1285 3759 1446 3813 instar
1461 3757 1807 3812 carceris.-—t
1820 3756 1873 3811 Si
1904 3756 2161 3827 recogite-

565 3875 686 3918 tnus
715 3860 890 3929 ipsum
916 3855 1086 3927 magis
1109 3852 1363 3908 mundum
1382 3864 1653 3906 carcerein
1680 3864 1821 3913 esse,
1849 3849 2047 3905 exiissc
2068 3864 2161 3904 vos

565 3968 596 4007 e
627 3962 865 4016 carcere,
895 3960 1056 4018 quam
1080 3944 1133 3999 in
1162 3957 1453 4017 carcerem]
1475 3939 1747 4008 introisse,
1779 3939 2158 4010 intelligemus.

566 4044 795 4113 Majozes
826 4039 1075 4098 tenebras
1104 4036 1267 4093 habet
1296 4034 1551 4103 mundus,
1574 4049 1696 4107 qua:
1718 4033 1994 4091 hominum
2020 4048 2161 4105 pra:-

567 4136 748 4193 curdia
764 4139 1056 4199 exerceant;
1072 4130 1348 4203 graviores
1362 4139 1579 4185 catenas
1596 4128 1766 4184 induit
1786 4127 2163 4200 mundus,qua:

568 4234 711 4302 ipsas
736 4230 942 4286 animas
968 4227 1242 4283 hominum
1264 4224 1669 4296 constringunt;
1703 4222 1914 4293 pejores
1936 4224 2165 4277 immun-

568 4309 726 4382 ditias
756 4326 968 4397 capirat
988 4321 1495 4392 mundus,libidines
1518 4319 2009 4377 hominan’lures
2034 4334 2161 4390 pos-

508 4415 519 4423 ’
571 4429 741 4476 tremo
766 4419 994 4475 mundus
1014 4434 1136 4474 reos
1153 4416 1626 4485 continet,scilicet
1653 4414 1961 4471 universum
1992 4413 2166 4469 homi-

576 4529 701 4568 num
733 4526 923 4583 genus.
955 4510 1162 4567 Judicia
1184 4510 1417 4580 denique
1439 4523 1542 4564 non
1565 4507 1920 4579 proconsulis,
1950 4506 2046 4562 sed
2072 4505 2164 4561 Dei

570 4604 800 4661 sustinet
829 4601 979 4674 (Lib.
1016 4602 1083 4655 ad
1116 4600 1362 4673 Martyr.,
1391 4617 1505 4672 cap.
1528 4599 1587 4668 2,
1620 4610 1659 4654 ι.
1690 4599 1755 4667 ΙΙ,
1789 4599 1888 4655 col.
1923 4597 2110 4670 622).:

2261 3391 2511 3449 omnibus
2548 3392 2710 3448 simul
2747 3401 2801 3449 et
2827 3392 3452 3462 ornamentis...Quanta
3482 3396 3748 3451 confessio
3772 3406 3855 3452 est

2262 3484 2418 3540 mala:
2444 3484 2543 3550 rei,
2574 3484 2725 3555 cujus
2746 3493 2993 3541 auctores
3022 3502 3181 3557 quam
3212 3487 3569 3557 acceptissimi
3588 3488 3704 3546 sine
3734 3496 3856 3545 nota

2265 3589 2369 3630 non
2401 3575 2553 3630 sunt!
2596 3593 2615 3628 ι
2648 3574 2834 3649 (lbid.,
2863 3593 2977 3648 cap.
3006 3576 3097 3643 22,
3128 3578 3224 3633 col.
3256 3576 3410 3651 654.)

2334 3666 2606 3723 Commdiis
2631 3667 2934 3723 Christiania
2972 3670 3176 3724 vetitum
3219 3660 3473 3748 interesse.
3503 3702 3575 3714 -—
3598 3686 3622 3726 ι
3659 3673 3741 3730 An
3770 3674 3859 3730 illo

2264 3758 2583 3829 recogitabit
2606 3773 2672 3814 eo
2710 3766 2954 3829 tempore
2981 3761 3050 3817 de
3088 3761 3220 3827 Deo,
3253 3764 3429 3833 posito
3455 3763 3585 3832 illic,
3609 3764 3698 3821 ubi
3728 3766 3857 3821 nihil

2264 3859 2347 3907 cst
2373 3851 2441 3909 de
2478 3851 2587 3906 Deo
2612 3851 2705 3907 ἲ...
2748 3850 3064 3908 Pudicitiam
3106 3854 3337 3925 ediscet,
3376 3857 3634 3912 attonitus
3661 3857 3714 3914 in
3756 3858 3858 3914 mi-

2266 3945 2422 4002 mos?
2451 3944 2560 4001 imo
2590 3946 2644 4000 in
2683 3947 2828 4002 omni
2857 3947 3166 4018 spectaculo
3195 3949 3398 4005 nullum
3436 3951 3606 4021 magis
3626 3950 3855 4007 scanda~

2267 4036 2375 4095 lum
2415 4047 2683 4105 occurret,
2724 4055 2881 4111 quam
2924 4040 3039 4112 ipse
3078 4041 3171 4099 ille
3210 4042 3493 4099 mulierum
3529 4051 3585 4100 et
3621 4045 3858 4100 virorum

2266 4132 2568 4188 accuratior
2587 4133 2782 4198 cultus,
2802 4134 2915 4203 ipsa
2935 4136 3241 4204 consensio,
3265 4138 3378 4207 ipsa
3400 4136 3449 4191 in
3472 4136 3743 4195 favoribus
3771 4148 3863 4194 aut

2266 4222 2592 4295 conspiratio
2617 4234 2709 4281 aut
2731 4222 3024 4293 dissensio,
3055 4228 3193 4283 inter
3205 4244 3265 4284 se
3289 4227 3357 4284 de
3377 4230 3699 4286 commercio
3717 4231 3861 4286 scin~

2268 4314 2406 4372 tillas
2435 4316 2712 4372 libidinum
2743 4317 3138 4377 conflabellant.
3174 4319 3341 4377 Nemo
3366 4321 3595 4392 denique
3624 4324 3674 4377 in
3702 4336 3862 4394 spec-

2271 4410 2449 4466 taculo
2470 4411 2704 4468 ineundo
2732 4414 2877 4485 prius
2894 4415 3111 4485 cogitat,
3139 4415 3242 4470 nisi
3281 4414 3449 4472 videri
3492 4426 3547 4471 et
3584 4417 3859 4474 videre....

2269 4504 2491 4561 Avertat
2539 4505 2678 4561 Deus
2716 4522 2745 4561 a
2776 4506 2890 4562 suis
2926 4515 3127 4563 tantam
3170 4507 3457 4578 voluptatis
3496 4510 3737 4566 exitiosa:
3772 4525 3864 4566 ett-

2266 4598 2545 4669 piditatem
2574 4598 2762 4671 (lbid.,
2789 4615 2907 4670 cap.
2935 4599 3027 4669 ‘25,
3059 4601 3157 4655 col.
3178 4600 3282 4657 656
3302 4601 3343 4673 ).
3376 4617 3398 4654 ι

642 4697 893 4768 Exemplo
921 4696 1107 4751 Christi
1132 4694 1509 4750 contemnenda:
1541 4693 1848 4748 divitiw.—t
1861 4692 2016 4748 Omni
2032 4707 2169 4762 pene
2191 4678 2248 4749 Β
2357 4689 2498 4746 Vera
2518 4691 2921 4748 Christianorum
2940 4692 3220 4763 voluptates
3243 4694 3294 4747 in
3312 4694 3407 4749 hoc
3428 4694 3863 4751 secula—dam

574 4792 626 4849 in
654 4791 774 4848 loco
818 4791 886 4847 de
913 4789 1309 4848 contemnendo
1328 4789 1534 4845 smculo
1558 4787 1851 4859 Scripturis
1890 4786 2169 4843 dominicis

574 4893 966 4940 commonetur.
1016 4882 1127 4940 Nec
1181 4883 1355 4954 major
1398 4881 1467 4937 ad
1515 4883 1754 4953 pecunia:
1801 4888 2167 4951 contemptum

576 4976 882 5033 exhortatio
902 4975 1163 5046 subjacct,
1195 4990 1356 5048 quant
1384 4974 1523 5044 quod
1552 4975 1669 5045 ipse
1687 4974 1946 5030 Dominus
1970 4974 2024 5029 in
2051 4973 2171 5028 nul-

576 5068 642 5125 lis
669 5068 1175 5137 divitiisinvcnitur;
1222 5083 1436 5140 semper
1479 5083 1741 5140 pauperes
1767 5068 2048 5141 justificat,
2090 5068 2169 5124 tli-

574 5161 710 5218 vites
736 5160 1081 5231 praedamnat.
1106 5159 1181 5217 Ita
1203 5159 1583 5218 detrimentum
1610 5161 1873 5232 patientia:
1900 5159 2169 5215 fastidium

575 5253 861 5326 opulentia:
892 5254 1329 5327 praeministravit
1358 5271 1371 5309 ε
1396 5254 1775 5311 demonstrans
1797 5268 1892 5326 per
1917 5254 2171 5325 abjectio-

578 5362 674 5403 nes
703 5348 1029 5415 divitiarum,
1069 5348 1291 5405 laesurus
1320 5361 1531 5420 quoque
1572 5362 1755 5427 earum
1785 5347 2172 5418 computandas

578 5456 683 5496 non
713 5453 831 5496 esse
860 5438 1008 5511 (Lib.
1041 5442 1105 5495 de
1131 5440 1384 5507 Paticnt.,
1420 5457 1535 5510 cap.
1557 5441 1608 5511 7,
1638 5440 1753 5507 tsi,
1776 5440 1875 5495 col.
1910 5439 2050 5495 1200
2072 5437 2112 5511 ).
2145 5456 2167 5492 ι

650 5530 753 5586 Car
773 5531 1009 5586 dentorte
1037 5532 1317 5589 amicorum
1346 5531 1856 5587 nondoleudum.—~c
1879 5529 2011 5589 Cum
2039 5548 2172 5588 cou-

581 5634 684 5682 stct
711 5624 779 5681 de
800 5628 1196 5683 resurrectione
1227 5633 1579 5693 mortuorum,
1610 5634 1763 5681 vacat
1786 5626 1939 5683 dolor
1955 5626 2170 5694 mentis,

583 5728 735 5774 vacat
762 5728 817 5776 et
847 5718 1177 5791 impatientia
1197 5719 1420 5775 doloris.
1454 5718 1563 5774 Cur
1591 5734 1719 5791 ergo
1747 5719 1949 5787 doleas,
1974 5721 2018 5776 si
2047 5735 2174 5791 per-

583 5813 710 5869 iisse
740 5829 847 5871 non
874 5814 1084 5870 credis?
1110 5812 1381 5869 Profectio
1405 5821 1487 5868 est
1507 5853 1523 5881 ,
1551 5828 1713 5884 quam
1738 5821 1892 5885 putas
1921 5821 2171 5870 mortem.

583 5904 700 5965 Non
725 5916 806 5965 est
830 5905 1111 5977 lugendus,
1137 5906 1228 5977 qui
1254 5906 1539 5976 antecedit,
1569 5907 1663 5966 sed
1689 5907 1847 5979 plane
1873 5905 2178 5967 desideran-

2274 4800 2416 4842 nunc
2453 4786 2497 4841 si
2543 4794 2697 4857 putas
2748 4787 3156 4844 delectamentis
3209 4787 3427 4859 exigere
3466 4789 3694 4860 spatium
3740 4788 3863 4856 hoc,

2274 4895 2368 4937 cur
2392 4889 2499 4951 tam
2532 4880 2771 4952 ingratus
2797 4895 2887 4948 es,
2921 4888 2979 4936 ut
3010 4891 3089 4937 tot
3129 4892 3182 4938 et
3209 4882 3342 4940 tales
3368 4883 3672 4954 voluptates
3698 4899 3727 4938 a
3758 4884 3866 4938 Deo

2274 4972 2605 5029 contributas
2627 4972 2722 5028 tibi
2750 4975 2879 5030 satis
2910 4989 3015 5028 non
3033 4973 3255 5042 habeas,
3284 4990 3457 5048 neque
3478 4974 3867 5045 recognoscas?

2274 5062 2413 5132 Quid
2451 5065 2595 5121 enim
2631 5064 2940 5136 jucundius,
2992 5081 3153 5138 quam
3198 5065 3294 5123 Del
3340 5067 3514 5122 Patris
3554 5075 3611 5121 et
3650 5064 3864 5119 Domini

2274 5160 2676 5216 reconciliatio?
2705 5176 2863 5231 quam
2903 5161 3144 5217 veritatis
3173 5160 3468 5217 revelatio?
3497 5174 3655 5232 quam
3687 5174 3856 5215 erro—

2275 5267 2394 5307 rum
2449 5253 2783 5325 recognitio?
2838 5268 2998 5325 quam
3057 5260 3325 5307 tantorum
3380 5261 3528 5308 retro
3581 5234 3864 5308 criminum

2275 5346 2462 5400 venia?
2486 5346 2618 5414 Quae
2664 5347 2839 5417 major
2866 5346 3131 5423 voluptas,
3172 5359 3333 5416 quam
3375 5344 3646 5402 fastidium
3700 5348 3867 5419 ipsius

2276 5438 2587 5510 voluptatis,
2640 5456 2799 5512 quam
2850 5439 3035 5495 saeculi
3083 5440 3245 5497 totius
3297 5448 3656 5511 contemptus,
3706 5457 3863 5512 quam

2278 5546 2403 5589 vera
2452 5534 2692 5603 libertas,
2733 5547 2890 5605 quam
2918 5533 3248 5589 conscientia
3298 5533 3525 5605 integra,
3557 5549 3714 5605 quam
3761 5534 3867 5590 vita

2278 5624 2591 5692 sufficiens,
2664 5640 2825 5696 quam
2872 5623 3062 5682 mortis
3133 5626 3291 5681 timor
3354 5625 3577 5683 nullus?
3653 5623 3865 5697 (ibid,

2277 5734 2392 5787 cap.
2418 5718 2510 5786 29,
2542 5718 2641 5772 cal.
2665 5717 2813 5787 659).
2850 5735 2869 5771 ι

2353 5810 2484 5865 Mali
2510 5812 2794 5867 sacerdotes
2818 5811 3019 5867 Iudicis
3045 5809 3515 5884 peiorem—«Proh
3536 5812 3746 5869 seclusi
3775 5812 3869 5867 Se—

2280 5904 2387 5968 mel
2419 5903 2588 5966 διιόωί
2607 5903 2824 5967 Christo
2846 5919 3033 5965 manus
3059 5906 3369 5975 intulerunt;
3394 5904 3480 5963 isti
3508 5904 3657 5975 hnpii
3692 5918 3868 5961 saccr-
3895 5934 3902 5940 ~
