4242 6266
368 376 445 443 9.9
1843 375 2234 444 PBEFATIO.

378 401 445 443 sa
1843 401 2234 444 rami-anu.
3610 401 3682 462 δο

378 495 531 554 dotes
549 494 786 569 quoddie
802 507 1000 570 corpus
1019 496 1137 571 ejus
1171 495 1464 555 lacessunt.
1492 495 1539 554 0
1567 507 1759 554 manus
1786 496 1976 569 prteei-
2002 491 2060 562 Α
2083 480 2374 567 credimus,
2416 514 2525 558 non
2578 515 2719 574 esse,
2750 503 2898 576 quod
2930 505 3065 564 ultra
3091 504 3339 568 'credere
3388 511 3681 575 debeamus

377 589 586 667 dendml
622 590 941 649 Viderintan
952 593 1063 665 jam
1086 592 1605 665 persimilitudinem
1626 590 1826 649 dictum
1856 592 1927 649 sit
1954 608 1969 649 :

375 684 440 741 Si
466 694 512 741 te
530 702 710 742 manus
736 695 826 743 tua
849 689 1184 760 scandalizat,
1229 698 1439 763 amputa
1468 705 1601 746 eam.
1647 689 1778 756 Quae
1804 689 1976 760 magis

372 780 901 854 amputanda,quam
931 783 983 839 in
1011 784 1206 855 quibus
1237 784 1447 839 Domini
1486 797 1681 854 corpus
1708 782 1976 839 scandali-

373 881 529 931 zatur
560 876 574 931 ε
609 893 628 928 ι
664 873 802 949 (Lib.
833 878 898 933 de
934 876 1264 946 Idololatria,
1296 894 1411 950 cap.
1436 878 1488 945 7,
1526 886 1562 931 t.
1592 875 1631 946 l,
1662 877 1765 931 col.
1795 875 1919 932 669.
1950 873 1972 949 )

374 980 383 1031 ξ
449 966 639 1024 Mulier
685 970 975 1039 christiana,
1001 972 1311 1027 ‘Iiominibus
1366 974 1567 1044 placere
1611 971 1841 1043 negligit,
1870 971 1974 1026 imo

377 1061 644 1120 liorret.-—
675 1082 695 1117 ι
728 1065 1007 1134 Perlectae,
1034 1066 1088 1123 id
1114 1077 1198 1122 est
1223 1065 1531 1123 christiana:
1549 1064 1777 1136 pudicae,
1808 1079 1976 1135 appe—

381 1158 621 1215 titionem
662 1160 745 1216 sui
778 1175 883 1215 non
913 1169 1120 1216 tantum
1146 1175 1255 1218 non
1281 1157 1655 1231 appetendam,
1687 1157 1783 1215 sed
1811 1158 1974 1214 etiam

379 1252 768 1308 exsecrandam
808 1252 961 1309 vobis
987 1253 1170 1309 sciatis
1206 1272 1220 1309 :
1250 1253 1439 1324 primo,
1478 1250 1622 1323 quod
1650 1266 1757 1306 non
1786 1250 1856 1307 de
1884 1250 1972 1307 iu-

379 1356 526 1417 tegra
546 1348 877 1403 conscientia
898 1346 1048 1403 venit
1067 1345 1297 1403 studium
1323 1345 1565 1418 placendi
1586 1360 1680 1418 per
1696 1345 1970 1413 decorem,

383 1453 542 1509 quem
570 1438 889 1495 naturaliter
938 1437 1277 1494 invitatorem
1308 1437 1542 1494 libidinis
1579 1438 1800 1494 scimus.
1833 1436 1972 1506 Quid

374 1531 538 1604 igitur
575 1533 630 1587 in
656 1541 709 1589 te
735 1532 941 1588 excitus
963 1532 1162 1587 malum
1208 1530 1344 1586 istud
1368 1531 1391 1585 ?
1417 1530 1544 1601 quid
1574 1530 1788 1599 invitas,
1820 1530 1973 1601 cujus

374 1634 431 1683 te
452 1627 724 1697 proﬁteris
749 1627 1098 1683 extraneam?
1126 1634 1233 1680 tum
1259 1623 1400 1696 quod
1431 1624 1814 1680 tentationibus
1830 1624 1983 1678 vianr

372 1721 590 1791 aperire
616 1734 720 1775 non
753 1719 1027 1786 debemus,
1061 1733 1180 1790 qua:
1203 1733 1590 1789 nonnunquam
1622 1716 1802 1790 (quod
1830 1716 1972 1773 Deus

373 1829 405 1869 a
443 1815 555 1871 suis
581 1812 794 1885 abigat)
828 1812 1078 1868 instando
1101 1812 1421 1884 perﬁciunt;
1455 1821 1602 1868 certe
1644 1811 1733 1866 vel
1777 1812 1969 1882 spiritu

2081 590 2102 666 (
2135 591 2299 659 Ibid.,
2328 612 2446 667 cap.
2477 596 2566 665 17,
2599 605 2637 652 t.
2668 596 2732 668 ll,
2765 599 2865 654 col.
2891 598 3008 671 20).
3046 620 3066 654 ι

2150 687 2229 742 De
2254 684 2565 746 Clericorum
2591 694 2918 749 continentia.
2941 713 2960 748 ‹
2992 694 3185 763 Quanti
3217 699 3371 771 igitur
3392 710 3444 759 et
3466 714 3677 776 quantae

2080 780 2136 837 in
2186 782 2568 841 ecclesiasticis
2605 786 2886 843 ordinibus
2916 788 2983 846 de
3005 794 3332 850 continentia
3365 808 3673 871 censentur,

2080 873 2171 943 qui
2200 873 2310 930 Deo
2338 876 2544 949 nubere
2572 878 2895 949 maluerunt,
2921 882 3013 953 qui
3054 886 3233 944 carnis
3256 901 3368 944 sua:
3413 888 3675 949 honorem

2078 966 2442 1040 instituerunt,
2472 972 2669 1043 quique
2695 987 2755 1030 se
2790 972 2901 1045 jam
2930 975 3074 1033 illius
3103 980 3324 1051 pudoris
3351 982 3490 1041 ﬁlios
3527 985 3676 1043 diea-

2077 1069 2288 1129 verunt,
2344 1063 2654 1122 occidentes
2703 1067 2757 1124 in
2807 1081 2867 1125 se
2905 1073 3392 1145 concupiscentiam
3436 1064 3677 1140 libidinis

2085 1163 2141 1210 et
2171 1164 2342 1211 totum
2371 1157 2500 1214 illud
2528 1159 2670 1231 quod
2710 1161 2851 1220 intra
2892 1166 3197 1238 paradisum
3233 1184 3339 1225 non
3374 1172 3545 1242 petuit
3582 1175 3678 1231 ad—

2078 1251 2383 1311 mitti.......
2432 1254 2560 1314 inde
2584 1260 2724 1330 apud
2766 1277 2867 1319 nos
2919 1264 3129 1336 plenius
3174 1275 3337 1340 atque
3365 1270 3676 1329 instructius

2076 1346 2442 1437 praescribitur
2463 1354 2619 1419 unius
2650 1368 2771 1411 esse
2798 1358 3131 1415 matrimonii
3165 1370 3421 1432 oportere
3458 1366 3549 1437 qui
3579 1366 3674 1421 ad—

2077 1435 2327 1507 leguntur
2350 1441 2402 1496 in
2430 1443 2673 1500 ordinem
2720 1449 3109 1508 sacerdotalem
3138 1452 3241 1524 (De
3270 1435 3489 1513 Exhort.
3534 1456 3675 1515 ϐαδι-

2080 1537 2116 1584 t.
2144 1529 2273 1600 Il,c.
2306 1535 2360 1601 7,
2390 1537 2488 1592 col.
2515 1537 2641 1605 922,
2670 1557 2718 1597 c.
2746 1542 2833 1612 15,
2877 1545 2977 1601 col.
3007 1544 3191 1620 930).»

2149 1624 2320 1682 Homo
2357 1630 2526 1703 imago
2564 1632 2662 1689 Dei
2713 1653 2803 1708 per
2843 1636 3055 1694 liberant
3103 1640 3392 1717 arbitrium.
3414 1677 3487 1688 ——
3516 1666 3535 1701 ‹
3560 1647 3675 1705 Non

2075 1715 2212 1776 facie
2236 1720 2399 1778 homo
2428 1723 2495 1780 ad
2527 1725 2844 1785 uniformem
2880 1729 2976 1787 Dei
3010 1715 3303 1804 expressus
3344 1748 3456 1806 est;
3503 1740 3595 1796 sed
3624 1742 3677 1797 in

2077 1826 2140 1868 ea
2162 1814 2459 1874 substantia
2483 1835 2641 1891 quam
2669 1822 2736 1877 ab
2762 1823 2878 1894 ipso
2905 1824 3016 1881 Deo
3043 1828 3224 1899 traxit,
3252 1830 3304 1885 id
3349 1841 3432 1888 est
3460 1834 3674 1903 animae,

374 1905 685 1962 scandalum
714 1912 1029 1977 permovent
1056 1904 1159 1978 (De
1184 1902 1338 1960 Cultu
1364 1902 1532 1960 Fient.
1561 1903 1646 1958 lib.
1680 1903 1745 1972 ll,
1774 1920 1889 1976 cap.
1915 1904 1970 1975 ἓ,
2005 1898 2054 1962 Β
2084 1905 2151 1961 ad
2180 1906 2405 1964 formam
2424 1910 2517 1968 Dei
2543 1913 2917 1985 respondentis
2946 1927 2999 1974 et
3028 1918 3233 1976 arbitrii
3256 1923 3338 1978 sui
3361 1924 3609 1982 libertate
3626 1898 3679 1983 et
3718 1958 3735 1971 -ι

377 1998 483 2067 1.],
529 1998 628 2053 col.
675 1998 812 2054 1517
844 2002 885 2066 ).
925 2016 944 2050 ι

446 2091 618 2148 Fucos
658 2092 920 2160 adhibere,
965 2091 1117 2162 quale
1154 2091 1363 2147 crimen.
1390 2091 1640 2148 -ιΝοη
1686 2106 1974 2164 supergre-

374 2184 629 2243 diendum
659 2186 711 2241 in
745 2184 988 2241 ornando
1032 2200 1259 2256 corpore
1286 2184 1444 2254 ultra,
1490 2202 1646 2257 quam
1677 2184 1819 2257 quod
1848 2187 1977 2242 sim-

372 2279 544 2352 plices
588 2286 644 2334 et
683 2277 1013 2335 sufﬁcientes
1050 2277 1326 2334 munditia:
1363 2278 1785 2349 concupiscunt,
1837 2280 1976 2335 ultra

374 2387 533 2444 quam
556 2370 784 2427 Domino
804 2370 1052 2442 placere;
1078 2372 1130 2427 in
1154 2372 1303 2427 illum
1326 2372 1470 2428 enim
1494 2371 1827 2443 delinquunt,
1858 2388 1976 2444 qua:

375 2475 552 2522 cutem
595 2464 1036 2522 medicaminibus
1081 2473 1305 2536 ungunt,
1349 2480 1514 2535 genas
1549 2465 1746 2521 rubore
1794 2481 1977 2521 maeu-

373 2558 558 2615 lant...
590 2556 846 2630 Displicet
888 2556 992 2613 illis
1039 2558 1291 2614 nimirum
1322 2558 1546 2630 plastica
1591 2558 1682 2614 Dei
1716 2576 1731 2614 :
1766 2559 1818 2614 in
1846 2559 1976 2629 ipsis

374 2658 723 2729 redarguunt,
751 2657 1153 2730 reprehendunt
1175 2657 1436 2715 artiﬁcem
1475 2656 1738 2713 omnium.
1767 2656 1976 2727 Repre-

374 2753 617 2811 bendunt
639 2755 783 2810 enim
814 2770 937 2810 cum
968 2753 1278 2821 emendant,
1311 2768 1431 2809 cum
1478 2750 1758 2823 adjiciunt,
1794 2752 1975 2824 utique
2016 2740 2026 2755 ’

375 2848 443 2902 ab
456 2847 766 2904 adversario
787 2848 989 2905 artiﬁce
1024 2857 1299 2905 sumentes
1328 2846 1634 2906 addimenta
1657 2847 1779 2914 ista,
1809 2845 1861 2903 id
1892 2854 1977 2905 est

376 2941 610 2999 diabolo.
649 2960 667 2997 ι
713 2941 900 3016 (lbid.,
925 2960 1041 3014 cap.
1069 2942 1122 3011 5,
1156 2942 1254 2998 col.
1284 2939 1470 3015 1527.)

449 3035 630 3111 Imago
658 3035 882 3092 mulieris
905 3034 1665 3108 clirislianw.—-tProditejam
1681 3049 1797 3103 vos,
1816 3033 1977 3090 medi-

374 3129 637 3187 camentis
683 3138 738 3184 et
785 3129 1115 3184 ornamentis
1161 3136 1451 3185 exstructas
1490 3127 1975 3199 apostolorum.....

374 3232 538 3293 caput
565 3222 769 3277 maritis
796 3220 1064 3292 subjicite,
1096 3229 1151 3277 et
1176 3220 1308 3277 satis
1337 3228 1543 3276 ornatae
1570 3219 1751 3285 eritis;
1786 3232 1977 3272 manus

377 3316 514 3375 lanis
538 3326 796 3388 occupate
820 3358 835 3384 ,
865 3315 1029 3387 pedes
1055 3314 1202 3372 domi
1231 3314 1376 3387 ﬁgite
1397 3354 1412 3381 ,
1440 3322 1493 3369 et
1537 3314 1656 3383 plus
1707 3326 1867 3383 quam
1920 3310 1973 3364 in
2004 3296 2052 3363 C
2083 3308 2379 3379 dominum,
2427 3312 2717 3377 timendum
2747 3315 3050 3370 necessarie
3096 3331 3112 3370 :

378 3427 511 3469 auro
542 3412 846 3483 placebunt.
872 3410 1080 3467 Vestite
1104 3425 1201 3465 vos
1227 3408 1402 3464 serico
1423 3406 1723 3478 probitatis,
1757 3404 1975 3475 bissyno

387 3505 703 3573 sanctitatis,
740 3517 975 3576 purpura
1024 3500 1316 3574 pudicitiae.
1346 3499 1549 3555 Taliter
1590 3498 1970 3569 pigmentato,

379 3599 552 3657 Deum
581 3597 845 3654 habebitis
871 3605 1164 3653 amatorem
1194 3593 1381 3668 (ibid,
1414 3591 1655 3666 cap.l5).
1690 3611 1710 3644 ›

450 3694 765 3749 Christianus
792 3692 1072 3763 voluptates
1092 3688 1268 3744 mundi
1289 3691 1464 3760 fugare
1484 3684 1722 3741 debel.—
1739 3702 1757 3738 t
1779 3684 1857 3740 Tu
1885 3700 1979 3757 με*

379 3787 625 3859 regrinus
655 3783 837 3840 mundi
883 3782 1061 3853 hujus,
1103 3784 1234 3838 civis
1271 3796 1517 3851 supernae
1544 3778 1975 3836 Hierusalem...

379 3878 521 3934 Nihil
556 3877 650 3934 tibi
678 3890 801 3933 cum
832 3875 1039 3948 gaudiis
1060 3875 1265 3943 saeculi,
1290 3873 1399 3928 imo
1428 3870 1757 3927 contrarium
1788 3869 1974 3927 debes.

382 3973 645 4030 Strculum
685 3973 819 4028 enim
853 3970 1109 4043 gaudebit,
1140 3984 1227 4023 vos
1256 3984 1370 4023 vero
1399 3966 1649 4039 lugebitis.
1692 3966 1760 4023 Et
1807 3965 1977 4037 felices

381 4069 457 4122 ait
484 4069 809 4139 lngettles....
836 4064 1026 4120 Omnia
1059 4061 1372 4132 imaginaria
1428 4060 1482 4115 in
1532 4059 1734 4116 smculo
1763 4066 1817 4113 et
1844 4057 1979 4112 nihil

381 4161 495 4216 veri
523 4157 659 4230 (Lib.
691 4157 755 4213 de
780 4155 981 4212 Corona
1008 4154 1205 4219 militis,
1235 4170 1351 4224 cap.
1383 4152 1469 4219 15,
1513 4161 1551 4205 t.
1596 4150 1663 4218 ll,
1692 4149 1791 4205 col.
1819 4149 1934 4220 96).
1954 4169 1971 4203 ι

452 4251 706 4306 Adversus
751 4250 1005 4305 veritatem
1054 4246 1196 4301 nulla
1249 4244 1584 4317 prrescriptio.
1609 4274 1681 4285 --
1713 4262 1731 4296 α
1768 4241 1983 4297 Veritati

383 4360 542 4401 nemo
560 4343 910 4416 praescribere
931 4349 1127 4412 potest;
1147 4356 1253 4395 non
1280 4339 1508 4410 spatium
1535 4347 1855 4409 temporum,
1874 4352 1981 4393 non

386 4437 680 4512 patrocinia
720 4448 1093 4507 personarum,
1137 4450 1243 4488 non
1291 4432 1627 4504 privilegium
1675 4432 1976 4502 regionum.

385 4528 466 4588 Ex
488 4528 570 4583 bis
595 4528 736 4584 enim
764 4526 876 4582 fere
911 4524 1242 4582 consuetudo
1282 4523 1490 4578 initium
1517 4522 1586 4578 ab
1617 4522 1794 4593 aliqua
1834 4522 1984 4593 igno-

386 4622 561 4678 rantia
581 4619 661 4677 vel
689 4618 1029 4691 simplicitate
1054 4617 1263 4684 sortita,
1292 4614 1346 4671 in
1385 4629 1537 4672 usum
1561 4631 1656 4685 per
1681 4614 1983 4670 successio-

2082 2007 2350 2069 potestate
2376 2002 2616 2075 signatus
2665 2016 2766 2065 est.
2793 2008 2945 2089 Hune
2966 2020 3163 2068 statum
3198 2014 3317 2085 ejus
3343 2016 3679 2076 conﬁrmavit

2082 2092 2241 2149 etiam
2272 2094 2641 2167 ipsalex.Non
2658 2100 2801 2157 enim
2825 2106 3219 2175 ponereturlex
3251 2109 3300 2165 ei
3331 2109 3417 2180 qui
3450 2126 3556 2165 non
3583 2109 3680 2169 ha-

2081 2185 2235 2243 beret
2262 2188 2577 2261 obsequium
2608 2193 2848 2252 debitum
2891 2198 2995 2271 legi
3023 2199 3075 2255 in
3100 2215 3193 2256 sua
3238 2211 3506 2273 potestate
3533 2223 3546 2259 :
3577 2222 3679 2263 nee

2079 2294 2268 2337 rursus
2307 2284 2651 2341 comminatio
2682 2288 2869 2345 mortis
2900 2292 3312 2363 transgressioni
3339 2295 3678 2355 adscribere-

2082 2378 2194 2441 tur,
2227 2375 2271 2429 si
2318 2391 2423 2431 non
2454 2383 2508 2431 et
2530 2387 2875 2451 contemptus
2902 2381 3037 2454 legis
3068 2384 3120 2439 in
3146 2383 3351 2441 arbitrii
3377 2386 3679 2446 libertatein

2079 2463 2283 2523 homini
2325 2468 2739 2540 deputaretur...
2761 2473 2866 2531 Sed
2882 2484 2934 2531 et
2953 2475 3087 2533 alias
3108 2478 3263 2550 quale
3284 2488 3419 2548 erat,
3446 2483 3680 2539 uttotius

2078 2558 2263 2615 mundi
2287 2561 2571 2632 possidens
2600 2563 2907 2634 homo,non
2941 2567 2992 2622 in
3021 2570 3207 2638 primis
3233 2571 3394 2627 animi
3426 2572 3507 2627 sui
3558 2590 3679 2645 pas-

2079 2653 2231 2709 sione
2252 2666 2518 2726 reguaret,
2545 2659 2772 2715 aliorum
2798 2660 3068 2729 dominus,
3098 2665 3179 2721 sui
3212 2665 3437 2722 fariiulus
3456 2666 3591 2738 (Lib.
3611 2669 3676 2737 ll,

2078 2747 2277 2803 advers.
2308 2748 2589 2824 Marciam,
2622 2771 2737 2827 cap.
2768 2756 2819 2823 5,
2852 2755 2903 2823 6,
2937 2766 2973 2810 t.
3004 2754 3066 2825 11,
3102 2759 3201 2814 col.
3236 2758 3361 2828 9.90,
3392 2760 3545 2834 29!).
3585 2783 3602 2815 ι

2152 2841 2291 2899 Deus
2335 2847 2587 2903 amandus
2612 2858 2666 2903 ut
2694 2848 2884 2917 Pater,
2918 2853 3169 2910 timendus
3210 2865 3263 2908 ut
3293 2853 3564 2913 Dominus.
3597 2836 3682 2900 ’ΣΪ-

2086 2953 2104 2988 ε
2125 2934 2336 2993 Iustitia
2357 2938 2449 2995 Dei
2468 2940 2745 3011 plenitudo
2764 2954 2845 3000 est
2870 2944 3165 3003 divinitatis
3196 2948 3391 3019 ipsius,
3421 2950 3680 3009 exhibens

2080 3030 2248 3087 Deum
2282 3034 2594 3104 perlectum,
2638 3046 2694 3093 et
2739 3047 2943 3110 patrem
2992 3050 3046 3096 et
3095 3041 3414 3099 dominum:
3449 3049 3675 3116 patrem,

2081 3123 2363 3181 clementia
2392 3143 2407 3192 ;
2456 3128 2751 3197 dominum,
2786 3130 3066 3201 disciplina
3097 3150 3111 3196 ;
3154 3142 3379 3203 patrem,
3415 3147 3678 3205 potestate

2082 3212 2295 3284 blanda;
2326 3218 2620 3291 dominum,
2647 3236 2833 3276 severa
2860 3238 2874 3289 ;
2925 3233 3151 3292 patrem,
3190 3224 3517 3297 diligendum
3546 3230 3631 3301 pic
3659 3249 3673 3300 ;

3169 3317 3514 3389 diligendum,
3553 3324 3676 3395 quia

2079 3403 2232 3458 malit
2277 3404 2646 3475 paenitentiam
2700 3407 3037 3476 peccatoris,
3090 3424 3252 3480 quam
3305 3421 3570 3481 mortem;
3629 3427 3679 3471 et

2080 3497 2394 3566 timendum,
2427 3499 2549 3570 quia
2571 3499 2703 3557 nolit
2722 3510 3028 3572 peccatores
3047 3504 3129 3558 sui
3148 3502 3259 3575 jam
3282 3520 3390 3561 non
3416 3508 3680 3577 poeniten-

2080 3598 2181 3645 tes.
2216 3588 2343 3647 Ideo
2363 3590 2445 3646 lex
2475 3603 2759 3664 utrumque
2778 3593 2972 3649 dilﬁnit
2992 3616 3004 3651 :
3025 3594 3217 3668 Diliges
3246 3594 3435 3663 Deum,
3466 3612 3510 3654 et
3534 3596 3680 3655 time-

2080 3682 2156 3738 bis
2180 3681 2367 3739 Deum.
2417 3684 2575 3740 Aliud
2605 3685 2909 3742 obsecutori
2940 3693 3242 3759 proposuit,
3276 3690 3417 3747 aliud
3460 3695 3676 3750 exorbi-

2084 3777 2373 3857 tatoriaAd
2401 3778 2581 3835 omnia
2608 3782 2843 3837 occurrit
2871 3781 2964 3837 tibi
2991 3783 3154 3852 Deus,
3175 3785 3313 3840 idem
3350 3787 3674 3858 percutiens,

2081 3871 2175 3926 sed
2203 3879 2260 3927 et
2287 3885 2504 3937 sanans,
2535 3872 2881 3941 mortiﬁcans,
2925 3874 3018 3930 sed
3045 3884 3101 3932 et
3140 3877 3452 3945 viviﬁcms;
3498 3879 3677 3934 inuni-

2082 3963 2238 4029 lians,
2267 3964 2361 4019 sed
2388 3971 2443 4020 et
2468 3963 2802 4033 sublimans;
2844 3967 3081 4024 condens
3110 3970 3269 4037 mala,
3298 3970 3392 4026 sed
3420 3982 3472 4026 et
3497 3989 3678 4044 pacem

2084 4053 2624 4127 faciens(lbid.,cap.
2667 4056 2735 4116 l5
2789 4067 2835 4112 et
2876 4050 2967 4126 ll,
2996 4060 3245 4128 col.500,
3289 4062 3441 4131 501).
3486 4082 3503 4115 ι

2157 4148 2445 4219 llucusque
2489 4148 2692 4205 bonum
2743 4164 2864 4206 esse
2914 4165 2977 4206 ac
3030 4150 3311 4221 perutilem
3356 4134 3672 4210 Tertulliani

2086 4256 2240 4297 usum
2273 4258 2336 4298 ex
2362 4241 2611 4299 omnibus
2632 4258 2752 4314 qua:
2781 4243 2848 4298 de
2877 4244 2994 4313 ejus
3030 4243 3273 4301 doctrina
3305 4249 3676 4318 congessimus

2087 4335 2245 4392 enixe
2288 4336 2518 4406 probare
2559 4336 2790 4393 voluisse
2827 4336 3104 4405 videmur;
3137 4338 3247 4409 jam
3294 4357 3422 4396 vero
3472 4343 3680 4396 crimini

2086 4428 2239 4484 nobis
2262 4429 2456 4485 merito
2485 4426 2645 4498 foret,
2676 4431 2729 4486 ui
2757 4430 2822 4486 ad
2851 4447 3070 4503 pravum
3093 4450 3248 4489 usum
3275 4436 3679 4505 praecavendum

2087 4519 2219 4575 nihil
2234 4522 2443 4578 consilii
2475 4522 2816 4580 addcremus.
2838 4525 2928 4593 At,
2954 4524 3402 4598 quemadmodum
3424 4536 3679 4597 quantum

2086 4614 2345 4688 prodesse
2377 4627 2540 4689 queat
2568 4618 2684 4703 ejus
2723 4619 2964 4675 doctrina
3008 4620 3324 4684 statuimus,
3368 4619 3437 4672 ita
3475 4634 3539 4673 ex
3566 4620 3683 4689 ejus

386 4707 1078 4776 nemcorroboratur,etita
1098 4698 2364 4767 adversusveritatemvindicatur.Derroribus
2416 4698 2754 4768 inferendum
2801 4720 2885 4768 est
2935 4726 3092 4782 quam
3167 4725 3363 4765 nocere
3440 4715 3679 4783 possint,

388 4803 493 4861 Sed
517 4803 772 4860 Dominus
797 4810 980 4858 noster
1001 4800 1246 4858 Christus
1266 4800 1519 4854 veritatem
1535 4813 1615 4866 se,
1640 4812 1744 4853 non
1760 4812 1989 4856 consue-

392 4895 629 4952 tudinem
656 4888 1244 4968 cognominavit(Lib.
1284 4891 1348 4947 de
1409 4888 1699 4963 Virginibus
1757 4890 1981 4960 reland.,

391 5005 505 5061 cap.
540 4988 650 5057 1,ι.
680 4987 745 5056 ll,
777 4986 879 5043 col.
904 4984 1055 5059 889).
1104 5005 1123 5039 ι

464 5079 586 5136 Νοη
622 5096 686 5136 ea:
729 5079 958 5151 personis
994 5079 1124 5150 ﬁdes
1170 5079 1457 5150 probanda,
1506 5078 1596 5134 sed
1648 5093 1875 5150 persona:
1925 5095 1990 5133 ea:

390 5154 517 5246 ﬁde.
539 5198 616 5217 --
642 5191 662 5226 ‹
684 5173 809 5229 Non
834 5189 903 5229 ea
918 5172 1150 5245 personis
1184 5175 1459 5244 probamus
1482 5172 1659 5244 ﬁdem,
1687 5172 1779 5229 sed
1803 5189 1867 5228 ea:
1884 5172 1989 5243 ﬁde

393 5281 675 5337 personas;
694 5265 1077 5337 nemosaplens
1097 5273 1199 5333 est,
1220 5265 1323 5320 nisi
1348 5263 1521 5323 ﬁdelis
1552 5279 1568 5318 :
1615 5279 1775 5319 nemo
1790 5264 1985 5337 major,

392 5358 847 5417 nisiCbristianus
873 5376 891 5417 :
919 5375 1079 5418 nemo
1108 5369 1285 5416 autem
1306 5358 1654 5424 Christianus,
1679 5357 1781 5415 nisi
1809 5358 1901 5429 qui
1921 5357 1990 5412 ad

394 5453 558 5511 ﬁnem
594 5467 765 5525 usque
801 5451 1229 5524 perseveraverit
1278 5450 1396 5525 (De
1446 5447 1746 5521 Prwscript.
1785 5450 1984 5505 advers.

397 5548 592 5605 llazrcl.
619 5565 734 5620 cap.
759 5548 813 5615 3,
839 5555 876 5602 l.
911 5547 977 5616 ll,
1007 5547 1108 5601 col.
1142 5546 1276 5618 15).
1306 5561 1328 5599 ι

469 5642 592 5698 Non
620 5642 725 5697 alia
754 5643 1028 5713 qutcrenda
1064 5640 1296 5706 scientia,
1334 5655 1487 5711 quam
1524 5636 1651 5693 Jestt
1677 5635 1892 5706 Christi.
1918 5665 1991 5676 --

408 5748 429 5789 t
467 5734 630 5792 Nobis
652 5733 967 5792 curiositate
992 5747 1254 5804 opusnon
1291 5740 1377 5786 est
1423 5739 1544 5801 post
1584 5728 1861 5785 Christum
1893 5726 1990 5783 Je-

395 5816 1051 5899 sum,'neeinquisitione
1096 5832 1218 5897 post
1246 5823 1617 5895 Evangeliutn.
1644 5822 1781 5880 Cum
1812 5821 1991 5878 credi-

398 5935 546 5992 mus,
572 5918 709 5982 nihil
731 5917 1106 5983 desideramus
1131 5917 1267 5977 ultra
1294 5914 1535 5976 credere.
1555 5914 1666 5977 lloc
1685 5913 1826 5977 enim
1846 5913 1993 5987 prius

2090 4817 2248 4873 quam
2280 4804 2387 4857 aeri
2414 4802 2616 4874 judicio
2634 4803 2754 4873 ejus
2773 4804 2967 4873 scripta
2999 4801 3326 4858 secernenda
3359 4803 3483 4859 sint.
3516 4805 3686 4862 Porro

2090 4897 2193 4952 alia
2232 4897 2535 4950 communia
2559 4895 2722 4951 habet
2749 4896 3014 4965 paradoxa
3048 4910 3169 4951 cum
3197 4895 3552 4967 Montanistis,
3584 4899 3684 4953 alia

2091 5002 2219 5043 vero
2250 4986 2386 5042 adeo
2415 4986 2513 5041 sibi
2545 4986 2759 5057 prepria
2800 4995 2854 5041 ut
2894 4986 3232 5043 heresiarelia
3273 4988 3396 5045 inde
3434 4991 3683 5052 evaserit,

2091 5094 2155 5136 ac
2194 5081 2383 5135 horum
2414 5094 2659 5135 errorum
2687 5079 3417 5152 asseclaS"l‘crtulliauistas,
3470 5097 3531 5136 ex
3564 5095 3688 5136 auc-

2095 5179 2209 5226 tore
2231 5177 2587 5241 nuncupatos,
2612 5169 2914 5241 protulerit.

2164 5261 2382 5319 Certum
2427 5261 2891 5334 indubitatumque
2920 5272 3005 5320 est
3032 5263 3422 5319 Tertullianum
3459 5277 3564 5317 non
3597 5278 3686 5317 so-

2093 5354 2203 5411 lum
2244 5355 2526 5413 erroribus
2563 5370 2626 5411 ac
2664 5355 3030 5411 deliramentis
3075 5354 3519 5411 Montanistarum
3567 5355 3689 5409 sub-

2093 5453 2397 5525 scripsisse,
2429 5468 2612 5509 verum
2658 5452 2819 5509 etiam
2867 5450 3054 5505 eadem
3101 5447 3476 5506 ardentissime
3513 5450 3693 5521 propi~

2094 5562 2274 5602 nasse.
2303 5544 2605 5602 Istiusmodi
2629 5551 2757 5599 sunt
2776 5540 2955 5597 omnia
2977 5540 3168 5612 quibus
3187 5556 3343 5596 suum
3368 5540 3688 5597 Paraclitum

2096 5639 2293 5710 passim
2312 5647 2368 5694 et
2387 5636 2681 5709 procaciter
2697 5632 2956 5701 venditat;
2986 5632 3179 5713 quibus
3199 5633 3462 5689 secundas
3481 5634 3693 5704 nuptias

2096 5748 2205 5789 non
2232 5732 2407 5788 solum
2438 5731 2677 5797 damnat,
2710 5726 2805 5784 sed
2850 5727 3071 5799 insuper
3108 5716 3483 5782 enormitatem
3538 5741 3689 5782 vocat

2096 5825 2242 5884 Omni
2266 5822 2492 5881 crimine
2513 5822 2770 5895 majorem
2795 5835 2816 5892 ;
2843 5820 3037 5893 quibus
3058 5817 3298 5876 illicitum
3317 5831 3457 5887 esse,
3474 5827 3698 5890 urgente

2096 5914 2486 5990 persecutionis
2527 5925 2659 5977 testu
2685 5954 2703 5986 ,
2730 5923 2845 5976 tum
2890 5913 3099 5986 lugere,
3153 5922 3266 5973 tum
3307 5924 3431 5977 sese
3466 5912 3690 5981 pecunia
