4242 6266
558 393 622 454 51
2002 396 2386 459 ΡΒᾸΞΕΑΤΙΟ.
2516 400 2544 464 ,ἔ
3793 401 3864 459 52

553 515 827 575 redimere
884 512 1061 573 docet.
1119 512 1189 571 At
1236 512 1433 586 refugit
1492 512 1702 573 animus
1759 514 1963 576 referre
2023 497 2164 587 inju-
2190 518 2247 581 Α
2270 517 2497 574 alierum
2525 557 2542 585 ,
2570 517 2909 590 maximeque
2939 518 3108 591 ipsius
3132 519 3394 581 Ecclesia:
3415 520 3713 596 respiciens
3736 535 3865 576 auc;

562 610 675 668 rias
723 624 857 681 quas
940 604 1179 665 evomuit
1259 607 1449 666 doctor
1507 609 1597 667 ille
1651 621 1931 682 protervus
1978 622 2164 669 contra

559 702 655 760 Dei
682 700 1016 768 Ecclesiam;
1062 700 1256 772 quibus
1280 700 1589 761 Catholices
1613 703 1839 775 impetit,
1875 720 2009 776 quos
2040 720 2163 778 pas-

558 794 660 851 sim
709 792 945 866 appellat
987 792 1287 866 Psychicos,
1330 794 1383 850 id
1452 803 1535 852 est
1612 796 1872 854 animales
1916 797 2163 855 homines

562 901 628 942 ac
676 884 947 944 carnales.
1004 886 1235 944 Eosdem
1277 888 1454 959 arguit
1502 888 1644 960 quod
1671 931 1686 956 ,
1752 905 1947 962 agapes
2016 876 2163 947 cele-

558 977 798 1048 brando,
859 980 1035 1036 ventri
1106 978 1445 1051 indulgerent
1513 990 1569 1038 et
1639 972 1987 1052 impudicitiis
2033 996 2163 1052 epe-

561 1086 677 1129 ram
707 1071 937 1142 darent,
980 1071 1427 1146 conlessoresque
1469 1074 1522 1129 in
1569 1090 1787 1132 carcere
1814 1075 2063 1132 delentes
2095 1073 2163 1129 ad

555 1164 1037 1235 ‘intempcrantiam
1060 1165 1470 1236 compellerent.
1496 1166 1808 1238 Prmcipuos
1836 1166 2003 1223 habes
2024 1166 2162 1223 Ter-

564 1257 768 1314 tulliani
798 1259 1141 1315 montanistic
1167 1274 1402 1326 errores,
1436 1274 1467 1316 e
1493 1260 1687 1330 quibus
1709 1274 1896 1316 ansam
1937 1261 2164 1331 arripuit

562 1348 677 1419 ipse
700 1348 1153 1419 prodendiodium
1179 1364 1358 1421 suum,
1384 1351 1732 1425 animumque
1758 1367 1887 1425 erga
1913 1352 2161 1412 Catholi-

570 1457 665 1498 cos
694 1442 1139 1500 inl‘ensissimum.

639 1536 986 1594 Pervenimus
999 1537 1066 1594 ad
1079 1553 1293 1597 errores
1315 1540 1405 1613 qui
1428 1541 1767 1597 Tertulliano
1787 1540 2163 1598 haeresiarchas

478 1648 479 1651 ‘
564 1630 768 1705 proprii
792 1641 917 1689 sunt
940 1647 1003 1689 ac
1031 1632 1327 1704 peculiares
1352 1652 1366 1703 ;
1401 1650 1465 1692 ac
1494 1650 1564 1693 ne
1604 1635 1657 1690 in
1687 1637 2009 1693 immensum
2037 1651 2164 1712 pre-

566 1725 867 1796 trahamur,
900 1725 968 1781 ad
996 1727 1238 1794 Pamclii,
1270 1728 1511 1798 Rigaltii,
1542 1738 1974 1801 czeterorumque
2013 1746 2164 1788 com—

564 1826 922 1875 mentatorum
953 1830 1110 1876 notas
1141 1820 1685 1899 infra‘subjiciendas,
1711 1821 1830 1879 haec
1857 1824 2159 1880 minutatim

512 1988 529 2003 ά
565 1911 836 1982 pensanda
864 1912 1209 1971 remittimus.
1233 1913 1562 1971 Notabiliora
1611 1930 1862 1988 promere
1907 1914 2158 1972 sulliciat.
2191 1919 2238 1980 Β

570 2002 649 2059 Ac
676 2005 849 2074 primo
888 2004 1027 2073 loco,
1061 2006 1323 2078 virginem
1367 2007 1649 2078 Deiparam
1695 2009 2052 2080 virginitatem
2104 2008 2160 2065 in

572 2105 729 2169 partu
771 2098 1017 2157 amisisse
1058 2100 1222 2157 audet
1245 2100 1508 2171 proﬁteri.
1541 2101 1679 2158 Tum
1731 2103 1800 2160 de
1827 2103 2027 2171 anima,
2060 2102 2163 2160 etsi

566 2188 819 2245 nonnulla
869 2190 1100 2262 benigne
1143 2192 1458 2264 explicanda
1485 2207 1794 2261 censemus,
1821 2194 1991 2250 multa
2016 2194 2162 2252 nullo

574 2292 730 2353 pacto
800 2285 1104 2342 excusanda
1159 2297 1461 2357 remanent,
1511 2289 1608 2356 uti,
1671 2290 1909 2363 exempli
1947 2304 2158 2359 caussa,

574 2390 695 2447 qua:
717 2376 1043 2434 solemniora
1088 2387 1143 2435 et
1173 2380 1317 2435 omni
1371 2379 1532 2438 modo
1560 2382 1907 2452 corpulentia:
1938 2381 2114 2439 debita
2142 2427 2157 2450 ,

570 2482 636 2526 ea
689 2485 903 2547 quoque
975 2472 1168 2533 adesse
1253 2475 1445 2532 anima:
1476 2518 1492 2544 ,
1568 2476 1739 2548 ipsam
1813 2491 1880 2533 ex
1949 2476 2164 2549 proprio

571 2577 704 2619 sexu
737 2563 1014 2637 distingui,
1048 2566 1133 2623 vel
1181 2567 1480 2635 masculino
1504 2569 1711 2627 scilicet
1737 2569 1823 2627 vel
1849 2570 2163 2638 hnminiuo;

573 2655 789 2719 trinam.
835 2658 993 2714 sicuti
1040 2666 1097 2716 et
1161 2675 1385 2733 corpora
1424 2704 1439 2729 ,
1520 2678 1617 2733 per
1683 2662 1939 2736 longum,
1995 2664 2165 2721 latum

568 2758 622 2804 et
651 2747 975 2821 profundum
1000 2792 1017 2819 ,
1057 2751 1449 2819 dimensionem
1499 2753 1734 2824 habere;
1780 2757 2026 2829 corporis
2064 2757 2166 2813 hu-

569 2840 712 2896 mani
758 2841 992 2912 speciem
1022 2857 1085 2899 ac
1136 2845 1359 2917 ligurum
1402 2862 1513 2917 pra:
1561 2862 1622 2904 se
1666 2849 1848 2915 ferre;
1897 2864 2003 2906 non
2044 2866 2166 2909 esse

571 2933 842 3004 qualitatis
885 2934 1059 2990 inanis
1105 2945 1160 2993 et
1197 2953 1421 3010 vacum,
1451 2940 1545 2997 sed
1575 2955 1698 3012 qua:
1741 2943 1912 3000 teneri
1959 2944 2164 3014 possit,

569 3023 715 3079 aerei
763 3024 960 3081 coloris
1011 3041 1075 3082 ac
1121 3027 1377 3087 lucidam.
1426 3030 1751 3090 Notabiliter
1781 3033 2167 3104 iuSupererrat

572 3115 1091 3187 Tertullianus,cum
1121 3122 1280 3181 docet
1310 3125 1604 3201 Ecclesium
1633 3128 1702 3184 ibi
1745 3128 1908 3185 etiam
1944 3130 2163 3199 haberi,

571 3210 664 3266 ubi
714 3218 840 3268 sunt
867 3212 974 3269 duo
1003 3215 1088 3272 vel
1122 3224 1251 3283 tres,
1282 3217 1409 3275 licet
1452 3219 1574 3277 laici
1604 3239 1616 3276 :
1651 3221 1735 3277 ubi
1770 3230 1900 3289 tres,
1934 3223 2168 3280 Ecclesia

572 3314 665 3372 est,
697 3304 809 3363 licet
834 3307 994 3364 laici!
1031 3309 1304 3369 horribilis
1328 3328 1461 3370 sane
1506 3316 1821 3387 propositio,
1848 3333 1914 3373 ex
1936 3333 2042 3390 qua
2083 3318 2166 3376 l'u-
2194 3315 2240 3380 C

575 3397 810 3455 nestiora
832 3399 972 3458 bene
997 3402 1161 3459 multa
1190 3420 1286 3476 pro
1314 3406 1554 3465 Ecclesia
1584 3419 2008 3481 consequuntur.

649 3488 876 3547 Silentio
898 3501 1160 3564 prmtereo
1183 3497 1319 3555 alios
1342 3514 1558 3557 errores
1585 3517 1725 3573 quos
1750 3519 1857 3558 non
1879 3504 2026 3560 solus
2055 3504 2171 3577 ipse

578 3587 932 3658 propugnavit
955 3628 971 3655 ,
1003 3588 1098 3645 sed
1126 3598 1182 3644 et
1209 3589 1301 3646 alii
1328 3607 1395 3648 ex
1419 3594 1818 3663 vetustioribus,
1844 3598 2171 3669 caeteroquin

583 3680 635 3735 in
662 3696 723 3736 re
745 3680 980 3736 nondum
1008 3681 1076 3738 ab
1099 3681 1341 3740 Ecclesia
1369 3683 1587 3742 deﬁnita
1617 3703 1631 3740 :
1665 3689 1958 3760 ex.gratia,
1978 3689 2171 3760 rebap-

580 3771 820 3829 tizandos
836 3787 957 3830 esse
972 3772 1040 3829 ab
1056 3772 1323 3833 haereticis
1346 3775 1638 3848 baptizatos
1658 3797 1671 3832 :
1690 3778 1817 3837 item
1843 3797 1909 3838 eo
1939 3782 2174 3840 refertur

578 3866 761 3937 opinio
782 3867 1226 3939 millenariorum,
1256 3878 1312 3927 et
1344 3870 1634 3944 descriptio
1662 3874 1892 3945 paradisi
1920 3891 2077 3947 quem
2119 3876 2172 3934 in

579 3959 860 4032 Apologet.
915 3978 1032 4033 cap.
1074 3964 1165 4032 4⁸1,
1206 3964 1437 4035 appellat
1490 3965 1665 4023 locum
1703 3967 1899 4025 divinae
1949 3970 2177 4028 amoeni-

585 4053 730 4120 tatis,
756 4055 1077 4127 recipiendis
1104 4066 1412 4115 sanctorum
1439 4060 1715 4131 Spiritibus
1741 4062 2091 4133 destinatum,
2122 4074 2177 4122 et

583 4148 813 4204 maceria
841 4148 1068 4220 quadam
1096 4150 1267 4222 igneae
1296 4167 1448 4209 zona:
1481 4167 1511 4207 a
1539 4153 1724 4210 notitia
1752 4154 1900 4212 orbis
1928 4170 2173 4213 commu-

584 4242 669 4297 nis
707 4246 1063 4314 segregatum.
1091 4242 1294 4312 Quibus
1319 4245 1623 4303 addendum
1655 4249 1802 4305 venit
1844 4249 1986 4322 quod
2013 4250 2177 4308 habet

584 4334 653 4390 de
696 4336 900 4407 angelis
943 4337 1222 4408 upostatis,
1264 4337 1356 4410 qui
1406 4338 1543 4396 hlias
1586 4339 1861 4400 hominum
1912 4358 2179 4417 cognove-

586 4439 714 4488 runt
743 4430 848 4505 (l).

655 4524 786 4582 lllud
838 4533 1018 4582 autem
1074 4535 1382 4598 portentum
1444 4544 1662 4602 requare
1706 4530 1958 4600 videtur,
2010 4533 2183 4606 inquit

587 4630 776 4680 auctor
800 4621 1015 4695 quidam
1045 4618 1169 4677 vita:
1196 4621 1529 4692 Tertulliani,
1554 4624 1730 4680 virum
1770 4623 1913 4681 hunc
1941 4623 2177 4696 scilicet,

590 4716 805 4773 sublimi
836 4718 1054 4790 ingenio
1078 4717 1334 4775 donatum
1364 4759 1378 4787 ,
1410 4718 1571 4776 ﬁdem
1617 4718 1910 4775 conciliare
1941 4721 2181 4790 potuisse
2205 4715 2258 4776 D

588 4806 893 4879 hujusmodi
924 4810 1220 4879 erroribus,
1264 4811 1335 4867 ob
1376 4810 1611 4867 visiones
1656 4811 1941 4869 mulierum
1989 4812 2183 4884 quibus

589 4914 743 4971 aeque
783 4914 848 4957 ac
885 4903 1054 4959 sancti
1077 4902 1312 4976 Spiritus
1349 4901 1769 4963 revelationibus
1815 4903 2183 4964 omnimodam

590 4991 750 5048 ﬁdem
781 4995 1094 5064 praestabat.

665 5086 805 5143 llinc
817 5100 937 5142 cum
955 5087 1282 5159 prmlaudato
1294 5097 1513 5147 auctore
1532 5088 1964 5149 concludendum
1991 5098 2076 5148 est
2102 5091 2182 5166 (9.)

589 5183 700 5255 jam
717 5197 815 5240 nos
833 5196 863 5238 a
877 5180 1210 5240 Tertulliano
1224 5182 1375 5256 lapso
1394 5183 1672 5243 admoneri
1695 5200 1856 5257 quam
1878 5185 2081 5242 lubrica
2100 5199 2188 5243 res

591 5279 662 5334 sit
693 5278 967 5335 hominum
1007 5278 1334 5351 intellectus,
1374 5279 1444 5336 de
1481 5295 1541 5337 se
1569 5279 1792 5337 nimium
1830 5294 2185 5353 prtesumens,

592 5370 693 5430 sibi
725 5372 817 5428 uni
854 5371 1038 5431 omnia
1086 5371 1329 5432 tribuens
1357 5372 1736 5445 ,‘nimiumque
1779 5372 2006 5435 credens
2029 5415 2048 5444 ,
2089 5388 2191 5432 nec

668 5532 748 5603 (l)
779 5532 905 5589 Haec
933 5542 987 5590 ct
1030 5534 1132 5591 alia
1180 5533 1497 5592 Tertulliani
1550 5532 1818 5603 paradoxa
1859 5534 1993 5592 infra
2033 5548 2189 5603 repe-

595 5605 704 5661 ries
724 5620 845 5661 cum
876 5605 1116 5661 antidoto
1145 5606 1387 5674 Pamelii,
1412 5616 1468 5664 et
1494 5606 1622 5663 alihi
1647 5607 1766 5663 aliis
1796 5614 2190 5663 commentato-

597 5691 716 5732 rum
756 5677 898 5749 notis
943 5687 1175 5749 sanata;
1211 5679 1280 5735 ab
1306 5678 1594 5749 erroribus
1631 5677 1948 5749 quibusdam
1996 5692 2192 5749 perpe—

600 5762 733 5830 ram.
768 5748 870 5819 ipsi
910 5748 1213 5832 .imputatis
1273 5748 1663 5805 Tertullianum
1714 5749 1951 5806 vindicat
1993 5748 2186 5822 Lump.

598 5816 841 5893 BibliotIt.
870 5818 1246 5893 It_ts_tor.crrt1ca
1278 5818 1489 5893 ΡΡηίῑ.
1508 5819 1686 5887 Vll,e.
1704 5820 1974 5893 ll,p.709
1996 5835 2117 5893 sqq.

504 5910 509 5915 ι
598 5862 1110 6032 :(izg'i'tih'ri'ﬁiiiltai'
1127 5862 1391 5953 “tirone”
1404 5862 1892 5964 reseritur;
1907 5862 2150 5965 ᾌὶῗῗίὶ.
2169 5928 2188 5964 ,

2269 610 2571 668 toritatem!
2626 627 2786 683 quam
2839 614 2948 670 cito
3001 614 3193 686 privati
3233 615 3521 687 cujuslibet
3584 616 3860 689 ingenium

2265 704 2507 761 subverti
2561 708 2776 775 queat!‘
2807 721 2967 777 quam
3021 722 3221 778 pronus
3261 710 3501 781 ejusdem
3550 710 3604 766 in
3644 725 3862 768 errores

2265 797 2468 869 lapsus!
2488 812 2647 869 quam
2662 812 2786 854 vere
2803 798 2872 856 de
2894 798 3225 856 Tertulliano
3263 802 3319 858 in
3341 803 3423 858 sui
3448 802 3865 860 Commonitorii

2265 904 2385 962 cap.
2438 894 2542 958 18,
2604 894 3027 963 pronuntiaverit
3064 895 3124 950 Β.
3148 895 3466 955 Vincentius
3514 896 3858 955 Lirinensis:

2269 984 2615 1042 Tertullianus
2643 986 2879 1042 catholici
2917 987 3170 1060 dogmatis
3192 1031 3208 1057 ,
3236 989 3291 1044 id
3343 1000 3416 1047 est
3462 991 3765 1047 universalis
3800 1008 3865 1048 ac

2264 1089 2471 1133 vetustte
2498 1079 2620 1149 ﬁdei
2658 1096 2840 1150 parum
2882 1090 3054 1148 tenax,
3116 1097 3178 1136 ac
3223 1082 3458 1139 disertior
3497 1083 3659 1139 multo
3708 1099 3868 1154 quam
3948 1126 3951 1129 .

2265 1169 2483 1241 felicior,
2512 1180 2707 1227 mutata
2743 1171 2980 1241 deinceps
3000 1174 3264 1241 trementia,
3315 1175 3434 1246 fecit
3478 1175 3548 1229 ad
3586 1185 3865 1231 extremum

2264 1269 2399 1338 quod
2424 1266 2487 1321 de
2514 1283 2572 1322 eo
2601 1266 2777 1323 beatus
2805 1272 3064 1341 confessor
3096 1266 3327 1324 Hilarius
3343 1269 3563 1340 quodam
3592 1268 3704 1325 loco
3733 1271 3864 1325 scri-

2267 1359 2370 1415 bit:
2396 1359 2660 1433 Sequenti,
2694 1362 2879 1435 inquit,
2902 1380 3074 1420 errore
3099 1363 3321 1420 detraxit
3350 1364 3554 1437 scriptis
3581 1364 3861 1437 probabili-

2267 1454 2357 1510 bus
2384 1455 2754 1527 auctoritatem.

2796 1550 3184 1609 ARTICULUS
3222 1550 3306 1608 Ill.

2503 1678 2575 1725 DE
2612 1680 2909 1724 ιιτειωιιις
2948 1680 3308 1724 τειιτυιιιΑΝῐ
3346 1682 3657 1754 ΑΝκΑμιιιυε.

2337 1777 2494 1835 Mode
2534 1794 2816 1850 perpensa,
2869 1789 2987 1837 utut
3026 1781 3142 1846 ﬁeri
3169 1780 3350 1851 licuit,
3377 1780 3693 1837 Tertulliani
3722 1781 3864 1838 mul-

2268 1872 2430 1944 tiplici
2459 1873 2809 1944 auctoritate,
2851 1882 3014 1945 atque
3055 1874 3226 1941 datis,
3272 1891 3390 1946 quae
3428 1873 3543 1930 ausi
3574 1889 3763 1931 sumus
3802 1891 3867 1933 ac

2268 1966 2471 2037 potiora
2504 1965 2786 2034 duximus,
2819 1964 2889 2023 de
2913 1974 3063 2022 recto
3089 1965 3330 2037 ejusdem
3350 1981 3448 2023 usu
3473 1966 3733 2037 consiliis,
3750 1968 3864 2040 jam

2265 2074 2329 2116 ex
2360 2057 2464 2116 hoc
2483 2059 2673 2115 ordine
2700 2074 2882 2151 rerum
2906 2060 3126 2116 minime
3151 2059 3427 2117 declinare
3456 2061 3717 2128 videmus,
3740 2078 3863 2119 cum

2265 2152 2481 2224 quinam
2508 2151 2708 2211 fuerint
2736 2153 2789 2210 in
2820 2168 2886 2212 eo
2916 2155 3153 2211 virorum
3196 2155 3479 2211 doctorum
3532 2155 3757 2227 impensi
3789 2157 3867 2213 la—

2266 2249 2459 2316 bores,
2489 2248 2603 2305 sive
2628 2247 2696 2303 ad
2720 2248 2933 2306 codices
2964 2249 3433 2317 transcribendos,
3479 2249 3596 2306 sive
3641 2249 3709 2306 ad
3753 2249 3868 2307 edi-

2269 2339 2445 2397 tiones
2496 2340 2873 2410 profereudas,
2927 2340 3042 2397 sive
3087 2340 3155 2396 ad
3206 2349 3408 2399 textum
3455 2342 3507 2397 in
3561 2342 3868 2400 recentibus

2268 2432 2462 2506 linguis
2486 2432 2917 2490 transferendum
2942 2476 2958 2504 ,
2991 2434 3105 2491 sive
3151 2433 3220 2490 ad
3266 2433 3511 2506 quazdam
3545 2434 3625 2491 rei
3651 2433 3867 2493 Tertulo

2268 2527 2424 2583 liena:
2452 2535 2645 2598 puncta
2674 2526 2946 2600 sigillatim
2990 2528 3323 2586 enucleanda
3342 2570 3358 2597 ,
3404 2529 3456 2585 iu
3480 2529 3732 2586 ‘decursu
3760 2545 3870 2587 sub

2267 2619 2509 2675 culorum
2530 2660 2544 2686 ,
2569 2620 2795 2691 singulis
2817 2621 3155 2678 volventibus
3188 2608 3373 2691 anuis,
3403 2637 3687 2680 recensere
3720 2637 3870 2680 sum-

2269 2715 2451 2770 matim
2478 2715 2870 2787 aggrediamur.
2892 2700 3039 2771 Nihil
3066 2717 3224 2773 enim
3249 2716 3418 2788 magis
3446 2718 3681 2775 ostendit
3709 2733 3867 2788 quam

2271 2809 2597 2881 totvirorum
2623 2812 2674 2865 in
2696 2810 2947 2867 eumdem
2966 2819 3243 2867 auctorem
3269 2826 3497 2884 operosa
3523 2828 3587 2869 ac
3602 2812 3869 2870 indefessa

2270 2902 2571 2973 mmulatio,
2619 2905 2805 2976 quanti
2842 2905 3231 2961 Tcrtullianum
3280 2905 3468 2963 fecerit
3511 2909 3687 2965 omnis
3727 2918 3869 2967 retro
3960 2950 3963 2951 ν

2270 3000 2558 3070 antiquitas
2592 3015 2656 3057 ac
2698 3002 2973 3057 recensier
3018 3000 3283 3069 eruditio,
3309 3012 3507 3073 quanta
3553 3001 3712 3060 fuerit
3753 3002 3870 3073 ejus

2271 3093 2581 3161 auctoritas,
2630 3096 2840 3167 qualivc
2868 3095 3143 3167 diligentia
3189 3111 3252 3152 ac
3300 3096 3580 3168 prudentia
3641 3098 3870 3168 quisque

2272 3184 2389 3255 ejus
2440 3186 2654 3258 scriptis
2704 3202 2831 3244 usus
2878 3187 3059 3245 fuerit.
3116 3187 3433 3244 Praeltabitis
3480 3187 3668 3244 eadem
3714 3190 3766 3244 in
3814 3204 3873 3246 rc

2271 3281 2495 3347 studiis,
2527 3276 2616 3337 ac'
2642 3283 2938 3353 prmsertim
2984 3281 3102 3338 Car.
3151 3281 3398 3355 Traugott
3441 3280 3645 3354 (ἐοιιίοὸ
3675 3282 3872 3359 Sphae-

2273 3391 2495 3429 nemann
2518 3390 2635 3431 rara
2655 3374 2942 3432 admodum
2961 3375 3292 3432 Bibliotheca
3329 3375 3866 3443 historico-literaria,

2272 3470 2558 3536 libentius,
2590 3486 2686 3542 pro
2714 3486 2865 3528 more
2887 3480 3070 3528 nostro
3117 3484 3181 3526 ac
3225 3470 3381 3541 jure,
3433 3480 3665 3540 utentes,
3702 3472 3873 3541 primo

2274 3562 2342 3621 de
2370 3565 2646 3621 codicibus
2672 3566 3055 3637 manuscriptis
3074 3609 3090 3634 ,
3114 3581 3341 3637 quorum
3367 3565 3553 3623 notitia
3598 3564 3665 3620 ad
3707 3579 3874 3636 usque

2275 3673 2375 3713 nos
2422 3659 2755 3728 pervenerit,
2803 3674 2970 3730 pauca
3008 3660 3326 3727 libabimus;
3378 3654 3871 3724 tum'cditionum,

2274 3750 2584 3808 versionum
2627 3766 2692 3808 ae
2740 3752 3254 3809 commentationem
3303 3751 3536 3822 amplam
3585 3752 3777 3808 seriem
3807 3750 3874 3807 ad

2276 3845 2517 3919 singulos
2553 3859 2757 3916 annos,
2789 3854 3047 3918 quantum
3075 3844 3323 3914 licuerit,
3354 3842 3650 3905 referemus
3672 3842 3776 3917 (t).

2581 3978 2609 4053 §
2650 3977 2690 4036 1.
2734 3996 2802 4037 ne
2841 3994 3114 4039 CODlClBUS
3153 3995 3527 4039 renrususm.

2358 4115 2514 4173 «Post
2540 4115 2909 4188 antiquissima
2934 4115 3207 4189 Cypriani,
3226 4115 3504 4183 Lactantii,
3526 4113 3731 4182 llilarii,
3760 4114 3872 4170 En-

2280 4207 2436 4275 sebii,
2461 4207 2673 4275 Ruﬁni,
2708 4208 3037 4282 llicrouymi,
3081 4208 3680 4280 Augustini,Vincentii
3733 4209 3878 4266 Liri-

2282 4301 2463 4356 nensis
2483 4342 2498 4367 ,
2523 4300 2590 4356 de
2616 4299 2933 4357 Tertulliani
2961 4301 3126 4368 libris,
3160 4301 3394 4372 ingenio,
3425 4300 3745 4358 auctoritate
3774 4311 3873 4358 tes-

2282 4395 2535 4464 timonia,
2569 4396 2717 4450 nulla
2765 4394 2995 4452 subinde
3026 4410 3123 4465 per
3168 4396 3317 4465 plura
3370 4394 3567 4451 saecula
3595 4403 3879 4453 remanent

2283 4488 2399 4558 ejus
2428 4488 2667 4560 vestigia,
2703 4488 3036 4559 obrutusque
3059 4487 3268 4542 videtur
3292 4487 3392 4544 sub
3405 4486 3756 4543 celeberrimo
3771 4487 3880 4543 Ge-

2285 4582 2403 4640 lasii
2429 4598 2577 4656 papa:
2607 4582 2864 4646 decreto,
2908 4582 2998 4652 qui
3043 4580 3354 4636 indistincta
3406 4579 3523 4650 ejus
3551 4595 3714 4653 opera
3736 4574 3881 4637 inter

2284 4678 2593 4752 apocrypha
2642 4675 2967 4754 amandavit.
2997 4672 3477 4735 Excitostandem
3524 4690 3592 4732 ex
3640 4675 3708 4732 iis
3749 4691 3881 4745 apo-

2287 4772 2615 4844 crypherum
2669 4768 2925 4836 tenebris,
2977 4783 3167 4823 rursus
3208 4766 3261 4823 in
3309 4766 3485 4823 lucem
3518 4767 3709 4839 prodiit
3741 4767 3882 4823 circa

2287 4862 2459 4919 fausta
2490 4860 2670 4918 Caroli
2706 4860 2883 4931 Magni
2933 4870 3173 4932 tempora
3199 4901 3213 4926 ,
3249 4874 3371 4917 cum
3403 4876 3471 4917 ex
3503 4860 3720 4917 immani
3762 4860 3882 4914 bar-

2288 4954 2538 5012 barorum
2574 4952 2805 5010 colluvie
2841 4968 3051 5011 cmersa
3089 4962 3499 5012 renascerentur
3528 4953 3704 5009 studia
3758 4952 3883 5008 lite-

2288 5064 2491 5107 rarum.
2542 5047 2673 5119 Quae
2705 5047 2965 5118 imprimis
2998 5047 3230 5105 lloruere
3257 5045 3523 5118 Lugduni.
3579 5045 3630 5101 in
3672 5053 3881 5100 vetusta

2289 5143 2609 5203 eruditionis
2661 5156 2725 5199 ac
2769 5142 3090 5214 eloquentiae
3117 5140 3334 5197 Gallica:
3362 5138 3521 5206 sede,
3554 5152 3655 5195 nec
3697 5153 3884 5210 parum

2290 5237 2487 5296 lavisse
2531 5236 2920 5311 archiepiscopi
2963 5234 3346 5306 lugduneuses,
3409 5229 3708 5288 Leidradus
3748 5231 3890 5287 inter

2290 5345 2427 5403 quos
2448 5338 2502 5386 ct
2525 5329 2865 5402 Agobardus,
2885 5336 3270 5384 memorantur.
3300 5324 3469 5381 Porro
3499 5324 3885 5383 Tertullianum

2294 5439 2405 5495 pne
2446 5424 2695 5480 omnibus
2724 5423 2776 5478 in
2810 5410 3019 5478 deliciis
3059 5418 3310 5476 habuisse
3346 5417 3666 5492 Agobardus
3706 5419 3888 5474 existi-

2294 5517 2523 5575 mandus
2572 5526 2692 5581 est,
2732 5516 2933 5587 quippe
2988 5514 3143 5585 cujus
3195 5521 3411 5571 exstant
3438 5504 3644 5583 'plures
3696 5526 3887 5567 mann-

2294 5611 2481 5683 scripti
2529 5610 2744 5670 codices
2771 5623 2970 5669 nomen
3019 5609 3138 5682 ejus
3184 5623 3292 5682 pra:
3345 5621 3404 5666 se
3434 5606 3713 5683 ferentes,
3738 5604 3889 5677 ,lliuc

2296 5703 2458 5777 igitur
2480 5722 2495 5760 :
3540 5709 3570 5737 ‘

2371 5819 2448 5894 (l)
2471 5818 2610 5896 Quae
2631 5818 2957 5896 doctissima:
2969 5815 3395 5896 Schoenemanni
3420 5814 3624 5896 notitise
3642 5811 3886 5871 addenda

2296 5888 2626 5958 censuimus,
2662 5890 2777 5947 haec
2806 5890 3016 5946 uncinis
3042 5888 3387 5961 prteligcuda,
3409 5888 3886 5961 curavinius,__c.u-

2297 5972 2414 6022 tera
2442 5965 2596 6024 novis
2616 5955 2828 6023 tantum
2857 5955 3279 6032 titulis,'autalio
3304 5957 3649 6017 diStinximus
3667 5955 3881 6013 ordine.
