4238 6262
438 182 509 244 55
1920 179 2314 241 ΡΒΕΡΛΤΙΟ.
3668 174 3751 240 ω

438 303 449 334 ι
520 319 537 351 ι
572 297 689 366 ΧΠ,
734 292 878 361 XIII.
926 292 1302 370 Itiisaiigicnsis
1321 302 1380 354 et
1410 296 1818 354 Pulerniaceusis
1871 297 2029 369 primi
2053 295 2191 364 Aet
2213 298 2395 354 insunt
2420 296 2616 355 indicia
2639 336 2656 366 ,
2683 308 2803 370 quae
2825 300 3089 355 attentum
3127 296 3528 357 observatorem
3552 298 3745 358 adver-

440 391 655 448 I‘uerunt
681 405 750 447 ex
795 388 989 460 quibus
1008 429 1027 456 ,
1056 388 1419 445 Tertulliauus
1438 428 1454 456 ,
1486 388 1750 444 Rhenano
1789 388 2039 468 obstetri-

444 494 620 553 cante,
638 481 888 555 prodiit.»
907 481 1240 561 Etiamnunc
1265 490 1549 537 servantur
1570 479 1622 536 in
1654 480 1785 536 urbe
1810 480 2039 536 Sehlett-

438 580 615 649 stadt,
660 594 725 635 ex
756 578 981 649 ipsamet
1025 574 1089 634 Β.
1131 574 1376 631 Rhenani
1420 574 1693 642 biblioth.,
1726 574 2039 631 Tertulliani

438 674 635 743 scripta
653 669 897 744 quaedam
917 684 1049 726 mss.
1083 669 1451 726 membranae.
1472 667 1556 724 Cl‘.
1587 666 1793 725 Hacnel.
1823 684 1879 740 p.
1908 669 2037 725 457.

509 766 652 836 XIV,
685 764 803 822 XV.
834 763 1127 822 Gorziensis
1155 775 1209 823 et
1247 763 1561 830 Fuldensis,
1608 779 1769 835 quem
1813 762 2040 835 posthac

435 862 530 919 Fr.
606 860 813 917 Modius
877 860 1182 932 diligentius
1244 860 1504 927 excussit,
1564 857 1851 930 plurimum
1898 856 2037 915 Ter-

438 957 660 1014 tulliano
684 954 1022 1014 emendando
1048 951 1383 1026 profuerunt.

510 1048 651 1112 XVI.
673 1047 885 1124 Cagnwi
911 1046 1167 1118 Codicem,
1196 1060 1263 1104 ex
1293 1060 1398 1119 quo
1424 1044 1719 1117 pleniorem
1750 1042 2036 1100 Tertullia-

440 1158 569 1200 num
596 1141 777 1208 dedit,
807 1141 1138 1214 ignoramus.

509 1233 673 1292 XVII.
705 1234 1034 1290 Britannicus
1063 1231 1274 1288 εαξηοὸἱὶ
1315 1229 1681 1288 Masburiensis
1728 1242 1756 1285 a
1787 1228 1909 1285 Joh.
1933 1228 2038 1285 Le-

438 1329 598 1386 laudo
623 1344 747 1385 cum
773 1327 997 1386 Gelenio
1045 1326 1476 1383 communicatus
1499 1364 1515 1393 ,
1547 1325 1701 1396 plane
1742 1323 1990 1395 egregius
2020 1338 2035 1387 ;

439 1426 526 1495 qui
556 1423 853 1497 usquedum
898 1438 1004 1479 non
1043 1421 1380 1478 habebantur
1421 1419 1590 1474 libros
1629 1417 1856 1474 Tertull.
1902 1432 2040 1489 prat-

436 1518 573 1585 buit,
603 1518 724 1573 aliis
748 1526 935 1572 contra
962 1516 1052 1587 qui
1078 1514 1189 1586 jam
1213 1514 1516 1581 exstabant,
1546 1526 1759 1568 carens.

507 1609 702 1678 XVIII,
732 1608 926 1666 XXIV.
954 1608 1165 1665 Codices
1207 1605 1466 1672 Pamelii;
1498 1615 1605 1661 tres
1634 1604 1872 1660 Vaticani
1915 1619 2037 1660 car-

2146 399 2262 449 tere
2292 400 2516 463 possunt
2542 390 2594 447 in
2622 390 2784 463 hujus
2808 391 2969 449 libelli
2998 392 3186 450 habitu
3213 393 3375 451 veluti
3406 394 3639 466 capitum
3664 403 3744 452 ta.

2143 485 2266 542 bula
2288 486 2461 558 ipsum
2491 486 2798 557 praecedens
2818 530 2833 556 ,
2865 502 2984 557 qua:
3012 487 3090 545 sic
3118 488 3385 560 exscripta
3411 495 3528 557 est,
3553 497 3611 544 ut
3630 488 3744 545 fere

2142 580 2198 637 in
2226 581 2443 653 reliquis
2469 580 2619 639 Tert.
2648 580 2984 654 Apologetici
3026 597 3147 639 cum
3178 582 3458 639 Lactantio
3487 582 3743 639 editioni-

2143 673 2241 730 bus
2266 674 2496 731 exseribi
2525 674 2701 743 solet,
2734 673 3048 755 indimidia
3080 674 3191 734 fere
3220 683 3372 748 parte
3403 674 3611 747 pagina:
3649 685 3741 732 se.

2142 767 2328 823 eundo)
2355 767 2470 823 folii
2500 768 2689 839 primi;
2738 756 2848 823 tum
2887 770 3054 840 ipsius
3098 769 3225 825 anni
3269 777 3412 825 notae
3459 768 3739 841 defectus,

2141 860 2230 915 vix
2255 859 2442 917 obvius
2466 860 2521 916 in
2550 856 2705 932 hujus
2735 860 2838 915 loci
2862 868 2916 916 et
2938 860 3251 933 typographi
3273 861 3595 918 editionibus
3620 904 3635 929 ,
3659 862 3747 919 de-

2142 952 2267 1009 inde
2291 953 2431 1026 quod
2464 961 2586 1025 post
2627 953 3073 1023 subscriptionem
3101 954 3423 1026 subjicitur:
3470 955 3653 1012 Sermo
3682 956 3747 1012 de

2140 1047 2245 1102 vita
2267 1057 2456 1102 interna
2499 1045 2604 1120 (ι),
2636 1046 2723 1119 qui
2748 1047 2946 1118 pariter
2970 1062 3091 1103 cum
3117 1047 3460 1120 sequentibus
3486 1047 3748 1105 Lactantii

2142 1140 2271 1196 edit.
2310 1156 2433 1212 quae
2482 1139 2797 1197 Tertulliani
2844 1138 3249 1212 Apologeticum
3291 1141 3603 1214 adjunctum
3646 1142 3744 1198 ha-

2139 1232 2306 1297 bent,
2340 1230 2655 1303 plerumque
2682 1230 2905 1303 prodiit.
2945 1230 3179 1289 Possunt
3206 1231 3323 1288 haec
3351 1233 3541 1291 saltem
3589 1233 3748 1294 exci-

2144 1334 2259 1382 tare
2284 1324 2398 1385 VV.
2449 1326 2559 1385 DD.
2591 1334 2647 1383 ut
2671 1326 2939 1385 curiosius
2975 1324 3047 1387 de
3088 1325 3210 1401 his,
3240 1325 3336 1387 ubi
3380 1325 3541 1401 licet,
3579 1326 3748 1402 dispi-

2143 1420 2305 1477 ciant.

2216 1602 2500 1662 Mediolani
2526 1622 2617 1678 per
2645 1513 3346 1664 ί]ιᾱενῑσυιὴΐξὲἱηπίηπεων.
3376 1606 3468 1664 fol.
3501 1607 3545 1677 ρ
3574 1606 3751 1680 Septi-

437 1704 602 1761 dinal.
632 1702 798 1759 Sirlet
821 1702 974 1775 jussu
1002 1701 1056 1757 in
1086 1716 1240 1758 usum
1267 1699 1384 1771 ejus
1406 1698 1623 1765 collati,
1666 1696 1773 1755 duo
1816 1712 2037 1754 monas-
2067 1700 2116 1763 B
2144 1703 2236 1758 mii
2279 1702 2427 1758 Flor.
2476 1702 2787 1758 Tertulliani
2819 1702 3199 1775 Apologeticus
3226 1703 3351 1760 adv.
3390 1712 3604 1775 gentes.
3635 1702 3749 1762 Cat.

439 1790 781 1857 teriorum'S.
815 1796 1046 1859 Amandi
1077 1803 1131 1852 et
1172 1794 1233 1851 ε.
1276 1792 1506 1850 Bavonis
1558 1794 1613 1850 in
1645 1792 1861 1863 Belgio;
1894 1805 2034 1848 unus

442 1892 794 1964 Anglicanus,
822 1892 913 1963 qui
944 1905 1113 1963 penes
1141 1887 1264 1946 Joh.
1294 1885 1627 1944 Clementem
1656 1885 1774 1942 fuit.

511 1984 682 2041 XXV.
711 1984 882 2040 Codea:
906 1982 1184 2057 Bongarsii
1202 2024 1219 2049 ,
1250 1998 1357 2054 quo
1396 1995 1526 2037 usus
1554 1989 1637 2037 est
1661 1978 1950 2037 Hera1dus.

506 2078 698 2136 XXVI.
731 2078 904 2135 Codex
927 2095 1075 2150 quem
1105 2077 1396 2135 Salmasius
1432 2075 1502 2133 ad
1528 2075 1722 2132 librum
1762 2075 1826 2131 de
1860 2073 2037 2130 Pallia

439 2171 844 2245 perpoliendum
870 2170 1177 2229 adhibuisse
1212 2169 1488 2242 professus
1504 2176 1645 2247 est,

506 2262 724 2332 XXVII,
753 2262 993 2319 XXVIII.
1021 2263 1250 2319 Codices
1275 2262 1382 2319 duo
1411 2259 1808 2317 membranacei
1860 2260 1913 2316 in
1950 2260 2034 2316 bi-

438 2354 703 2412 bliotheca
731 2354 992 2426 Lugdune
1012 2384 1039 2397 -
1059 2354 1258 2410 Batava
1284 2369 1338 2410 n.
1370 2352 1478 2411 524
1502 2394 1517 2420 ,
1544 2352 1651 2410 ’576
1700 2353 1992 2411 existentes
2016 2395 2033 2421 ,

439 2449 633 2522 quibus
658 2448 795 2505 liber
820 2449 883 2505 de
911 2447 1085 2506 Pallio
1122 2445 1635 2519 comprehenditur,
1677 2460 1741 2503 ac
1782 2460 1911 2503 usus
1952 2455 2037 2502 est

440 2540 878 2615 ilavercampius.

512 2637 737 2708 Insuper
774 2634 1045 2693 variantes
1084 2634 1381 2707 lectiones,
1424 2647 1559 2707 quas
1601 2633 1838 2691 e'variis
1883 2631 2035 2689 libris

437 2744 568 2787 mss.
623 2728 686 2784 F.
741 2727 970 2786 Ursinus
1016 2728 1348 2799 collegerat,
1396 2737 1677 2794 notemus,
1730 2741 1866 2798 quas
1912 2736 2033 2799 post

436 2824 803 2883 Wouwer-ium
833 2822 1092 2895 Rigaltius
1118 2823 1172 2879 in
1201 2839 1357 2880 usum
1384 2822 1614 2880 vocavit.

516 2937 535 2971 ε
556 2916 749 2974 XXIX.
797 2914 973 2974 Codex
1004 2916 1299 2987 Vaticanus,
1328 2917 1614 2974 continens
1633 2930 1755 2973 cum
1777 2915 2034 2973 chronico

438 3008 503 3067 V.
530 3008 690 3067 Beda:
734 3009 907 3065 multa
951 3009 1055 3065 alia
1107 2999 1374 3080 equihus
1424 3008 1786 3079 fragmentum
1815 3006 2034 3065 Tertul—

2140 1793 2277 1851 Bibl.
2312 1794 2502 1849 Pinell.
2534 1812 2588 1866 ρ.
2619 1793 2712 1852 lat.
2744 1791 2854 1850 682
2877 1836 2890 1861 ,
2923 1804 3045 1850 tont.
3073 1795 3116 1852 Ι.

2864 1888 3026 1946 1494.
3092 1938 3093 1941 η

2221 1978 2459 2051 Venetiis,
2496 1999 2616 2037 cura
2649 1992 2694 2038 et
2739 1982 2973 2052 expensis
3002 1980 3186 2038 nobilis
3230 1983 3327 2038 viri
3357 1982 3565 2041 Domini
3594 1983 3752 2041 0cm.

2140 2076 2276 2129 viani
2299 2075 2443 2131 Scoti
2471 2074 3020 2142 ModoetiensistM,
3038 2076 3227 2147 quinto
3251 2077 3369 2133 idus
3391 2078 3624 2135 octobris
3653 2094 3750 2149 per

2139 2169 2392 2226 Bouctum
2428 2169 2745 2227 Locatelittm
2773 2187 2791 2225 :
2823 2169 2901 2239 ρ.
2930 2169 3083 2243 Sept.
3135 2171 3451 2229 Tertulliani
3482 2172 3750 2243 Apoluge-

2142 2265 2300 2332 licus,
2334 2280 2453 2322 cum
2484 2264 2786 2322 Lactantio.
3168 2248 3178 2265 ’

2854 2358 3018 2417 1500.

2212 2453 2463 2523 Parisiis,
2495 2469 2581 2527 ap.
2614 2453 2699 2513 Jo.
2735 2453 2893 2511 Petit.
2913 2454 2992 2510 «1ο.
3015 2452 3324 2510 Tertulliani
3350 2454 3746 2529 Apologetieus,

2138 2562 2258 2629 cum
2289 2548 2600 2618 Lactantio,
2632 2549 2679 2605 si
2724 2548 3050 2620 conjectum
3095 2548 3259 2606 ﬁdere
3295 2549 3469 2623 licet.)

2632 2661 2842 2723 Saecqu
2867 2661 3075 2721 decimo
3113 2672 3287 2721 sexto.

2721 2795 3155 2858 1501-1600.

2210 2915 2341 2975 Cum
2370 2916 2650 2975 Lactantio
2697 2916 2891 2974 iterum
2944 2918 3248 2988 iterumque
3293 2913 3494 2988 prodiit
3538 2913 3750 2971 Tertul-

2138 2991 2263 3065 liani
2295 3011 2682 3082 Apologeticon
2716 3028 2728 3065 ε
2765 3009 2929 3077 1502,
2968 3007 3146 3079 Venet.
3192 3006 3528 3074 l'ol.;1509,
3573 3005 3750 3064 Venet.

437 3102 563 3157 liani
606 3100 671 3156 de
723 3099 1045 3156 exsecrandis
1083 3099 1213 3166 Diis,
1258 3100 1432 3169 primo
1478 3098 1682 3155 editum
1740 3098 2035 3155 anu.1650

2143 3102 2239 3157 fol.
2267 3119 2282 3168 ;
2315 3102 2476 3169 4509,
2507 3087 3019 3169 Paris.4°;15li,
3060 3100 3235 3156 Venet.
3266 3096 3399 3166 fol.;
3447 3099 3605 3164 ista,
3638 3098 3751 3152 Pa-

436 3207 465 3247 a
497 3191 547 3249 J.
579 3191 648 3248 Μ.
678 3192 953 3260 Suaresio,
978 3190 1321 3248 bibliothecae
1349 3188 1522 3246 Vatic.
1554 3200 1767 3258 custos,
1798 3206 1898 3248 nec
1925 3192 2037 3263 jam

438 3288 634 3345 abhinc
660 3302 933 3359 recusum,
962 3286 1161 3343 iterum
1182 3285 1237 3342 in
1259 3285 1359 3342 hac
1381 3294 1565 3342 nostra
1582 3285 1820 3343 editione
1849 3287 2035 3344 datum

440 3381 503 3437 T.
533 3379 593 3449 II,
622 3381 729 3436 col.
758 3380 922 3437 MM.
948 3378 1132 3437 Codex
1162 3380 1275 3448 ille,
1316 3380 1492 3452 inquit
1528 3381 1835 3450 Suaresius,
1868 3382 2040 3440 literis

440 3472 839 3544 longobardicis
866 3473 1124 3544 scriptum
1166 3482 1294 3529 ante
1346 3472 1719 3543 septingentos
1759 3476 1844 3531 vel
1887 3486 2040 3534 octo-

440 3573 631 3636 gentos
657 3578 829 3620 annos
855 3563 1094 3635 scriptus
1126 3563 1362 3622 videtur.

519 3676 536 3708 ι
571 3655 742 3713 XXX.
773 3654 951 3712 Codex
973 3656 1356 3726 Ambrosianus,
1381 3672 1413 3714 e
1432 3672 1540 3730 quo
1559 3657 1875 3717 Muratorius
1903 3662 2043 3719 eruit

441 3751 683 3809 ultimam
716 3758 923 3824 partem
957 3759 1217 3808 tractatus
1236 3751 1301 3806 de
1329 3752 1562 3807 oratione
1587 3795 1603 3822 ,
1638 3763 1883 3810 vetustus
1913 3758 2036 3826 qui-

440 3846 583 3917 dem,
614 3845 807 3903 eodem
826 3844 1025 3917 judice,
1059 3853 1116 3901 at
1153 3845 1344 3902 nullibi
1388 3845 1457 3902 ab
1485 3860 1551 3902 eo
1592 3846 1912 3919 descriptus,
1939 3864 2040 3906 nec

440 3940 534 3997 ulli
563 3938 753 3996 afﬁxus
773 3941 937 3996 aetati.
973 3956 993 3992 ι

513 4034 801 4108 Perperam
840 4033 1153 4094 Tertulliani
1192 4034 1411 4094 nomine
1448 4034 1811 4094 inscribuntur
1834 4036 2041 4095 duococ

440 4128 586 4185 dices
640 4127 990 4197 Parisienses,
1047 4144 1277 4200 quorum
1328 4130 1463 4186 alius
1518 4131 1568 4186 in
1606 4131 1851 4188 biblioth.
1894 4133 2040 4204 regia

442 4238 591 4279 num.
629 4221 793 4290 1656,
813 4221 949 4279 alter
967 4223 1019 4278 in
1051 4222 1182 4279 bibl.
1204 4222 1553 4282 S.-Genovel‘.
1584 4225 1856 4282 num.694
1870 4241 2042 4283 asser-

438 4326 624 4384 ratur,
673 4326 861 4373 neuter
911 4330 1040 4375 vero
1090 4317 1175 4377 vel
1214 4317 1499 4375 minimum
1522 4317 1843 4375 Tertulliani
1874 4317 2041 4376 habet

442 4409 752 4483 vestigium.

2144 3194 2235 3249 ris.
2266 3193 2356 3249 4°:
2389 3193 2626 3250 Florent.
2654 3193 2735 3261 8°,
2766 3208 2854 3265 ap.
2890 3192 3035 3248 Phil.
3064 3191 3213 3249 lunt.
3243 3191 3474 3247 Juntinrc
3501 3191 3750 3262 exempla

2144 3304 2387 3347 seorsum
2417 3291 2580 3348 etiam
2630 3290 2891 3362 reperias.
2925 3287 3050 3345 Vid.
3091 3286 3208 3344 Cat.
3237 3285 3375 3344 Bibl.
3415 3285 3609 3342 Pinell.
3642 3283 3746 3340 PP.

2145 3383 2240 3439 lat.
2263 3422 2282 3453 ,
2325 3399 2381 3439 η.
2413 3380 2545 3441 681.

2226 3567 2446 3627 Venetiis
2470 3570 2524 3625 in
2570 3567 2763 3625 (edibus
2812 3474 3033 3622 A1151:
3080 3565 3301 3621 Andr-ea:
3349 3563 3533 3630 soceri,
3566 3576 3749 3619 mense

2144 3667 2300 3738 aprili
2342 3665 2503 3722 1515.
2536 3664 2593 3721 In
2624 3664 2801 3719 fronte
2832 3680 2848 3720 :
2881 3662 3313 3717 TERTULLMNUS.
3347 3658 3750 3715 Prmmittuntur

2146 3768 2344 3829 praeter
2369 3759 2455 3814 Jo.
2489 3756 2645 3828 Bapt.
2676 3755 2885 3826 Egnatii
2924 3753 3062 3810 Ven.
3091 3752 3160 3808 ad
3186 3751 3349 3823 Casp.
3390 3751 3747 3807 Contarenum

2142 3849 2433 3906 Patricium
2462 3849 2654 3905 Venet.
2688 3857 2743 3904 ct
2782 3845 3163 3918 philosophum
3215 3845 3541 3915 praecipuum
3586 3841 3748 3913 epist.

2144 3942 2520 3999 dedieatoriam
2545 3978 2563 4011 ,
2603 3939 2915 4013 Hieronymi
2953 3940 3060 3996 vita
3106 3937 3457 4007 Tertulliani,
3506 3946 3559 3993 et
3597 3935 3750 4008 capi-

2144 4046 2255 4095 tum
2278 4037 2485 4094 tabula.

2855 4127 3018 4189 1521.

2216 4224 2328 4282 ΕΙ).
2353 4220 2691 4281 PRINCEPS
2721 4218 3156 4281 BASILEENSIS
3192 4220 3232 4276 I.
3270 4218 3504 4290 Operum
3535 4214 3749 4273 Tertul-

2143 4317 2292 4382 liani,
2315 4318 2435 4373 Bas.
2458 4318 2597 4388 apud
2612 4316 2834 4373 Froben.
2854 4317 2947 4387 fol.
2963 4334 2980 4368 ‹
3001 4314 3174 4385 Opera
3188 4312 3251 4381 Q.
3269 4310 3513 4383 Septimii
3528 4307 3751 4365 Floren-

2144 4413 2211 4469 tis
2241 4411 2555 4468 Tertulliani
2573 4454 2587 4477 ,
2622 4411 2762 4466 inter
2784 4397 2978 4465 latinos
2994 4405 3245 4462 Eeelesim
3262 4404 3550 4475 scriptores
3566 4400 3743 4473 primi,

441 4523 564 4598 §ll.
618 4504 685 4582 ei:
727 4539 962 4585 srueums
1005 4540 1357 4596 EDITIONIBUS,
1394 4541 1758 4599 vnasromeus,
1818 4542 1884 4585 ac
1940 4545 2033 4586 va-

2143 4506 2261 4562 sine
2289 4520 2514 4577 quorum
2542 4504 2776 4561 lectione
2802 4501 3008 4559 nullum
3035 4499 3181 4557 diem
3206 4496 3595 4554 intermittebat
3622 4495 3748 4550 olim

599 4634 797 4679 RIORUI
844 4636 899 4678 IN
934 4634 1303 4681 TERTULUANO
1333 4638 1882 4680 COMMENTATIONIBUS.

905 4716 1117 4774 Stacqu
1142 4717 1589 4789 decimo-quinto.

1157 4808 1318 4868 1185.

509 4899 577 4974 ρ.
621 4898 865 4974 Septimii
892 4899 1162 4959 Florentis
1205 4903 1584 4974 Apologeticus
1613 4901 1870 4959 adversus
1910 4917 2043 4974 gen-

439 5009 541 5055 tes.
573 4998 896 5070 Impressum
937 4996 1155 5053 Venetiis
1183 5014 1271 5068 per
1320 4995 1696 5053 Bernardinum
1742 4995 2034 5054 Benalium.

436 5112 480 5149 δ.
515 5112 567 5149 a.
600 5103 742 5148 nota.
767 5092 860 5167 fol.
890 5082 1211 5149 Charactere
1239 5090 1467 5164 eleganti
1490 5092 1715 5164 gaudet,
1746 5092 1915 5148 literis
1940 5093 2041 5149 ini-

438 5185 648 5242 tialibus
678 5184 843 5241 minio
872 5184 1116 5256 adpictis.
1161 5183 1480 5257 Singulatim
1521 5184 1738 5257 quidem
1786 5183 1874 5240 hic
1903 5183 2038 5240 Ter-
2122 5220 2129 5227 -

438 5278 638 5333 tulliani
654 5277 864 5333 libellus
884 5276 938 5333 in
960 5275 1275 5333 bibliotheca
1293 5276 1633 5349 Regio-acad.
1657 5275 1836 5333 Goett.
1864 5283 2041 5332 exstat

437 5377 490 5424 et
517 5377 845 5426 memoratur
870 5369 928 5426 in
963 5369 1212 5427 biblioth.
1242 5369 1534 5426 Pinelliana
1588 5378 1626 5425 t.
1670 5367 1693 5425 Ι
1735 5367 1884 5424 Patr.
1913 5368 2033 5425 Lat.

436 5478 491 5517 ιι.
520 5460 646 5519 685.
672 5462 777 5519 Sed
802 5503 817 5530 ,
850 5462 907 5519 ni
949 5462 1139 5533 fallor,
1187 5462 1256 5520 ad
1296 5462 1699 5525 Lactantianam
1744 5463 2035 5522 editionem

437 5552 505 5608 ab
525 5553 715 5611 eodem
733 5553 898 5611 Bern.
919 5552 990 5611 de
1007 5553 1243 5613 Benaliis
1268 5554 1464 5611 factam
1491 5563 1547 5613 et
1564 5570 1595 5610 a
1622 5554 1869 5612 Fabricio
1890 5570 2039 5611 com-

438 5656 784 5725 memoratam
814 5648 1304 5721 pertinet;'quam,
1351 5650 1473 5721 quia
1525 5648 1662 5706 forte
1710 5650 1891 5706 rarior
1925 5651 2032 5719 sit,

437 5738 601 5797 nolim
630 5740 882 5800 continuo
905 5756 1025 5799 cum
1055 5740 1403 5797 Bunemanuo
1450 5743 1500 5797 in
1540 5741 1758 5800 dubium
1798 5755 1991 5801 vocare
2018 5784 2033 5814 ,

2142 4600 2299 4657 divus
2319 4600 2637 4671 Cyprianus,
2661 4611 2757 4666 per
2778 4591 3062 4672 BEATUM
3079 4589 3466 4648 RIIENANUM
3493 4588 3749 4644 Seletsta-

2145 4695 2384 4751 diensem
2406 4708 2437 4748 e
2463 4690 2695 4747 tenebris
2725 4697 2876 4744 eruta
2902 4695 3063 4758 atque
3090 4700 3121 4741 a
3146 4685 3251 4741 situ
3276 4698 3375 4755 pro
3410 4681 3548 4739 virili
3578 4679 3750 4736 vindi-

2144 4796 2283 4853 cata,
2313 4784 2537 4857 adjectis
2562 4766 2895 4853 singulorum
2928 4779 3182 4836 librorum
3215 4775 3544 4848 argumentis
3571 4781 3624 4831 et
3648 4772 3748 4828 ali-

2145 4880 2265 4935 cubi
2288 4874 2611 4949 conjecturis
2629 4917 2646 4942 ,
2675 4874 2872 4946 quibus
2895 4872 3292 4929 vetustissimus
3304 4879 3490 4928 auctor
3505 4866 3747 4925 nonnihil

2145 4975 2461 5032 illustratur.
2490 4970 2727 5038 Quorum
2751 4969 3056 5040 catalogum
3088 4968 3327 5039 proxima
3359 4964 3549 5035 pagina
3590 4975 3747 5031 repc-
3814 5016 3827 5023 ,

2141 5068 2269 5123 ries.
2299 5065 2503 5121 Floruit
2532 5062 2632 5119 sub
2660 5061 2800 5118 Caes.
2834 5062 3034 5118 Severo
3064 5057 3343 5114 Pertinace
3374 5062 3428 5110 et
3469 5052 3741 5108 Antonino

2141 5159 2445 5225 Caracalla,
2497 5156 2652 5213 valde
2707 5156 2913 5210 vicinus
2964 5150 3325 5222 apostolorum
3375 5145 3741 5217 temporibus,

2141 5254 2283 5310 circa
2310 5266 2507 5307 annum
2534 5263 2566 5305 a
2593 5248 2809 5305 Christo
2837 5259 2993 5317 passo
3044 5240 3167 5298 l60.
3200 5240 3377 5308 Quare
3405 5238 3534 5295 boni
3559 5251 3746 5295 consu-

2139 5344 2300 5402 lenda
2328 5352 2452 5399 sunt
2477 5340 2635 5412 hujus
2662 5340 2859 5410 scripta
2885 5376 2901 5403 ,
2929 5335 2975 5391 si
3003 5332 3199 5389 alicubi
3222 5331 3432 5388 varient
3457 5344 3488 5386 a
3516 5329 3744 5400 receptis

2140 5438 2337 5494 horum
2364 5446 2667 5507 temporum
2696 5429 2960 5503 dogmatis
2981 5468 2996 5495 ,
3024 5441 3147 5483 cum
3176 5441 3366 5483 omnes
3394 5423 3629 5496 synodos
3647 5437 3743 5478 au-
3830 5488 3841 5501 .

2141 5528 2426 5589 tecesserit
2449 5569 2464 5598 ,
2494 5525 2807 5601 apostolicis
2837 5524 2941 5581 illis
2969 5523 3206 5595 exceptis
3228 5562 3243 5589 ,
3268 5534 3493 5593 quarum
3519 5519 3572 5574 in
3600 5518 3745 5574 Actis

2209 5662 2295 5738 (1)
2319 5664 2650 5793 Δᾱᾶθξὺωῐι
2671 5659 2957 5734 inscriptus
2986 5673 3002 5715 :
3035 5654 3164 5721 Item
3190 5670 3355 5717 sermo
3382 5655 3447 5715 de
3471 5655 3574 5714 vita
3595 5660 3742 5715 atter-

2140 5753 2230 5795 πα.
2261 5753 2387 5795 cam:
2485 5766 2530 5793 σο

2179 5754 2230 5812 tt,
2261 5754 2411 5811 caput
2440 5754 2530 5793 ne.
