4242 6266
450 271 522 336 ω
1908 262 2302 333 ΡΒΑΞΕΔΤΙΟ.

452 387 628 449 Lucas
649 382 1039 449 commeminit.
1063 383 1285 458 Gaude,
1312 384 1507 459 lector,
1549 390 1607 446 et
1639 379 1787 446 hunc
1820 385 1919 442 tibi
1960 398 2053 443 ra-
2078 384 2136 451 Α

455 496 578 543 tum
599 496 662 540 ac
687 497 887 539 novum
917 479 1227 537 thesaurum
1241 494 1390 551 para,
1414 492 1480 536 ac
1500 480 1636 536 vale.
1666 495 1687 536 ι
1724 479 1779 535 In
1800 479 1966 543 c‘alcc,
1986 478 2059 535 loc

457 577 530 633 lio
556 586 678 639 ante
715 576 946 633 indicem
975 577 1218 647 proximo
1250 593 1264 629 :
1293 572 1513 632 Basilea:
1554 576 1693 649 apud
1729 571 1820 629 Jo.
1848 573 2058 630 ’Frobe-

458 671 640 733 nium:
693 685 867 724 mense
918 669 1084 725 Julia.
1135 667 1434 728 An.1521.
1474 667 1653 739 Opera
1697 681 1817 739 qua:
1858 667 1913 722 in
1955 667 2059 723 hac

455 762 728 820 volumine
754 761 1097 819 continentur
1120 804 1136 829 ,
1166 776 1392 833 quorum
1444 760 1741 833 catalogum
1768 760 1959 833 pagina
1988 762 2057 816 ti-

458 854 551 910 tuli
578 852 802 910 adversa
831 853 1063 925 praebet,
1090 854 1205 910 lure
1229 862 1355 915 sunt
1382 869 1396 908 :
1429 853 1493 909 de
1521 852 1781 910 Patientia
1810 853 1971 919 liber;
1998 854 2061 909 de

455 946 623 1005 Carne
664 946 897 1014 Christi;
936 946 1001 1002 de
1025 944 1416 1004 Resurrectione
1456 947 1661 1013 carnis;
1705 947 1771 1003 de
1814 945 2062 1002 Precscri-

459 1042 629 1114 ptione
652 1041 1039 1109 htereticorum;
1059 1041 1316 1097 Adversus
1334 1057 1509 1097 omnes
1538 1046 1750 1098 haereses
1771 1059 1793 1110 ;
1811 1042 2063 1099 Adversus

459 1132 669 1191 Judazos
690 1152 710 1202 ;
749 1133 1003 1190 Adversus
1044 1133 1366 1205 Mqrcionem
1392 1134 1506 1189 libri
1531 1133 1602 1202 V;
1640 1134 1895 1189 Adversus
1922 1133 2063 1189 Her-

461 1242 743 1301 mogenem;
765 1228 1019 1284 Adversus
1057 1226 1466 1293 Valentinianos;
1495 1226 1747 1283 Adversus
1779 1225 2063 1294 Praxeam;

462 1320 526 1375 de
549 1319 749 1376 Corona
787 1321 1006 1385 militis;
1049 1319 1132 1375 Ad
1168 1319 1462 1392 Martyres;
1510 1321 1572 1374 de
1611 1318 1961 1386 Pwnitentia;
2001 1322 2064 1377 de

470 1409 763 1486 Virginibus
788 1414 1019 1469 vetandis
1041 1428 1061 1478 ;
1090 1412 1153 1469 de
1189 1412 1381 1467 Habitu
1404 1413 1673 1478 muliebri;
1702 1413 1765 1469 de
1791 1413 1942 1469 Cultu
1973 1418 2064 1483 (az-

461 1506 720 1562 minarum
744 1525 763 1573 ;
790 1507 857 1561 ad
890 1505 1109 1562 Uxorem
1129 1522 1270 1567 suam
1296 1505 1411 1560 libri
1435 1505 1513 1571 Il;
1549 1506 1613 1561 de
1644 1505 1795 1580 Fuga
1825 1508 1877 1563 in
1901 1525 2067 1579 perse-

461 1600 667 1656 cutione
690 1615 710 1666 ;
736 1599 803 1653 ad
835 1599 1149 1672 Scapulam;
1183 1599 1246 1652 de
1274 1597 1648 1656 Emltortatione
1670 1602 1959 1667 castitatis;
2003 1602 2066 1655 de

464 1690 799 1765 Monogamia
819 1707 841 1758 ;
864 1693 927 1745 de
956 1690 1126 1745 Pallio
1149 1706 1168 1757 ;
1193 1690 1556 1763 Apologeticus
1583 1694 1826 1750 adversus
1870 1706 2062 1764 gentes.

2587 381 2754 442 1525.
2829 379 3092 461 £528.“)
3162 381 3325 445 t556.

2227 474 2360 538 Bas.
2388 487 2477 550 ap,
2500 475 2735 535 Froben.
2766 477 2801 534 l‘.
2831 480 3181 552 repetitiones
3206 482 3413 553 primae.

2204 583 2211 591 ·η
2878 574 3043 630 i559.
3214 644 3227 657 .

2237 662 2347 720 an.
2379 663 3206 725 BASILEENSlSll.Basilete.f.
3233 669 3404 742 Opera
3426 666 3493 742 ρ.
3519 669 3764 743 Septimii

2164 756 2432 816 Florentis
2477 758 2795 817 Tertulliani
2842 760 3336 835 Carthaginiensis,
3381 764 3524 823 inter
3572 765 3765 822 latinos

2162 850 2421 908 Ecclesia:
2472 854 2765 925 scriptores
2816 856 3017 927 primi,
3081 857 3201 914 sine
3250 873 3480 930 quorum
3536 858 3767 916 lectione

2165 944 2367 1000 nullum
2400 944 2541 1001 diem
2565 947 2957 1005 intermittebat
2987 949 3117 1006 olim
3142 951 3297 1007 divus
3322 953 3637 1024 Cyprianus,
3670 968 3768 1025 per

2164 1038 2388 1095 Beatum
2406 1038 2723 1097 Rhenanum
2755 1041 3225 1101 Seletstadiensem
3254 1060 3285 1101 e
3315 1046 3548 1103 tenebris
3593 1055 3764 1115 eruta,

2164 1139 2326 1202 atque
2363 1145 2395 1187 a
2424 1131 2529 1190 situ
2556 1148 2656 1204 pro
2686 1134 2827 1190 virili
2855 1126 3142 1204 vindicata,
3177 1136 3401 1208 adjectis
3431 1137 3767 1210 singulorum

2168 1222 2431 1281 librorum
2470 1227 2825 1296 argumentis,
2858 1234 2913 1283 et
2941 1227 3129 1284 nullibi
3172 1243 3279 1286 non
3321 1230 3675 1301 eonjecturis,
3705 1240 3770 1289 ac

2166 1333 2341 1390 nuper
2391 1318 2678 1377 collatione
2724 1320 3034 1378 Garziensis
3081 1322 3403 1396 exemplaris
3446 1339 3514 1381 ex
3563 1322 3769 1380 Medio-

2167 1414 2481 1469 matricibus
2499 1415 2697 1482 oblata,
2721 1431 2827 1472 non
2850 1416 3023 1472 solum
3045 1416 3203 1489 longe
3217 1417 3583 1475 emendatiora
3607 1416 3767 1487 facta,

2168 1520 2357 1561 verum
2386 1506 2546 1562 etiam
2579 1522 2677 1578 pro
2704 1522 2763 1564 re
2788 1517 2911 1564 nata
2940 1500 3093 1568 novis
3133 1524 3196 1566 ac
3219 1511 3440 1568 retentis
3465 1512 3770 1568 annotatio-

2168 1599 2327 1654 nibus
2394 1602 2633 1671 exposita
2706 1602 3095 1676 illustrataque.
3162 1603 3401 1674 Quorum
3471 1606 3772 1679 catalogum

2168 1692 2413 1763 proxima
2446 1694 2637 1765 pagina
2680 1696 2943 1767 reperies.
2984 1696 3194 1753 Floruit
3237 1697 3339 1754 sub
3373 1698 3530 1757 Cass.
3571 1698 3773 1757 Severo

536 1786 763 1856 Ceperat
792 1782 980 1839 edendi
1013 1782 1399 1839 Tertullianutn
1423 1785 1706 1845 consilium
1736 1787 2027 1844 Rhenanus
2050 1829 2065 1858 ,
2095 1791 2145 1851 B
2176 1785 2459 1843 Pertinaee
2484 1829 2499 1853 ,
2566 1797 2621 1843 et
2668 1791 2943 1847 Antonino
2995 1789 3269 1848 Caracalla
3289 1834 3306 1862 ,
3353 1791 3512 1850 valde
3567 1793 3775 1852 vicinus

462 1895 584 1936 cum
616 1879 750 1935 forte
781 1879 832 1933 in
859 1879 1100 1935 codicem
1132 1888 1406 1936 vetustum
1436 1878 1731 1936 Paterniaci
1766 1882 2064 1954 (Pteterlin-

463 1971 603 2046 gen)
651 1972 884 2029 «εηοῦἱί
934 1970 1290 2043 Transjurani
1332 1973 1642 2044 incidisset,
1684 1989 1810 2032 mox
1855 1976 2069 2048 adjutus

466 2069 622 2124 ctiam
653 2067 838 2122 codice
868 2064 1231 2138 Hirsaugiensi
1274 2064 1602 2138 (Hinc/tau).
1648 2066 1946 2140 Utrumque
1988 2079 2066 2125 ta-

467 2175 589 2215 men
632 2167 738 2214 tam
778 2167 1093 2229 corruptum
1131 2168 1185 2215 et
1213 2159 1424 2217 mendis
1453 2159 1704 2231 plenum,
1745 2160 1905 2218 simul
1930 2164 2061 2218 seri-

466 2264 674 2325 pturam
698 2254 984 2326 utrobique
1015 2265 1121 2310 tam
1152 2254 1380 2323 similem
1412 2254 1802 2326 deprehendit,
1842 2264 1903 2312 ut
1933 2257 2070 2313 alter

464 2348 534 2405 ab
559 2348 731 2403 altera
771 2346 1074 2418 descriptus
1115 2347 1409 2417 videretur,
1459 2357 1514 2405 et
1558 2349 1614 2405 ni
1653 2350 1823 2407 semel
1851 2349 2069 2406 vixdum

464 2438 702 2510 inscripti
748 2438 902 2509 libri,
929 2438 1056 2495 dum
1100 2436 1353 2496 Frobenii
1390 2439 1553 2510 prtela
1595 2448 1882 2509 vacarent,
1930 2442 2071 2513 typis

462 2534 655 2591 excudi
684 2534 846 2607 empti
871 2542 1054 2592 essent
1077 2576 1092 2602 ,
1118 2534 1341 2592 omnino
1370 2534 1437 2592 ab
1464 2544 1629 2606 Opere
1666 2536 1983 2592 destitutum
2009 2551 2072 2592 se

464 2625 634 2684 fuisse
674 2627 925 2682 afﬁrmat.
957 2624 1186 2683 Secutus
1227 2641 1357 2698 ergo
1402 2626 1459 2684 in
1508 2626 1841 2699 proﬂiganda
1887 2627 2073 2685 labore

466 2721 569 2778 hoc
594 2730 698 2790 cst,
717 2729 776 2777 ut
795 2720 1027 2791 tquando
1048 2721 1162 2776 loca
1183 2721 1428 2777 mendosa
1449 2720 1875 2791 deprehenderet,
1902 2731 2073 2776 etnon

466 2816 780 2874 subvenirent
825 2813 1161 2888 eaemplaria,
1190 2814 1354 2869 sciens
1384 2814 1617 2887 religiose
1661 2832 1767 2871 esse
1806 2814 2075 2870 tractanda

469 2916 730 2963 auctorum
757 2908 948 2979 scripta
974 2923 1077 2962 non
1100 2922 1243 2962 secus
1265 2923 1325 2961 ac
1365 2923 1447 2962 res
1471 2924 1645 2964 sacras
1669 2950 1685 2976 ,
1729 2908 1860 2963 nihil
1907 2917 2074 2963 muta-

470 3013 578 3074 ret,
604 3004 695 3062 sed
734 3006 1052 3076 conjecturas
1072 3046 1087 3073 ,
1128 3020 1241 3076 qua:
1267 3014 1373 3060 tum
1398 3007 1453 3061 in
1476 3015 1694 3061 mentem
1731 3007 1862 3076 forte
1905 2985 2073 3061 venie-

473 3097 624 3168 bant,
652 3101 707 3153 in
733 3101 1049 3171 marginibus
1083 3099 1327 3170 adjiceret
1350 3140 1364 3165 ,
1395 3115 1612 3168 quarum
1640 3098 1905 3155 nonnullw
1929 3140 1944 3165 ,
1994 3076 2079 3154 ῑῗι-

2169 1878 2534 1948 apostolorum
2593 1881 2965 1951 temporibus,
3022 1884 3164 1939 circa
3209 1900 3409 1940 annum
3476 1901 3509 1941 a
3560 1885 3775 1943 Christo

2171 1986 2329 2041 passo
2385 1973 2509 2030 £60.
2562 1972 2810 2031 BASILEE
2855 1975 3017 2033 1559.
3064 1993 3235 2034 mense
3278 1993 3500 2036 nano.
3549 1979 3625 2035 De
3676 1978 3777 2035 hac

2170 2066 2406 2123 secunda
2436 2067 2986 2143 editioneaudiamus,
3008 2088 3127 2145 qute
3148 2073 3264 2145 ipse
3290 2072 3586 2130 Rhenanus
3606 2073 3777 2130 literis

2171 2158 2447 2229 praeﬁxis,
2504 2160 2641 2217 datis
2698 2162 3005 2220 Seletstadii
3058 2168 3158 2222 sub
3216 2167 3321 2223 cal.
3379 2176 3537 2222 mart.
3598 2167 3773 2235 15⁸59,

2171 2253 2359 2311 scribit
2392 2273 2407 2310 :
2440 2273 2459 2307 ε
2496 2254 2697 2312 lterum
2727 2257 2919 2314 damus
2949 2259 3370 2330 Tertullianum,
3403 2260 3499 2317 sed
3525 2260 3778 2317 emenda«

2175 2348 2385 2415 tiorem,
2418 2366 2577 2421 quam
2616 2353 2863 2409 antehac.
2894 2351 3057 2425 Cujus
3080 2355 3160 2411 rei
3199 2371 3408 2423 caussa,
3442 2357 3583 2429 quod
3612 2356 3780 2414 colla-

2174 2442 2374 2499 tionem
2405 2441 2522 2515 ejus
2568 2445 2790 2515 codicis,
2824 2448 2914 2519 qui
2942 2448 3152 2505 Gorzice
3178 2436 3243 2505 in
3286 2450 3780 2508 Mediomatricibus

2174 2544 2482 2591 asservatur
2521 2536 2793 2610 diligentia
2845 2555 2908 2596 ac
2970 2542 3294 2599 dexteritate
3332 2542 3559 2599 Huberti
3602 2543 3780 2599 Custi-

2176 2626 2636 2700 nei—adjuvante
2658 2632 2936 2689 Dominieo
2958 2633 3273 2691 Florentino
3287 2635 3459 2691 sodali
3482 2645 3778 2707 peractam,

2177 2736 2303 2779 cura
2329 2723 2699 2795 iurisconsulti
2729 2727 2791 2781 D.
2821 2727 3026 2785 Claudii
3056 2712 3426 2786 Cautiuncula:
3453 2729 3781 2787 Ferdinandi

2177 2812 2403 2871 Caesaris
2441 2810 2472 2873 a
2523 2818 2771 2885 'consilio,
2816 2821 3031 2877 tandem
3080 2822 3221 2879 nacti
3257 2838 3464 2879 sumus.
3496 2822 3607 2880 Nec
3652 2837 3783 2879 vero

2182 2918 2385 2966 tantum
2442 2912 2647 2983 profuit
2699 2914 2835 2983 illa,
2878 2930 3203 2989 quamquam
3258 2918 3488 2977 multum
3540 2917 3780 2990 proluit,

2180 3013 2435 3074 quantum
2452 3006 2710 3062 momenti
2725 3007 2901 3063 attulit
2916 3010 2983 3064 ad
3002 3011 3334 3067 exactiorem
3353 3011 3782 3081 castigationem,

2181 3097 2322 3167 quod
2352 3097 2808 3168 deprehendimus
2847 3101 3077 3156 subinde
3101 3104 3418 3172 graecissare
3461 3102 3784 3173 Septimium

474 3191 620 3262 quit,
651 3208 742 3247 nec
770 3194 897 3247 mihi
922 3192 1139 3248 multum
1154 3191 1405 3262 arrident,
1448 3207 1620 3247 verum
1643 3192 1908 3262 cupiebam
1928 3194 2081 3246 lecto-
2106 3185 2153 3252 C
2188 3188 2370 3260 ﬁguris
2401 3200 2456 3246 et
2485 3192 2978 3247 constructionibus
3015 3193 3206 3264 grtecis
3257 3201 3521 3257 utentem.
3550 3195 3787 3265 Apparet

476 3306 581 3345 rem
604 3290 952 3346 dubitaturum
974 3291 1238 3362 adjuvare.
1256 3290 1410 3358 Quod
1424 3290 1468 3345 si
1492 3306 1595 3345 non
1616 3290 1798 3360 ubique
1820 3288 2077 3357 successit,

479 3397 581 3436 non
607 3391 679 3437 est
705 3383 894 3439 idcirco
915 3383 1238 3439 damnandus
1268 3391 1537 3438 conatus.)
1568 3381 1781 3453 Pergit:
1819 3398 1838 3434 ι
1871 3380 2082 3437 Utinam

481 3476 609 3531 mihi
632 3478 780 3549 capia
807 3477 982 3550 [uisset
1028 3476 1332 3550 exemplaris
1355 3476 1493 3547 quod
1522 3477 1578 3531 in
1607 3473 1871 3531 Gorsiensi
1912 3491 2081 3531 emno-

481 3569 567 3625 bia
610 3580 862 3636 servatur,
910 3570 966 3625 id
989 3570 1128 3628 abest
1163 3571 1233 3625 ad
1276 3572 1483 3626 tertium
1528 3568 1832 3625 milliarium
1877 3568 1940 3623 ab
1963 3568 2084 3624 urbe

482 3662 953 3732 Mediomatricum,
986 3672 1033 3721 et
1059 3666 1178 3720 item
1207 3665 1320 3737 ejus
1339 3662 1475 3735 quod
1497 3662 1638 3734 apud
1665 3659 1894 3716 Fuldam
1922 3670 2085 3716 exstat

481 3759 559 3814 vel
611 3760 722 3831 ejus
765 3759 902 3829 quod
947 3775 1055 3816 esse
1083 3754 1265 3814 Roma:
1308 3761 1500 3830 ferunt.
1547 3755 1655 3812 Sed
1701 3756 1881 3826 spatiis
1921 3755 2085 3826 iniqui

484 3852 723 3923 temporis
750 3852 963 3919 exclusi,
993 3867 1093 3907 non
1120 3851 1374 3924 potuimus
1408 3866 1469 3905 ea
1494 3848 1740 3905 nancisci.
1767 3848 2085 3919 Quamquam

485 3957 655 4000 vereor
681 3943 812 3999 nihil
835 3945 1026 3999 nostris
1071 3959 1179 3999 esse
1217 3941 1595 4008 emendatiara,
1643 3939 1850 4011 quando
1890 3938 2087 3995 codices

486 4039 666 4109 quibus
693 4040 773 4094 usi
800 4054 999 4106 sumus,
1024 4035 1391 4109 Hirsaugensis
1429 4045 1475 4091 et
1530 4033 1960 4100 Paterniacensis,
1983 4041 2088 4087 tam

488 4143 773 4191 constanter
810 4149 901 4203 per
920 4132 1096 4188 omnia
1140 4130 1554 4198 consentiebant,
1582 4144 1644 4184 ea:
1682 4127 1892 4183 diversis
1942 4126 2088 4181 allati

491 4225 802 4282 bibliothecis
824 4268 841 4295 ,
869 4238 1044 4282 etnon
1073 4241 1175 4282 uno
1212 4233 1440 4297 tempore
1482 4221 1743 4292 descripti.
1785 4220 1897 4279 Sed
1935 4219 2089 4291 hujus

491 4318 784 4391 conferendi
812 4320 1035 4375 laborem
1060 4319 1175 4375 aliis
1200 4318 1620 4374 committemus.s

564 4410 767 4469 Praeter
790 4419 1102 4484 argumenta
1128 4452 1144 4480 ,
1168 4408 1392 4483 singulis
1410 4409 1560 4465 libris
1580 4422 1686 4464 una
1713 4420 1837 4464 cum
1864 4415 2091 4463 annota-

498 4505 745 4561 tiunculis
789 4505 1065 4575 prtemissa
1089 4546 1105 4571 ,
1146 4503 1376 4575 prteﬁxit
1414 4502 1706 4559 Rhenanus
1741 4502 1904 4557 vitam
1954 4500 2089 4557 Ter-

2190 3298 2319 3339 sanc
2349 3291 2589 3338 nostrum
2607 3294 2881 3340 auctorem
2910 3287 2961 3341 in
2982 3286 3212 3344 lectione
3224 3287 3533 3345 Graecorum
3546 3299 3786 3346 veterum

2184 3376 2274 3447 qui
2304 3375 2516 3447 plurimi
2539 3375 2593 3432 id
2623 3378 2880 3448 temporis
2896 3387 2951 3435 et
2969 3378 3073 3435 soli
3097 3380 3234 3437 inter
3262 3396 3445 3437 sacros
3470 3385 3804 3452 interpretes,

2187 3466 2524 3524 habebantur
2569 3468 2787 3526 assidue
2830 3480 3125 3539 versatum,
3164 3481 3223 3529 ut
3258 3473 3555 3531 imbibitam
3595 3484 3650 3531 et
3688 3474 3791 3531 im-

2186 3573 2430 3631 pressam
2480 3562 2758 3618 memorite
2819 3561 3128 3621 Graecorum
3174 3564 3441 3622 dialectdn
3497 3566 3658 3625 etiam
3715 3568 3792 3625 la-

2187 3652 2298 3709 tine
2321 3653 2561 3711 scribens
2590 3656 2976 3714 interoblivisci
3031 3658 3302 3732 nequiret.
3333 3659 3444 3718 Nos
3476 3662 3786 3735 huiusmodi

2187 3754 2371 3819 tropos
2397 3747 2771 3817 indicavimus,
2818 3759 2873 3807 et
2916 3751 3131 3823 quidem
3162 3748 3306 3825 saepe
3345 3755 3597 3824 crassius,
3629 3756 3791 3813 modo

2188 3841 2462 3911 apertius;
2520 3856 2649 3898 nam
2702 3842 2970 3899 voluimus
3019 3844 3276 3916 adjuvare
3327 3846 3616 3904 studiosos.
3672 3848 3793 3906 lam

2189 3934 2337 3991 dedit
2376 3935 2791 3992 retexendarum
2822 3938 3230 3995 aunotationum
3258 3954 3447 3997 ansam
3490 3940 3792 3999 collationis

2189 4027 2344 4085 istius
2363 4031 2753 4102 opportunitas,
2784 4031 2875 4086 ubi
2904 4032 3064 4089 lectio
3083 4035 3351 4104 posterior
3374 4051 3403 4090 a
3433 4033 3619 4108 priore
3649 4051 3788 4092 non-

2191 4138 2482 4195 numquam
2523 4123 2749 4182 evariat.
2798 4122 2912 4181 Hoc
2956 4126 3208 4197 quoniam
3257 4130 3373 4184 era‘t
3426 4128 3789 4197 indicandum,

2192 4216 2352 4272 aliam
2382 4216 2541 4272 etiam
2560 4217 2951 4287 expositionem
2980 4227 3181 4275 mutata
3202 4221 3363 4278 verba
3391 4220 3791 4278 desiderabant.

2190 4306 2308 4365 Non
2337 4308 2488 4365 licuit
2533 4309 2724 4366 adesse
2751 4309 2959 4367 Basilea
3002 4310 3128 4367 dum
3171 4312 3348 4369 editur
3395 4328 3549 4388 Opus.
3596 4313 3795 4371 Verum

2192 4401 2564 4475 Sigismundus
2589 4401 2862 4473 Gelenius,
2892 4403 3054 4461 homo
3084 4408 3261 4479 magni
3308 4406 3363 4462 in
3398 4406 3795 4478 literisjudieii,

2192 4503 2248 4550 et
2302 4494 2607 4553 eruditione
2651 4510 2862 4553 summa
2921 4498 3214 4569 praeditus,
3261 4500 3312 4554 in
3362 4497 3801 4570 recognoscendo

499 4595 725 4666 tulliani,
771 4597 1010 4668 itemque
1045 4596 1487 4667 disputationem,
1540 4594 1640 4650 sub
1666 4595 1884 4651 nomine
1911 4589 2363 4666 adma-Dopere
2410 4592 2668 4649 vicariam
2720 4607 2939 4663 operam
2992 4594 3047 4648 in
3097 4593 3308 4649 ofﬁcina
3365 4593 3655 4663 praestitit,
3711 4591 3801 4663 qui

499 4691 705 4746 nitionis
731 4690 799 4745 ad
818 4691 1056 4747 lectorem
1074 4690 1138 4744 de
1152 4690 1452 4761 quibusdam
1475 4687 1782 4755 Tertulliani
1801 4686 2096 4758 dogmatis;

500 4782 890 4854 subjunguntur
928 4796 1056 4838 vero
1093 4779 1426 4852 Definitiones
1470 4778 1925 4835 ecclesiasticarum
1965 4778 2096 4850 dog-

502 4884 716 4943 matum,
743 4872 965 4945 posthac
978 4871 1258 4931 Gennadio
1277 4871 1581 4942 adscriptae,
1605 4879 1663 4928 et
1682 4869 1847 4927 index
1869 4869 2099 4940 denique

504 4965 794 5024 dictionum
820 4966 1316 5035 sententiarumque
1344 4979 1408 5021 ac
1446 4963 1781 5036 dogmatum.
1823 4962 2101 5032 inscripsit

504 5074 639 5131 opus
658 5060 884 5132 principi
903 5059 1171 5118 Stanislao
1194 5058 1394 5127 Turzo,
1416 5057 1681 5130 Episcopo
1709 5054 2098 5113 Olomutzensi.

507 5153 590 5209 Ah
609 5153 834 5211 artiﬁcio
856 5151 1241 5227 typographico
1261 5152 1378 5210 haec
1403 5151 1568 5210 editio
1592 5157 1677 5207 est
1697 5150 1827 5206 satis
1854 5148 2098 5221 insignis,

509 5254 621 5302 tum
669 5245 977 5305 charactere
1019 5262 1214 5320 magno
1260 5255 1318 5304 et
1366 5243 1558 5312 nitida,
1627 5250 1742 5299 tum
1790 5240 1976 5314 ﬁguris
2017 5238 2105 5296 vel

510 5339 922 5408 cmhlematicis,
967 5340 1055 5397 vel
1107 5337 1482 5413 mythologicis
1532 5345 1590 5393 et
1644 5333 1917 5392 historicis
1963 5332 2106 5405 ligno

509 5434 805 5505 impressis,
845 5449 966 5506 qua:
1001 5434 1195 5507 partim
1221 5433 1491 5505 margines
1521 5429 1678 5497 tituli,
1728 5429 1959 5499 itemque
1993 5425 2107 5498 pri-

512 5540 614 5582 ma:
658 5525 1034 5595 dedicationis,
1083 5536 1138 5582 et
1180 5524 1376 5583 deinde
1422 5524 1590 5597 ipsius
1633 5530 1815 5587 textus
1859 5520 2108 5592 paginam

514 5618 738 5689 primam
768 5620 1009 5694 cingunt,
1054 5618 1247 5694 partim
1294 5618 1461 5677 literis
1502 5614 1792 5675 initialibus
1821 5613 2111 5687 majoribus

514 5722 876 5773 accesserunt.
1521 5710 1525 5713 “

2199 4685 2387 4741 merita
2426 4685 2583 4742 laude
2620 4700 2727 4741 non
2767 4693 2852 4742 est
2893 4684 3239 4742 fraudandus.
3290 4702 3309 4737 ι
3353 4713 3424 4724 -—
3460 4682 3611 4740 [Iane
3648 4698 3802 4741 novre

2200 4776 2451 4833 editionis
2487 4776 2853 4848 prmfationem
2909 4775 3181 4846 excipiunt
3220 4775 3497 4833 Proverbia
3537 4786 3628 4834 aut
3670 4778 3802 4836 Pro-

2200 4868 2369 4925 verbii
2401 4868 2637 4940 speciem
2677 4866 2991 4934 referentia,
3023 4867 3215 4939 quibus
3256 4870 3457 4941 passim
3498 4868 3548 4927 in
3585 4871 3802 4947 scriptis

2203 4965 2315 5023 Suis
2354 4965 2520 5019 utitur
2549 4962 2703 5034 Sept.
2732 4960 3094 5018 Tertullianus
3124 4978 3154 5019 a
3174 4964 3334 5038 vulgo
3360 4967 3643 5023 maximam
3675 4982 3801 5039 par-

2206 5067 2314 5115 tem
2342 5057 2632 5128 descripta,
2660 5064 2769 5111 tum
2792 5057 3021 5128 repetita
3044 5073 3109 5114 es
3132 5060 3551 5131 priori'cditione
3574 5060 3802 5134 epistola

2206 5152 2590 5224 nuncupatoria
2629 5158 2683 5207 et
2728 5151 2834 5207 vita
2864 5150 3201 5210 Tertulliani.
3249 5156 3541 5211 Admonitio
3581 5155 3648 5211 de
3685 5156 3806 5227 qui-

2208 5246 2432 5303 busdam
2452 5242 2766 5302 Tertulliani
2786 5244 3053 5318 dogmatis
3076 5247 3144 5304 ad
3168 5247 3371 5305 calcem
3401 5247 3645 5318 recessit,
3672 5246 3809 5304 deﬁ-

2210 5338 2443 5397 nitiones
2497 5328 2695 5396 eccles.
2751 5337 3060 5410 dogmaturn
3124 5340 3338 5411 penitus
3392 5339 3605 5397 omissae
3644 5331 3802 5400 sunt.

2211 5435 2378 5492 Index
2413 5450 2583 5493 novus
2606 5444 2660 5492 et
2676 5449 2898 5507 prorsus
2922 5434 3056 5490 alius
3086 5442 3191 5491 est.
3223 5435 3305 5490 Ad
3334 5436 3602 5509 margines
3630 5445 3807 5495 textus

2212 5528 2354 5587 dicta
2410 5538 2465 5587 et
2524 5528 2807 5585 sententiae
2869 5526 3191 5598 insigniores
3252 5527 3536 5601 diligenter
3587 5538 3806 5589 notatae.

2286 5688 2372 5763 (ι)
2405 5684 2466 5748 tn
2503 5683 2625 5746 Cat.
2671 5684 2809 5743 Bibl.
2865 5657 3234 5763 Byt§;_Brill._,
3268 5696 3308 5745 ι.
3338 5686 3423 5763 _n,
3470 5686 3805 5763 laudantur;

2217 5756 2390 5827 Opera
2417 5789 2490 5803 --
2517 5774 2638 5816 cum
2676 5764 2861 5813 annot.
2892 5758 2953 5814 Β.
2983 5756 3227 5818 Rhenani
3258 5771 3311 5820 et
3336 5756 3427 5824 Fr.
3454 5761 3645 5827 Junii!
3682 5766 3806 5827 Bas.

2220 5832 2361 5897 1528
2401 5830 2438 5892 f.
2464 5831 2642 5907 inepte
2669 5831 2683 5889 ι
2740 5828 3165 5910 Ξςιιοεκειιάιωκ

3660 6012 3779 6033 ν..4
