4242 6266
697 179 768 240 59
2138 181 2529 246 i’BzEFATlO.
3933 189 4010 256 60

697 302 1152 361 Adnotationibus
1190 303 1258 360 ad
1294 304 1416 361 libr.
1482 305 1598 359 adv.
1644 303 2030 360 Valentinianos
2079 309 2711 374 acccssitAebartarnm
2769 324 2831 367 ac
2877 308 3122 383 typorum
3168 310 3428 382 elegantia
3477 311 3616 370 inter
3657 313 4010 374 nitidissimas

697 395 877 452 tabula
903 396 1046 468 ligno
1070 398 1355 470 impressa,
1376 397 1674 452 doctrinam
1701 413 1887 454 eorum
1913 399 1965 453 in
1993 398 2168 470 efﬁgie
2195 402 2295 456 sis-

699 498 837 545 lens.
900 489 1138 546 Tandem
1220 490 1313 562 qui
1394 489 1720 562 singularem
1805 491 2042 547 libellum
2131 508 2294 564 supe-

693 581 822 638 riori
874 581 1110 638 editione
1147 582 1539 652 constituerat,
1588 591 1845 638 tractatus
1894 584 2150 640 Adversus
2187 601 2297 640 om-

646 689 659 700 ·
695 689 783 728 nes
830 673 1126 742 Iwreticos,
1178 682 1432 747 tanquam
1481 675 1737 746 particula
1783 691 2063 748 perperam
2113 677 2296 733 avulsa

691 766 830 822 libro
896 768 964 824 de
1029 768 1532 841 Prteseriptionibus
1593 770 1682 828 hic
1743 769 1812 826 ad
1877 786 2072 843 corpus
2140 787 2296 830 suum

692 858 851 917 rediit
878 858 924 933 (Ι
940 860 980 930 ).

1393 957 1576 1015 1515.

768 1047 876 1104 ED.
910 1047 1328 1108 PARISIENSIS
1345 1050 1686 1108 l.-—Parisiis
1702 1049 1795 1106 fol.
1811 1065 1907 1123 per
1919 1050 2297 1110 GAGNAEUM.

693 1140 1054 1199 Accesserant
1093 1144 1310 1215 Cagnaei
1339 1159 1500 1215 opera
1530 1143 1602 1200 XI
1646 1144 1723 1215 (2)
1767 1144 1889 1200 libri
1935 1145 2248 1201 Tertulliani
2281 1163 2295 1201 :

690 1231 758 1288 de
801 1232 1061 1291 Trinitate
1108 1235 1196 1290 lib.
1232 1235 1272 1302 l,
1303 1236 1370 1291 de
1421 1237 1627 1291 Anima:
1675 1237 1982 1291 testimonio
2013 1238 2105 1292 lib.
2151 1238 2193 1304 l,
2231 1238 2300 1294 de

685 1329 881 1384 Anima
911 1330 1003 1386 lib.
1031 1329 1069 1396 I,
1101 1330 1168 1385 de
1191 1329 1524 1401 Spectaculis
1553 1329 1646 1385 lib.
1678 1329 1724 1397 1,
1753 1331 1820 1385 de
1837 1330 2108 1400 Baptismo
2136 1331 2230 1386 lib.
2258 1331 2295 1398 l,

687 1429 872 1476 contra
927 1421 1213 1478 Gnosticos
1277 1422 1620 1500 Seorpiacum
1675 1422 1772 1478 lib.
1833 1423 1882 1486 l,
1953 1422 2018 1478 de
2072 1423 2301 1479 Idolola-

685 1516 790 1570 tria
839 1514 935 1570 lib.
985 1514 1027 1580 Ι,
1077 1514 1143 1571 de
1169 1514 1431 1570 Pudicitia
1458 1516 1550 1570 lib.
1580 1513 1622 1581 l,
1671 1515 1740 1570 de
1769 1513 1984 1584 Jejunio
2041 1515 2301 1573 adversus

686 1605 975 1679 Psyehicos
995 1606 1090 1664 lib.
1121 1605 1253 1676 l,de
1291 1606 1438 1662 Cibis
1475 1605 1714 1662 Judaicis
1752 1606 2012 1677 epistola,
2049 1607 2119 1662 de
2166 1607 2298 1664 Ora-

2403 404 2674 458 numera‘ri
2702 403 2861 460 debet
2893 407 3008 459 haec
3032 405 3217 460 editio.
3260 406 3316 460 In
3350 407 3681 462 Bibliotheca
3715 409 4007 466 Balnziana

2406 497 2566 568 hujus
2597 498 2922 570 exemplaris
2945 499 3323 572 Apologeticus
3337 515 3460 558 cum
3485 502 3606 559 cod.
3635 515 3736 560 ms.
3776 505 4006 562 collatus

2404 606 2492 647 era
2502 600 2539 647 ι.

3122 687 3290 748 1561.

2473 776 2732 850 Parisiis,
2790 780 2928 852 apud
2984 781 3149 838 Andr.
3211 780 3530 838 chltelum.
3578 781 3657 838 4°.
3722 783 3788 850 Q.
3853 783 4002 856 Sept.

2403 866 2552 930 Flor.
2617 871 2930 928 Tertulliani
2996 873 3133 930 liber
3198 873 3267 929 de
3333 874 3838 946 Pratscriptionibns
3902 877 4005 931 ad-

2405 977 2595 1024 versus
2651 965 2954 1036 haereticos,
3009 982 3130 1024 cum
3159 967 3380 1024 seboliis
3416 967 3506 1025 Jo.
3544 971 3780 1038 Qttimini
3808 971 4002 1028 lledui.

3122 1062 3282 1118 1562.

2479 1154 2589 1209 ΕΙ).
2622 1153 3062 1212 BASILEENSIS
3110 1155 3200 1212 IV.
3224 1189 3292 1198 —
3335 1157 3574 1216 Basileaz.
3609 1159 3701 1216 fol.
3737 1160 4004 1231 Repetitio

2409 1247 2661 1304 editionis
2691 1264 2742 1303 a.
2778 1249 3013 1305 4550.1n
3047 1251 3150 1307 line
3179 1269 3191 1306 :
3219 1250 3410 1308 Bas.itt
3438 1252 3530 1322 οΙῙ,
3553 1253 3710 1310 Frob.
3737 1273 3825 1327 per
3855 1255 3999 1313 llicr.

2405 1340 2566 1396 Frob.
2597 1352 2644 1396 et
2672 1342 2792 1399 Nic.
2828 1342 3177 1414 Episcopium,
3203 1362 3371 1401 mense
3398 1348 3689 1417 septembri.

2956 1470 2958 1472 -
3131 1435 3296 1494 1562.

2483 1547 2501 1580 ε
2526 1527 2771 1586 VEBSIO
2797 1543 3021 1586 GALLICA
3046 1528 3086 1584 1.
3109 1528 3345 1586 Tractat.
3383 1531 3610 1592 Tertull
3640 1532 3720 1588 De
3753 1531 3999 1590 Prwscri-

2405 1623 2657 1692 ptionibus
2683 1625 2964 1680 haereticor.
2993 1638 3090 1695 per
3117 1624 3416 1681 Aubertum
3454 1625 3523 1682 de
3564 1626 3808 1697 Macerc,
3850 1627 4000 1684 crul-

688 1701 832 1757 tione
880 1700 976 1755 lib.
1025 1699 1082 1766 I;
1143 1715 1209 1756 ex
1237 1700 1430 1772 quibus
1447 1700 1515 1757 de
1549 1698 1810 1756 Trinitate
1857 1710 1912 1757 et
1937 1701 2006 1756 de
2034 1700 2180 1758 Cibis
2201 1702 2296 1758 Ju-
2325 1712 2371 1773 B
2399 1725 2517 1786 gara
2547 1715 2786 1773 parisiis,
2822 1734 2841 1770 ι

683 1791 852 1849 daicis
890 1791 1116 1863 posthac
1162 1792 1459 1849 Novatiano
1487 1792 1740 1848 vindicati
1779 1803 1925 1848 sunt.
1972 1793 2128 1851 Unde
2159 1810 2291 1852 vero

684 1883 950 1956 Cagnaeus
993 1893 1185 1941 nactus
1214 1886 1283 1940 sit
1308 1884 1407 1940 hos
1439 1884 1625 1951 libros,
1656 1900 1778 1942 eum
1809 1885 1976 1958 ipsius
1997 1887 2290 1944 editionem

681 1977 852 2034 oculis
870 1992 1133 2048 usurpare
1153 1993 1260 2033 non
1284 1977 1588 2050 contigerit,
1613 1978 1794 2034 dicere
1817 1995 1924 2042 non
1969 1980 2163 2047 habeo,
2191 1996 2294 2038 nec

683 2069 920 2140 reperire
945 2068 1160 2140 quidem
1201 2070 1348 2140 potui
1377 2083 1719 2142 quemquam,
1739 2071 1828 2141 qui
1857 2070 2016 2141 hujus
2037 2072 2292 2141 editionis

684 2163 924 2218 notitiam
944 2162 1074 2218 dare
1102 2177 1280 2232 opera:
1305 2162 1563 2230 duxisset;
1593 2163 1645 2218 in
1673 2163 1792 2218 Cat.
1817 2162 1954 2219 Bibl.
1990 2165 2293 2222 Thottianre

683 2268 721 2313 t.
753 2255 878 2326 I,p.
944 2253 986 2321 Ι,
1034 2269 1087 2326 p.
1134 2255 1223 2322 62,
1277 2256 1379 2312 hoc
1421 2270 1563 2311 anno
1628 2265 1683 2312 et
1734 2256 1874 2324 loco,
1939 2257 2108 2314 forma
2162 2259 2292 2316 item

683 2348 917 2404 maxima
970 2357 1296 2405 memoratas
1351 2347 1572 2405 invenio
1601 2347 1868 2405 editiones
1909 2349 2074 2418 duas,
2127 2367 2288 2408 unam

681 2439 989 2497 Tertulliani
1056 2459 1212 2514 opera
1272 2459 1337 2500 ea:
1389 2459 1595 2515 recogn.
1645 2431 1793 2498 Beati
1857 2443 2094 2500 R/temmi
2121 2487 2136 2512 ,
2200 2465 2286 2520 ap.

682 2535 925 2592 Cat-olunt
991 2535 1234 2592 Gnillard
1260 2577 1276 2605 ,
1342 2535 1566 2593 alteram
1596 2551 1691 2608 per
1723 2537 1974 2594 eumdem
2019 2558 2108 2611 np.
2168 2540 2287 2595 llu-

681 2645 865 2700 gonem
905 2638 954 2684 et
982 2629 1207 2684 lueredes
1235 2626 1480 2684 {Emam}
1507 2645 1538 2683 a
1568 2627 1750 2684 Porta.
1809 2628 1938 2686 Utra
1967 2629 2151 2687 harum
2181 2633 2291 2690 Ga-
2319 2666 2326 2680 ν

679 2719 817 2794 gnazi
845 2723 934 2792 sit,
961 2737 1028 2778 an
1059 2731 1284 2794 utraque
1321 2720 1528 2778 nescio.

1399 2813 1560 2870 1550.

751 2906 860 2964 ED.
883 2905 1416 2965 BASILEENSISIII.
1433 2907 1675 2965 Basilctn.
1693 2906 1814 2965 fol.t
1829 2909 1890 2979 Q.
1910 2910 2150 2984 Septimii
2167 2911 2290 2969 Flo-

677 3005 845 3061 rentis
865 3003 1181 3061 Tertulliani
1209 3002 1662 3074 Carthaginiensis
1691 3003 2020 3078 Presbyteri,
2052 3009 2287 3065 auctoris

3105 1807 3270 1868 1563.

2475 1919 2494 1953 ς
2526 1900 2782 1958 VERSIO
2806 1915 3030 1959 GALLICA
3057 1901 3096 1957 Ι.
3141 1902 3261 1958 Lib.
3300 1899 3379 1958 De
3422 1901 3622 1959 Corona
3671 1902 3858 1959 Militis
3900 1919 3998 1977 per

2397 1995 2646 2051 eumdem
2663 2035 2680 2064 ,
2711 1995 2838 2050 ibid.
2873 2014 2893 2047 ι

3104 2087 3266 2147 1566.

2469 2178 2580 2236 ED.
2601 2177 3354 2239 BASILEO-PARISIENSIS.
3373 2181 3592 2240 Parisiis
3622 2186 3764 2256 apud
3793 2185 3999 2241 ΑηίΙοέ-

2395 2288 2517 2327 num
2532 2271 2782 2344 Parvum(
2789 2275 2813 2328 1
2825 2273 2963 2345 ),sub
2975 2275 3270 2346 intersignio
3284 2273 3408 2330 Lilii
3419 2277 3666 2345 aurei,uia
3679 2279 3746 2330 ml
3765 2276 3996 2332 DJaco-

2395 2365 2811 2422 btnn.Accnrata
2839 2367 3148 2426 Geleniana:
3164 2369 3432 2439 repetitio.
3461 2371 3644 2426 Tomis
3673 2373 3881 2427 duobus
3911 2373 3992 2428 8°.

2395 2459 2452 2515 In
2497 2461 2600 2516 [ine
2652 2462 2908 2533 cujusque
2940 2478 2954 2516 :
2982 2461 3118 2518 Ῥω.
3139 2464 3415 2519 excutiebat
3445 2465 3672 2521 Andreas
3702 2466 3991 2522 ii’cc/ielns.

2395 2552 2558 2609 1566.
2603 2552 2768 2610 Index
2804 2554 3130 2611 Gclenianus
3176 2556 3262 2630 (ab
3317 2556 3376 2612 Ι.
3439 2557 3504 2612 G.
3565 2561 3824 2631 confectus
3864 2561 3990 2631 qttid

2392 2646 2493 2703 sibi
2523 2646 2670 2715 velit,
2727 2645 2944 2721 nescio)
2985 2649 3052 2704 ad
3110 2650 3239 2706 tomi
3294 2650 3554 2722 cujusque
3598 2662 3846 2708 contenta
3909 2661 3993 2708 cst

2391 2738 2733 2794 reformatus.

2493 2887 2498 2891 ς
3095 2834 3259 2892 1572.

2382 2974 2387 2979 .
2469 2941 2489 2979 c
2521 2924 2772 2982 VERSIO
2795 2935 3098 2984 GERMANICA
3123 2925 3168 2982 Ι.
3195 2927 3259 2994 Q.
3287 2926 3344 2983 S.
3370 2926 3432 2982 F.
3459 2921 3772 2985 Tertulliani
3800 2941 3984 2997 cerne,

2385 3000 2545 3088 justiti
2589 3028 2643 3075 et
2677 3021 2996 3075 necessaria:
3024 3021 3464 3090 Praescriptiones
3500 3019 3759 3078 adversus
3799 3037 3985 3078 omnes

676 3097 1028 3169 antiquissimi
1069 3110 1133 3152 ac
1160 3095 1457 3152 doctissimi
1481 3095 1700 3166 scripta,
1732 3106 1787 3152 CI.
1817 3097 1966 3167 plura
1994 3113 2153 3169 quam
2186 3116 2280 3154 an-
2306 3112 2351 3176 ρ
2388 3109 2620 3167 Ιιίιειιθεοε
2663 3112 2716 3166 in
2757 3101 3356 3182 germanicmn‘idioma
3397 3130 3425 3167 ο
3467 3112 3722 3169 [θυι-θυι,
3764 3114 3986 3171 Αιὺριειο

675 3198 748 3258 te,
777 3201 830 3247 et
855 3189 1160 3262 diligentius
1181 3205 1278 3262 per
1305 3189 1622 3246 industriam
1655 3189 1793 3246 bene
1831 3190 2162 3247 literatorum
2188 3194 2286 3249 ali-

674 3291 804 3352 quot
831 3283 895 3336 ad
917 3282 1222 3354 complures
1244 3291 1458 3338 veteres
1477 3296 1508 3337 e
1529 3279 1818 3337 Gallicanis
1843 3281 2285 3357 Gcrmanieisque

641 3373 1012 3430 ‘bibliotbecis
1051 3373 1385 3444 conquisitos
1431 3375 1708 3445 rec0gnita
1738 3375 1977 3443 codices,
2006 3377 2059 3432 in
2086 3379 2282 3449 quibus

673 3468 974 3538 prazcipuus
1023 3468 1122 3522 fuit
1149 3484 1286 3522 unus
1327 3466 1486 3539 longe
1529 3468 2022 3540 incorruptissimus
2063 3472 2114 3526 in
2157 3473 2280 3529 ulti-

669 3573 814 3614 mam
838 3572 1004 3628 usque
1023 3557 1220 3630 petitus
1247 3557 1573 3612 Britanniam
1606 3577 1620 3614 :
1648 3572 1753 3614 non
1776 3560 1990 3615 omissis
2015 3564 2279 3620 accuratis

668 3652 818 3708 Beati
883 3651 1128 3706 Rhenani
1192 3649 1647 3707 annotationibus.
1719 3648 2027 3723 Catalogum
2101 3665 2277 3712 autem

667 3746 874 3818 aperiet
930 3759 1084 3801 versa
1139 3743 1351 3815 pagina.
1405 3743 1644 3800 Accessit
1681 3753 1736 3799 et
1779 3743 1939 3800 index
1983 3746 2273 3819 copiosior,

666 3837 787 3894 Bas.
848 3836 1006 3912 1556.
1048 3837 1104 3894 In
1143 3836 1293 3890 ﬁne:
1327 3835 1574 3891 BASILEIE
1627 3849 1763 3892 aruo
1817 3833 1974 3891 lima.
2035 3837 2273 3896 Faoaan.

666 3945 735 3984 nr
792 3928 907 3986 Nic.
966 3928 1306 3995 Ertscortuu,
1347 3943 1488 3984 ANNO
1542 3927 1706 3992 1550,
1741 3944 1912 3984 nesse
1978 3946 2198 3990 Μῖνι-ιο.
2243 3949 2268 3991 ι

663 4025 885 4080 Curavit
913 4023 1050 4080 hanc
1072 4023 1361 4080 editionem
1391 4019 1767 4094 Sigismundns
1805 4022 2086 4090 Gelenius,
2116 4028 2270 4097 cujus

656 4115 768 4187 jam
797 4115 848 4171 in
885 4115 1130 4172 Rhenani
1160 4113 1394 4170 secunda
1426 4121 1606 4184 partes
1645 4112 2003 4171 laudavimus.
2038 4115 2272 4175 Exhibet

662 4218 858 4282 praeter
887 4210 1052 4266 libros
1079 4209 1448 4280 superioribus
1475 4207 1630 4264 editt.
1660 4207 2057 4265 Basilecnsibus
2085 4211 2270 4282 vulga-

663 4311 744 4358 tos
775 4317 870 4358 eos
905 4317 1142 4374 quoque,
1168 4316 1302 4372 quos
1332 4300 1650 4356 Parisiensis
1691 4314 1879 4356 recens
1909 4302 2262 4371 produxerat,

659 4395 754 4452 sed
797 4411 828 4452 c
873 4394 1056 4452 codice
1098 4393 1465 4461 Brittannico,
1511 4393 1563 4448 in
1606 4408 1714 4465 quo
1765 4394 1957 4466 singuli
2002 4397 2088 4451 isti
2137 4397 2258 4453 libri

2388 3201 2598 3258 France
2627 3204 2868 3259 translat.
2903 3214 2956 3260 ct
2981 3220 3166 3264 cxcus.
3199 3204 3445 3276 Dilingte.
3479 3224 3499 3258 ›

3107 3297 3269 3354 1579.

2459 3391 2569 3447 ED.
2603 3388 3628 3448 PAMELIANA—ANTVERPIENSIS
3657 3391 3700 3446 Ι.
3735 3389 3828 3446 fol.
3868 3409 3885 3444 ι
3917 3388 3982 3458 Q.

2383 3485 2630 3556 Septimii
2658 3485 2805 3540 Flor.
2835 3484 3152 3539 Tertulliani
3192 3481 3652 3554 Carthaginiensis
3683 3483 3981 3554 presbyteri

2381 3591 2566 3649 opera,
2616 3591 2736 3648 qua:
2763 3577 3026 3630 hactenus
3052 3575 3274 3656 reperiri
3299 3585 3586 3645 potuerunt
3634 3575 3832 3631 omnia.
3861 3573 3979 3630 Jam

2379 3681 2710 3744 postremum
2737 3711 2752 3739 ,
2806 3669 2872 3725 ad
2922 3669 3250 3740 exemplaria
3288 3672 3650 3742 manuscripta
3695 3671 3981 3726 collatione

2377 3767 2538 3835 facta,
2562 3780 2719 3836 quam
2749 3764 3150 3820 accuratissime
3175 3764 3465 3835 recognita,
3500 3765 3704 3835 aliquot
3725 3765 3883 3820 etiam
3913 3764 3977 3818 li-

2377 3859 2489 3915 bris
2513 3859 2786 3924 auctiora;
2820 3873 2960 3913 nunc
2981 3858 3210 3928 primum
3238 3858 3289 3912 in
3321 3859 3515 3928 capita,
3543 3867 3598 3913 et
3625 3870 3770 3915 certo
3791 3858 3979 3914 ordine

2379 3951 2576 4019 habita,
2608 3961 2807 4024 quanto
2833 3951 2949 4006 ﬁeri
2981 3951 3148 4022 potuit
3172 3959 3470 4021 temporum
3501 3951 3728 4017 ratione,
3755 3951 3806 4006 in
3825 3953 3980 4022 quin-

2374 4063 2478 4119 que
2532 4057 2706 4104 tomos
2733 4046 3007 4113 distincta,
3048 4059 3168 4100 cum
3199 4043 3380 4101 Jacobi
3411 4044 3632 4100 Pamelii
3663 4044 3972 4116 Brugensis,

2375 4141 2627 4212 theologi,
2663 4138 3032 4206 archidiaconi
3070 4137 3976 4209 Audomaropohtani,argumentis

2371 4245 2426 4291 et
2468 4233 2903 4290 adnotationibus
2961 4230 3057 4286 toti
3095 4230 3248 4301 operi
3280 4229 3608 4300 interjectis;
3637 4231 3833 4301 quibus
3863 4241 3973 4285 tum

2370 4327 2474 4383 loci
2519 4326 2857 4382 obscuriores
2886 4323 3245 4394 explicantur,
3299 4333 3409 4378 tum
3441 4322 3697 4393 quidquid
3729 4321 3795 4378 ad
3835 4323 3974 4377 anti-

2370 4420 2626 4491 quitatem
2648 4419 3063 4474 ecclesiasticam
3086 4426 3316 4488 spectat,
3347 4415 3663 4472 illustratur.
3685 4416 3766 4472 Ab
3782 4416 3970 4473 eodem

658 4488 961 4554 multum"
993 4503 1058 4544 ⁸³⁵
1090 4481 1318 4543 δηιθιωθ
1348 4487 1506 4581 0‘1"“
1542 4494 1719 4581 tam?"
1741 4487 1900 4581 "mdo
1925 4488 2001 4543 im
2035 4499 2143 4545 "es
2166 4508 2179 4546 ⁵
2205 4492 2269 4548 de
2290 4514 2344 4574 D
2373 4481 2611 4571 i’amelio
2634 4528 2825 4570 recens
2851 4511 3062 4581 adjecta
3089 4481 3404 4566 Tertulliani
3425 4511 3552 4575 vita,
3571 4510 3970 4581 Scripturarutn

658 4583 1048 4640 Resurrectione
1070 4582 1263 4648 carnis,
1293 4581 1356 4636 de
1385 4579 1861 4651 Prwscriptionibns
1885 4581 2004 4636 adv.
2053 4583 2182 4637 liter.
2215 4595 2263 4639 et

658 4677 722 4732 de
749 4677 1095 4748 Monogamia,
1124 4674 1551 4748 reperiebantur.
1581 4705 1652 4715 —
1678 4673 1951 4732 Prreterea
1984 4677 2258 4752 Apologc-

656 4772 763 4827 tico
797 4777 1023 4827 accessit
1056 4772 1473 4828 commentarius
1515 4769 1680 4825 Fran.
1711 4769 1995 4842 Zephyritti
2033 4769 2261 4829 Floren-

663 4865 779 4931 tini,
799 4879 942 4920 nunc
971 4865 1201 4934 primum
1229 4865 1428 4923 editus.
1447 4863 1693 4935 Repetita
1717 4864 1879 4918 etiam
1911 4863 1996 4919 hic
2023 4864 2263 4921 invenies

663 4956 910 5014 lihenani
942 4957 1225 5030 epistolam
1252 4958 1716 5034 nuncupatoriam,
1752 4958 1913 5012 vitam
1944 4956 2259 5014 Tertulliani

657 5066 722 5109 ac
754 5049 1036 5124 proverbia
1103 5059 1159 5106 et
1214 5049 1632 5107 admonitionem
1680 5049 1749 5106 de
1805 5049 2160 5122 dogmatibus.
2214 5050 2258 5107 A

735 5210 817 5284 (ι)
833 5209 1094 5284 Omnibus
1108 5208 1401 5284 catholicis
1430 5207 1734 5284 innotescat
1755 5220 1987 5284 necesse
2006 5215 2094 5284 _e_st
2111 5204 2258 5263 Rbe-

652 5276 778 5339 nani
800 5276 1297 5339 animadversiones
1327 5283 1574 5338 censoria
1615 5278 1981 5352 lnquisitionis
2006 5276 2256 5352 Hispana:

651 5355 853 5425 virgula
884 5363 1093 5409 notatas
1127 5354 1292 5412 fuisse
1327 5363 1381 5410 et
1415 5353 1608 5425 Romae
1643 5368 1672 5406 a
1700 5349 1759 5408 S.
1793 5351 1890 5406 Pio
1944 5350 2086 5419 Papa
2123 5349 2158 5405 V
2184 5350 2256 5425 _l_i-

651 5419 870 5492 brorum
898 5425 1294 5496 prohibitorum
1340 5423 1504 5480 indici
1545 5425 1865 5496 inscriptas,
1909 5429 2134 5491 pmpter
2155 5419 2253 5496 _li-

649 5491 1138 5568 beriores'hujusce
1161 5497 1414 5554 editionis
1436 5491 1930 5568 animadversiones
1961 5505 2128 5564 super
2153 5491 2258 5548 Ec-

649 5569 828 5625 clesiae
852 5567 1030 5634 leges,
1055 5568 1190 5624 ritus
1228 5579 1282 5625 ct
1333 5567 1717 5623 institutiones.
1748 5567 1882 5623 Eoo.

721 5638 807 5711 (2)
833 5633 1206 5711 XV_numera_t
1230 5639 1499 5695 Pamelius
1551 5637 1603 5693 in
1639 5637 1742 5711 Ep.
1771 5636 1946 5694 dedic.
1979 5634 2067 5691 ed.
2094 5633 2254 5696 1579.

646 5710 713 5772 ad
733 5709 898 5771 'Pont.
930 5709 1030 5769 Ed.
1060 5709 1274 5783 prtetixa
1301 5724 1317 5778 ;
1349 5722 1652 5781 perperam.
1698 5709 2114 5767 Scuosnsnaaa.

2365 4608 2644 4664 citatarum
2696 4604 2856 4659 index
2909 4601 3410 4671 locupletissimus,
3461 4603 3670 4682 aliaque
3715 4603 3970 4673 Prolego-

2366 4716 2544 4758 mena.
2582 4719 2602 4754 ι
2637 4698 2866 4770 Adjutns
2893 4705 2976 4752 est
3003 4705 3188 4751 auctor
3223 4710 3382 4751 novae
3424 4695 3584 4767 hujus
3609 4697 3964 4764 recensionis,

2362 4795 2592 4853 Jacobus
2636 4791 2906 4850 Pamclius
2945 4791 2998 4863 (a
3037 4787 3293 4862 Pa‘mete),
3334 4791 3598 4862 imprimis
3617 4791 3812 4863 (tribus
3834 4805 3966 4846 mss.

2369 4885 2800 4945 membranaceis
2823 4883 3099 4940 codicibus
3125 4881 3417 4952 Vaticanis,
3450 4883 3737 4940 eardinalis
3757 4883 3961 4946 Sirlcti,

2363 4981 2503 5040 Bibl.
2535 4990 2646 5036 tum
2691 4979 2962 5035 Vaticana:
3015 4975 3275 5048 prazfeeti,
3307 4993 3434 5033 cura
3479 4977 3738 5047 jnssuque
3790 4975 3967 5032 codici

2365 5090 2563 5134 excuso
2575 5073 2921 5146 comparatis.
2939 5071 3180 5128 Habebat
3205 5073 3365 5127 etiam
3388 5071 3554 5126 libros
3585 5085 3717 5130 mss.
3746 5085 3964 5128 monas-

2363 5172 2617 5228 teriorum
2629 5167 2922 5226 S.Amandi
2937 5165 3308 5222 acS.Bavonis
3327 5162 3675 5234 etAnglicum
3692 5165 3934 5222 codicem
3947 5207 3961 5233 ,

2360 5266 2452 5338 qui
2475 5279 2638 5337 penes
2657 5263 2744 5321 Jo.
2759 5261 3090 5319 Clementem
3111 5258 3328 5329 anglum
3357 5266 3494 5324 erat;
3528 5275 3627 5316 nec
3651 5275 3756 5316 non
3786 5260 3963 5316 Latini

2361 5357 2555 5415 Latinii
2577 5355 2690 5414 Itali
2715 5363 2768 5414 et
2792 5354 2877 5412 Jo.
2909 5349 3131 5409 llarrisii
3152 5349 3330 5420 Angli,
3346 5349 3415 5407 ab
3441 5350 3570 5422 ipsis
3582 5367 3701 5408 cum
3723 5369 3789 5408 co
3809 5367 3960 5408 com-

2361 5451 2661 5508 munientes
2697 5447 3035 5519 conjecturas
3063 5443 3444 5516 variorumque
3494 5444 3728 5517 denique
3786 5443 3960 5501 homi-

2437 5629 2517 5704 (I)
2543 5627 2679 5704 Male
2719 5627 2834 5684 haec
2873 5639 2962 5700 ap.
2992 5621 3200 5686 Robert.
3231 5622 3417 5698 Steph.
3456 5621 3720 5696 prodiisso
3758 5620 3961 5683 Sandio

2361 5700 2576 5762 dicitur.
2593 5700 2829 5759 Senem.
