4242 6266
27 370 106 437 imas

32 465 100 529 ian:

27 858 90 919 ent

28 944 90 996 atl-

27 1037 85 1096 lui.

343 287 409 344 M
1800 253 2188 361 I’BZEFATIO.
3128 357 3146 364 -
3581 317 3655 373 4?.

349 424 474 462 utin:
507 407 782 464 doctorum
815 407 991 464 varias
1021 407 1430 466 observationes
1483 411 1690 481 Quibus
1715 413 1946 470 admini-
1973 424 2026 484 Α

2777 421 2935 480 1380.

348 504 481 556 cutis
506 512 708 556 tantum
751 518 881 559 sane
910 503 1154 574 profecit,
1196 513 1255 560 ut
1298 505 1414 560 loca
1473 506 1750 563 innumera
1787 509 1951 564 casti-

2093 511 2202 568 ΕΙ).
2226 469 2945 572 ΒΑΒΒΙΕᾹΝΑμ-Ρῖιξίζὲἓ
2967 516 3111 585 apud
3126 515 3286 573 Miclt.
3301 518 3570 575 Jttlt'mttmt
3585 525 3657 578 ad
3724 561 3726 564 -

347 609 522 664 gassc,
579 595 752 650 hiulca
800 596 1395 668 supplesse,-qu.cdam
1436 599 1597 653 etiam
1653 599 1948 671 superﬂua,

352 705 471 758 qua:
499 705 562 744 ex
594 689 834 762 margine
855 690 906 744 in
927 701 1237 746 contextum
1262 692 1610 762 irrepserunt,
1636 709 1740 748 non
1761 693 1951 766 injuria

350 782 637 838 rese-Edisse
681 783 780 837 sibi
831 784 1125 840 videretur.
1177 785 1416 841 Primum
1466 787 1628 842 etiam
1671 788 1724 843 in
1775 789 1951 858 capita

347 871 514 927 libros
544 889 730 929 mnncs
775 873 1041 943 distinxit,
1081 886 1506 949 argumentaque
1535 895 1671 935 nova
1705 879 1772 934 ad
1809 880 1956 950 capi-

351 973 462 1018 tum
513 965 912 1023 distinctionem
959 977 1270 1039 comparata
1322 979 1378 1026 et
1421 971 1588 1042 ipsius
1637 971 1953 1027 Tertulliani

349 1057 527 1112 verbis
579 1060 878 1131 conscripta
931 1059 1154 1116 addidit.
1218 1060 1422 1117 Deinde
1479 1069 1656 1118 totum
1712 1077 1848 1133 opus
1901 1064 1954 1118 itt

349 1152 585 1222 quinque
637 1161 812 1209 tomos
849 1155 1102 1224 partitum
1134 1164 1216 1210 est
1249 1174 1262 1209 :
1307 1169 1532 1226 quorum
1572 1156 1746 1226 primo
1785 1159 1959 1212 conti-

351 1256 545 1300 neutur
583 1247 705 1302 libri
754 1247 1020 1304 adversus
1059 1247 1262 1305 Gentes
1302 1260 1356 1304 et
1397 1248 1656 1316 intimos;
1715 1250 1956 1308 secundo

351 1337 712 1402 Paraeuetira;
745 1320 904 1394 tertio
929 1339 1129 1410 scripta
1156 1338 1412 1395 adversus
1441 1339 1720 1407 llaereses;
1755 1351 1950 1412 quarto

351 1431 605 1487 Puexnata
622 1446 746 1485 cutn
770 1430 1108 1502 Fragmentis
1131 1447 1372 1500 operum,
1399 1446 1522 1502 qua:
1538 1431 1955 1500 desiderantur;

351 1523 539 1594 quinto
565 1521 801 1592 denique
830 1537 891 1577 ca
937 1537 1058 1592 qua:
1095 1521 1354 1578 adversus
1377 1523 1673 1578 Ecclesium
1716 1524 1954 1595 SCI'IpSiI,

353 1628 406 1671 et
437 1616 610 1692 aliena
641 1616 918 1686 qmedam;
959 1616 1216 1672 librorum
1252 1617 1302 1673 in
1331 1618 1556 1689 singulis
1589 1619 1830 1690 partibus
1857 1636 1957 1676 eo-

353 1707 480 1763 dem
511 1723 616 1778 quo
641 1706 926 1778 conscripti
964 1717 1237 1778 putantur,
1255 1707 1446 1765 ordine
1476 1709 1680 1766 habito.
1701 1709 1960 1766 Admoni-

2018 611 2034 625 '
2051 606 2213 659 'ntont.
2231 606 2336 660 diri
2349 607 2539 662 llilurii
2550 610 2640 664 sub
2653 609 2841 680 insigni
2854 609 3014 665 stella:
3026 621 3299 667 coronatw.
3314 631 3330 662 ε
3343 612 3514 682 Opera
3525 615 3658 672 Ter-

2057 696 2263 752 tulliani
2289 708 2342 754 et
2371 700 2593 754 Aruobii
2616 702 3190 772 quotquotabinterittt
3210 705 3469 763 vindicari
3505 725 3657 763 sunt-

2057 804 2266 843 morum
2316 791 2552 847 virorum
2595 793 2853 849 industria
2908 803 3220 866 potuerunt,
3265 813 3386 852 cum
3416 810 3657 858 taurum

2057 883 2442 966 exemplarium
2468 895 2576 942 tum
2597 889 2960 944 recen'iorum
2978 889 3262 947 collatione
3288 895 3558 960 restituta,
3583 895 3662 949 In-

2058 977 2136 1031 cis
2149 975 2321 1048 Script
2334 995 2442 1033 une
2457 990 2609 1034 aucta
2625 991 2674 1036 et
2695 981 2950 1038 illustrata
2966 984 3514 1056 cetttntetttarii<,qn:e
3529 989 3661 1044 alias

2058 1071 2370 1126 auctorilms
2419 1072 2764 1128 subobscuris
2817 1083 2871 1128 et
2909 1074 3238 1132 difﬁcillimis
3289 1095 3393 1133 non
3451 1081 3662 1135 tnetllo-

2060 1175 2207 1217 οιριιι
2242 1163 2413 1218 lucem
2445 1165 2636 1221 alli-rre
2665 1178 2937 1237 poterunt.
2971 1165 3162 1224 Omnia
3195 1171 3374 1226 stmlio
3397 1183 3450 1228 et
3478 1175 3662 1230 labure

2063 1251 2252 1308 Rettuli
2282 1253 2546 1312 Laurentii
2575 1258 2639 1312 de
2664 1257 2712 1310 lu
2735 1259 2919 1313 Bnrre.
2949 1259 3159 1315 Additis
3183 1262 3444 1320 indicibus
3471 1266 3663 1320 iitlissi-

2063 1347 2165 1402 mis
2192 1356 2246 1402 et
2271 1349 2678 1419 ampliSsimis.s
2713 1351 2768 1406 1.:
2805 1354 2943 1407 line:
2980 1371 2998 1404 ε
3031 1354 3341 1411 lixcndebat
3371 1357 3558 1413 Petrus
3589 1358 3664 1415 Le

2061 1439 2322 1507 Voirrier,
2356 1443 2534 1512 regius
2562 1444 2612 1498 in
2645 1442 3032 1500 Matltematicis
3059 1445 3470 1520 Typograpltus,
3507 1447 3664 1505 Anno

2061 1532 2162 1588 sal.
2198 1533 2345 1588 ltum.
2379 1533 2448 1588 Μ.
2489 1535 2549 1589 Ι).
2588 1533 2805 1590 LXXX.
2841 1551 3025 1592 mense
3053 1536 3232 1594 Jnnio.
3270 1550 3290 1590 ι
3333 1539 3408 1612 (n)
3454 1541 3667 1596 Primus

2061 1627 2385 1684 Laurentius
2443 1629 2687 1684 narratus
2737 1629 2786 1684 id
2845 1631 2988 1700 egit,
3045 1641 3130 1700 ut,
3185 1649 3306 1702 qua:
3359 1635 3553 1704 passim
3608 1636 3664 1691 in

2062 1720 2276 1790 scriptis
2303 1720 2462 1775 variis
2488 1720 2596 1775 V\'.
2624 1721 2731 1776 DD.
2763 1721 3026 1792 imprimis
3054 1723 3364 1790 Beroaldus,
3390 1726 3654 1794 Alciattts,

355 1803 554 1857 tionem
582 1803 744 1858 etiam
768 1801 837 1858 de
860 1801 1177 1858 Tertulliani
1203 1802 1546 1875 dogmatibus
1566 1817 1661 1858 seu
1683 1803 1960 1859 erroribus

2065 1811 2317 1878 Crinitus,
2345 1812 2658 1878 Turnebus,
2693 1812 3004 1868 Vcrtrauius
3025 1856 3040 1879 ,
3079 1814 3474 1886 llutomannns,
3505 1821 3668 1889 ana-

351 1910 414 1950 ea
443 1909 603 1964 quam
641 1893 936 1950 Rhenanus
980 1895 1398 1964 conscripserat,
1436 1894 1596 1964 longe
1644 1894 1963 1964 lncupletio-

354 2005 467 2044 rem
495 1997 550 2044 et
575 1988 770 2044 ordine
808 1988 1152 2059 alphabetico
1197 1986 1497 2042 coniectam
1526 2001 1646 2042 cum
1679 1987 1958 2057 Antidoto,

353 2091 408 2132 ut
435 2089 608 2142 vorat,
637 2078 808 2134 edidit
836 2078 935 2150 tu).
968 2077 1114 2133 Ordo
1161 2092 1289 2134 vero
1315 2086 1690 2132 contentorum
1719 2076 1808 2132 hic
1835 2087 1918 2134 est
1945 2095 1960 2134 :

354 2169 410 2224 1⁸³
488 2167 760 2225 Dcdicatio
788 2168 854 2223 ad
903 2167 1100 2223 Pontif.
1135 2167 1278 2222 Max.
1323 2167 1638 2238 Gregorium
1670 2167 1806 2234 XIII,
1839 2167 1962 2224 data

351 2263 517 2318 Dttaci
546 2263 653 2332 ipsa
681 2260 1036 2316 Exaltationis
1075 2259 1266 2316 Crttcis
1285 2260 1566 2328 die1579;
1591 2259 1652 2314 2°
1686 2259 1964 2318 Dedicalio

350 2356 522 2410 altera
550 2355 614 2409 ad
655 2352 959 2422 Philippum
1025 2351 1067 2407 Il
1124 2351 1277 2422 Hisp.
1311 2366 1490 2424 regem
1521 2352 1708 2424 script.
1737 2353 1808 2408 ib.
1836 2353 1962 2409 cod.

353 2450 422 2505 14
467 2449 785 2518 septembr.;
818 2447 876 2504 5°
910 2445 1115 2502 Indices
1155 2445 1410 2502 librorum
1440 2445 1635 2516 quovis
1665 2457 1810 2501 tomo
1835 2461 1966 2501 con-
2040 2449 2046 2456 '

353 2552 618 2600 tentorum
659 2551 715 2598 et
745 2549 1024 2598 auctorum
1076 2539 1449 2610 codicumque,
1495 2539 1586 2608 qui
1632 2537 1965 2594 Tertulliano

350 2637 662 2710 castigando
707 2637 826 2692 usui
865 2635 1014 2692 fuere
1045 2676 1060 2703 ,
1111 2635 1334 2700 notitia;
1398 2644 1507 2688 tum
1553 2632 1611 2689 4°
1685 2632 1789 2688 vita
1833 2632 1966 2690 Ter-

352 2729 560 2785 tulliani
600 2744 696 2800 per
743 2726 1063 2791 Pamelium,
1095 2735 1150 2780 et
1201 2725 1260 2782 5°
1335 2723 1608 2780 Paradoxa
1651 2722 1962 2780 Tertulliani

349 2839 472 2880 cum
516 2823 756 2878 antidoto
807 2821 1060 2886 Pamelii;
1103 2820 1160 2876 6"
1236 2819 1551 2876 Tertulliani
1591 2820 1963 2891 jurisconsulti

350 2917 558 2992 romani
612 2915 789 2986 legum
843 2913 1099 2984 rescripta
1130 2929 1146 2976 ;
1177 2911 1390 2968 tandem
1423 2912 1480 2967 7°
1514 2911 1722 2968 Indices
1749 2914 1800 2967 in
1831 2911 1964 2968 Ter-

352 3008 656 3072 tullianum,
701 3023 824 3063 cum
867 3006 1057 3070 locor.,
1091 3014 1199 3060 tum
1244 3005 1470 3060 aliorum
1527 3015 1736 3060 auctor.
1783 3003 1850 3060 ab
1897 3017 1962 3060 eo

349 3101 588 3168 eitator.,
617 3109 724 3154 tum
755 3113 1034 3154 rerum.—-
1053 3096 1154 3164 Qui
1185 3107 1376 3168 quarto
1416 3104 1562 3151 tomo
1605 3099 1963 3166 comprehen-

2065 1905 2204 1972 cius,
2232 1905 2477 1977 Scaliger
2505 1907 2570 1960 ad
2602 1907 2992 1962 emendamlnm
3047 1910 3497 1979 csplicamlnmve
3528 1913 3666 1968 'I'er-

2068 1997 2348 2052 tulliannm
2379 1996 2748 2060 contulissent,
2781 1999 3155 2067 conquireret,
3189 2009 3244 2055 et
3279 2011 3530 2072 excerpta
3561 2019 3664 2060 una

2065 2106 2187 2147 cum
2209 2091 2322 2146 suis
2360 2091 2797 2146 adnotationibus
2831 2089 3074 2146 lilteuani
3105 2095 3505 2151 commentariis
3544 2097 3667 2152 alli-

2067 2196 2242 2252 nerct;
2274 2186 2364 2240 ubi
2394 2201 2523 2242 vero
2566 2186 2640 2241 illi
2679 2187 2992 2253 delieercnt,
3028 2187 3078 2241 in
3117 2188 3268 2244 libris
3311 2191 3514 2246 scilicet
3547 2202 3667 2261 pust

2067 2279 2385 2336 Iibenanum
2429 2279 2646 2344 additis,
2697 2279 2764 2335 de
2804 2294 2902 2335 suo
2949 2279 3209 2349 proferret
3237 2281 3338 2336 :.in
3387 2300 3453 2339 eo
3485 2292 3662 2340 t:nnen

2068 2371 2356 2428 lectoribus
2389 2371 2667 2440 molestus,
2709 2371 2850 2440 quod
2891 2387 2985 2427 sua
3031 2388 3291 2444 nusquam
3339 2391 3367 2428 a
3419 2375 3664 2432 Iiltcaani

2065 2467 2360 2522 aliorumve
2389 2465 2759 2537 distingueret.
2789 2463 3031 2520 Rbenani
3069 2466 3350 2536 epistolam
3387 2484 3666 2529 nuncupa-

2068 2561 2256 2614 loriam
2309 2559 2543 2628 itemque
2587 2556 3005 2613 admonitionem
3051 2558 3118 2614 de
3162 2558 3480 2629 quibusdam
3529 2561 3664 2617 Ter-

2068 2651 2273 2708 tulliani
2307 2650 2570 2722 dogmatis
2592 2649 2760 2720 repeti
2801 2649 3030 2716 curavit,
3060 2650 3222 2704 vitam
3248 2649 3564 2706 'I'ertufliatti
3593 2653 3665 2709 de

2066 2761 2165 2802 suo
2187 2743 2409 2810 addidit,
2443 2751 2705 2814 praetcrea
2734 2743 2968 2814 amplum
2994 2742 3220 2813 pra-ﬁxit
3243 2758 3511 2808 autm'tnn,
3531 2761 3666 2816 quo-

2066 2854 2185 2893 rum
2213 2836 2318 2892 fide
2347 2845 2612 2892 annotatt.
2639 2837 2957 2906 conscriptae
2987 2844 3132 2901 sunt,
3169 2837 3490 2908 catalogum.
3519 2837 3664 2893 Nun-

2065 2928 2278 3000 cuparit
2307 2927 2444 2984 Itane
2471 2927 2762 2984 editionem
2805 2927 3122 2998 prtcccplori
3159 2942 3260 2982 Suo
3292 2929 3364 2984 De
3395 2929 3463 2984 La
3499 2929 3664 3000 Bigtte

2065 3019 2107 3075 Τ
2114 3020 2166 3074 lt.
2211 3019 2274 3074 Ι).
2314 3019 2466 3088 Quod
2514 3028 2792 3076 externam
2838 3017 3027 3072 faciem
3083 3030 3311 3088 spectat,
3371 3021 3662 3078 admodum

2065 3113 2231 3168 nitida
2257 3123 2338 3168 cst
2367 3111 2553 3180 editio,
2584 3111 2945 3181 adornataqtte
2971 3110 3100 3164 satis
3125 3111 3405 3164 cornu'tmle
3432 3127 3662 3167 annota-

349 3195 570 3261 duntur,
603 3194 770 3249 lii-rus
795 3193 1034 3264 poeticos
1065 3200 1120 3246 et
1159 3189 1453 3264 fragmenta
1483 3205 1580 3246 seu
1623 3189 1816 3245 indicia
1857 3205 1954 3260 po-
1979 3207 2022 3270 ρ
2059 3203 2294 3260 tionibus
2322 3203 2423 3259 sub
2470 3211 2621 3258 ιρχιιι
2673 3201 2950 3270 dispositis
2987 3200 3214 3256 diversis
3265 3217 3478 3272 quoque
3523 3207 3662 3276 wpis

353 3287 462 3342 tius
505 3287 758 3341 librorum
789 3285 1192 3356 deperditorum
1223 3285 1364 3353 apud
1403 3283 1540 3337 alios
1573 3291 1821 3338 auctores
1862 3292 1954 3337 aut

351 3377 528 3449 ipsum
551 3377 942 3434 Tertullianum
974 3379 1129 3434 obvia
1159 3376 1364 3448 primus
1389 3373 1478 3428 llic
1522 3374 1791 3430 Pamclius
1819 3387 1953 3444 ope-
2019 3399 2049 3424 -.

355 3474 502 3530 ribus
547 3471 776 3528 Tertull.
821 3472 1059 3527 inseruit.
1113 3469 1195 3526 Ad
1237 3477 1486 3540 poemata
1549 3465 1690 3537 quod
1743 3466 1954 3533 attinet,

351 3569 408 3626 in
452 3567 602 3622 libris
629 3566 1254 3624 adversus-Marciouem
1290 3573 1344 3619 et
1372 3560 1613 3616 carmine
1649 3557 1719 3616 de
1745 3557 1957 3615 Judicio

361 3661 570 3716 Itomini
625 3661 963 3723 Tertulliano
1002 3655 1364 3744 vindicangis,
1418 3653 1518 3710 Ge.
1575 3651 1808 3708 Fabricii
1861 3651 1954 3723 (in

354 3755 532 3826 poetis
571 3753 880 3810 cbristiauis
915 3753 960 3826 ),
1018 3752 1070 3808 in
1121 3750 1362 3806 carmine
1412 3747 1482 3804 de
1535 3746 1767 3804 Sodoma
1827 3760 1959 3802 vero

354 3848 496 3906 Sixti
537 3847 792 3905 Senensis
837 3847 1012 3921 (Bibl.
1059 3846 1244 3902 Sauct.
1294 3844 1385 3898 lib.
1443 3840 1535 3915 IV)
1585 3841 1958 3898 auctoritatem

357 3940 718 4012 sequebatur;
748 3939 982 3997 Genesin
1011 3947 1190 3993 autent
1215 3945 1266 3992 et
1289 3935 1354 3990 ad
1378 3942 1662 3990 senatorem
1686 3947 1806 4005 qua:
1834 3947 1958 3987 cum

358 4032 594 4090 Sodoma
641 4033 880 4090 carmine
916 4030 1189 4104 Cypriauo
1231 4028 1357 4082 olitn
1386 4036 1712 4090 asseruerat,
1742 4035 1961 4096 propter

359 4127 622 4186 orationis
651 4124 1077 4224 similitudinem,
1103 4122 1437 4180 Tertulliano
1462 4135 1604 4177 nunc
1623 4119 1838 4176 demum
1860 4117 1960 4171 ad-

355 4219 617 4292 iudicavit
656 4227 711 4274 et
746 4217 926 4276 denuo
957 4209 1252 4273 re'censuit.
1280 4213 1406 4270 llaec
1430 4211 1704 4284 excipiunt
1738 4209 1962 4268 Graeco-

360 4327 480 4370 rum
507 4327 730 4384 operum
757 4311 1057 4384 fragmenta
1084 4325 1098 4364 :
1123 4309 1189 4364 ad
1221 4309 1452 4363 amicum
1484 4304 1866 4379 philosophum
1896 4302 1966 4359 de

361 4405 678 4478 Nuptiarum
705 4403 969 4477 angustiis
997 4417 1092 4458 seu
1131 4401 1199 4456 de
1226 4399 1578 4471 Virginitate;
1611 4396 1680 4452 de
1707 4395 1869 4464 Fato;
1897 4393 1966 4450 dc

362 4499 580 4556 mundis
607 4506 662 4554 et
687 4495 980 4553 immundis
1008 4493 1382 4558 Animalibus;
1413 4491 1480 4547 de
1501 4487 1964 4552 Circumcisione;

2058 3310 2122 3352 ex
2130 3293 2354 3366 pressis.

2764 3383 2926 3441 1582.
3057 3459 3068 3468 _
3643 3457 3652 3468 ,

2131 3474 2382 3536 VERSIO
2429 3490 2731 3532 GEMIANICA
2771 3475 2812 3531 Ι.
2843 3475 2988 3533 Libri
3034 3459 3111 3532 De
3165 3477 3420 3534 Patientia
3453 3492 3480 3534 a
3521 3459 3655 3537 Luc;

2058 3570 2228 3639 Maio,
2261 3567 2611 3625 Smalkalacse
2633 3608 2650 3636 ,
2679 3568 2731 3624 in
2760 3567 2841 3624 8‘.

2783 3660 2940 3717 1585.

2133 3755 2228 3811 Eb.
2262 3751 2932 3810 Pauthsxa-Pantsmusrs
2977 3751 3016 3806 Ι.
3039 3781 3112 3792 —
3133 3749 3354 3809 Parisiis
3385 3754 3483 3809 sub
3508 3764 3663 3813 scuto

2061 3846 2341 3903 Basiliensi
2383 3846 2485 3901 sol.
2519 3843 2830 3900 Pamcliana
2880 3859 3090 3900 recusa.
3126 3845 3260 3901 lluie
3299 3847 3517 3902 demum
3548 3849 3664 3902 edi-

2062 3941 2192 3995 tioni
2236 3939 2528 3994 accessisse
2556 3935 2844 3993 videnlur:
2889 3936 2966 4008 (ὁ)
3004 3935 3356 3992 Proverbiules
3403 3937 3452 3992 1³
3452 3939 3664 3994 ortmth

2064 4031 2246 4105 Operis
2275 4029 2622 4086 Tertullianici
2663 4039 2934 4098 contemtu,
2963 4029 3214 4086 brevibus
3252 4031 3473 4087 sclmliis
3517 4033 3664 4087 illus-

2065 4134 2218 4181 tratzc
2270 4139 2367 4196 per
2421 4123 2690 4179 Andream
2737 4121 2945 4193 l-loyum
2996 4121 3357 4193 Brugenscm,
3400 4125 3483 4180 cui
3528 4125 3665 4180 lianc

2064 4234 2248 4276 curam
2280 4217 2396 4288 ipse
2425 4215 2690 4271 Parnelius
2734 4213 3061 4284 injnnxcrat,
3093 4225 3150 4269 ιιι
3181 4216 3394 4284 praeﬁxa
3428 4215 3558 4288 11η)ζὶ
3591 4214 3661 4270 ad

2069 4287 2360 4366 Pamelium
2381 4307 2632 4380 epistola,
2663 4305 2784 4361 data
2813 4305 2952 4376 apud
2991 4307 3268 4364 Atrebates
3295 4307 3412 4364 Kal.
3439 4287 3664 4366 .lan'nar.

2069 4403 2229 4470 1583,
2261 4416 2360 4457 nos
2386 4401 2563 4457 docet.
2600 4399 2672 4470 (ο)
2714 4397 2906 4456 Utrum
2934 4413 3062 4454 vero
3088 4410 3140 4455 et
3167 4401 3408 4471 ejusdem
3452 4401 3587 4474 lloyi
3615 4404 3668 4457 in

2069 4496 2462 4555 Tcrtnllianum
2514 4493 2733 4550 Pamelii
2790 4509 2881 4564 op.
2935 4493 3245 4550 restitutum
3301 4493 3662 4564 Epigramma,

366 4592 439 4649 de
472 4591 712 4648 vestibus
754 4592 965 4646 Aaron:
999 4588 1068 4645 de
1110 4587 1408 4652 Trinitate;
1449 4584 1517 4641 de
1557 4598 1723 4640 censu
1759 4581 1967 4636 Anima:

2073 4607 2180 4664 quo
2226 4589 2556 4662 singulorum
2601 4588 2894 4653 librorum,
2943 4587 3035 4657 qui
3082 4585 3186 4641 ltoc
3233 4586 3672 4655 quinquepartito

367 4683 626 4740 adversus
653 4683 1084 4754 Hermogenem;
1126 4679 1387 4736 adversus
1425 4676 1866 4747 Appelletianos;
1898 4671 1970 4728 de
2009 4737 2029 4756 κ

369 4775 664 4842 Paradiso;
709 4773 777 4830 de
803 4775 910 4846 Spe
937 4774 1172 4830 ﬁdelium
1198 4787 1213 4837 ;
1246 4770 1314 4826 de
1357 4769 1563 4826 Eestasi
1595 4767 1686 4822 lib.
1717 4781 1846 4833 sex;
1876 4762 1974 4818 ad-

369 4882 563 4925 versus
589 4865 926 4938 Apollonium
952 4883 968 4932 ;
991 4865 1232 4920 Aliorum
1249 4864 1452 4933 aliquot
1473 4859 1674 4917 etl'also
1695 4859 1976 4934 insgripto-

371 4975 511 5016 rum.
543 4957 608 5015 T.
639 4957 704 5014 ν.
737 4959 1112 5014 continentur:
1143 4957 1213 5014 de
1243 4955 1630 5011 Exhortatian
1655 4951 1968 5018 Castitatis;

371 5052 441 5108 de
461 5051 828 5124 Monogamia;
859 5049 927 5107 de
952 5049 1097 5121 Fuga
1119 5049 1170 5106 in
1191 5048 1586 5122 persecutione,
1614 5046 1680 5102 ad
1703 5045 1924 5101 Fabium
1951 5058 1968 5098 :

373 5145 444 5200 de
467 5143 694 5215 Jejuuiis
738 5136 1002 5201 adversus
1027 5142 1349 5216 Psyelticos;
1377 5141 1447 5196 de
1475 5139 1732 5196 Pudicitia
1757 5155 1772 5205 ;
1804 5137 1978 5194 Nova-

376 5238 505 5294 tiaui
535 5238 602 5294 de
627 5237 921 5304 Trinitate;
959 5218 1204 5309 ejuisdem
1236 5235 1306 5292 de
1339 5233 1770 5302 Cibisjudaieis;
1801 5229 1976 5302 ejusd.

377 5329 728 5400 epistol-arum
781 5327 849 5386 de
885 5344 1010 5386 vera
1046 5325 1474 5385 Circumcisiouc
1504 5331 1560 5382 et
1587 5337 1716 5379 vero
1738 5321 1978 5380 Sabbato

377 5421 600 5478 nolnlze.

453 5533 528 5607 (η)
553 5533 731 5590 Prima
759 5532 972 5607 quidem
997 5530 1409 5607 cditioUPamelii
1439 5527 1506 5586 ad
1531 5541 1720 5607 manus
1741 5540 1847 5582 non
1870 5534 1974 5607 est,

383 5597 556 5678 neque
585 5597 948 5678 typographas
975 5614 1029 5660 et
1061 5603 1406 5678 Bibliopolas,
1433 5600 1571 5671 apud
1590 5613 1730 5670 quos
1759 5597 1977 5678 prodiit,

381 5669 947 5748 imlagare'povtuit'uns,
980 5677 1074 5732 sed
1100 5669 1345 5732 destrinta
1366 5669 1484 5728 luce
1501 5669 1628 5748 sunt.
1649 5687 1714 5727 ex
1737 5669 1824 5726 ed.
1859 5670 1982 5724 I’ar.

385 5743 546 5817 1598',
579 5743 672 5803 cui
705 5764 824 5816 qua:
851 5747 1071 5815 insuper
1109 5759 1412 5812 accessere,
1444 5758 1546 5802 suo
1572 5743 1625 5800 lo
1660 5759 1693 5796 o
1736 5755 1982 5800 comme-

381 5828 680 5882 tttorantur.
707 5819 1018 5876 Scuocustt.

627 5911 678 5977 Τ
685 5926 1070 5976 curruum
1114 5907 1162 5976 l.
1689 5928 1714 5939 '

2071 4699 2236 4755 opere
2289 4682 2634 4739 continentur
2689 4687 3004 4748 argumenta
3054 4691 3119 4730 ex
3176 4675 3368 4730 ordine
3424 4677 3670 4734 indicau-

2071 4783 2197 4838 tur,
2263 4773 2364 4830 hac
2401 4773 2618 4829 demum
2664 4770 2903 4826 editione
2946 4767 3252 4832 accesserit,
3297 4781 3364 4823 an
3395 4769 3522 4826 olim
3559 4771 3670 4842 jam

2072 4868 2232 4925 fuerit
2285 4867 2578 4938 vulgatum,
2629 4862 2830 4919 nescio.
2888 4859 3058 4930 Hujus
3108 4861 3436 4934 exemplaris
3487 4866 3673 4937 apola-

2070 4959 2277 5032 geticus
2311 4972 2433 5014 eum
2461 4955 2582 5013 cod.
2610 4953 2719 5012 MS.
2740 4953 2967 5010 collatus
2993 4954 3240 5013 exstabat
3265 4957 3318 5012 in
3343 4957 3481 5014 Bibl.
3512 4959 3674 5014 Baln-

2075 5055 2250 5110 ziana.

2800 5140 2964 5199 158$.
3047 5142 3056 5152 ⁴

2152 5239 2252 5298 ΕΒ.
2277 5239 2592 5297 Punctum
2619 5265 2647 5281 σ-
2679 5237 3102 5294 Λκτνειιριεκειδ
3151 5234 3218 5291 II.
3261 5235 3506 5307 Autrcrp.
3537 5237 3682 5308 apud

2153 5375 2232 5450 (τι)
2259 5375 2402 5450 Inter
2431 5374 2780 5450 repetitiones
2813 5370 3152 5450 Pamelianits
3180 5370 3298 5426 sine
3327 5370 3550 5431 cditoris
3581 5391 3680 5431 no-
3717 5419 3724 5426 .

2153 5390 2232 5450 (τι)
2262 5390 2402 5432 Ιηιοι·
2431 5390 2489 5431 ΙῬ
2533 5390 2780 5430 ριιιιοηοε
2815 5390 3152 5428 ramcnanas
3180 5390 3298 5426 sme
3327 5390 3382 5426 C(l

2083 5449 2227 5525 mine
2251 5449 2460 5525 gaveus
2487 5390 2669 5525 laudat
2685 5461 2718 5525 ξ⁵
2735 5457 3036 5525 perperam.
3073 5439 3382 5525 Senonum.

2155 5519 2234 5590 (ὑ)
2257 5519 2491 5574 Sandius
2516 5517 2658 5590 edit._
2685 5512 3042 5590 lineisiensem
3071 5512 3231 5590 huius
3272 5515 3397 5590 anni
3426 5531 3547 5571 cum
3572 5517 3681 5572 No-

2082 5583 2414 5647 tis'lt'benani
2437 5597 2494 5644 et
2519 5587 2660 5643 Junii
2691 5584 2753 5640 l".
2777 5583 2979 5648 laudat;
3005 5597 3107 5654 qua
3137 5584 3262 5651 tide,
3285 5583 3554 5644 aﬂirmare
3575 5604 3684 5646 non

2085 5677 2276 5716 aIISllII.

2157 5733 2229 5806 (r)
2257 5729 2472 5806 Scilicet
2501 5745 2566 5784 ex
2592 5725 2728 5806 edit.
2754 5723 2914 5806 tzsos.
2957 5724 3130 5806 Paris.
3174 5725 3305 5782 mibi
3339 5727 3404 5806 in_
3421 5727 3504 5784 his
3541 5730 3688 5801 judi-

2091 5797 2320 5867 cautium
2343 5803 2462 5871 l'ult,
2483 5812 2537 5858 ut
2563 5799 2730 5860 semel
2753 5797 2863 5872 jam
2897 5799 3170 5868 pt'olesstts
3199 5815 3339 5855 sunt.
3371 5797 3684 5865 Seueriani.

2883 5889 3141 5972 (υοιιωο)
