4238 6262
493 306 565 364 43
1946 283 2337 346 ΡΒᾹΞΕΑΤΙΟ.
3730 281 3800 339 η

496 414 731 472 Ριαηιὶιι.
774 413 868 482 fol.
930 408 1122 467 eadem
1182 405 1440 478 repetita;
1503 398 1554 460 in
1608 404 1725 461 Cat.
1783 386 1929 458 Bibl:
1982 399 2460 471 Lei-Atcmporis
2532 396 2812 456 historiam
2882 404 3175 455 contexere
3231 394 3530 468 voluisse).
3566 394 3693 451 Haec
3746 395 3798 450 in

495 511 652 566 dens.
725 503 938 580 (Lugd.
991 504 1109 557 Bat.
1167 497 1352 569 716.)
1409 499 1661 554 scribitur
1719 514 1732 551 :
1785 492 2100 552 Tertulliani

498 600 600 672 Op.
656 617 727 656 ex
778 595 990 653 emend.
1056 593 1171 650 Jac.
1235 591 1453 648 Pamelii
1514 606 1637 648 cum
1700 590 1825 646 coll.
1898 586 2100 643 codicis

499 693 611 752 MS.
661 688 931 763 Agobardi
984 702 1079 759 per
1116 685 1199 742 Jo.
1226 685 1563 742 Mercerium.
1594 684 1834 755 Antverp.
1870 682 2029 738 1581.
2060 682 2097 736 l‘.

1226 799 1388 857 1585.

570 921 673 977 En.
706 917 1383 977 PAMELIANA‘PABISIENSIS
1408 913 1791 987 lI_.—Parisiis,
1815 930 1900 984 ap.
1937 911 2096 967 Mich.

499 1014 776 1104 Sonniunt.
811 1014 848 1068 t'.
906 1012 970 1080 (λ,
1000 1009 1149 1081 Sept.
1178 1009 1326 1066 Flor.
1353 1008 1670 1065 Tertulliani
1702 1023 1863 1079 opera
1896 1008 2096 1075 omnia,

498 1110 567 1166 ad
623 1100 946 1179 exemplaria
1004 1103 1150 1162 MSS.
1208 1103 1495 1159 collatione
1548 1102 1844 1173 recognita,
1900 1100 2104 1170 aliquot

497 1203 661 1258 etiam
689 1201 842 1257 libris
864 1198 1146 1263 "auctiora,
1181 1211 1243 1252 ex
1283 1196 1518 1251 editione
1552 1204 1608 1251 et
1644 1188 1764 1251 cum
1795 1192 2100 1248 annotatio-

415 1305 428 1317 '
483 1293 659 1350 .nibus
704 1291 890 1348 Jacobi
921 1288 1144 1346 Pamelii
1177 1306 1191 1343 :
1220 1287 1485 1344 accedunt
1513 1287 1752 1358 ejusdem
1784 1283 2101 1340 Tertulliani

498 1387 633 1453 vita,
671 1386 883 1455 aliaque
927 1385 1329 1455 prolegomena.
1375 1381 1490 1437 Cat.
1523 1381 1585 1436 de
1605 1380 1654 1434 ια
1682 1378 1814 1434 Bibl.
1850 1378 1920 1431 du
1963 1376 2097 1447 Bay.

497 1482 561 1540 Τ.
594 1482 636 1538 Ι.
664 1499 718 1553 p.
752 1480 878 1537 365.
906 1478 1024 1535 Non
1045 1476 1566 1547 succurritjamjam,
1595 1473 1689 1530 ubi
1717 1471 1928 1528 laudata
1953 1472 2101 1526 inve-

499 1573 1319 1643 nerimTertullianiopcracum
1344 1580 1479 1625 nott.
1523 1568 1635 1625 Jac.
1670 1564 1894 1623 Pamelii
1924 1564 2095 1621 Paris.

500 1669 642 1741 apud
666 1668 827 1724 Mich.
858 1667 1159 1724 Somnium.
1191 1664 1353 1723 1548.
1378 1663 1521 1736 quod
1550 1663 1674 1718 hinc
1705 1669 1916 1718 constat
1951 1674 2101 1715 erro-

499 1775 615 1818 rem
642 1774 764 1817 esse
791 1757 1254 1831 typograpbicum.

1272 1873 1377 1928 594.

1272 1874 1280 1885 '
1322 1873 1377 1928 4.

578 1990 598 2025 ι
640 1966 844 2035 Veasro
892 1983 1116 2026 GALLICA
1144 1873 1380 2024 11.12;.
1419 1965 1495 2021 De
1531 1964 1741 2022 Corona
1781 1966 1964 2023 Militis
2007 1981 2101 2037 per

499 2063 908 2124 Florimundum
933 2061 1178 2120 Remond
1209 2059 1416 2132 (Louis
1438 2058 1778 2133 Riclteomc)
1823 2060 2039 2132 Bnrdig.
2075 2080 2094 2113 ι

1226 2171 1387 2228 1595.

500 2274 508 2281 ’
573 2268 813 2343 Lugduni
850 2264 1093 2322 Batavor.
1135 2279 1198 2320 ex
1237 2261 1331 2331 o/f.
1378 2261 1737 2318 Plantiniana.
1786 2261 1841 2316 4.
1892 2260 2006 2333 (Sic
2049 2262 2100 2316 in

502 2366 624 2424 Cat.
676 2363 820 2421 Bibl.
874 2357 1200 2432 Leidensis)
1255 2368 1309 2414 et
1373 2357 1427 2412 8.
1488 2355 1654 2428 (Cat.
1722 2355 1791 2411 de
1854 2356 1907 2410 la
1960 2354 2098 2411 Bibl.

507 2459 579 2516 du
632 2457 756 2513 Boi.
812 2470 863 2524 p.
902 2452 1029 2509 564.
1076 2461 1113 2507 t.
1143 2449 1239 2522 l.)
1295 2450 1361 2518 Q.
1404 2446 1553 2519 Sept.
1600 2446 1744 2503 Flor.
1788 2446 2102 2503 Tertulliani

502 2550 666 2607 Liber
691 2548 761 2606 de
792 2545 985 2615 Pallio,
1019 2559 1084 2600 ex
1124 2542 1360 2600 editione
1395 2551 1451 2599 et
1482 2555 1605 2598 cum
1648 2542 1788 2598 notis
1832 2540 2103 2598 Francisci

503 2643 672 2701 Junii.

1236 2727 1399 2786 1596.

550 2812 692 2886 no.
726 2820 1383 2883 nmomnenoensrs.
1411 2821 1527 2877 l.~-
1554 2818 1788 2876 Heidelb.
1834 2836 1922 2890 ap.
1952 2817 2105 2874 Cont-

509 2923 774 2988 melinum,
793 2921 834 2978 f.
853 2934 881 2976 a
897 2920 1176 2988 Rhenano,
1196 2916 1453 2985 Pamelio,
1470 2914 1629 2972 Junio
1650 2914 1952 2972 emendata.
1967 2912 2109 2970 Lau-

509 3018 638 3076 dant
674 3015 940 3084 Sandius,
971 3013 1045 3070 du
1072 3014 1192 3081 Pin,
1224 3021 1278 3069 et
1297 3010 1459 3073 Cave.

1225 3104 1388 3162 1597.

578 3205 693 3262 ΕΙ).
717 3197 1632 3261 ΡΑΜΕΕΙΑΝΑ-ΡΒΑΝΕΟΚΕΠᾹΕ
1660 3195 2118 3255 I.-—Frnneckerce
2142 3204 2186 3269 C

512 3297 816 3357 excudebat
840 3296 966 3367 Eg.
996 3293 1227 3350 Badaaus
1261 3294 1380 3349 ord.
1414 3290 1607 3367 Frisia;
1630 3303 1740 3363 typ.
1771 3291 1834 3359 Q.
1867 3291 2113 3363 Septimii

513 3392 781 3449 Florentis
826 3366 1143 3445 Tertulliani
1188 3385 1442 3457 Carthag.
1492 3366 1821 3455 Presbyteri,
1876 3388 2113 3443 auctoris

513 3481 866 3553 antiquissimi
910 3494 1030 3550 qua:
1073 3478 1249 3534 adhuc
1291 3478 1515 3547 reperiri
1560 3485 1850 3547 potuerunt
1887 3479 2109 3534 omnia:

516 3590 583 3632 ex
605 3574 844 3631 editione
874 3570 1059 3627 Jacobi
1083 3568 1306 3625 Pamelii
1328 3569 1635 3639 Brugensis.
1657 3568 1860 3635 Quibus
1888 3570 2114 3625 seorsim

516 3667 715 3724 addita:
761 3671 889 3721 sunt
937 3664 1311 3718 annotationes
1364 3662 1513 3717 Beati
1566 3660 1811 3716 libenani
1860 3661 2117 3718 Scletsta-

518 3758 743 3826 diensis,
780 3765 952 3813 aucta;
982 3769 1211 3812 censura
1241 3754 1601 3825 inquisitionis
1644 3753 1944 3824 HiSpanicae
1977 3774 1989 3812 :
2036 3756 2111 3828 (α)

517 3851 753 3921 itemque
798 3847 1180 3918 castigationes
1220 3860 1283 3900 ac
1328 3853 1468 3900 notae
1497 3846 1791 3916 perspicua:
1830 3857 1884 3902 et
1929 3848 2117 3905 breves

517 3942 804 3999 FRANCISCI
859 3939 1001 3996 Junn
1042 3937 1299 4010 Biturigis
1328 3980 1342 4007 ,
1399 3947 1508 3993 tum
1558 3954 1623 3994 ex
1664 3939 1812 3997 MSS.
1872 3940 2013 4008 ﬁde,
2063 3950 2118 3997 et

518 4034 698 4091 Latini
756 4033 951 4089 Latinii
1006 4031 1397 4095 Viterbiensis,
1461 4031 1798 4098 aliorumque
1860 4033 2118 4105 symbolis

520 4133 920 4198 comportatze,
990 4132 1103 4179 tum
1164 4122 1492 4194 conjecturis
1554 4124 1888 4196 gravissimis
1959 4136 2119 4196 atque

521 4217 831 4275 lectissimis
859 4227 1144 4274 accuratae.
1202 4216 1527 4273 Communes
1591 4210 1851 4289 praeterea
1914 4219 2120 4275 indices

524 4312 868 4367 accesserunt
887 4310 1127 4366 locorum
1155 4308 1445 4379 Scriptura:
1470 4324 1658 4376 sacrm,
1683 4310 1909 4366 aliorum
1937 4320 2119 4367 aucto-

522 4418 642 4459 rum
674 4403 907 4474 itemque
930 4403 1215 4458 verborum
1243 4410 1298 4457 et
1320 4417 1496 4458 rerum
1527 4403 1998 4474 locupletissimus.
2024 4405 2124 4460 Pa-

526 4496 670 4552 mclii
694 4501 895 4551 textum
918 4503 1078 4563 atque
1103 4493 1345 4549 ordinem
1361 4493 1550 4551 Junius
1578 4496 1980 4567 religiosissime
2008 4512 2121 4553 ser-

2203 490 2379 547 fronte
2407 499 2641 564 gerunt:
2689 490 2755 547 ad
2784 490 2849 558 Q.
2890 489 2948 546 S.
2988 489 3070 545 Fl.
3118 490 3434 546 Tertulliani
3479 503 3640 559 opera
3681 501 3802 558 quae

2203 596 2389 643 extant
2425 585 2606 641 omnia
2633 585 3014 658 castigationes
3064 594 3117 640 et
3160 594 3322 653 notae,
3374 599 3537 657 quam
3568 582 3802 638 t'naxime

2166 753 2172 759 .
2203 679 2258 734 in
2300 688 2407 734 tam
2435 684 2707 734 vetustum
2732 689 2786 734 et
2816 693 3033 749 gravem
3074 677 3390 748 scriptorem
3439 676 3551 731 fieri
3590 674 3797 747 potuit,

2203 771 2502 842 perspicua:
2528 779 2582 827 et
2607 769 2804 826 breves
2831 767 2928 842 (c).
2974 771 3029 825 In
3058 771 3248 841 quibus
3279 778 3388 823 tum
3417 783 3602 823 omnes
3630 767 3802 823 ferme

2202 864 2442 919 omnium
2498 863 2684 920 smculi
2771 863 2941 917 nostri
3017 862 3447 918 doctissimorum
3522 859 3800 915 hominum

2206 957 2487 1024 lectiones,
2537 954 2966 1024 emendationes,
3008 955 3587 1026 interpretationesque
3615 965 3801 1008 neces-

2205 1050 2362 1106 sariae
2388 1065 2454 1106 ex
2495 1048 2647 1105 MSS.
2690 1048 2795 1104 fide
2835 1057 2888 1103 et
2926 1048 3250 1118 cenjecturis
3277 1045 3640 1117 probabilibus
3671 1046 3800 1101 adu-

2205 1151 2402 1199 nantur
2453 1152 2507 1199 et
2557 1141 2938 1198 adscribuntur
2976 1141 3090 1196 suis
3137 1139 3479 1206 auctoribus;
3531 1138 3595 1193 iis
3639 1139 3798 1193 etiam

2203 1236 2493 1310 expressis,
2518 1250 2637 1307 qua:
2668 1250 2774 1290 non
2797 1235 2924 1290 visa:
2946 1243 3069 1288 sunt
3097 1233 3253 1303 plane
3275 1232 3509 1302 rejieulac
3534 1249 3547 1285 :
3603 1239 3712 1285 tum
3736 1245 3800 1285 ex

2204 1332 2494 1388 collatione
2537 1329 2923 1400 exemplarium
2960 1327 3061 1383 loci
3101 1341 3259 1398 quam
3306 1325 3517 1396 plurimi
3554 1325 3620 1380 ad
3665 1323 3804 1378 veri-

2203 1432 2368 1481 tatem
2406 1438 2584 1478 rerum
2625 1422 3117 1494 proprietatemque
3153 1417 3439 1474 verborum
3478 1415 3546 1471 de
3584 1416 3805 1486 penitis-

2204 1518 2354 1574 sinite
2395 1517 2725 1588 antiquitatis
2753 1515 2987 1572 tenebris
3020 1515 3367 1585 proferuntur
3399 1511 3649 1582 suppleti,
3687 1524 3806 1565 cor-

2204 1609 2357 1677 recti,
2387 1607 2640 1663 illustrati
2669 1616 2829 1679 atque
2857 1606 3181 1663 confirmati.
3213 1605 3349 1660 Post”
3370 1603 3618 1659 Rbenani
3647 1615 3806 1656 anno-

2202 1702 2436 1758 tationes
2467 1703 2693 1758 accessit
2717 1701 3019 1755 variantium
3047 1699 3317 1754 lectionum
3340 1701 3391 1754 in
3416 1698 3599 1752 librant
3624 1695 3807 1767 Apolo-

2128 1801 2178 1862 B
2204 1797 2418 1867 geticnm
2466 1805 2514 1851 et
2560 1796 2802 1850 adversus
2826 1792 3348 1860 Judceosindiculus,
3390 1804 3522 1863 quas
3551 1805 3616 1846 ex
3656 1787 3804 1845 MSS.

2207 1890 2639 1946 membranarum
2687 1888 2983 1958 praesertim
3028 1886 3138 1942 MS.
3185 1883 3474 1941 Fuldensis
3517 1882 3804 1939 collatione

2206 1981 2530 2038 Franciscus
2576 1979 2785 2036 Modius
2830 1977 3123 2050 Brugensis
3153 1976 3280 2032 olim
3311 1975 3720 2042 observaverat,
3754 1983 3807 2028 et

2209 2085 2555 2148 posteaquam
2577 2073 2667 2129 diu
2695 2071 2834 2144 apud
2864 2072 2934 2126 M.
2968 2071 3251 2127 Velscrum
3277 2071 3644 2140 Augustanum
3675 2066 3805 2122 deli-

2210 2178 2443 2237 tuerant,
2495 2170 2564 2223 ab
2608 2184 2674 2224 eo
2719 2182 2841 2223 cum
2884 2163 3047 2237 Gasp.
3101 2164 3374 2236 Schoppio
3417 2162 3648 2230 France,
3693 2171 3801 2216 tum

2203 2263 2421 2334 juvene,
2454 2262 2862 2319 communicatae
2900 2268 3076 2327 erant,
3124 2260 3214 2331 qui
3262 2257 3422 2314 Junio
3455 2257 3665 2312 tandem
3713 2270 3805 2312 cas

2208 2356 2600 2412 transmiserat.
2632 2352 2835 2409 Laudat
2864 2352 3126 2423 imprimis
3151 2350 3359 2419 Junius
3395 2350 3588 2405 multas
3615 2348 3805 2403 Pame-
3832 2382 3843 2385 ς

2208 2449 2263 2504 lii
2316 2448 2722 2505 emcndatioues
2786 2446 3067 2502 Fuldcnsis
3132 2444 3243 2502 MS.
3301 2444 3620 2500 auctoritate
3686 2458 3806 2498 esse

2209 2541 2468 2598 ﬁrmatas.
2502 2540 2729 2596 Cullatio
2775 2540 2988 2612 quidem
3027 2541 3139 2612 ipsa
3170 2538 3236 2595 ad
3280 2539 3367 2595 ed.
3400 2538 3604 2594 Barraei
3643 2532 3801 2605 1580,

2212 2635 2382 2691 Paris.
2412 2633 2487 2707 (α)
2519 2634 2655 2690 facta
2680 2644 2797 2690 erat
2835 2650 2935 2691 nec
2966 2643 3167 2690 mutata
3204 2649 3234 2689 a
3263 2633 3441 2701 Junio,
3469 2632 3563 2688 sed
3606 2632 3809 2702 pagina:

2212 2738 2417 2786 tantum
2459 2718 2612 2785 novae
2635 2728 2888 2786 editionis
2916 2737 3039 2784 sunt
3084 2728 3388 2800 adscriptzn.
3426 2728 3481 2783 In
3513 2724 3654 2782 Bibl.
3686 2724 3810 2781 Lei-

2211 2823 2364 2881 densi
2386 2831 2572 2879 extant
2599 2825 2706 2880 duo
2734 2824 2788 2878 it.
2818 2839 2868 2880 e.
2898 2823 3249 2895 exemplaria,
3284 2839 3448 2878 unum
3482 2839 3635 2877 manu
3663 2819 3811 2876 Jose-

2214 2919 2303 2990 plu'
2324 2918 2581 2991 Scaligeri
2602 2927 2863 2983 notatum,
2898 2919 3121 2974 alterum
3148 2919 3235 2974 cui
3257 2918 3581 2973 aDominico
3610 2915 3811 2972 Baudio

2212 3012 2497 3084 adscripta:
2551 3025 2676 3069 sunt
2728 3014 3106 3087 castigationes
3155 3012 3373 3085 Josepbi
3427 3011 3682 3084 Scaligeri
3738 3026 3806 3067 ex

2214 3106 2547 3179 autograplio
2576 3108 2677 3180 (ὁ).
3162 3160 3165 3165 ,

2938 3201 3097 3259 1597.

2236 3335 2243 3347 .
2289 3295 2389 3351 Eo.
2413 3293 3178 3352 Panentana-GENEVENSIS
3206 3293 3538 3350 I.——Genevw
3558 3307 3678 3351 cum
3696 3301 3810 3349 not.

2217 3387 2438 3446 Pamelii
2469 3389 2660 3460 (Sand.
2703 3387 2789 3443 Du
2817 3388 2937 3456 I’iu,
2966 3387 3141 3461 Care).

2940 3482 3099 3538 1598.

2292 3578 2390 3633 En‘.
2451 3572 3217 3631 PAMELIANA-PARISIENSIS
3247 3572 3630 3631 III.-Pm'isiis
3676 3570 3816 3646 apud

2219 3668 2556 3725 Laurentium
2592 3668 2860 3723 Somnium
2890 3668 2978 3721 οἱα
3018 3666 3259 3721 Jacobwa
3299 3667 3353 3719 in
3394 3666 3596 3721 Circino
3640 3681 3811 3720 aureo.

2218 3761 2287 3818 Μ.
2323 3763 2381 3817 ῐ).
2407 3759 2639 3816 XCVIII.
2673 3759 2804 3815 Vide
2836 3760 3045 3815 titulum
3069 3758 3156 3815 ed.
3191 3757 3353 3828 1579,
3382 3760 3465 3814 cui
3496 3759 3579 3815 hic
3601 3760 3818 3830 insuper

2220 3856 2449 3911 addita:
2484 3874 2503 3906 (
2555 3856 2846 3909 Accessere
2897 3862 2949 3907 ct
3000 3853 3101 3908 loci
3153 3869 3216 3909 ex
3266 3852 3575 3923 conjectura
3629 3852 3819 3907 Lyrth

2221 3948 2432 4004 La'rnvu
2475 3947 2827 4002 Viterbicnsis
2858 3946 3132 4020 .rcstituti,
3184 3954 3239 4001 ct
3259 3946 3467 4012 erudita
3509 3946 3563 4001 in
3606 3945 3696 4001 lib.
3749 3944 3819 4000 de

2222 4042 2396 4096 Pallio
2448 4040 2666 4097 Joanms
2722 4040 2989 4097 MERCERII
3043 4041 3416 4096 Antecessoris
3468 4040 3820 4100 Bituriccnsis

2221 4137 2641 4197 Connncntaria.
2674 4139 2988 4212 Catalogum
3018 4139 3180 4195 totius
3194 4139 3372 4210 operis
3397 4136 3634 4193 inveniet
3655 4136 3822 4193 lector

2226 4244 2348 4305 post
2398 4234 2653 4305 epistulas
2713 4234 3102 4300 dedicatorias;
3162 4234 3311 4289 etin
3379 4220 3606 4304 singulis
3663 4230 3821 4285 tomis

2224 4325 2660 4397 pra'f-tiunculas
2685 4326 2754 4381 de
2789 4326 3045 4381 librorum
3076 4325 3286 4382 ordine.
3328 4344 3347 4376 ι
3381 4355 3449 4364 -
3476 4324 3593 4379 Lat.
3626 4320 3820 4377 Latinii

2226 4417 2632 4473 emcndatioucs
2687 4417 2727 4472 f.
2779 4418 3104 4488 conjectura:
3161 4426 3282 4488 post
3333 4415 3462 4472 edit.
3514 4414 3721 4471 Pamel.
3766 4429 3817 4467 a.

2230 4509 2389 4565 1533.
2445 4511 2763 4580 conscripta:
2812 4510 3101 4580 (Praelatio
3150 4508 3418 4579 ipsiusd.
3472 4509 3655 4565 Roma:
3701 4505 3819 4561 Kal.

524 4587 686 4652 vavit,
721 4585 825 4641 nisi
864 4584 1007 4657 quod
1048 4591 1192 4639 tomo
1241 4594 1434 4656 quarto
1485 4584 1780 4655 fragmenta
1822 4597 1878 4643 et
1918 4587 2113 4643 indicia

2225 4600 2483 4658 Novemb.
2517 4601 2586 4655 M.
2638 4602 2697 4655 Ι).
2747 4600 3097 4673 LXXXIIII.)
3130 4609 3184 4656 et
3224 4601 3448 4657 scorsim
3478 4601 3636 4658 edita:
3673 4607 3824 4656 erant

525 4678 927 4749 deperditorum
958 4678 1220 4734 librorum
1247 4679 1462 4748 penitus
1491 4680 1692 4734 omisit.
1729 4681 2119 4739 Annotationes

525 4772 657 4827 item
679 4771 900 4827 Pamelii
929 4772 1149 4829 omnino
1177 4771 1389 4827 absunt.
1414 4769 1488 4844 (b)
1519 4770 1644 4827 Post
1666 4780 1867 4828 textum
1891 4774 2120 4830 seorsim

528 4865 759 4933 primum
779 4864 943 4935 ipsius
961 4864 1127 4932 Junii,
1149 4864 1344 4921 deinde
1368 4864 1611 4920 lilienani
1630 4865 2122 4922 animadversiones

529 4955 786 5026 subjectae
830 4965 974 5010 sunt.
1009 4957 1085 5011 Ac
1124 4957 1241 5011 ista:
1269 4956 1507 5027 quidem,
1540 4958 1733 5028 quibus
1761 4959 1921 5014 etiam
1955 4958 2120 5028 Junii,

528 5047 597 5103 ad
617 5045 1029 5118 OrdinesBelgii
1065 5047 1129 5102 F.
1155 5047 1450 5115 dedicatio;
1475 5048 1596 5104 data
1643 5049 1814 5121 Lugd.
1848 5050 1965 5106 Bat.
1988 5066 2038 5104 a.
2065 5052 2121 5106 d.

533 5138 761 5196 Kalend.
795 5139 1013 5195 Martias
1043 5140 1205 5207 1597,
1257 5155 1380 5196 cum
1409 5141 1516 5197 vita
1557 5141 1868 5198 Tertulliani
1910 5145 1978 5199 ab
2008 5144 2125 5216 ipso

531 5246 725 5289 recens
748 5232 1050 5302 conscripta
1083 5232 1375 5304 przeligitur
1434 5232 1525 5304 (de
1550 5233 1790 5291 Pamelio
1817 5236 1961 5291 enim
1985 5236 2129 5307 judi-

531 5334 621 5381 (at
660 5339 766 5381 non
808 5326 972 5381 vitam
1011 5340 1134 5382 eum
1160 5325 1495 5394 Tertulliani,
1542 5327 1635 5383 sed
1678 5329 1943 5386 curiosam
1987 5330 2130 5385 illius

603 5456 683 5549 (9‘)
697 5457 761 5549 In
789 5448 1557 5549 Eatalogoglibr.expurgatur.
1584 5458 1797 5549 'Madr'iti
1829 5462 1987 5545 158.1,
2013 5462 2129 5545 jus-

536 5528 776 5586 su'C'ard.
796 5528 959 5600 Gasp.
979 5528 1208 5601 Quiroga
1225 5528 1476 5601 Arcbiep.
1498 5531 1765 5587 Toletani.
1790 5549 1912 5604 gen.
1932 5528 2126 5606 inquis.

529 5601 680 5671 llisp.
707 5601 873 5656 edito.
926 5601 1236 5657 Senonum.
1686 5608 1689 5613 ‘

604 5672 680 5754 (li)
706 5674 991 5755 Iferpctza-m
1014 5673 1260 5755 laudatur
1280 5673 1669 5755 a.Falbricio_—:
1691 5692 1811 5734 cum
1834 5677 1975 5755 notis
1996 5676 2135 5755 Iinlte-

530 5744 681 5805 naui,
728 5744 945 5798 l’atnclii
974 5753 1029 5797 et
1054 5744 1143 5797 Fr.
1189 5745 1355 5801 Junii.
1392 5744 1545 5818 (Det.
1577 5748 1681 5805 SS.
1713 5765 1805 5824 pro
1853 5747 1968 5805 Ver.
2013 5747 2129 5804 Ret.

530 5814 655 5870 (μὴ’.
690 5831 725 5888 ρ
773 5814 951 5889 ⁸215.)
998 5812 1307 5872 Senonum.

2227 4694 2414 4749 Romae
2454 4692 2616 4759 158i,
2670 4708 2762 4764 per
2813 4692 3088 4748 Francisc.
3144 4692 3443 4748 Zannctnm
3485 4703 3538 4748 et
3586 4693 3825 4763 repetita:

2228 4798 2412 4860 postea
2443 4797 2567 4842 sunt
2585 4786 2927 4843 accuratiusa
2943 4785 3003 4841 C.
3022 4786 3199 4843 Macro
3215 4788 3267 4841 in
3282 4787 3478 4842 Latinii
3502 4787 3636 4841 Bibl.
3669 4788 3819 4840 Sacr.

2228 4891 2282 4936 ct
2333 4878 2478 4934 Pl'uf.
2523 4896 2574 4948 p.
2623 4879 2745 4935 191.
2785 4878 3010 4935 Codices
3045 4879 3261 4951 quidem
3294 4896 3397 4934 tton
3429 4879 3675 4943 habebat,
3708 4888 3824 4931 utc-

2229 4971 2385 5028 batur
2412 4980 2587 5026 tamen
2627 4971 2870 5026 codicum
2909 4970 2978 5027 ab
3005 4972 3126 5028 aliis
3169 4971 3502 5028 laudatorum
3534 4970 3819 5034 varietate;

2307 5177 2380 5247 (α)
2396 5174 2525 5243 Qua:
2540 5175 2729 5231 breves
2749 5185 2803 5231 et
2818 5174 3111 5247 perspicuae
3125 5173 3238 5241 ipso
3251 5168 3277 5224 .l
3287 5168 3408 5247 unio
3431 5168 3555 5247 vism
3571 5177 3692 5247 sunt
3711 5165 3825 5247 ani-

2233 5238 2889 5312 madversioncs,'ezedém
2908 5238 2963 5301 ei
2979 5238 3246 5314 Scaligero
3262 5240 3609 5314 castigatione
3623 5238 3825 5314 dignis‘

2233 5322 2416 5385 simae,
2447 5310 2937 5373 ctSchdcnentann
2983 5310 3144 5368 mera}
3188 5310 3572 5385 hariolatioues
3633 5311 3825 5385 ltabitac

2234 5399 2379 5445 sunt.
2404 5382 2446 5441 ἰ
2475 5389 2835 5445 Doctissimus
2878 5386 3165 5443 Grctserus
3210 5383 3377 5438 edidit
3409 5382 3824 5438 vindicationem

2237 5461 2592 5530 quorumdam
2645 5462 2884 5519 locorum
2937 5455 3442 5530 'I‘ertullianicurnm
3492 5470 3520 5508 a
3555 5451 3828 5530 lirancisci

2238 5525 2380 5586 Junii
2417 5532 2723 5586 Calvinistze
2760 5528 3250 5599 depravationibus.
3295 5526 3351 5580 In
3403 5541 3529 5599 opp_.
3560 5525 3739 5599 Grgelz.
3787 5530 3825 5577 t.

2239 5603 2305 5672 ν,
2340 5618 2461 5672 pars
2491 5601 2555 5667 V,
2584 5619 2637 5674 ι).
2670 5602 2801 5666 505,
2830 5596 2959 5674 edit.
2994 5599 3275 5674 Ratisbon.
3308 5596 3537 5674 1735.71.
3573 5597 3782 5674 »μοιλΖ

2309 5666 2383 5745 ((3)
2416 5666 2564 5728 lianc
2587 5666 2883 5728 editionem
2919 5671 3189 5726 [leuatum
3218 5668 3563 5745 Laurentium
3586 5666 3831 5745 Lutetia:

2237 5737 2494 5801 Parisior.
2523 5745 2684 5812 1580,
2717 5745 2930 5800 [Sarrano
2974 5753 3195 5796 auctore
3221 5740 3452 5795 edidisse
3476 5738 3665 5793 Junius
3693 5737 3830 5793 scri-

2237 5816 2335 5874 bit.
2381 5817 2458 5872 'l‘u
2492 5815 2609 5871 Vide
2631 5811 2728 5871 suo
2760 5817 2881 5872 loco
2908 5831 2936 5871 a
2964 5813 3119 5871 nobis
3146 5812 3305 5869 dicta.
3349 5811 3658 5866 Scnomun.
