4242 6266
436 409 509 465 15
1897 412 2034 468 Ρῐῖίῐ

2133 412 2284 471 tTlO.
3670 426 3743 484 16

437 524 617 577 insimt
639 535 852 593 quoque
875 530 926 578 et
954 520 1015 575 P.
1040 520 1277 578 Ciaconii
1306 522 1553 580 Toletani
1584 523 1833 595 quaedam
1849 528 2042 598 partim
2068 528 2122 587 A
2148 528 2281 581 satis
2328 527 2647 597 prmdicabo.
2680 528 2992 601 Quanquam
3018 531 3173 589 valde
3218 536 3506 593 Voluissem
3543 502 3744 597 diutius

438 632 504 671 ex
525 618 755 687 ingenio,
785 620 976 686 partim
1005 632 1069 672 ex
1091 616 1226 672 Cod.
1248 617 1530 691 Vaticano.
1566 618 1830 674 Cceternm
1877 629 2035 691 typo-

432 724 554 763 omn
581 717 634 764 et
662 707 861 765 charta:
891 710 1067 766 nitore
1107 709 1397 766 admodum
1447 711 1564 767 haec
1614 710 1839 768 eruditis
1885 727 2036 768 com-

436 799 735 856 mendatur.

1159 898 1321 955 1599.

509 989 608 1044 Eo.
662 990 1497 1075 PauELtsNA-llernunencsnsrs
1566 992 1628 1049 ll.
1672 1024 1742 1033 —
1794 992 2029 1049 Heidelb.

438 1083 576 1156 apud
621 1084 921 1141 Commelin.
974 1085 1011 1142 1.
1066 1086 1314 1158 Repetita
1361 1087 1666 1144 Pameliana
1713 1087 1797 1143 Du
1838 1088 1959 1143 Pin.

1153 1203 1314 1261 1599.

507 1294 730 1351 Colonia:
761 1297 932 1367 ,apud
1002 1296 1220 1352 Arnold.
1294 1296 1531 1368 Mylium.
1603 1297 1690 1354 12.
1752 1298 1816 1367 ρ.
1884 1299 2031 1369 Sept.

435 1388 580 1445 Flor.
611 1389 987 1446 Tertullianus
1033 1390 1168 1448 liber
1204 1391 1270 1448 de
1299 1393 1793 1465 praescriptionibus
1840 1394 2035 1450 adver-

436 1496 528 1539 sus
578 1483 895 1552 llaereticos,
925 1500 993 1542 ex
1019 1486 1106 1543 ed.
1149 1495 1202 1543 et
1229 1501 1349 1543 cum
1375 1489 1813 1547 annotationibus
1850 1488 2036 1546 Jacobi

435 1576 689 1634 Pamelii.

1180 1672 1339 1732 1599.

517 1783 537 1817 ι
568 1762 765 1819 Vsasro
787 1779 1011 1822 eamea
1038 1763 1104 1820 1|.
1160 1765 1360 1824 lterum
1409 1767 1553 1825 edita
1584 1770 1676 1827 lib.
1711 1768 1791 1827 De
1838 1767 2040 1827 Corona

435 1869 531 1927 per
558 1856 737 1912 cumd.
768 1856 1104 1915 Florimund.
1138 1858 1220 1916 Ad
1245 1861 1450 1918 calcem
1499 1870 1657 1919 tract.
1693 1863 1933 1935 ejusdem
1972 1865 2040 1923 de

435 1948 766 2008 Antichristo
790 1959 843 2006 et
867 1952 1211 2023 Antipapissa
1234 1952 1503 2012 Johanna.
1540 1976 1558 2010 ι

774 2068 1072 2147 ελαίουιο
1093 2071 1253 2130 xvn.
1280 2073 1414 2168 1601
1446 2107 1517 2118 -
1543 2075 1703 2135 noo.

1156 2190 1316 2249 1600.

514 2282 728 2338 Parisiis
784 2300 873 2355 per
920 2285 1154 2340 Ambros.
1204 2284 1447 2341 Drouart.
1480 2285 1534 2343 8.
1569 2284 1875 2342 Tertulliani
1904 2283 2039 2343 liber

438 2374 505 2431 de
534 2376 705 2432 Pal!io
733 2392 853 2432 cum
885 2379 1329 2450 interpretatione
1365 2378 1556 2451 gallica
1598 2388 1653 2436 et
1688 2379 1831 2436 notis
1860 2380 2040 2445 latinis

438 2467 593 2522 Edm.
656 2467 911 2526 Riclterii.
979 2470 999 2542 (
1048 2470 1159 2525 Cat.
1220 2471 1283 2527 de
1333 2471 1383 2526 la
1446 2470 1693 2529 Biblioth.
1766 2472 1838 2528 du
1896 2472 2033 2543 Roy.

439 2578 492 2631 ρ.
525 2558 680 2631 504.)

1156 2656 1315 2714 1601.

509 2749 608 2804 Eo.
663 2747 1497 2808 PaneuanaﬂeinemencexSts
1562 2751 1647 2807 Ill.
1683 2754 1762 2794 '—
1825 2750 2035 2809 Heidel~

437 2844 620 2915 bergte.
679 2843 716 2898 1‘.
770 2860 819 2899 c.
876 2845 1020 2901 notis
1099 2844 1343 2901 Pamelii.
1403 2844 1570 2901 Sand.
1653 2844 1800 2902 Cave.
1872 2847 2034 2903 Eam-

436 2935 557 2991 dem
611 2935 713 2992 hoc
769 2950 911 2992 anno
965 2934 1179 2992 Genevm
1233 2936 1498 3008 prodiisse
1553 2938 1813 3010 Dupinius
1868 2939 2036 2996 adnoo

438 3030 585 3084 tavit.

1158 3101 1320 3159 1601.

509 3195 732 3252 Colonia:
759 3196 980 3269 Agripp.
1011 3195 1187 3252 iii-12.
1231 3197 1364 3254 Tres
1410 3198 1715 3270 gravissimi
1759 3205 2035 3270 perpetuae

434 3287 722 3344 Catholica:
775 3288 895 3344 ﬁdei
942 3289 1258 3345 constantia:
1319 3298 1502 3346 testes.
1552 3288 1920 3346 Tertullianus
1967 3289 2035 3345 de

2141 618 2281 688 apud
2312 635 2399 675 me
2440 620 2799 692 delituissent,
2847 624 3020 681 donec
3069 626 3173 683 illis
3218 629 3285 683 ab
3314 629 3526 701 ingenio
3557 642 3745 689 nostro

2140 710 2418 767 decentior
2447 714 2623 769 cultus
2651 717 2991 775 accessisset.
3023 719 3129 776 Sed
3154 722 3266 791 jam
3298 735 3491 793 sponte
3522 740 3744 782 curren-

2138 812 2247 859 tem
2270 805 2509 862 incitavit
2537 809 2723 865 nescio
2751 811 2867 881 quis
2888 812 3112 880 clamor,
3145 823 3200 869 ut
3220 814 3335 870 tunc
3366 816 3641 886 publicare
3666 818 3743 874 fe-

2136 897 2416 966 stinarem,
2450 915 2556 973 quo
2585 904 2871 960 satisﬁeret
2898 905 3195 961 curiositati
3227 908 3464 976 illorum,
3509 910 3596 980 qui
3634 912 3743 980 pati

2137 1005 2245 1046 non
2296 1002 2586 1063 poterant,
2632 995 2774 1053 hunc
2820 997 3013 1054 exilem
3061 1008 3115 1055 et
3162 998 3457 1071 fugientem
3500 1001 3744 1073 gloriola:

2138 1076 2481 1153 splendorem
2504 1086 2571 1142 ad
2594 1103 2680 1143 me
2708 1092 3028 1161 pertingere.
3057 1111 3075 1143 ι

2863 1203 3025 1260 1605.
3362 1253 3379 1259 -

2213 1292 2511 1361 Cracoviw,
2578 1296 2631 1349 in
2699 1294 2791 1362 οΙῙ.
2854 1296 3019 1351 Andr.
3094 1295 3395 1355 Petriconii.
3464 1301 3527 1369 ρ.
3591 1302 3739 1373 Sept.

2141 1383 2287 1441 Flor.
2367 1386 2687 1443 Tertulliani
2766 1387 2834 1444 dc
2903 1389 3409 1461 Praescriptionibus
3482 1392 3744 1449 adversus

2141 1491 2331 1534 omnes
2368 1478 2656 1535 haereticos
2698 1478 2854 1545 liber,
2896 1480 3182 1538 distinctus
3228 1483 3283 1539 in
3333 1483 3511 1555 capita
3539 1493 3596 1540 et
3625 1484 3746 1541 bre-

2146 1569 2302 1626 vibus
2347 1571 2732 1643 notationibus,
2765 1588 2831 1630 ex
2870 1574 3054 1631 Jacobi
3092 1575 3316 1633 Pamelii
3343 1579 3746 1637 commentariis

2143 1663 2462 1724 illustratus.

2216 1852 2313 1908 Eo.
2346 1761 3084 1914 ΡΑιίειιΑΝΑ-Ρκωεέῗῗῖῖιῖε.
3107 1855 3193 1913 111.
3225 1887 3297 1901 -—
3324 1854 3661 1916 Franeckeraz
3705 1860 3745 1915 l'.

2068 1933 2117 1994 Β
2145 1947 2375 2019 repetita
2400 1947 2487 2006 ed.
2513 1964 2563 2006 a.
2602 1950 2763 2008 1597.
2784 1951 2951 2008 Sami.
2978 1951 3192 2010 Cenem
3213 1956 3249 2010 t'.
3278 1969 3328 2011 c.
3361 1962 3476 2011 not.
3503 1954 3745 2012 Pamelii.

2142 2041 2375 2099 Dqu.

2216 2250 2312 2307 Eo.
2358 2158 3034 2314 Pausaaua-Pamsigs:
3058 2255 3254 2314 .IV.-—
3282 2254 3461 2313 Puris.
3515 2261 3551 2314 f.
3588 2274 3747 2332 repe-

2143 2344 2261 2401 titio
2289 2346 2630 2417 Pameliante,
2666 2349 2837 2406 Paris.
2872 2350 3031 2408 1598.
3066 2351 3236 2408 Sand.
3270 2350 3431 2408 Fabr.
3452 2351 3601 2411 Cave.
3633 2354 3745 2411 Cat.

2144 2436 2281 2504 Bibi.
2304 2437 2519 2495 Barber.
2549 2439 2689 2496 Mus.
2718 2440 2871 2496 Britt.

2872 2534 3034 2593 1609.

2214 2626 2310 2684 Eo.
2341 2627 3106 2687 Pam-:uam-Aarvsnrmxsrs
3151 2629 3235 2687 llI.
3279 2632 3535 2705 —'Apud
3591 2632 3746 2691 Com-

2136 2722 2312 2777 melin.
2390 2721 2425 2777 l'.
2479 2722 2747 2795 Repetitio
2795 2723 3137 2783 Pamelianm.
3206 2727 3366 2784 Antv.
3421 2726 3581 2785 1585.
3634 2727 3744 2784 Fa-

2140 2816 2264 2872 bric.

2866 2913 3027 2970 1610.

2212 3005 2312 3062 Eo.
2384 3004 3056 3064 l’aueuaxa—Pamsrsnsrs
3131 3006 3221 3062 ν’.
3292 3038 3364 3048 ——
3424 3007 3661 3069 Parisiis.
3707 3016 3748 3071 l.

2139 3099 2325 3156 eadem
2355 3099 2607 3158 laudante
2634 3101 2843 3158 Oudino
2871 3119 2923 3173 ι).
2954 3100 3083 3156 218.
3119 3100 3182 3155 Τ.
3250 3101 3291 3156 1.
3325 3101 3630 3162 Comment.
3673 3107 3743 3166 de

2137 3192 2235 3251 SS.
2269 3195 2422 3250 Rom.

2862 3288 3022 3345 1612.

436 3382 954 3454 pmscriptionibus.
1034 3382 1351 3440 Vincentius
1408 3382 1710 3439 Lirinensis
1778 3382 2036 3440 adversus
2064 3368 2110 3432 C
2221 3379 2553 3452 Frattcofurli
2584 3379 2652 3434 ad
2680 3378 2943 3449 Moenum,
2985 3382 3124 3453 typis
3156 3380 3537 3442 lticltterianis.
3578 3390 3747 3446 Joan-

442 3474 690 3544 prolanas
734 3476 974 3531 omnium
1023 3475 1302 3535 haereseon
1360 3477 1701 3533 novationes.
1764 3475 2034 3532 Edmundi

435 3563 716 3637 Campiani
756 3566 918 3624 oblati
942 3570 1254 3626 certaminis
1280 3570 1331 3625 in
1377 3584 1538 3628 causa
1591 3568 1744 3626 Fidei
1799 3555 2035 3626 rationes

431 3658 643 3716 decem.
695 3660 863 3717 Catal.
918 3661 1051 3718 Bibl.
1103 3662 1314 3735 Regalis
1354 3661 1639 3735 Qum/msice
1691 3662 1751 3718 S.
1796 3660 2029 3719 Martini.

434 3750 657 3825 Neapoli
685 3752 912 3811 1764.1‘.
1182 3732 1200 3735 ⁷
1353 3732 1403 3765 ⁵

1155 3849 1316 3907 160'2.

512 3961 531 3996 ί
567 3941 624 3999 1n
655 3942 846 4001 librant
870 3943 938 4001 de
964 3943 1446 4016 Prtescriptionibus
1472 3952 1627 4005 nOIas
1656 3944 1822 4001 edidit
1849 3942 2032 4003 Justus

434 4035 688 4093 Calvinus
710 4038 761 4093 in
781 4038 919 4095 libro
940 4038 1227 4111 Moguntiae
1249 4039 1394 4095 edito
1415 4041 1513 4095 sub
1537 4038 1639 4096 hoc
1666 4039 1855 4095 titulo:
1886 4039 2032 4095 Prte-

435 4129 767 4200 scriptionum
811 4131 1051 4187 adversus
1090 4132 1351 4188 Itwreticos
1381 4140 1736 4203 perpetuarum
1789 4141 2031 4188 tractatus

436 4237 543 4278 δεπ.
576 4241 596 4275 ι

484 4300 511 4309 “
1152 4323 1312 4380 1605.

435 4418 439 4427 ‘
514 4432 533 4465 ι
570 4413 836 4472 Theodori
885 4415 1079 4472 Petreii
1122 4418 1388 4475 confessio
1431 4416 1807 4475 Tcrtnllinnica
1850 4422 1903 4471 et
1930 4413 2036 4487 Cy-

435 4505 774 4587 prianana_in
802 4506 869 4563 IV
897 4508 1019 4565 libr.
1049 4509 1271 4583 digesta.
1308 4512 1503 4580 Paris.,
1539 4510 1697 4566 in-8°.
1742 4528 1761 4561 ι

1159 4603 1319 4661 1605.

2144 3473 2223 3528 nis
2252 3490 2284 3527 a
2316 3472 2520 3528 Wower
2558 3472 2963 3529 emendationes
3015 3473 3311 3544 epidicticm
3352 3476 3418 3531 ad
3464 3477 3528 3546 Q.
3591 3478 3742 3550 Sept.

2141 3564 2287 3622 Flor.
2333 3565 2650 3622 Tertulliani
2703 3580 2890 3637 opera.
2945 3564 3058 3622 Cat.
3107 3567 3169 3623 de
3212 3567 3262 3622 la
3303 3566 3442 3624 Bibl.
3484 3571 3553 3625 du
3604 3573 3741 3646 Roy.

2142 3677 2194 3731 ρ.
2228 3660 2355 3718 565.

2254 3806 2261 3811 ,
2879 3755 3038 3811 1612.

2218 3868 2237 3900 ‹
2264 3849 2461 3905 Vsasro
2486 3864 2709 3905 GALLICA
2753 3864 2810 3905 ιι.
2839 3848 3021 3905 Tract.
3051 3847 3523 3921 Praescriptionum
3542 3897 3557 3926 ,
3583 3853 3746 3917 Bros-

2137 3957 2247 4001 saeo
2275 3945 2585 4017 interprete,
2602 3945 2772 4001 Paris.
2805 3944 2962 4000 in~8°.
2979 3963 2998 3997 ›

2861 4038 3024 4093 1615.

2214 4130 2429 4187 Lutetiae
2466 4129 2804 4186 Parisiorum.
2836 4127 2920 4183 Ea:
2950 4127 3043 4196 o/f.
3076 4126 3431 4198 Flaminiana,
3462 4135 3602 4205 apud
3631 4134 3744 4191 lla-

2141 4224 2309 4279 drian.
2355 4223 2534 4279 Perier
2554 4266 2571 4292 ,
2599 4226 2680 4278 via
2707 4222 2952 4277 Jacobea.
2978 4222 3045 4289 Q.
3070 4221 3319 4292 Septimii
3348 4224 3493 4281 Flor.
3522 4226 3742 4284 Tertul-

2054 4376 2055 4379 η
2144 4319 2273 4373 liani
2314 4318 2711 4389 Apologeticus.
2745 4315 3053 4372 Desiderius
3099 4315 3364 4374 Heraldus
3406 4335 3472 4374 ex
3501 4322 3741 4393 antiquis

2141 4410 2292 4467 libris
2344 4410 2679 4475 emendavit,
2728 4407 3117 4464 commentario
3160 4408 3297 4464 libro
3339 4410 3640 4477 illustravit,
3688 4423 3746 4467 et

2141 4504 2277 4561 duos
2334 4505 2730 4577 digressionum
2797 4503 3005 4572 libros,
3065 4502 3261 4573 quibus
3310 4503 3560 4574 ejusdem‘
3608 4503 3741 4558 Ter-

2138 4599 2343 4655 tulliani
2401 4608 2456 4656 et
2509 4598 2736 4654 aliorum
2806 4596 3127 4665 scriptorum
3185 4595 3411 4665 plurima
3465 4595 3582 4648 loca
3634 4610 3739 4665 qua

513 4690 760 4765 Francof.
789 4694 845 4750 8.
868 4694 1007 4750 1.0.a
1029 4695 1251 4753 Wower.
1287 4696 1701 4754 Emendationes
1727 4672 2113 4768 EpidicticzeD
2139 4692 2513 4758 emendantur,
2545 4708 2649 4761 qua
2680 4690 3020 4760 οχιιιὶεξιιιιυν
3045 4694 3098 4740 et
3128 4686 3483 4750 illustrantur,
3517 4685 3737 4756 adjecit.

436 4784 506 4841 ad
553 4786 619 4854 Q.
673 4788 731 4843 S.
779 4788 863 4844 Fl.
913 4790 1225 4847 Tertulliani
1274 4807 1456 4863 opera.
1518 4811 1537 4843 ς
1598 4791 1687 4846 Jo.
1744 4808 1775 4844 a
1833 4790 2037 4847 Wowrr

440 4877 614 4933 lectori
638 4897 650 4932 :
676 4880 841 4937 Totus
872 4882 957 4939 hic
995 4884 1205 4939 libellus
1235 4900 1340 4940 non
1373 4894 1479 4940 tam
1511 4885 1563 4940 in
1592 4884 1846 4956 speciem,
1870 4899 2033 4954 quam

436 4983 592 5023 usum
634 4982 865 5040 paratus
897 4976 1301 5033 cmendationes
1332 4978 1615 5048 promittit,
1658 4976 1851 5047 quibus
1898 4975 2028 5031 Ter-

438 5063 645 5118 tulliani
673 5081 835 5137 opera
877 5069 1097 5125 inﬁnitis
1128 5072 1336 5126 mendis
1366 5073 1681 5139 liberantur,
1713 5086 1805 5127 eas
1848 5085 2035 5126 exem-

435 5155 527 5223 plo
554 5168 793 5214 veterum
820 5158 1142 5231 Epidicticas
1182 5164 1467 5235 inscripsi;
1513 5164 1634 5235 quia
1683 5164 1954 5235 specimen
1982 5171 2036 5217 et

433 5251 798 5322 προκυοάρισμα
850 5254 1069 5325 majoris
1108 5257 1326 5327 operis;
1383 5258 1467 5313 cui
1521 5273 1643 5325 me,
1714 5271 1872 5327 quam
1928 5256 2036 5326 pri-

434 5354 584 5395 mum
633 5358 728 5413 per
765 5361 946 5403 rerum
987 5364 1225 5405 mearum
1266 5352 1578 5407 varietatem
1620 5350 1820 5416 licebit,
1861 5349 2036 5406 acciu-

434 5447 580 5503 gam.
604 5433 937 5519 Beneﬁcium
974 5450 1152 5497 tamen
1207 5443 1443 5513 illarum,
1477 5460 1545 5501 ne
1574 5443 1699 5515 quid
1727 5458 1898 5510 erres,
1928 5458 2034 5498 "0“

437 5532 545 5581 tam
598 5527 751 5597 mihi,
798 5548 961 5603 quam
992 5534 1182 5590 Fulvio
1211 5535 1428 5603 Ursino,
1480 5537 1845 5593 eruditissimo
1894 5537 2032 5604 viro,

434 5620 635 5690 debes;
667 5641 733 5681 ex
760 5627 929 5698 ipsius
951 5631 1093 5686 enim
1134 5631 1292 5700 libro,
1327 5632 1416 5703 qui
1448 5631 1499 5687 in
1533 5632 1863 5688 Bibliotheca
1896 5630 2038 5685 Vati-

433 5730 567 5771 cana
594 5730 921 5791 asservatur,
950 5741 1013 5778 ea
1059 5726 1323 5796 excerpsi,
1352 5735 1407 5781 et
1435 5741 1503 5781 ne
1548 5726 1681 5781 lidcs
1719 5740 1839 5781 mea
1895 5724 2036 5794 apud

434 5817 488 5863 te
527 5809 686 5865 dubia
733 5814 888 5869 istius
920 5815 1040 5871 libri
1088 5834 1240 5872 usum
1273 5818 1404 5873 mihi
1449 5819 1716 5876 concessit
1761 5818 1903 5874 doct.
1953 5818 2034 5873 vir

432 5901 745 5985 Dominicus
767 5890 1093 5980 Raynaldus,
1119 5910 1359 5981 eiusdem
1388 5912 1524 5967 Bibl.
1546 5912 1713 5982 practi,
1733 5912 1884 5982 cuius
1910 5926 2033 5983 erga

433 6011 521 6052 me
574 5998 972 6059 humanitatem
1031 6014 1081 6062 et
1153 6005 1421 6079 singulare
1476 6008 1709 6064 studium
1761 6022 2030 6080 nunquam

2108 4822 2113 4829 -
2140 4788 2219 4843 Μ.
2248 4788 2463 4842 Minucii
2493 4786 2682 4840 Felicis
2712 4784 2968 4839 Octavius.
3001 4779 3310 4835 Desiderins
3336 4778 3596 4836 Heraldns
3622 4781 3733 4839 MS.

2139 4884 2270 4953 Reg.
2323 4898 2423 4951 ope
2462 4879 2769 4937 emendavit
2829 4887 2883 4931 et
2928 4884 3080 4931 notas
3122 4871 3327 4929 addidit
3370 4874 3623 4947 (Minucii
3674 4877 3735 4933 F.

2138 4976 2275 5030 libro
2318 4971 2606 5043 peculiaris
2624 4979 2801 5025 tamen
2845 4967 3027 5022 titulus
3077 4970 3387 5037 prmtigitur,
3429 4986 3589 5040 quem
3635 4987 3735 5025 δυο

2138 5069 2257 5125 loco
2288 5066 2456 5140 vide).
2486 5065 2542 5120 1n
2574 5062 2909 5120 emendando
2944 5063 3042 5118 hoc
3073 5062 3381 5117 Tertulliani
3429 5062 3564 5117 libro
3604 5079 3734 5119 usus

2138 5171 2220 5218 cst
2274 5159 2535 5217 11eraldns
2598 5156 2807 5212 duobus
2858 5154 3015 5211 codd.
3075 5155 3225 5210 MSS.
3288 5153 3459 5207 altero
3511 5153 3735 5207 Puteani

2138 5256 2303 5327 patris
2333 5269 2426 5325 per
2449 5251 2585 5306 ﬁlios
2610 5259 2787 5305 tamen
2811 5250 2908 5319 ipsi
2927 5250 3338 5308 communicato,
3358 5246 3524 5323 altero
3545 5245 3733 5301 Jacobi

2139 5347 2438 5419 Bongarsii.
2467 5345 2621 5399 Illum
2665 5342 2766 5399 etsi
2809 5343 2915 5413 iam
2960 5342 3087 5396 olim
3136 5339 3456 5393 adhibuerat
3504 5338 3765 5425 Jacobus

2137 5443 2426 5503 Pamclius,
2458 5448 2636 5495 tamen
2662 5438 2887 5492 aliorum
2937 5436 3190 5489 librorum
3219 5430 3469 5500 prmsidio
3499 5432 3731 5487 destitu-

2140 5547 2247 5603 tus,
2280 5532 2763 5604 non_spicilegium,
2816 5529 2911 5585 sed
2954 5540 3182 5582 messem
3211 5526 3471 5595 integram
3503 5526 3736 5584 Heraldo

2137 5599 2419 5701 reliquisse
2442 5599 2761 5681 videbatur.
2808 5623 3009 5677 Praeter
3060 5619 3276 5676 codices
3314 5619 3443 5673 istos
3488 5619 3737 5675 adhibuit

2138 5724 2299 5780 etiam
2324 5721 2524 5776 librum
2553 5717 2758 5788 Cujacii
2784 5730 2945 5771 manu
2977 5721 3241 5779 notatum,
3267 5726 3425 5783 quem
3457 5712 3734 5785 Bongarsii

2139 5834 2267 5876 cura
2298 5827 2486 5873 nactus
2514 5822 2668 5879 erat;
2697 5811 2859 5879 unde,
2890 5825 3008 5881 quae
3048 5824 3114 5865 ex
3164 5823 3223 5863 re
3265 5823 3389 5864 esse
3428 5808 3739 5867 viderentur

2137 5911 2353 5968 laudato
2380 5909 2614 5965 auctoris
2644 5905 2860 5959 nomine
2906 5901 3261 5968 deprompsit.
3295 5920 3312 5951 ς
3348 5899 3403 5953 1η
3444 5900 3739 5957 Comnien—

2141 6008 2274 6062 tario
2303 6016 2537 6075 nostra,»
2566 6006 2752 6076 inquit,
2778 6003 2909 6058 «huc
2931 6005 3411 6069 temperameu'um
3445 6001 3593 6063 sequi
3625 6001 3739 6048 slu-
