4242 6266
449 327 524 385 49
1903 318 2296 379 ΡΒΙΕΡΑΤΙΟ.
3687 333 3759 391 50

457 444 641 516 iniquo
686 443 973 514 supercilio
1001 444 1315 516 plerumque
1352 442 1683 515 despectant.
1726 443 1783 500 In
1825 452 2053 514 utroque
2080 439 2135 499 A
2160 422 2339 506 sinius,
2373 439 2474 496 nisi
2521 441 2646 497 locis
2674 441 2959 500 admodum
2986 445 3185 516 paucis,
3224 464 3484 521 nunquam
3514 467 3756 522 supressa

458 547 590 593 tom.
614 538 758 594 edito
802 548 979 595 textus
1007 538 1270 610 capitibus
1298 552 1327 592 a
1366 537 1601 593 Pamclia
1641 536 1874 593 editione
1894 550 2053 606 .acce-

458 631 581 701 ptis,
610 645 710 686 nec
738 646 845 686 non
879 641 933 686 ct
957 647 1116 703 quam
1147 631 1389 703 plurimis
1417 630 1744 687 sectionibus
1766 630 2052 702 distingui-

444 718 565 779 lur.
632 723 837 795 Cuique
879 724 1018 780 libro
1068 724 1409 796 prmmittitur
1460 725 1625 781 breve
1675 732 2051 795 argumentum

458 816 619 872 nimis
643 815 918 889 jejunum;
946 816 1172 887 singulis
1202 833 1331 873 vero
1357 816 1621 887 capitibus
1653 816 1863 883 titulus,
1907 831 2055 871 sum-

459 910 615 965 marii
642 911 826 979 instar,
876 904 1222 983 locupletior:
1252 910 1476 983 singulis
1515 920 1694 966 autem
1726 911 2054 967 sectionibus

456 1004 737 1076 subjicitur
764 1005 1049 1076 explicatio
1076 1006 1128 1061 in
1155 1022 1263 1077 qua
1295 1013 1469 1062 textus
1496 1015 1892 1079 παραρρκσωὼς
1915 1006 2056 1061 evol-

457 1097 620 1164 vitur,
647 1097 1022 1169 completoque
1042 1098 1221 1169 capite
1249 1098 1484 1155 subeunt
1508 1098 1851 1168 amplissimae
1877 1107 2018 1152 uota:
2035 1140 2052 1166 ,

456 1204 523 1246 eo
545 1188 821 1245 uberiores
842 1205 946 1261 quo
963 1190 1193 1260 amplius
1211 1191 1409 1247 crescit
1435 1204 1584 1261 opus,
1609 1190 1660 1245 in
1685 1191 1974 1245 verborum
2001 1197 2057 1247 et

457 1281 716 1338 orationis
765 1282 1127 1338 illustratione
1168 1283 1426 1354 plurimae,
1478 1282 1757 1353 pauciores
1784 1282 1839 1339 in
1872 1300 2052 1339 rerum

457 1390 523 1431 ac
549 1375 863 1447 dogmatum
895 1375 1255 1447 indagationc,
1279 1377 1331 1433 in
1360 1384 1582 1447 utroque
1607 1391 1896 1448 parumper
1926 1392 2054 1447 pro-

460 1465 609 1535 lixae,
648 1469 958 1540 neutiquam
1003 1484 1128 1526 vero
1158 1470 1373 1524 omnino
1407 1469 1711 1540 superﬂute.
1737 1468 1820 1524 Ad
1849 1469 2055 1525 calcem

456 1567 588 1615 tom.
622 1559 666 1613 I.
692 1560 958 1616 adduntur
982 1560 1034 1615 in
1062 1559 1183 1617 libr.
1230 1560 1298 1615 de
1347 1560 1523 1616 Pallio
1561 1560 1977 1618 exercitationes
2002 1562 2054 1616 in

458 1652 654 1724 quibus
677 1651 923 1708 Salmasii
949 1653 1084 1708 liber
1101 1653 1170 1709 ad
1198 1653 1415 1710 strictos
1439 1653 1639 1724 judicis
1668 1654 1850 1726 apices
1877 1652 2056 1709 defer-

458 1756 563 1815 tur,
594 1747 650 1802 in
679 1746 989 1818 quibusdam
1022 1748 1305 1819 probatur,
1334 1749 1387 1805 in
1434 1748 1623 1803 multis
1654 1748 1971 1815 damnatur,
2000 1748 2053 1803 in

2157 530 2275 585 libri
2305 533 2485 588 veteris
2508 535 2781 606 scriptura.
2817 536 3023 593 Dicitur
3053 554 3436 613 nonnunquam
3477 543 3593 600 lucc
3640 545 3757 600 edi-

2159 624 2234 681 tio
2274 641 2326 680 a.
2358 625 2499 684 1624
2522 626 2660 684 facta
2687 645 2702 696 ;
2735 630 2877 705 unde
2904 633 3180 705 utriusque
3203 636 3329 692 anni
3366 647 3547 694 notam
3578 639 3757 696 diver-

2158 717 2234 771 sis
2267 719 2662 789 exemplaribus
2687 720 2999 795 inscriptam
3028 740 3150 782 esse
3175 729 3532 799 suspicamur.
3562 731 3757 789 Utrum

2158 825 2285 865 vero
2311 820 2367 866 et
2414 814 2686 883 quomodo
2710 814 2779 870 ab
2805 815 2907 873 hac
2949 816 3252 876 Genevensi
3280 821 3518 880 editione
3546 824 3758 880 diversa

2157 902 2246 968 sit,
2287 918 2408 974 qua:
2456 904 2647 961 eodem
2702 922 2846 965 anno
2904 908 3094 984 (1625)
3130 911 3448 985 Aureliopoli
3496 916 3758 986 impressa

2158 995 2556 1065 circumfertur,
2582 999 2762 1057 dicere
2807 1018 2916 1059 non
2941 1005 3152 1061 ausim.
3170 1006 3339 1078 Hujus
3367 1007 3455 1064 ed.
3484 1011 3758 1082 exempla-

2159 1090 2203 1145 ri
2227 1089 2277 1144 in
2300 1090 2698 1149 Bibl.Leidensi
2718 1096 2965 1167 quaedam
2982 1107 3104 1154 sunt
3126 1098 3393 1172 adscripta
3415 1116 3444 1156 a
3468 1100 3754 1159 Salmasio.

2891 1187 3049 1245 I626.

2230 1272 2404 1347 Lugd.
2434 1274 2473 1332 Γ.
2493 1275 2717 1334 Tertull.
2736 1280 2803 1336 de
2832 1281 3001 1339 Pallio
3022 1300 3144 1340 cum
3171 1300 3368 1344 comm.
3395 1287 3463 1345 de
3488 1288 3536 1345 la
3563 1288 3755 1347 Cerda.

2748 1373 2909 1443 1698,
2945 1372 3086 1432 1629
3115 1377 3219 1449 (a).

2230 1460 2468 1533 Lutetiw,
2501 1466 2637 1537 typis
2669 1466 2801 1521 Rob.
2831 1468 3086 1539 Stephani
3126 1471 3270 1541 apud
3309 1472 3515 1527 viduam
3546 1472 3764 1529 Olivarii

2169 1551 2458 1612 Varennwi.
2490 1556 2569 1612 8°.
2600 1558 2665 1625 Q.
2697 1559 2845 1630 Sept.
2877 1559 3026 1615 Flor.
3058 1560 3376 1619 Tertulliani
3408 1565 3527 1621 libri
3570 1565 3661 1621 IX.
3695 1584 3759 1623 ex

2158 1648 2344 1704 codice
2392 1649 2498 1706 MS.
2527 1651 2793 1723 Agobardi
2833 1651 2888 1708 in
2928 1653 3067 1710 Bibl.
3114 1654 3249 1727 Ileg.
3303 1656 3461 1712 obvio
3488 1659 3758 1715 emendati

2159 1752 2214 1797 et
2241 1742 2708 1800 observationibus
2748 1745 3019 1803 illustrati.
3050 1778 3123 1788 —
3146 1747 3264 1805 Nic.
3295 1744 3577 1822 Rigaltius,
3607 1752 3761 1824 cujus

452 1839 705 1895 omnibus
731 1838 1042 1895 doctissime
1066 1849 1347 1911 pensatur.
1373 1839 1501 1895 Haec
1527 1839 1745 1896 laudare
1762 1840 1915 1910 juvat
1941 1840 2057 1910 qui-
2085 1833 2135 1897 B
2165 1852 2359 1892 nomen
2390 1837 2477 1894 hic
2506 1839 2716 1906 siletur,
2752 1840 2943 1896 horum
2985 1844 3366 1913 opusculorum
3406 1846 3642 1903 editione
3678 1848 3760 1903 iu-

453 1930 555 1988 hus
574 1932 846 1989 concludit
875 1932 1010 1989 Rev.
1034 1933 1279 1991 Auctor:
1313 1951 1333 1985 ι
1370 1934 1495 1989 Mihi
1518 1949 1664 2004 smpe
1689 1935 1914 2006 contigit
1945 1951 2054 2005 pra:

453 2026 733 2084 meditanti
769 2029 887 2100 ejus
928 2030 1207 2098 lectiones,
1246 2030 1505 2102 gaudere,
1536 2032 1678 2103 quod
1718 2031 2052 2105 Scripturam

456 2134 664 2179 Sacram
694 2122 767 2177 ita
800 2122 1061 2194 integram
1091 2123 1384 2180 habeamus
1406 2170 1409 2173 ς
1431 2135 1487 2180 et
1530 2126 1581 2180 in
1619 2138 1960 2198 corruptam,
1998 2140 2055 2185 ut

457 2215 656 2270 nemini
677 2215 1046 2272 sitdnbitandi
1078 2216 1250 2285 locus,
1274 2218 1417 2288 quod
1448 2218 1549 2274 nisi
1569 2229 1731 2288 esset,
1766 2230 1820 2277 ct
1846 2222 2055 2279 Salma-

454 2311 542 2364 sio
564 2308 654 2365 .vel
684 2309 843 2366 alteri
880 2310 1199 2378 traderetur,
1245 2322 1376 2383 quot
1421 2322 1854 2384 commutarent,
1907 2316 2055 2374 dele-

455 2412 593 2472 rent,
631 2404 1019 2472 transferrent,
1063 2421 1186 2462 cum
1238 2409 1291 2463 in
1322 2423 1428 2463 uno
1466 2407 1800 2465 Tertulliano
1840 2414 1911 2467 ita
1947 2412 2056 2469 sint

453 2500 619 2555 vat-ire
653 2502 797 2557 circa
841 2502 1073 2560 litteram
1127 2504 1666 2567 lectiones.—Raro
1711 2506 1764 2562 in
1800 2506 2051 2565 biblioth.

455 2590 823 2649 refertissimis
850 2605 1141 2651 occurrunt
1170 2596 1276 2652 duo
1301 2597 1385 2652 isti
1418 2597 1671 2656 Lacerdae
1699 2602 1848 2668 tomi,
1881 2603 2056 2661 rarius

455 2686 697 2742 secundo
721 2687 927 2758 primus
956 2690 1209 2745 sociatur.
1236 2676 1390 2746 Unde
1424 2695 1619 2748 multas
1647 2694 1862 2750 ineunte
1887 2694 2058 2752 adrui.

456 2792 641 2840 serunt
691 2784 916 2842 mendas
974 2785 1322 2844 fabricatores
1370 2788 1734 2858 catalogorum
1780 2789 2052 2857 biblioth.,

459 2878 566 2934 into
623 2888 678 2933 et
723 2881 1015 2950 patriStica:
1047 2881 1400 2953 hibliograph.
1445 2894 1695 2942 auctores
1721 2888 2054 2958 peritissimi.

457 2970 548 3027 Sic
567 2973 711 3028 enim
752 2974 804 3028 in
844 2981 953 3028 cat.
1004 2973 1250 3030 hiblioth.
1304 2975 1614 3034 Barberinae
1654 2987 1693 3035 t.
1747 2978 1767 3034 I
1805 2990 1859 3036 et
1885 2979 1949 3035 II.
1986 2978 2057 3038 ad

457 3081 584 3121 anu.
616 3066 755 3123 1621
800 3068 1126 3127 referuntur.
1172 3070 1262 3127 Sic
1304 3070 1442 3127 falso
1490 3082 1740 3129 asserunt
1797 3071 2051 3144 Oudinus,

457 3173 655 3215 comm.
685 3161 754 3216 de
803 3160 1006 3232 Script.
1062 3162 1209 3219 Eccl.
1246 3172 1282 3219 t.
1317 3164 1355 3232 Ι,
1379 3180 1433 3236 p.
1457 3165 1585 3235 218,
1634 3167 1861 3223 Tertull.
1891 3183 2052 3239 opera

458 3253 646 3319 onmia,
678 3263 733 3309 et
760 3251 1111 3315 Fubriciusin
1133 3254 1244 3312 del.
1266 3271 1313 3312 s.
1339 3270 1386 3312 s.
1411 3257 1478 3313 de
1502 3273 1630 3314 vera
1669 3259 1821 3329 relig.
1862 3259 2052 3316 christ.

461 3360 518 3415 p.
557 3344 684 3413 215,
720 3346 959 3417 pleraque
986 3348 1195 3403 duobus
1235 3349 1600 3407 voluminibus
1625 3365 1677 3406 a.
1719 3351 1863 3407 1624
1893 3363 1947 3407 et
1980 3363 2058 3410 to-

465 3437 627 3493 tidem
657 3439 848 3495 iterata
874 3442 954 3517 via
981 3457 1033 3497 a.
1066 3443 1204 3500 l650
1233 3444 1519 3515 prodiisse.
1546 3445 1620 3500 De
1650 3446 1845 3503 Oudini
1873 3464 2058 3506 errore

394 3532 400 3537 '
457 3534 572 3603 jam
596 3532 1035 3606 admonuitlttig.
1065 3534 1192 3595 hist.
1222 3538 1421 3595 eccles.
1453 3538 1499 3595 ΙΙ
1513 3540 1697 3596 smcul.
1737 3556 1791 3613 p.
1824 3542 1893 3599 69
1918 3543 2060 3600 etde

461 3638 653 3681 errore
682 3623 910 3681 Fabricii
940 3625 1356 3684 Schoenemann.
1386 3628 1523 3685 Bibl.
1549 3631 1695 3687 Patr.
1744 3632 1899 3688 latin.
1945 3643 1983 3690 t.
2013 3635 2056 3700 Ι,

458 3731 513 3788 p.
531 3716 621 3772 56.
636 3736 656 3769 ι
672 3716 762 3774 Sic
775 3717 996 3775 doctiss.
1013 3717 1449 3789 Sehoenemann,
1469 3736 1716 3779 errorum
1733 3723 1888 3781 istius
1911 3726 2059 3782 modi

460 3811 665 3881 rigidus
690 3820 931 3881 exactor,
959 3814 1163 3869 erravit
1191 3825 1248 3870 et
1288 3815 1405 3885 ipse
1431 3816 1486 3871 in
1511 3815 1869 3873 deseribendo
1896 3834 2057 3890 quem

459 3917 567 3959 non
594 3903 804 3960 viderat
831 3915 959 3960 tom.
989 3905 1032 3972 I,
1066 3906 1119 3961 in
1150 3921 1258 3977 quo
1283 3906 1401 3962 XIII
1443 3907 1608 3965 libros
1646 3916 1855 3967 tantum
1881 3910 2056 3968 conti-

460 3999 598 4067 neri,
633 3997 776 4057 haud
796 3998 870 4056 ita
907 3998 1097 4056 ﬁrmus
1124 4001 1336 4057 asserit.

1190 4096 1349 4156 1625.

533 4184 723 4242 Enrrto
747 4201 997 4244 rmacers
1024 4189 1211 4246 libror.
1238 4190 1306 4246 ad
1336 4190 1618 4248 Nationes.

534 4276 767 4344 Cenem,
781 4295 869 4349 ap.
893 4278 1042 4338 Petr.
1058 4292 1102 4337 et
1112 4281 1150 4337 Ι
1153 4300 1230 4338 ac.
1249 4283 1464 4352 Cliouet,
1481 4283 1641 4340 in-Il’.
1658 4284 1724 4354 Q.
1742 4284 1890 4356 Sept.
1910 4285 2058 4341 Flor.

462 4370 779 4428 Tertulliani
801 4373 918 4430 libri
949 4375 1057 4430 duo
1084 4377 1151 4431 ad
1178 4375 1461 4443 Nationes,
1507 4378 1575 4433 ad
1615 4379 1893 4449 exemplar
1923 4382 2061 4451 Ago-

464 4465 1038 4538 bardi,Lugdunensis
1082 4470 1360 4543 episcopi,
1399 4486 1521 4527 cum
1573 4471 1735 4535 notis.
1778 4470 1963 4529 labore
2006 4481 2063 4530 et

464 4558 643 4615 studio
664 4559 851 4615 Jacobi
880 4558 1203 4632 Gothofredi.
1233 4592 1303 4603 —
1324 4563 1444 4634 Ipsa
1472 4562 1590 4619 hare
1618 4563 1786 4620 editio
1830 4563 1898 4620 ad
1941 4580 2059 4619 ma-

467 4665 568 4706 nus
593 4666 699 4708 non
725 4661 828 4709 est.
863 4653 939 4709 De
977 4653 1102 4710 cod.
1130 4655 1222 4725 qui
1252 4654 1523 4728 Agobardi
1552 4656 1768 4723 dicitur,
1800 4658 2062 4729 antiquis-

468 4745 608 4802 simo
644 4762 777 4803 sane
815 4758 870 4804 et
912 4747 1103 4805 horum
1154 4749 1416 4807 librorum
1462 4750 1679 4822 quidem
1719 4751 1859 4808 haud
1904 4752 2066 4810 dubie

468 4837 649 4904 unico,
686 4854 847 4910 quem
889 4838 1012 4896 ﬁdei
1044 4855 1157 4897 sum
1195 4841 1594 4914 diligentiteqne
1641 4852 1833 4900 testem
1877 4843 2062 4916 Regia:

469 4926 605 4984 Bihl.
637 4928 927 4987 Parisiensi
960 4941 1141 4999 postea
1190 4932 1408 4989 donavit
1452 4934 1650 5001 editor,
1698 4935 1961 5007 Rigaltius
2013 4937 2067 4992 in

469 5020 715 5090 proxima
754 5021 1071 5079 Tertulliani
1111 5018 1346 5082 editione
1374 5026 1602 5094 scribit,
1652 5028 1873 5098 paginas
1919 5042 2071 5083 com-

470 5112 653 5181 plures
673 5113 811 5170 adeo
833 5112 975 5171 foede
1001 5115 1166 5172 fuisse
1207 5118 1488 5175 vetustatis
1518 5118 1733 5188 injuria,
1766 5136 1859 5176 seu
1890 5121 2067 5192 potius
2112 5149 2117 5157 ε

473 5203 822 5262 barbarorum
864 5208 1069 5263 incuria
1113 5224 1363 5267 corrosas
1397 5220 1810 5282 corruptasquc,
1843 5221 1901 5268 ut
1928 5213 2069 5268 laeu-

471 5311 556 5350 nce
581 5311 960 5370 saepenumero
987 5301 1148 5356 etiam
1181 5302 1235 5357 in
1262 5318 1359 5358 sua
1403 5302 1640 5358 editione
1666 5313 1972 5370 occurrant,
2000 5304 2071 5361 de

472 5389 667 5461 quibus
695 5391 813 5447 sine
840 5392 1045 5449 codicis
1087 5394 1391 5465 integrioris
1438 5410 1540 5466 ope
1583 5394 1869 5465 explendis
1916 5410 2071 5466 pror-

474 5496 567 5538 sus
599 5483 874 5555 deSperat.
918 5485 1054 5541 Sunt
1082 5497 1276 5553 autem,
1326 5490 1520 5559 pergit,
1548 5497 1596 5543 et
1622 5500 1810 5560 prater
1839 5486 2069 5555 lacunas,

475 5576 581 5631 alia
632 5593 751 5647 quis
793 5578 956 5650 ipsius
1006 5580 1284 5651 antiquarii
1332 5597 1515 5635 manus
1566 5580 1708 5635 haud
1732 5596 1851 5634 raro
1894 5596 2076 5651 pecca-

475 5670 565 5737 vit,
594 5686 810 5741 quarunt
833 5682 968 5726 certe
990 5672 1238 5727 nonnulla
1264 5673 1567 5743 canjecturis
1598 5673 1789 5727 nostris
1815 5672 2075 5727 emendari

476 5762 761 5818 videantur.
796 5762 902 5819 Sed
950 5765 1011 5818 iis
1038 5774 1203 5818 tamen
1243 5765 1431 5831 absque
1474 5764 1651 5819 veteris
1678 5764 1946 5834 scriptura:
1974 5780 2077 5820 ves-

476 5856 611 5929 tigiis
636 5858 773 5913 male
810 5859 948 5914 credi
993 5876 1093 5915 non
1136 5858 1426 5928 ili/ﬁtentur,
1456 5875 1616 5931 neque
1641 5858 1693 5913 id
1719 5858 1862 5915 nobis
1888 5857 2074 5928 poi-mi.

2162 1930 2297 1985 turis
2344 1930 2457 1985 suis
2506 1932 2737 2003 egregiis
2762 1931 2830 1987 de
2861 1932 3198 1990 Tertulliano
3223 1936 3432 1991 meritis
3460 1938 3760 2006 praeludere

2161 2021 2353 2078 voluit.
2383 2022 2520 2080 Sunt
2549 2035 2727 2081 autem
2772 2025 2938 2081 libelli
2965 2027 3052 2082 isti
3093 2041 3289 2083 novem
3335 2039 3659 2100 sequentes:
3698 2031 3762 2087 de

2162 2114 2533 2182 0ratione;ad
2580 2115 2803 2172 Uxorem
2853 2117 2891 2173 l.
2928 2117 3001 2175 2:
3049 2120 3113 2173 de
3166 2118 3319 2174 Cultu
3368 2123 3691 2192 forrninarum
3720 2124 3758 2177 l.

2156 2207 2236 2275 2;
2291 2208 2367 2281 (b)
2424 2209 2487 2263 de
2535 2208 2907 2265 Exhortatione
2955 2209 3255 2278 Castitatis;
3301 2213 3365 2267 de
3413 2210 3659 2281 Corona;
3699 2215 3763 2270 de

2160 2300 2561 2375 Praescriptione
2590 2304 2944 2359 Itwreticorum
2972 2312 3028 2361 et
3054 2304 3360 2375 Scorpiace.
3406 2305 3587 2362 Codex
3622 2307 3758 2379 Ago-

2158 2399 2311 2456 bardi
2352 2398 2518 2456 libros
2559 2398 2731 2455 XXIV
2774 2399 3090 2471 complexus
3130 2399 3326 2468 fuerat,
3355 2415 3574 2471 nempe,
3616 2415 3759 2471 piae-

2160 2501 2242 2549 ter
2292 2508 2484 2549 novem
2532 2492 2672 2560 illos,
2720 2490 2883 2548 etiam
2932 2491 3117 2557 librum
3144 2492 3166 2547 Ι
3196 2502 3242 2549 et
3288 2491 3335 2547 Il
3375 2494 3446 2548 ait
3489 2493 3760 2560 Nationes,

2157 2599 2258 2642 nec
2279 2600 2386 2640 non
2415 2584 2477 2640 de
2510 2583 2817 2641 Tcstimonio
2846 2585 3049 2650 animw,
3083 2583 3515 2657 de'Spectaculis,
3546 2588 3609 2639 de
3636 2584 3763 2639 ldo-

2158 2677 2386 2745 lolatria,
2417 2677 2479 2732 de
2530 2676 2701 2733 Censu
2727 2678 2936 2745 animm,
2984 2678 3047 2732 de
3075 2674 3241 2734 Carne
3268 2676 3456 2733 Christi
3483 2695 3502 2734 .'
3541 2687 3593 2733 et
3642 2694 3762 2749 que

2159 2768 2320 2826 hodie
2358 2755 2672 2825 Tertulliani
2708 2769 2905 2841 scripta
2931 2769 3321 2838 desideramus,
3364 2771 3426 2824 de
3470 2770 3578 2841 Spe
3633 2770 3765 2839 ﬁde-

2159 2862 2307 2929 lium,
2325 2860 2388 2916 de
2418 2860 2694 2929 Paradiso,
2725 2861 2790 2917 tle
2813 2863 3013 2919 Anima:
3039 2862 3371 2919 submissiora:
3395 2872 3449 2919 et
3473 2864 3537 2918 de
3566 2864 3763 2935 Super-

2158 2956 2361 3012 stitione
2414 2955 2610 3010 saeculi.
2664 2954 2939 3027 Inscripsit
2992 2955 3108 3013 haec
3136 2956 3452 3013 Tertulliani
3498 2955 3760 3027 Rigaltius

2160 3050 2320 3108 Card.
2348 3050 2622 3107 Armando
2665 3049 2788 3108 duci
2830 3050 3099 3107 Richelio.

2887 3141 3049 3198 1650.
3128 3208 3133 3213 ι

2236 3253 2255 3287 ι
2294 3233 2673 3305 Fragmentum
2704 3248 2769 3289 ex
2816 3233 2968 3288 libris
3005 3232 3320 3289 Tertulliani
3371 3233 3436 3289 de
3469 3236 3766 3291 execrandis

2161 3329 2385 3402 gentium
2417 3327 2549 3395 Diis,
2579 3316 2791 3383 erutum
2820 3341 2851 3383 e
2874 3325 3129 3381 Bibliotb.
3165 3325 3442 3396 Vaticana,
3469 3326 3649 3384 studio
3668 3328 3763 3384 lo-

2162 3423 2316 3497 seph.
2339 3421 2746 3491 lllar.,Suarezii.
2763 3422 2919 3479 Rom.
2932 3466 2947 3490 ,
2965 3422 3123 3479 I650.
3145 3423 3341 3494 Paris,
3364 3425 3489 3482 eod.
3504 3440 3630 3482 anu.
3644 3426 3721 3484 8°.
3738 3445 3758 3481 ι

2873 3513 3032 3571 1652.

2242 3627 2261 3662 ‹
2293 3607 2417 3665 Joh.
2445 3608 2640 3679 Crojus
2666 3607 2936 3679 specimen
2969 3608 3400 3679 conjecturarum
3433 3610 3488 3666 in
3516 3611 3762 3682 quaedam

2164 3699 2279 3756 loca
2307 3700 2575 3773 Origenis,
2603 3699 2816 3761 Irenwi.
2847 3700 3184 3771 Tertulliani,
3211 3710 3267 3759 et
3291 3698 3577 3774 Epiphanii
3596 3703 3765 3762 edidit

2162 3793 2335 3853 Oxon.
2358 3794 2510 3852 iii-8°.
2525 3813 2545 3848 ι
3059 3789 3067 3793 ’

2757 3955 2771 3964 _
2897 3888 3060 3945 test.
3170 3954 3175 3959 ,

2238 3985 2351 4042 ED.
2388 3982 2809 4041 RIGALTIANA
2825 3982 2866 4039 Ι.
2899 3982 3136 4049 Lutetiw,
3165 3982 3450 4054 sumptibus
3480 3983 3767 4039 Mat/mrini

2166 4078 2253 4134 Du
2282 4078 2430 4143 Puis,
2463 4080 2544 4133 via
2567 4076 2829 4144 Jacobaza,
2864 4077 2957 4133 sub
2981 4078 3127 4149 signa
3152 4077 3386 4133 Coronaz.
3408 4077 3444 4132 f.
3470 4098 3489 4131 ι
3513 4077 3577 4147 ρ.
3608 4077 3762 4149 Sept.

2166 4172 2315 4229 Flor.
2356 4171 2669 4228 Tertulliani
2718 4172 2894 4242 Opera
2929 4170 2995 4225 ad
3043 4170 3529 4226 vetustissimorum
3578 4184 3765 4226 exem-

2165 4268 2395 4341 plarium
2438 4266 2598 4323 tidem
2624 4266 2761 4322 locis
2784 4280 2947 4337 quam
2980 4263 3225 4336 plurimis
3252 4262 3557 4332 emendata,
3601 4261 3765 4318 Nico-

2168 4362 2236 4417 lai
2269 4360 2485 4433 Rigaltii
2514 4361 2556 4416 I.
2586 4360 2648 4414 (ἒ.
2689 4358 3160 4416 observationibus
3190 4366 3247 4413 et
3282 4358 3425 4413 notis
3469 4356 3756 4412 illustrata.

2166 4454 2300 4512 Cum
2330 4452 2505 4510 indice
2529 4451 2793 4523 glossario
2817 4451 2943 4523 styli
2964 4449 3223 4507 Africani.
3240 4448 3477 4519 i-——Quid
3502 4463 3639 4503 nova
3668 4446 3769 4500 hac

2168 4550 2407 4605 omnium
2429 4547 2578 4604 Tert.
2609 4560 2833 4618 operum
2852 4544 3191 4612 recensione,
3218 4559 3337 4616 qua:
3357 4551 3411 4597 et
3436 4555 3580 4596 nunc
3600 4539 3761 4595 etiam

2084 4622 2521 4716 1)principatum
2577 4648 2762 4706 tenet,
2812 4638 3092 4702 elI'ecerit,
3147 4644 3239 4690 aut
3286 4633 3504 4690 el'lieere
3570 4631 3761 4687 saltem

2167 4736 2402 4792 valuerit
2432 4733 2715 4805 Rigaltius,
2750 4732 2918 4802 ipsius
2969 4738 3099 4799 puto
3124 4727 3323 4794 verbis,
3354 4725 3567 4781 etiamsi
3604 4723 3765 4797 paulo

2169 4825 2519 4900 plenioribus,
2556 4823 2741 4879 audire
2770 4823 2840 4878 sit
2864 4821 3116 4893 pretium.
3174 4836 3195 4872 ‹
3231 4817 3552 4878 Tertulliani
3583 4862 3599 4888 ,
3630 4840 3649 4875 ›
3683 4820 3767 4878 in-

2245 5002 2318 5087 (ei
2350 5002 2409 5058 ιιι
2437 4996 3288 5087 οαιμάελαέέ--ξίεινηο,μετέφη
3308 4998 3505 5087 titulus
3530 5001 3602 5084 ita
3636 5014 3773 5087 909:

2172 5067 2401 5145 cipitur:
2466 5091 2490 5145 ς
2536 5071 2683 5145 Tert.
2733 5067 2980 5145 libriIX.
3032 5067 3417 5145 scutractatus
3452 5071 3583 5145 varii
3636 5070 3771 5145 locis

2172 5139 2331 5219 quam
2362 5142 2601 5219 plurimis
2641 5139 2930 5219 emendati,
2963 5156 3030 5197 ex
3074 5141 3574 5219 b_ibli‘othec_a__regia
3605 5140 3770 5219 editi.

2173 5209 2240 5274 ex
2269 5209 2581 5272 recensione
2614 5221 2668 5268 et
2706 5227 2829 5268 cum
2855 5212 3316 5268 observationibus
3354 5209 3560 5282 Νίσοιαὶ
3595 5210 3773 5282 Rigal-

2175 5291 2253 5352 tii,
2290 5286 2482 5343 1628.»
2518 5284 2659 5341 Anni
2687 5293 2810 5339 nota
2840 5284 2918 5339 sic
2946 5298 3159 5353 quoque
3180 5281 3538 5338 diversimode
3568 5282 3767 5353 passim

2178 5360 2611 5436 CXSCl'iil_ilU[,_lIl
2654 5356 2707 5410 in
2734 5352 3136 5436 exemplaribus
3165 5355 3389 5436 sicneam
3403 5352 3648 5436 reperiri.
3672 5367 3772 5436 ne-

2178 5445 2330 5487 cesse
2356 5430 2441 5485 sit.
2479 5428 2686 5482 Diserte
2722 5427 2864 5480 enim
2896 5421 2949 5479 in
2980 5423 3214 5493 editione
3242 5422 3379 5492 Opp.
3403 5421 3553 5478 Tert.
3584 5422 3768 5493 Rigal.

2176 5504 2320 5558 tiana
2351 5515 2402 5555 a.
2431 5498 2597 5564 1641,
2626 5495 2890 5552 dedicatio
2915 5492 3437 5564 Rigaltiiadiducem
3467 5492 3770 5550 Ilicbelium

2178 5590 2244 5630 ex
2270 5586 2462 5627 novem
2492 5562 2679 5626 libror.
2723 5566 2958 5621 editione
2986 5562 3038 5619 ἁ.
3086 5562 3422 5620 MDCXXIX.
3468 5566 3639 5636 repeti
3685 5565 3769 5621 di-

2179 5645 2339 5701 citur.
2368 5666 2376 5673 ο
2401 5642 2712 5697 Scuosusu.

2252 5713 2327 5787 (b)
2360 5708 2796 5787 Nempelihellos
2814 5706 2901 5787 .de
2919 5704 3370 5787 Habitumuliebri
3398 5716 3451 5762 et
3478 5705 3636 5787 Cultu
3666 5705 3738 5763 ite
3759 5736 3772 5749 -

2178 5778 2445 5843 minarum
2486 5778 2684 5838 codicis
2706 5778 2904 5834 laudati
2931 5778 3246 5833 auctoritate
3274 5778 3327 5833 in
3350 5795 3514 5837 unum
3542 5778 3771 5837 duorum

2181 5857 2436 5917 librorum
2469 5861 2749 5910 tractatum
2777 5850 2998 5927 redegit.
3018 5850 3327 5908 Senonum.
