4238 6262
514 293 556 341 η
1956 274 2348 333 ΡΒᾸΞΡΑῚἸΟ.
3740 279 3812 341 52

514 293 559 349 σί
1956 293 2348 333 t'ttmrAttU.
3740 293 3811 341 52

493 295 631 456 :nit,
669 401 688 434 ‹
722 379 917 454 scripta
961 377 1260 450 legentibus
1292 371 1330 443 ,’
1354 373 1513 430 etiam
1564 370 1702 427 baud
1755 369 2101 426 mediocriter
2129 370 2184 432 Α
2213 377 2390 422 tamen
2418 365 2758 438 spernendis,
2788 367 3103 438 scrupulose
3135 368 3470 426 calculorum
3519 369 3811 443 diligentia:

425 527 430 532 .
494 478 765 543 litteratis,
791 484 1075 531 occurrunt
1113 468 1348 525 difficilia
1392 483 1499 526 non
1546 480 1711 537 pauca
1753 463 2018 519 sermonis
2043 473 2099 519 et

494 571 798 646 scriptum.
833 567 963 623 Nam
998 562 1263 619 sermonis
1319 557 1532 632 quidem
1570 557 1803 612 Africani
1847 554 2100 626 superbia

498 667 799 726 doctrinam
833 661 1000 716 ferme
1025 655 1266 712 omnium
1297 653 1420 710 dote
1447 659 1710 724 praestans
1736 649 1970 705 lectores
1998 648 2099 704 sibi

497 760 754 832 poscebat
788 753 851 809 ad
875 762 1060 809 mltum
1089 748 1446 804 attentissime
1472 759 1715 817 sagaces.
1741 744 2099 814 Posteaquam

495 867 630 909 vero
674 851 726 905 in
755 849 914 920 longe
969 847 1102 901 alios
1143 841 1349 910 incidit,
1397 839 1592 896 mutari
1633 839 1818 910 cmpit,
1851 854 1880 892 a
1909 836 2102 908 quibus

495 961 606 1004 non
637 943 810 1016 potuit
844 941 961 1011 capi
1020 948 1074 995 et
1111 937 1322 1008 spurias
1369 933 1632 989 dictiones
1679 945 1778 1003 pro
1826 928 2098 1000 legitimis,

499 1039 759 1097 adulterae
783 1049 972 1091 manus
1007 1027 1382 1088 inverecundia
1415 1026 1630 1098 sparsit.
1672 1024 1962 1093 Scriptura:
2007 1037 2101 1076 au-

500 1141 612 1189 tem
655 1130 850 1186 nativae
882 1127 1055 1192 ruina,
1083 1122 1322 1179 auctoris
1351 1119 1530 1176 verbis
1565 1115 1735 1172 semel
1759 1115 2100 1184 interceptis,

499 1234 562 1280 ut
583 1223 780 1280 obtrito
804 1234 1054 1291 corpore,
1083 1229 1300 1272 sensum
1345 1227 1448 1267 una
1477 1210 1628 1282 quasi
1661 1211 1835 1280 ipsum
1867 1217 1920 1262 et
1947 1222 2100 1262 men-

498 1325 611 1373 tem
655 1312 974 1386 profligavit.
1007 1309 1095 1365 Sic
1139 1305 1356 1378 pessimi
1405 1313 1742 1358 correctores
1771 1297 2103 1356 emendatis-

502 1410 640 1465 sima
671 1406 974 1478 perdidere.
1005 1403 1138 1458 Nam
1165 1400 1285 1473 quis
1313 1408 1454 1456 esset
1483 1396 1826 1469 querelarum
1870 1392 2103 1449 modus?

499 1514 593 1560 aut
633 1503 758 1575 quid
802 1503 855 1557 in
901 1510 1062 1555 tantm
1111 1495 1434 1553 calamitatis
1475 1507 1602 1547 casu
1647 1499 1756 1545 tam
1782 1487 1951 1544 veteri
1994 1501 2103 1552 non

503 1593 935 1668 desperandum?
964 1592 1088 1648 llrcc
1133 1589 1299 1662 pestis
1343 1587 1634 1642 llomerum
1675 1580 1999 1654 jampridem
2031 1580 2102 1634 ita

501 1696 870 1762 persuaserat,
903 1695 960 1740 ut
987 1685 1150 1738 Arato
1193 1678 1491 1752 quaerenti:
1532 1696 1551 1728 ι
1588 1674 1675 1730 ιι1)ἱ
1721 1675 1962 1729 locorum
2011 1672 2106 1727 ha-

2211 460 2436 526 relictis,
2469 469 2526 515 ut
2556 460 2626 515 sit
2653 461 2779 516 olim
2813 461 2998 532 ingens
3023 462 3222 518 cumuli
3271 478 3500 519 summa.
3546 463 3812 519 Observa-

2208 556 2388 612 tiones
2426 553 2724 625 adjecimus
2767 554 3100 611 illustrandis
3124 556 3340 629 aliquot
3359 557 3492 613 locis
3539 559 3814 613 obscurio-
3849 593 3853 598 .

2210 649 2382 718 ribus,
2436 648 2598 718 prisci
2652 649 2820 704 moris
2857 648 2968 718 jam
3009 649 3166 719 longa
3210 649 3482 706 oblivione
3509 649 3690 718 deleti,
3722 660 3818 708 aut.

2211 741 2534 798 eruditionis
2584 740 2810 812 alicujus
2850 742 3148 798 recondita:
3187 742 3428 814 vestigiis
3473 742 3809 815 indagandis.

2213 839 2271 894 ln
2301 853 2428 910 quo,
2457 837 2502 893 si
2530 837 2785 893 nonnulla
2811 838 2968 910 paulo
2996 838 3246 895 licentius
3274 839 3446 910 posita
3484 849 3576 894 aut
3607 838 3814 910 disqui-

2212 935 2311 989 sita
2363 942 2705 998 censeantur,
2737 941 2796 986 ut
2851 941 2976 988 sunt
3021 933 3110 988 illa
3161 931 3389 989 fortasse
3431 931 3498 988 de
3525 933 3810 990 criminum

2215 1025 2548 1081 occultorum
2581 1023 2950 1094 castigatione,
2979 1024 3155 1097 deque
3183 1025 3352 1080 forma
3396 1024 3664 1082 Dominici
3695 1026 3810 1082 vul-

2214 1129 2300 1177 tus
2347 1136 2411 1176 ac
2441 1120 2507 1176 de
2548 1119 2782 1176 lucernis
2822 1137 2921 1192 per
2969 1121 3111 1177 diem
3151 1121 3413 1188 accensis,
3446 1136 3508 1178 ea
3536 1121 3614 1178 sic
3642 1121 3812 1194 accipi

2216 1215 2437 1282 debent,
2479 1224 2728 1286 tanquam
2756 1213 3102 1286 Septimianis
3129 1214 3472 1287 opinionibus
3501 1215 3812 1286 despicien-

2216 1307 2302 1362 dis
2329 1306 2700 1362 animadvcrsa
2731 1324 2746 1374 ;
2779 1305 3000 1363 minime
3029 1315 3207 1364 autem
3253 1307 3540 1379 arguendis
3581 1307 3814 1365 catholi-

2217 1415 2408 1457 corum
2441 1399 2844 1456 sentcntiis‘aut
2883 1400 3252 1472 improbandis
3280 1401 3499 1457 Patrum
3551 1400 3814 1474 Septimio

2177 1531 2184 1539 ι
2219 1492 2579 1566 posteriorum
2609 1493 2840 1550 decretis
2871 1493 2968 1566 (α).
3001 1495 3114 1550 lmo
3153 1496 3448 1552 sententias
3491 1505 3549 1552 'et
3596 1496 3814 1555 decreta

2213 1589 2327 1660 ipsa
2382 1597 2596 1661 patrum
2650 1589 2703 1645 in
2749 1589 2990 1645 Ecclesia
3042 1590 3548 1662 rcceptissimorum'
3600 1606 3815 1664 semper

2213 1683 2564 1754 opposuimus
2594 1682 2944 1751 Tertulliano,
2974 1692 3032 1738 ut
3072 1683 3162 1755 qui
3211 1682 3482 1739 Africanis
3515 1683 3630 1740 istis
3658 1685 3807 1742 velut

509 1784 726 1840 berctur
754 1778 932 1836 Iliadis
960 1775 1200 1848 pristinae
1226 1771 1423 1842 cepia?
1453 1791 1472 1822 ›
1521 1766 1797 1823 Timarchi
1843 1765 1985 1820 filius
2015 1763 2104 1818 'l'i-
2135 1778 2184 1842 Β
2212 1779 2440 1836 salebris
2462 1777 2826 1844 οπεηάυηιωι,
2855 1777 3034 1832 statim
3082 1775 3314 1833 habeam
3338 1792 3444 1848 quo
3472 1777 3676 1834 referre
3725 1794 3816 1850 pc-

505 1864 634 1934 mon
665 1890 788 1930 cum
831 1868 1237 1942 respondisset:
1287 1861 1632 1936 qurerendam
1673 1875 1793 1917 esse
1843 1857 1897 1914 in
1926 1872 2107 1915 exem-

502 1971 743 2044 plaribus
775 1966 1029 2038 antiquis,
1063 1961 1370 2018 addiderit:
1401 1957 1497 2014 sed
1541 1956 1778 2011 nondum
1819 1952 2099 2009 correctis.

449 2059 454 2064 ’
503 2067 631 2124 Dira
664 2064 812 2119 natio
837 2072 943 2116 tam
973 2056 1113 2115 foede
1139 2054 1385 2126 Septimii
1416 2051 1585 2107 nostri
1613 2050 1780 2106 libros
1801 2049 1938 2104 adeo
1969 2063 2106 2120 quo-

504 2171 612 2228 que
659 2153 981 2226 jampridem
1029 2148 1262 2212 vexavit,
1312 2153 1369 2200 ut
1393 2145 1504 2214 jam
1535 2142 1650 2197 falsi
1693 2149 1932 2198 vetustas
1960 2140 2106 2210 longi

503 2247 767 2320 temporis
791 2243 1254 2318 praescriptionem
1297 2237 1540 2293 obstruat
1578 2234 1812 2290 veritati.
1859 2233 2012 2301 Quod
2057 2233 2104 2287 si

501 2352 748 2399 veterum
783 2339 1041 2394 librorum
1087 2331 1326 2406 appelles
1357 2329 1540 2396 fidem,
1578 2327 1736 2382 etiam
1767 2335 2006 2382 veterum
2036 2323 2102 2378 li-

500 2436 721 2492 brorum
764 2429 868 2485 fide
915 2426 1217 2483 falsissima:
1261 2421 1520 2478 lectiones
1563 2418 1902 2474 adferuntur.
1963 2414 2100 2471 Nam

503 2533 635 2584 sunt
672 2533 726 2580 et
758 2522 875 2578 libri
906 2529 1114 2576 veteres
1158 2513 1602 2587 depravatissime
1629 2509 1896 2577 correcti;
1927 2523 2105 2577 neque

503 2618 614 2673 ulla
643 2629 766 2688 spes
793 2611 1114 2670 reducenda:
1167 2621 1402 2679 unquam
1447 2603 1706 2670 veritatis,
1740 2602 1843 2658 nisi
1872 2610 1978 2656 tam
2009 2615 2099 2656 ve-

505 2721 653 2767 teres
695 2708 1096 2769 nanciscantur,
1130 2711 1188 2758 ut
1215 2701 1324 2756 sint
1367 2697 1515 2754 omni
1560 2705 1931 2753 correctorum
1959 2693 2102 2749 anti-

511 2805 716 2876 quitate
743 2801 1087 2857 vetustiores.
1131 2795 1286 2850 [Etas
1310 2806 1531 2848 avorum
1559 2788 1859 2845 laudabiles
1895 2786 2104 2842 Rhena-

506 2898 562 2952 ni
595 2910 788 2968 Operas
813 2893 967 2958 vidit,
1014 2889 1184 2946 tribus
1231 2885 1560 2944 cditionibns
1585 2882 1907 2948 elaboratas.
1938 2879 2105 2950 Cujus

507 2993 609 3048 viri
641 2990 784 3056 fidei,
811 2985 1034 3059 judicio,
1084 2981 1394 3047 eruditioni,
1439 2976 1749 3048 diligentiae,
1796 2974 1842 3030 si
1873 2972 2104 3045 partium

507 3086 684 3143 studia
723 3083 1006 3138 meliorum
1047 3073 1433 3147 exemplarium
1465 3070 1790 3128 commercia
1832 3084 1936 3123 non
1965 3066 2105 3122 invi-

2211 1871 2336 1928 dem
2369 1879 2483 1925 tuto
2510 1868 2737 1940 possint.
2783 1867 2952 1925 Notas
2971 1867 3134 1924 etiam
3178 1869 3506 1924 intesuimus
3534 1869 3811 1927 variarum

2212 1963 2510 2020 lectionum
2532 1961 2868 2034 ambiguitati
2892 1961 3248 2033 pensitandze,
3279 1963 3492 2018 veritati
3537 1965 3816 2035 exploran-

2213 2058 2318 2126 da},
2347 2057 2674 2128 coniecturis
2702 2071 3091 2127 nonnunquam
3135 2055 3466 2128 explicandis
3495 2065 3585 2112 aut
3612 2057 3811 2113 confir-

2211 2151 2445 2206 mandis.
2479 2149 2716 2220 Denique
2755 2142 2994 2204 Africani
3035 2149 3162 2222 styli
3211 2149 3419 2220 glossas
3457 2150 3814 2222 complurium

2211 2243 2354 2298 inter
2413 2257 2536 2298 sese
2588 2242 2834 2298 locorum
2885 2243 3295 2314 comparatione
3349 2243 3810 2316 concinnavimus,

2212 2335 2603 2408 interpretandi
2659 2337 2868 2392 ratione
2914 2336 3236 2392 certissima.
3294 2336 3516 2394 Glossas
3582 2337 3816 2397 diximus

2211 2430 2401 2488 Graeco
2430 2428 2710 2498 vocabulo,
2727 2444 2834 2502 quo
2860 2427 3059 2485 Fabius
3087 2429 3304 2485 tradidit
3335 2431 3526 2503 lingua:
3555 2433 3816 2490 secretio-

2209 2519 2286 2576 ris
2337 2533 2500 2576 voces
2561 2519 2741 2575 minus
2783 2520 3010 2576 usitatas
3039 2521 3349 2592 significari.
3381 2522 3550 2578 Porro
3587 2523 3804 2581 brevio-

2208 2629 2298 2669 res
2334 2612 2768 2670 Observationes
2825 2628 2889 2670 ac
2945 2613 3112 2670 Notas
3182 2615 3454 2688 plerisque
3507 2617 3648 2674 haud
3727 2634 3813 2676 sa-

2210 2702 2516 2764 tist‘acturas
2566 2707 2804 2775 scimus,
2862 2722 2962 2764 nec
3020 2718 3304 2780 propterea
3353 2711 3566 2782 culpam
3621 2711 3813 2785 deprc-

2209 2813 2415 2854 camur.
2449 2799 2582 2855 Afer
2635 2800 2732 2855 iste
2785 2798 3042 2856 lectorem
3107 2817 3213 2858 non
3276 2801 3510 2858 admittit
3556 2804 3658 2860 nisi
3702 2806 3812 2877 jam

2210 2893 2499 2960 eruditum.
2545 2913 2564 2946 ι
2610 2893 2736 2949 Ηωο
2782 2893 3046 2966 Rigaltius
3083 2895 3136 2950 in
3168 2895 3549 2966 disputatione,
3583 2899 3814 2971 inscrip-

2213 2995 2304 3042 ta:
2347 2987 2412 3041 de
2443 2986 2758 3042 Tertulliano
2784 2995 2832 3043 el
2869 2988 2979 3058 ejus
3014 2987 3218 3060 scriptis
3247 2989 3405 3060 deque
3440 2990 3594 3045 variis
3639 3008 3812 3046 eorum

2215 3079 2542 3149 editionibus,
2585 3089 2630 3135 et
2679 3081 2802 3152 quid
2846 3080 2941 3134 hac
2968 3090 3142 3136 nostra
3193 3091 3479 3152 prwstetur,
3527 3099 3648 3155 qua:
3706 3100 3809 3140 una

506 3181 734 3243 dissent,
771 3179 815 3232 is
843 3174 1027 3246 procul
1065 3173 1227 3228 dubio
1259 3167 1620 3240 praestitisset,
1649 3163 1790 3236 quod
1819 3164 1973 3218 istam
2014 3179 2101 3218 ιιο⁶

2213 3159 2590 3243 cum'epistola
2617 3171 2927 3226 dedicatoria
2957 3171 3028 3226 ad
3077 3172 3392 3227 Armandum
3439 3172 3573 3228 Duc.
3622 3173 3810 3231 Ilii-Ite-

502 3272 589 3327 bis
619 3269 779 3325 hodie
810 3281 1028 3338 Operam
1080 3261 1234 3318 valde
1276 3262 1498 3317 levaret.
1540 3257 1782 3329 Sequens
1813 3263 1944 3310 :etas
1973 3255 2105 3312 Ful-

502 3365 645 3418 vium
683 3361 934 3417 Ursinum
982 3357 1128 3422 tulit,
1177 3356 1266 3427 qui
1321 3354 1535 3410 codices
1587 3353 1892 3420 inspexerat
1951 3348 2108 3418 longe

501 3455 757 3511 meliores
805 3450 1189 3512 llhcnanianis,
1225 3455 1509 3502 contentus
1535 3452 1818 3512 excerptas
1843 3441 1964 3496 inde
1995 3441 2106 3496 lec-

515 3545 696 3600 tiones
742 3543 992 3597 cditionis
1041 3539 1360 3594 Pamcliana‘.
1417 3536 1746 3605 marginibus
1793 3539 2105 3597 adnotasse,

505 3635 601 3692 sed
625 3650 693 3690 ne
713 3631 1118 3704 possessoribus
1144 3627 1358 3699 quidem
1382 3624 1768 3695 exemplarium
1797 3622 2104 3690 nominatis,

503 3727 784 3786 Fulviame
823 3725 1102 3788 lectiones,
1136 3723 1187 3774 in
1216 3719 1410 3773 librum
1439 3717 1679 3786 ampliss.
1703 3715 2108 3784 doctissimique

505 3817 837 3871 Tolosatium
875 3810 1277 3881 Archiepiscopi
1306 3808 1431 3863 Car.
1456 3805 1740 3862 Monchalli
1769 3821 1835 3861 ex
1857 3812 2108 3876 autogra-

500 3909 612 3982 pho
641 3907 945 3972 transfus-m,
978 3907 1134 3960 nobis
1160 3905 1262 3958 hoc
1284 3902 1443 3958 etiam
1467 3902 1802 3972 profuerunt,
1832 3907 1892 3954 ut
1919 3914 2104 3955 earum

502 4003 767 4065 editioni,
814 4000 1113 4072 Epidicticis
1165 3996 1409 4052 Wowerii
1455 3994 1607 4050 Notis
1653 4002 1924 4061 accuratw,
1974 3992 2107 4050 fides

507 4098 670 4154 etiam
725 4096 868 4167 apud
935 4093 1263 4150 austeriores
1335 4101 1583 4147 constare
1629 4091 1864 4158 debeat;
1904 4090 2011 4146 imo
2055 4097 2109 4144 et

503 4189 870 4260 Schoppianis
919 4187 1026 4242 illis
1051 4203 1114 4240 ex
1143 4185 1392 4240 Fuldensi
1425 4193 1477 4240 et
1519 4185 1782 4240 Vaticano
1817 4185 1866 4238 in
1900 4182 2104 4254 Apolo-

507 4286 742 4357 gcticum
787 4295 841 4338 et
891 4283 1150 4338 adversus
1173 4280 1391 4336 Judmos
1447 4280 1715 4350 excerptis
1739 4279 1807 4334 ab
1829 4278 1987 4334 .lunio
2008 4293 2105 4348 pu-

506 4375 746 4432 blicatis.
789 4375 1028 4442 Quorum
1076 4381 1226 4429 certe
1271 4371 1432 4427 fidem
1469 4387 1534 4426 co
1563 4373 1734 4444 magis
1781 4370 1948 4427 refert
1983 4369 2104 4425 ubi-

503 4483 610 4539 que
655 4465 1076 4528 testatissimam.
1121 4462 1264 4536 quod
1305 4472 1360 4520 et
1398 4465 1565 4519 multa
1592 4471 1794 4519 suntet
1845 4461 2104 4534 praeclara

2213 3269 2338 3322 lium
2365 3282 2426 3321 ea:
2454 3266 2538 3321 ed.
2571 3264 2644 3320 ΙΧ
2667 3265 2909 3320 librorum
2936 3282 2988 3320 η.
3015 3265 3288 3322 MDXXIX
3336 3266 3460 3340 (sic)
3493 3269 3657 3324 textui
3685 3286 3810 3338 prte-

2214 3358 2468 3414 mitlitur.
2519 3356 2667 3411 llanc
2716 3357 3001 3414 testimonia
3033 3368 3150 3412 ceu.
3186 3359 3248 3412 de
3279 3356 3591 3414 Tertulliano
3620 3359 3808 3416 subse-

2213 3459 2450 3523 quuntur
2473 3491 2488 3518 ,
2522 3457 2576 3506 et
2619 3451 2773 3506 series
2814 3449 3120 3506 Tertulliani
3166 3467 3376 3523 operum
3404 3469 3516 3523 qua:
3547 3452 3642 3509 hoc
3669 3454 3809 3508 voln-

2213 3545 2350 3598 ntine
2391 3542 2730 3598 continentur.
2767 3541 2902 3597 Item
2949 3561 3012 3598 ea:
3038 3543 3216 3614 quibus
3261 3561 3472 3616 qumque
3525 3556 3572 3600 et
3619 3549 3809 3614 quoties

2213 3637 2311 3691 sint
2351 3635 2608 3690 codicibus
2656 3635 2946 3689 notabiliter
2977 3637 3262 3690 emendata.
3295 3635 3350 3690 ld
3379 3637 3519 3708 quod
3561 3637 3626 3692 ad
3654 3639 3809 3694 mini-

2213 3743 2358 3784 mum
2397 3736 2596 3799 quater,
2627 3725 2693 3780 ad
2748 3741 3019 3782 summum
3076 3726 3329 3782 ducenties
3360 3729 3686 3801 quinquagies
3713 3730 3730 3795 (
3758 3732 3808 3784 in

2213 3817 2606 3891 Apologetico)
2638 3819 2688 3872 in
2719 3817 2992 3890 plerisque
3035 3819 3282 3890 trigesies,
3335 3819 3567 3890 vigesics,
3614 3832 3809 3892 septun-

2212 3914 2338 3986 gies,
2371 3911 2465 3968 sed
2493 3919 2548 3968 et
2590 3912 2743 3966 octies
2774 3912 2980 3977 centies,
3016 3912 3201 3967 centies
3251 3913 3494 3983 trigesics,
3543 3913 3806 3969 interdum

2212 4006 2442 4061 omnibus
2469 4008 2576 4078 fere
2601 4006 2844 4061 clausulis
2872 4003 3072 4060 factum
3103 4005 3317 4062 dicitur.
3355 4005 3502 4061 Liber
3528 4007 3589 4060 de
3610 4005 3804 4076 Pallio,

2211 4099 2419 4166 scribit,
2449 4099 2744 4154 emendatur
2774 4097 3004 4153 omnibus
3052 4101 3158 4170 fere
3176 4098 3344 4166 lineis,
3370 4099 3526 4169 juxta
3556 4100 3636 4154 ed.
3683 4101 3804 4154 dac-

2212 4192 2391 4246 tissimi
2423 4191 2668 4247 Salmasii
2698 4189 2767 4244 ad
2795 4199 2988 4245 vetusta
3015 4189 3325 4262 exemplaria
3370 4191 3804 4246 accuratissimam

2211 4293 2547 4355 prtzterquam
2576 4299 2664 4338 sea:
2686 4291 2776 4336 aut
2799 4291 2986 4353 septem
3028 4282 3173 4337 locis.
3227 4281 3454 4337 Textum
3489 4283 3692 4354 exeipit
3721 4283 3806 4338 ln-

2210 4375 2313 4431 dex
2342 4375 2740 4446 Scripturarum
2765 4387 3072 4440 sacrarum;
3107 4383 3217 4429 tum
3249 4374 3530 4444 subiuncta
3556 4373 3658 4430 sub
3685 4376 3808 4430 titti-

2210 4468 2262 4523 lo
2290 4468 2476 4524 incerti
2507 4467 2744 4524 auctoris
2771 4467 3008 4524 carmina
3037 4466 3370 4522 Tertulliano
3412 4467 3542 4522 olim
3571 4467 3803 4524 adscribi

502 4553 663 4617 nobis
703 4559 830 4615 inde
861 4567 1064 4626 notata,
1098 4571 1217 4628 qua:
1250 4556 1374 4612 huic
1410 4554 1630 4612 editioni
1677 4555 1966 4628 plurimum
2008 4557 2102 4611 tri-
2127 4585 2182 4646 D
2207 4563 2387 4631 solita,
2429 4563 2667 4617 adversus
2715 4560 3028 4616 Marciane»:
3075 4561 3112 4616 Ι.
3147 4560 3194 4616 ν
3231 4561 3298 4615 'de
3345 4560 3551 4617 Jndicio
3599 4563 3808 4617 Domini

500 4653 674 4710 buant
721 4652 856 4708 lucis
895 4660 951 4708 et.
987 4651 1312 4707 ornamenti.
1360 4649 1487 4705 llaec
1514 4649 1617 4704 erit
1663 4650 1802 4720 apud
1856 4660 2100 4720 posteros

505 4745 678 4800 aetatis
706 4755 903 4800 nostra:
943 4744 1150 4814 gloriae.
1180 4741 1278 4798 Cui
1306 4742 1470 4799 decus
1496 4741 1699 4798 accedit
1741 4743 1933 4814 ingens
1957 4759 2100 4799 com-

496 4848 655 4910 perte
719 4837 936 4892 tandem
1013 4835 1244 4904 codice,
1303 4851 1462 4907 quem
1519 4852 1582 4892 ex
1641 4847 1764 4891 voto
1832 4837 2102 4909 Agobardi

498 4929 738 5003 cpisc0pi
789 4929 1162 5000 Lugdunensis
1190 4929 1256 4984 ad
1285 4931 1342 4987 S.
1374 4930 1628 5000 Stephani
1658 4931 1826 4986 altare
1855 4933 2094 4986 oblatum

496 5023 664 5081 fuisse
695 5021 944 5093 legimus.
975 5021 1126 5076 llune
1155 5031 1303 5078 certe
1335 5023 1531 5078 librum
1556 5023 1621 5078 ad
1650 5025 1978 5094 exemplaria
2007 5025 2094 5080 illa

496 5116 740 5174 nondum
769 5123 1011 5171 correcta
1060 5113 1386 5185 descriptum
1419 5115 1580 5170 fuisse
1603 5157 1616 5181 ,
1647 5117 1951 5187 probabunt
1975 5118 2093 5184 ejus

500 5224 606 5281 ope
633 5208 877 5264 restituta
905 5207 1078 5261 nitore
1105 5205 1330 5276 pristino
1357 5221 1515 5277 quam
1544 5209 1794 5276 plurima,
1836 5223 1955 5279 qum
1984 5208 2092 5264 sin-

495 5301 622 5372 gula
652 5298 890 5354 indicare
933 5296 1072 5352 taedii
1113 5312 1243 5353 sane
1284 5297 1468 5354 fuisset
1506 5299 1892 5365 molestissimi,
1937 5301 2090 5370 pretii

496 5406 632 5448 vero
661 5389 896 5456 nullius;
929 5406 1049 5445 nam
1080 5389 1198 5444 hinc
1225 5389 1336 5460 ipsa
1365 5389 1730 5446 Tertullianns
1760 5392 1913 5448 avide
1945 5407 2094 5448 rece-

497 5483 600 5553 pit,
628 5490 684 5537 et
708 5495 822 5546 sua,
852 5494 975 5552 qum
1002 5481 1142 5537 male
1171 5480 1353 5536 avulsa
1383 5481 1612 5547 fuerant,
1640 5493 1745 5537 tam
1772 5484 1908 5538 bene
1937 5483 2095 5540 hodie

495 5574 797 5640 coliccrent,
829 5583 889 5628 ut
911 5574 1068 5629 avelli
1096 5590 1330 5645 unquam
1359 5576 1596 5646 potuisse
1626 5590 1731 5630 non
1760 5575 1969 5632 credas.
2000 5576 2098 5632 lta-

503 5681 609 5735 que
653 5680 892 5721 summas
924 5675 1365 5735 recuperaturum
1398 5666 1574 5736 colligi
1606 5677 1688 5722 sat
1727 5668 1851 5735 crit,
1885 5678 1942 5723 ut
1969 5669 2090 5724 inde

499 5764 730 5824 constet,
768 5757 894 5826 quid
936 5765 1192 5826 praestare
1232 5758 1400 5812 simus
1446 5760 1636 5827 parati.
1667 5759 1757 5815 Sic
1799 5771 1994 5828 tamen,
2031 5772 2092 5817 ut

495 5847 752 5908 netabilla
776 5849 991 5906 tandem
1015 5849 1566 5922 comprehendantur:
1593 5853 1965 5912 minutioribus
1987 5871 2086 5913 nco

2211 4655 2439 4724 Genesis,
2475 4656 2726 4720 Sodoma;
2774 4654 3003 4726 denique
3050 4653 3214 4711 Index
3258 4671 3438 4712 rerum
3479 4659 3802 4713 memorabi-

2205 4751 2360 4807 lium.
2393 4748 2840 4806 Observationum
2867 4746 3087 4805 libellus
3114 4749 3375 4822 peculiari
3403 4750 3556 4807 titulo
3585 4750 3798 4823 gaudet,

2275 4995 2352 5067 (α)
2371 4993 2468 5067 His
2489 4993 2676 5067 verbis
2689 5007 2910 5067 excusat
2928 4995 3190 5067 Rigaliius
3215 4996 3495 5054 liberiores
3516 4996 3796 5066 Opiniones

2203 5066 2338 5138 quas
2364 5066 2417 5122 in
2441 5066 2880 5139 annotationibus
2895 5066 3016 5123 suis
3033 5071 3316 5139 aliquoties
3343 5069 3567 5124 inseruit
3591 5083 3714 5122 cum
3742 5072 3796 5122 in

2197 5135 2544 5211 Cyprianum,
2567 5138 2754 5211 tumin
2773 5135 3181 5204 Tertullianum;
3207 5155 3388 5211 verum
3413 5139 3593 5192 nescio
3615 5149 3792 5194 utrum

2199 5208 2265 5266 eo
2303 5209 2637 5264 satisfactum
2676 5208 2834 5264 fuerit
2875 5211 3161 5273 omnibus;
3208 5209 3481 5262 fatendum
3506 5211 3752 5264 estenim
3777 5253 3792 5278 ,

2199 5282 2443 5352 quamam
2469 5295 2591 5334 esse
2619 5281 2731 5335 loca
2759 5281 2811 5352 in
2837 5281 3035 5349 quibus
3063 5282 3195 5333 satis
3222 5288 3447 5334 testatur
3488 5295 3548 5337 se
3587 5295 3654 5335 ex
3696 5298 3794 5336 sua

2197 5350 2376 5422 potius
2399 5367 2558 5424 quam
2601 5350 2836 5406 auctoris
2859 5361 3044 5424 mente
3072 5351 3294 5424 loquiret
3331 5352 3383 5406 in
3405 5353 3598 5421 quibus
3631 5355 3792 5424 etiam

2197 5421 2470 5478 aberrat—:1
2499 5439 2589 5486 re,
2619 5433 2676 5476 nt
2702 5422 3079 5476 annotationes
3127 5421 3326 5476 scribat
3371 5425 3660 5491 aliquando
3699 5423 3793 5477 ho-

2201 5495 2390 5550 dierno
2415 5493 2673 5548 Ecclesia:
2700 5491 2816 5545 usui
2841 5507 3025 5558 parum
3052 5495 3597 5549 consentancasdlaee
3627 5495 3756 5563 [lupi
3775 5525 3791 5534 -

2201 5568 2321 5621 nius
2345 5574 2400 5621 et
2428 5566 2589 5638 paulo
2616 5573 2768 5633 post:
2800 5563 2878 5638 Illi
2911 5564 2941 5638 Α(
2962 5563 3231 5636 Rigaltio)
3256 5568 3610 5638 exprolu'atur
3649 5566 3789 5638 quod

2200 5634 2526 5706 eonjecturis
2552 5634 2990 5690 fueritaudacior
3023 5651 3125 5690 nec
3189 5634 3321 5692 satis
3385 5634 3681 5692 adcuratus
3722 5640 3788 5693 ad

2196 5710 2484 5764 Auctorem
2514 5721 2668 5761 suum
2694 5706 2931 5776 antiquis
2972 5707 3352 5778 manuscriptis
3393 5723 3788 5778 recognoscent.

2193 5779 2320 5834 dum
2347 5789 2400 5834 ct
2427 5779 2640 5832 tandem
2670 5791 2796 5832 suas
2821 5817 2835 5842 ,
2880 5786 2972 5831 aut
3009 5777 3552 5838 aliorunrcontextui
3603 5781 3786 5849 conje-

2191 5860 2371 5910 cturas
2400 5851 2542 5906 nulla
2569 5850 3054 5916 mauuscriptorum
3081 5850 3234 5906 nisus
3260 5849 3596 5906 auctoritate.
3650 5849 3786 5908 Eoo.
