4242 6266
425 337 493 399 57
1085 311 1089 315 ’
1282 374 1287 379 ι
1526 340 1531 345 ‘
1889 331 2046 390 ran

2146 332 2282 389 T10.
3663 340 3733 398 58

1772 396 1801 405 δέ

432 469 496 510 ac
542 450 934 525 dissymboliris
990 451 1410 522 proprietatibus
1457 460 1506 505 et
1542 448 1779 520 Elogiis:
1826 448 1894 501 "de
1933 462 2032 499 usu
2062 447 2119 505 Α
2146 446 2284 502 notis
2315 446 2560 503 illustrati
2591 447 2875 504 habentur.
2919 448 3124 503 Prester
3152 462 3236 513 ea,
3265 464 3384 520 qurc
3413 449 3739 505 Pameii'anis

436 544 648 603 tandem
693 554 747 598 et
787 543 937 613 praxi
979 543 1140 600 totius
1169 542 1360 612 Operis
1397 541 1596 605 habet,
1630 557 1787 612 quam
1829 549 2031 592 attente

433 641 703 696 examinet
729 637 954 705 Lector,
980 644 1040 692 ut
1083 636 1182 691 sibi
1233 636 1621 701 necessariam,
1648 632 2028 689 Praifationem

433 729 789 803 generalem,
840 736 959 800 post
997 727 1443 797 mincupatoriam
1500 725 1782 797 epistolam
1841 722 2030 779 immeo

434 822 580 878 diate
630 822 1069 891 subsequentem.
1109 840 1127 872 ι
1172 819 1394 884 Restat,
1427 827 1483 873 ut
1537 816 1605 872 ad
1659 804 1770 883 illa,
1817 831 1936 886 qua:
1978 816 2032 869 in

438 924 586 970 textu
638 914 952 985 prinSliliSSe
1019 912 1320 984 proﬁtetur,
1372 910 1642 982 paulisper
1685 906 2030 963 animadver-

437 1019 651 1074 tamus;
704 1007 799 1063 sed
829 1018 884 1064 et
929 1006 1019 1062 hic
1047 1007 1239 1079 .verbis
1272 1006 1441 1076 ipsius
1470 1003 1690 1072 defungi
1719 1001 1921 1058 licebit.
1957 998 2030 1053 lta

436 1116 564 1155 vero
594 1100 877 1171 pollicetur
905 1101 957 1154 in
987 1108 1125 1154 textu
1155 1100 1426 1153 innumera
1452 1095 1603 1151 etiam
1629 1096 1680 1148 in
1712 1093 2031 1148 emendatio-

437 1194 577 1248 ribus
605 1193 905 1248 cditionibus
934 1193 1120 1247 menda
1149 1192 1429 1246 correxisse
1447 1188 1834 1260 ;.virgularum,
1867 1203 2001 1254 pnnc
2019 1216 2032 1227 ο

438 1295 625 1350 torum,
678 1296 980 1340 accentuum
1038 1286 1285 1355 defectus,
1332 1283 1639 1337 intellectum
1689 1278 2035 1335 obscurissimi

438 1378 666 1433 authoris
701 1378 1053 1432 obnubilantes
1090 1378 1438 1448 supplevisse;
1468 1374 1835 1443 cacographias
1881 1387 2034 1440 quant

439 1473 689 1543 plurimas
716 1471 1045 1536 emendasse;
1072 1480 1124 1524 ut
1141 1470 1195 1524 .si
1238 1468 1561 1540 Typographi
1606 1481 1733 1520 cura
1781 1465 2038 1534 Antogra-

439 1566 531 1638 pici
561 1563 908 1635 pmgatissimi
934 1560 1277 1617 sollicitudini
1309 1559 1645 1629 responderit,
1674 1566 1720 1611 ct
1763 1555 2036 1610 correctori

439 1656 831 1728 rigiluntissimo
873 1655 1118 1725 paruerit,
1160 1652 1289 1707 nihil
1316 1655 1543 1723 futurum
1570 1651 1656 1716 sit,
1698 1648 1835 1720 quod
1862 1650 1912 1702 in
1941 1648 2036 1701 hoc

439 1763 582 1807 textu
612 1752 830 1806 censoris
874 1749 1065 1814 oculos,
1111 1747 1409 1804 severissimi
1439 1745 1574 1810 licet,
1607 1744 1921 1815 arguemlmn
1950 1758 2034 1795 as-

2136 540 2268 595 etlit.
2297 543 2692 612 prmmitluntur
2713 584 2726 607 ,
2762 544 2865 597 vita
2920 557 3113 613 nempe
3142 542 3458 598 Tertulliani
3485 560 3513 597 a
3549 543 3736 599 l’ame-

2140 635 2210 687 Iio
2229 637 2559 705 conscripta,
2604 636 2875 691 l’aradoxa
2901 636 3043 692 illius
3070 652 3191 691 cmn
3220 639 3479 702 antidoto,
3514 654 3736 708 prover-

2136 727 2303 782 biales
2349 727 2589 782 formuhc
2635 737 2748 783 toto
2796 743 2959 797 opere
2983 736 3273 795 contentio,
3319 746 3389 784 ex
3442 730 3738 801 Rigaltiana

2136 821 2365 875 accessit
2375 821 2634 888 judicium
2666 821 2733 876 de
2773 821 3124 887 Tertulliano,
3164 831 3297 889 etc.,
3329 832 3384 878 et
3412 825 3580 879 series
3609 839 3738 893 ope-

2136 930 2254 969 rum
2307 931 2337 968 a
2378 913 2611 984 Rigaltio
2643 914 2917 981 inStituta,
2964 922 3072 969 tum
3114 930 3304 970 recens
3356 915 3549 971 Priorii
3604 917 3765 971 diss..

2137 1024 2237 1078 qua
2256 1006 2570 1062 Tertulliani
2596 1007 2720 1075 vita,
2740 1007 3019 1077 opiniones
3036 1018 3090 1062 et
3105 1021 3318 1063 errores
3340 1008 3737 1078 expenduntur.

2855 1099 3017 1155 1664.

2215 1211 2235 1244 ι
2267 1192 2451 1248 Herm.
2486 1192 2805 1247 Rathmanni
2834 1192 3190 1264 'l‘hcosiuphia:
3219 1192 3348 1248 edit.
3379 1201 3567 1261 quarta
3597 1209 3737 1249 noro

2138 1286 2392 1355 inscripta
2435 1283 2586 1340 titulo
2616 1302 2628 1339 :
2654 1285 2963 1356 Aurifodina
3014 1284 3233 1339 Patrum
3282 1285 3585 1355 theologica,
3629 1296 3736 1339 tum

2135 1379 2466 1448 speculativa,
2486 1379 2850 1447 tumpractica,
2884 1377 3032 1432 certis
3059 1376 3296 1446 periuros
3325 1377 3630 1448 theologicos
3646 1395 3741 1447 po-

2136 1468 2428 1524 rismatibus
2470 1470 2803 1539 consignata;
2829 1480 2964 1523 certa
2991 1485 3050 1522 ac
3077 1468 3325 1521 salutaria
3359 1480 3535 1522 contra
3558 1469 3744 1522 adver-

2137 1564 2299 1618 sarios
2325 1561 2524 1632 quosvis
2568 1563 2774 1615 tradens
2804 1561 3123 1626 documenta,
3170 1576 3201 1612 a
3227 1559 3399 1614 multis
3434 1560 3742 1630 jamdudum

2138 1656 2455 1723 desiderata;
2484 1658 2599 1729 jam
2624 1670 2758 1709 nunc
2799 1668 2917 1709 vero
2962 1661 3025 1707 ab
3056 1652 3321 1723 insigniori
3347 1651 3566 1720 quodrmt
3595 1661 3642 1707 et
3682 1652 3745 1706 de

2144 1751 2372 1806 Ecclesia
2400 1749 2588 1805 Christi
2611 1765 2764 1821 quam
2793 1745 3113 1803 meritissimo
3151 1730 3382 1815 theologo
3406 1743 3591 1815 publici
3608 1744 3745 1815 juris
3820 1794 3827 1803 ,

440 1845 633 1899 tendat.
677 1842 792 1897 iam
821 1841 936 1895 hinc
982 1841 1113 1896 satis
1150 1847 1331 1904 erunt,
1365 1851 1465 1892 nec
1517 1846 1696 1890 tamen
1746 1832 1926 1899 nimia,
1982 1840 2039 1886 ut

2146 1853 2301 1921 facta.
2323 1848 2405 1902 Au
2433 1845 2502 1901 ob
2528 1844 2707 1899 fucum
2728 1841 3061 1913 emptoribus
3089 1838 3412 1905 faciendum,
3442 1854 3507 1893 an
3535 1838 3603 1893 ob
3621 1854 3745 1909 gra-

442 1953 622 2008 Spcro,
655 1953 751 2006 pro
779 1936 1002 1991 raritate
1034 1934 1192 1988 molis
1219 1932 1377 2002 hujus
1409 1931 1731 1985 chartacctc.
1765 1926 2040 1998 Inscripsit

444 2046 577 2100 epos
606 2028 904 2098 Pomponio
935 2027 1001 2083 de
1048 2025 1314 2082 Bellicore
1352 2022 1553 2094 Equiti,
1583 2030 1638 2078 et
1677 2019 1914 2092 supremi
1957 2035 2041 2076 sc-

444 2133 598 2178 natus
626 2118 941 2176 Parisiensis
972 2117 1221 2191 principi.

1162 2211 1329 2267 1662.

518 2308 613 2364 En.
642 2304 1433 2363 Panemaxa-Roruousoausxs
1458 2297 1524 2355 l'.
1551 2297 1879 2368 Rothomagi.
1910 2294 1949 2350 i.
1972 2294 2040 2362 ρ.

443 2400 501 2458 S.
538 2399 616 2455 Fl.
643 2398 948 2454 Tertulliani
992 2411 1156 2467 Opera
1195 2396 1394 2461 omnia,
1423 2403 1553 2460 etc.,
1584 2407 1707 2447 cum
1743 2390 1856 2445 Jac.
1890 2390 2039 2444 Pam.

444 2508 591 2563 argg.
635 2501 690 2547 et
710 2498 997 2555 annotatt.,
1023 2486 1196 2543 Latini
1222 2484 1397 2543 Latini
1423 2483 1768 2556 conjecturis,
1794 2490 1926 2551 etc.,
1958 2496 2041 2538 re-

445 2586 629 2657 petita.
665 2583 764 2639 Ed.
798 2582 957 2640 1597.
1384 2603 1406 2628 .

1162 2676 1324 2733 1662.

523 2802 541 2838 ι
580 2783 654 2839 Le
684 2778 852 2838 Génie
882 2775 950 2832 de
996 2770 1315 2840 Tertullien,
1348 2784 1444 2843 par
1474 2766 1542 2825 de
1586 2765 1825 2839 Fayolle.
1872 2763 2043 2831 Paris,

446 2879 608 2939 iit-4°.
646 2897 667 2933 ι

1164 2961 1327 3023 1661.

517 3069 617 3126 En.
644 3069 890 3127 Panemo
919 3082 1234 3124 RIGALTIANA
1268 3062 1787 3120 Primam—Lutetia:
1819 3062 2053 3121 Parisio—

448 3180 586 3230 rum,
637 3162 879 3232 impensis
906 3161 1159 3215 societatis
1194 3158 1575 3229 typoqraphicw
1617 3157 1861 3211 librorum
1888 3159 2053 3229 ofﬁcii

2146 1957 2264 1996 rem
2291 1948 2539 1995 exortam
2571 1936 2624 1992 iu
2654 1934 2941 1992 Germania
2983 1927 3403 1988 controversiam
3446 1927 3744 1983 Rathman-

2145 2035 2383 2101 nianam,
2417 2016 2715 2101 excogitata
2747 2028 2904 2084 fuerit
2932 2026 3048 2083 hinc
3076 2024 3349 2080 titulorum
3381 2023 3628 2084 varietas,
3652 2022 3747 2076 dc-

2145 2129 2419 2197 letumque
2439 2125 2672 2180 auctoris
2696 2138 2909 2189 nomen,
2936 2119 3077 2175 haud
3107 2119 3274 2190 liquet
3302 2131 3401 2172 nec
3419 2129 3741 2187 queinquam

2145 2236 2287 2278 nunc
2312 2221 2559 2293 ignorare
2588 2217 2747 2289 piget.
2784 2236 2803 2267 ι

2848 2314 3010 2371 1665.

2226 2430 2244 2465 ι
2278 2412 2480 2469 Vensro
2509 2427 2732 2469 GALLICA
2772 2410 2958 2467 libror.
2984 2412 3051 2468 de
3082 2408 3272 2476 Pallio,
3305 2409 3373 2465 de
3404 2408 3667 2464 Patientia
3696 2414 3753 2463 et

2147 2506 2519 2563 exhortatione
2550 2504 2616 2561 ad
2645 2502 2926 2579 martyres,
2960 2506 3251 2575 interprete
3282 2502 3625 2558 Mannesiero.
3654 2520 3673 2554 ι

2873 2601 3032 2657 1675.

2229 2716 2248 2751 ‹
2286 2697 2507 2753 Librum
2523 2697 2603 2752 Ad
2616 2708 2865 2769 martyres
2892 2696 3477 2767 galliceinterpretatus
3500 2701 3580 2747 est
3596 2690 3750 2747 Paul.

2151 2789 2505 2860 Colomcsius,
2540 2790 2778 2862 Rupell.,
2811 2790 2973 2846 iu-8".
3005 2809 3023 2841 ι

2878 2884 3038 2943 1675.

2110 2978 2129 2992 '
2224 2977 2504 3043 Brit-sellis,
2526 2980 2581 3034 4.
2607 2977 2758 3035 Tert.
2785 2977 2920 3034 liber
2944 2977 3012 3032 de
3042 2973 3537 3046 prarseriptionibus
3563 2977 3755 3027 contra

2155 3069 2441 3128 haereticos
2464 3084 2514 3126 c.
2545 3068 2740 3137 schol.,
2765 3076 2818 3126 et
2844 3072 2986 3124 notis
3011 3066 3283 3123 Christiani
3314 3064 3469 3136 Lupi.

2882 3161 3044 3216 1675.

446 3228 788 3312 ecclesiastici.
817 3254 883 3322 Q.
916 3253 1067 3323 Sept.
1096 3228 1257 3306 Flor.
1286 3250 1596 3305 Tertulliani
1633 3248 1805 3319 Opera
1835 3251 1900 3304 ad
1954 3266 2045 3306 ve-

2223 3258 2320 3315 EnL
2348 3256 2953 3314 PAIELIO-RIGALTIANA
2981 3255 3185 3309 l’montt
3210 3249 3587 3309 n.——Lutetia:
3616 3246 3758 3301 Pari-

452 3350 868 3407 tustissimorum
899 3346 1284 3417 exemplarium
1335 3344 1491 3399 ﬁdem
1524 3343 1716 3397 sedulo
1739 3342 2044 3410 emendata,

454 3444 724 3515 diligentia
756 3442 875 3496 Nic.
902 3440 1107 3511 Rigaltii
1134 3440 1173 3495 Ι.
1207 3440 1267 3494 C.
1308 3450 1436 3511 pum
1476 3436 1715 3505 ejusdem
1747 3437 2049 3492 adnotatio—

457 3540 614 3595 nibus
644 3538 864 3606 integris
882 3546 935 3591 et
961 3535 1225 3590 variorum
1245 3530 1664 3596 conuucntariis,
1693 3530 1917 3584 seorsim
1946 3545 2047 3584 an-

454 3644 537 3689 tea
569 3633 748 3699 editis,
784 3631 880 3686 Ph.
916 3628 1149 3684 Priorius
1177 3633 1486 3695 argumenta
1517 3632 1572 3678 ct
1600 3622 1761 3678 Notas
1801 3623 1853 3677 in
1882 3622 2048 3679 libros

450 3741 638 3784 nunties
670 3724 735 3780 dc
763 3738 905 3779 novo
950 3720 1151 3791 adjecit
1198 3728 1252 3774 et
1310 3718 1748 3772 Dissertationem
1807 3714 2048 3786 apprime

452 3820 634 3875 utilem
666 3815 1031 3873 eoncinnavit.
1057 3810 1332 3867 Accedunt
1364 3808 1416 3863 Ν
1423 3810 1645 3864 ovatiani
1674 3817 1951 3875 tractatus,
1980 3807 2048 3863 de

452 3913 716 3968 Triuitate
734 3922 788 3965 et
812 3908 960 3965 Cibis
982 3905 1232 3977 judaicis,
1264 3920 1383 3961 cmn
1409 3902 1561 3958 Notis
1582 3943 1598 3969 ,
1627 3913 1682 3957 ut
1713 3902 1765 3957 in
1800 3901 2048 3956 Editione

456 4005 695 4061 Patnclii.
725 4003 929 4059 Textus
949 4009 1032 4056 est
1063 3999 1372 4070 Rigaltiaare
1402 3995 1675 4062 secundm,
1716 3994 1867 4064 cujus
1887 3995 2047 4050 etiam

453 4108 594 4154 notae
623 4110 833 4155 omnes,
866 4106 975 4147 tum
1019 4106 1151 4162 quas
1177 4090 1240 4145 ad
1286 4090 1488 4145 calcem
1539 4096 1881 4159 opposuerat,
1936 4096 2046 4141 tum

455 4210 553 4257 rm,
581 4206 701 4263 qtae
746 4189 810 4244 ad
854 4197 1009 4242 notas
1038 4187 1089 4239 in
1120 4182 1412 4257 Cyprinum
1441 4190 1595 4238 erant
1633 4180 1877 4249 adjecta},
1908 4194 2047 4250 prte-

455 4295 598 4341 terea
627 4299 755 4339 vero
782 4282 900 4336 Jac.
928 4279 1143 4334 Pamelii
1172 4275 1793 4339 aduotatiooesselccta‘,
1822 4272 1886 4327 Β.
1916 4273 2052 4327 Illic-

457 4380 602 4446 nuni,
630 4377 822 4433 Franr.
849 4371 1404 4446 Zephyrii,Gubt'iclis
1427 4370 1767 4439 Albaspiuari,
1796 4369 2048 4424 Lndm'ici

457 4476 521 4531 de
545 4478 594 4531 la
621 4472 790 4530 Corda
818 4470 1093 4525 doctiores
1121 4467 1546 4529 observationes,
1580 4476 1689 4519 tum
1719 4464 1966 4517 Salmasii
1999 4463 2049 4515 in

459 4568 523 4625 L.
563 4569 629 4623 tle
667 4566 838 4622 Pallio
883 4564 1141 4634 potiores,
1176 4577 1274 4617 nec
1315 4576 1418 4614 non
1476 4557 1737 4623 Mercerii,
1794 4555 2051 4611 Wowerii

2150 3356 2276 3411 sior.
2295 3371 2380 3422 ap.
2400 3350 2542 3405 Petr.
2566 3350 2613 3404 le
2644 3347 2799 3414 Petit,
2816 3348 2916 3403 sub
2934 3348 3089 3418 signo
3114 3346 3298 3404 Crucis
3313 3358 3511 3408 aureas,
3530 3340 3757 3394 Edmun-

2153 3448 2271 3501 dum
2284 3445 2523 3501 Couterot
2550 3442 2650 3498 sub
2668 3457 2712 3496 s.
2731 3442 2855 3496 boni
2876 3438 3115 3495 Pastoris
3131 3448 3184 3493 et
3201 3436 3441 3493 Carolum
3470 3435 3636 3504 Augot
3658 3432 3760 3487 Sub

2151 3552 2201 3594 s.
2246 3538 2441 3593 Leonis
2464 3534 2633 3603 aurei,
2665 3536 2716 3590 in
2745 3536 2828 3590 via
2874 3533 3126 3589 Jacobea.
3162 3530 3407 3601 llepetita
3455 3544 3507 3582 a.
3536 3527 3699 3592 1661,
3727 3544 3759 3580 a

2151 3633 2387 3707 pluribus
2412 3630 2607 3685 mendis
2630 3644 2745 3700 qua:
2768 3629 2820 3683 in
2850 3627 3215 3699 praxedentem
3243 3625 3552 3695 irrepserunt
3569 3638 3760 3692 ea'pur-

2151 3746 2290 3811 gata.
2326 3733 2567 3791 Accessit
2592 3732 2821 3787 Carmen
2851 3729 2918 3784 de
2946 3727 3082 3783 Jona
3110 3735 3163 3782 et
3181 3724 3392 3780 Ninive.

2231 3942 2250 3975 ‹
2287 3920 2378 3975 DE
2409 3917 2498 3974 LA
2530 3914 2785 3971 MOTTE.
2838 3821 3069 3968 lligbitie
3119 3909 3187 3964 de
3224 3906 3518 3963 Tertullien
3556 3913 3611 3959 et
3640 3902 3774 3958 (ΓΟ--

2152 4015 2360 4089 rigéne.
2388 4012 2581 4078 Paris;
2613 4011 2772 4068 1675.
2802 4040 2873 4049 —
2900 4005 3095 4076 Lugd.,
3124 4002 3284 4066 1709.,
3312 4000 3479 4056 iit-8°.
3522 4018 3542 4051 ι

2546 4129 2570 4151 ο
2909 4100 3032 4155 680.

2233 4222 2251 4253 ι
2284 4202 2447 4255 Ps'rm
2503 4194 2754 4253 ALLIXII
2798 4103 3221 4250 de‘Tertulliani
3262 4189 3369 4240 vita
3420 4195 3472 4241 et
3521 4181 3757 4247 scriptis.

2154 4274 2348 4339 Paris,
2374 4269 2540 4327 ili-8°.
2577 4288 2596 4323 ›

2879 4358 3043 4416 1680.
3384 4414 3388 4419 .

2237 4481 2256 4514 ‹
2295 4460 2534 4518 Numas
2575 4452 3223 4513 ALEXANDIll-dissert.
3261 4447 3329 4503 de
3356 4443 3604 4500 Doctrina
3631 4439 3762 4495 Ter—

2158 4556 2364 4612 tulliani
2406 4563 2461 4611 et
2503 4552 2570 4609 de
2598 4556 2936 4608 sacramento
2980 4540 3439 4600 confirmationis,
3473 4536 3525 4588 in
3579 4528 3755 4597 ejusd.

460 4663 790 4730 aliorumque
812 4656 1201 4713 illustrationes
1226 4664 1279 4710 et
1300 4653 1688 4716 correctiones,
1716 4650 1949 4719 denique
1978 4650 2054 4719 ip—
2078 4627 2135 4688 Ῑ)
2161 4651 2299 4708 Hist.
2335 4648 2478 4704 Eccl.
2502 4645 2572 4701 γ.
2600 4652 2654 4701 et
2679 4642 2743 4698 N.
2772 4641 2952 4709 Test.,
2983 4648 3021 4693 t.
3050 4634 3138 4692 Ill.
3169 4648 3297 4689 suae.
3356 4629 3417 4683 ll.
3465 4632 3568 4679 art.
3619 4618 3757 4691 Vill,

459 4756 570 4809 sius
611 4752 840 4822 Philippi
888 4751 935 4806 le
967 4748 1193 4813 Prieur,
1223 4748 1315 4817 qui
1365 4762 1550 4801 curam
1606 4744 1763 4815 hujus
1806 4743 2056 4800 editionis

460 4848 647 4916 εομεῑι,
700 4855 839 4899 nota:
892 4852 947 4898 et
996 4849 1309 4911 argumenta
1360 4840 1411 4893 in
1441 4839 1609 4893 libros
1653 4852 1840 4891 omnes
1870 4852 2054 4892 acces-

461 4946 667 4993 sterunt.
690 4937 1010 5002 Consilium,
1039 4950 1145 5004 quo
1169 4933 1483 4989 societatem
1514 4930 1616 4987 sibi
1651 4931 1944 4985 institutam
1972 4944 2058 4984 es—

462 5047 522 5087 se
551 5031 856 5102 bibliopola:
884 5030 1137 5094 fateutur,
1172 5037 1229 5083 ut
1279 5027 1475 5081 latinos
1516 5025 1704 5080 Patres
1739 5038 1803 5078 ac
1848 5033 2057 5078 veteres

463 5124 559 5178 SS.
585 5112 993 5179 Ecclesiastieos
1020 5120 1350 5176 eruditorum
1385 5118 1660 5172 hominum
1690 5116 2061 5171 lucubratione

466 5214 759 5269 ilittslt‘atos
788 5213 1031 5277 ederent,
1071 5224 1324 5267 successu
1372 5210 1610 5263 caruisse
1639 5206 1926 5261 dolendum
1954 5215 2057 5260 est.

465 5306 596 5361 Nam
627 5306 741 5361 lucc
766 5305 930 5360 editio
962 5302 1205 5373 profecto
1238 5312 1349 5355 tum
1380 5299 1569 5355 ordine
1596 5307 1653 5354 et
1688 5298 2062 5353 distributione

467 5411 734 5465 notarum,
769 5416 889 5468 qua:
913 5397 1080 5452 textui
1106 5396 1423 5451 charactere
1453 5394 1644 5449 minori
1685 5393 1947 5446 columnis
1971 5407 2061 5446 se-

466 5496 566 5549 ctis
591 5492 965 5562 subjiciuntur,
997 5500 1106 5544 tum
1149 5490 1454 5543 chartarum
1499 5497 1553 5542 et
1598 5496 1844 5557 typorum
1893 5487 2064 5540 nitore

466 5584 707 5639 omnium
753 5584 1084 5637 literatorum
1126 5581 1371 5649 plausum
1415 5579 1628 5635 meruit.
1690 5577 1880 5631 Priorii
1914 5577 2065 5633 Not-te

469 5679 616 5749 parvi
635 5677 853 5748 quidem
884 5676 1038 5746 pretii
1081 5684 1226 5741 sunt,
1258 5673 1524 5728 laudanda
1553 5682 1753 5738 tamen,
1782 5687 1941 5742 quam
1972 5672 2069 5727 atl-

469 5772 719 5826 ornandac
748 5770 967 5829 editioni
1019 5768 1616 5842 praestitit,diligentia.
1650 5767 1932 5822 Novatiani
1962 5777 2069 5823 tra-

466 5874 641 5925 ctatus
682 5881 750 5924 cx
790 5862 1109 5923 recensione
1152 5860 1461 5919 Pameliana
1491 5870 1544 5918 et
1574 5860 1813 5933 ejusdem
1862 5869 2065 5917 tantum

2157 4759 2214 4815 p.
2241 4742 2368 4799 295.
2410 4739 2593 4797 Venet.
2619 4736 2779 4793 1778.
2816 4753 2835 4786 ι

2881 4830 2908 4884 1
2919 4827 3045 4884 682.

2239 4951 2258 4985 ι
2290 4928 2518 4985 Carmen
2566 4928 2630 4980 de
2666 4922 2805 4979 Jona
2836 4933 2881 4979 et
2924 4922 3112 4976 Ninive
3136 4962 3152 4988 ,
3181 4934 3305 4976 eum
3353 4914 3621 4971 animadv.
3667 4909 3765 4966 Ju-

2161 5032 2265 5088 ret,
2314 5019 2538 5085 Barthii,
2570 5016 2848 5081 Gronovii,
2877 5014 2945 5069 ad
2969 5013 3170 5070 calcem
3203 5009 3435 5066 Paullini
3462 5002 3762 5064 Petricorii,
3783 5012 3812 5041 κ

2166 5117 2367 5174 editum
2394 5132 2422 5169 a
2450 5112 2574 5170 Chr.
2603 5109 2850 5166 Daumio.
2878 5107 3051 5178 Lips.,
3084 5104 3244 5161 in-8".
3277 5124 3297 5157 ι

2882 5200 3045 5259 1682.

2247 5321 2266 5355 ‹
2308 5301 2503 5357 Vensw
2565 5280 2867 5355 annuales
2914 5295 2954 5350 l.
3006 5292 3095 5347 lib.
3146 5292 3213 5344 ad
3266 5284 3559 5356 scripulum,
3607 5281 3771 5334 inter-

2168 5407 2318 5468 prete
2348 5393 2538 5449 Abrah.
2574 5390 3002 5446 Ilinckelmauno.
3035 5381 3271 5445 Luneb.,
3303 5375 3464 5442 l68'2,
3496 5371 3671 5430 iii-1'2.
3702 5369 3769 5424 ab

2167 5487 2358 5546 eodem
2391 5498 2559 5551 vers.,
2592 5482 2713 5538 libr.
2741 5480 2810 5534 ad
2835 5486 3099 5547 martyres,
3135 5470 3307 5529 iri-12.
3343 5487 3366 5514 ι

2654 5568 2655 5571 “
2883 5572 3044 5629 1685.

2172 5682 2175 5683 ⁷
2249 5693 2268 5727 ι
2302 5672 2505 5729 Vsasm
2530 5683 2753 5727 GALLlCA
2784 5666 2869 5722 lll.
2898 5666 3077 5721 Tract.
3111 5664 3180 5722 de
3226 5665 3560 5737 Praescript.,
3609 5665 3774 5721 inter-

2172 5778 2322 5838 prete
2339 5766 2400 5822 D.
2412 5765 2665 5831 lleberto,
2681 5762 2770 5833 qui
2786 5770 2838 5817 et
2854 5769 3112 5816 tractatus
3126 5759 3193 5815 de
3208 5759 3442 5815 velandis
3454 5759 3769 5829 virginibus,

2171 5861 2239 5919 de
2267 5859 2450 5920 habitu
2468 5866 2765 5930 ornatuque
2796 5856 3112 5916 feminarum
3146 5854 3339 5927 gallice
3366 5854 3521 5912 vertit
3561 5853 3767 5911 Paris.»
