4242 6266
369 310 432 370 61
519 273 523 277 ’
918 281 923 285 ’
1826 311 1962 371 ΡΜ

2061 312 2217 371 ΚΤΙΟ.
3617 341 3688 397 62

372 442 425 496 p.
458 424 583 482 376.
616 421 732 479 Cat.
764 421 899 479 Bibl.
937 419 1105 493 Lugd.
1137 421 1197 479 B.
1234 429 1586 494 memoratur,
1620 430 1729 481 tum
1758 428 1964 481 varian-
1998 429 2048 489 Α

372 527 446 573 tes
485 517 744 573 Lectiones
771 513 973 571 Codicis
1014 513 1288 572 Fuldettsis
1316 530 1347 571 a
1367 515 1545 573 Medio
1590 518 1885 590 exscriptas
1912 530 1970 603 et

373 627 493 667 cum
522 610 757 667 editione
786 608 955 677 Junii,
983 624 1035 664 a.
1068 609 1231 677 1597,
1284 612 1517 682 primum
1574 612 1835 683 vulgatas,
1894 631 1962 672 ex

370 702 473 758 isto
494 711 668 757 autem
697 710 941 772 tempore
963 688 1093 755 nulli
1138 700 1250 756 fere
1274 702 1376 756 nisi
1405 702 1738 760 Gotboi‘rcdo
1783 708 1968 778 cogni-

375 803 456 849 tas
483 802 535 850 et
565 810 592 846 a
624 793 722 849 Nic
752 793 983 862 Rigaltio
1006 792 1221 849 demum
1248 794 1300 848 in
1325 810 1478 849 usum
1507 808 1741 864 vocatas,
1775 798 1870 854 sed
1891 799 1966 856 ita

367 897 429 943 ut
452 902 572 959 qum
598 887 699 959 ipsi
728 886 1023 959 placuerint
1046 886 1169 942 inde
1188 886 1570 959 desumpserit,
1603 905 1777 962 neque
1803 891 1965 947 ullam

366 982 723 1053 reliquarum,
751 996 870 1052 qum
913 982 1047 1036 satis
1094 980 1279 1037 multm
1334 992 1510 1061 erant,
1564 984 1615 1039 in
1660 987 1803 1041 notis
1853 987 1966 1044 suis

367 1078 696 1133 mentionem
728 1074 935 1142 fecerit,
969 1089 1136 1146 quare
1180 1076 1312 1131 satis
1340 1075 1619 1132 fecundum
1645 1077 1967 1135 Havercam-

368 1171 456 1241 pio
482 1170 815 1241 spicilegium
839 1178 1181 1239 superesset;
1211 1178 1476 1240 praeterea
1502 1171 1838 1228 Collationem
1864 1174 1963 1230 Co-

367 1264 495 1319 dicis
522 1263 859 1335 Agobardini,
891 1261 1098 1317 diversi
1120 1262 1188 1317 ab
1222 1262 1332 1332 illo,
1364 1280 1428 1319 ex
1469 1280 1576 1336 quo
1606 1281 1799 1337 magna
1826 1268 1966 1323 scri-

365 1368 579 1430 ptorum
603 1359 937 1429 reliquorum
962 1356 1274 1413 Tertulliani
1306 1374 1428 1428 pars
1451 1360 1577 1415 olim
1600 1361 1961 1431 fuitexcitata,

364 1455 462 1508 sed
494 1462 635 1509 nota}
687 1453 822 1508 satis
849 1452 1005 1507 bona:
1032 1461 1085 1507 et
1132 1453 1260 1508 nulli
1288 1464 1411 1510 ante
1465 1456 1640 1526 ipsum
1697 1459 1964 1516 editorum

365 1544 515 1601 Tert.
560 1544 810 1615 inspecti.
859 1543 1086 1598 Collatio
1113 1559 1241 1599 vero
1288 1546 1423 1600 facta
1456 1564 1484 1601 a
1532 1547 1677 1604 Josia
1721 1550 1963 1607 Mereero

365 1638 680 1713 (Agobardi
702 1636 745 1710 ),
776 1637 931 1704 1625,
964 1637 1029 1692 ad
1058 1638 1335 1710 exemplar
1364 1641 1453 1696 ed.
1500 1642 1827 1700 Pameliana:
1868 1662 1962 1702 ex-

361 1740 440 1786 tat
470 1732 524 1785 in
552 1730 687 1785 Bibl.
718 1729 885 1800 Lugd.
912 1728 970 1784 Β.
998 1745 1050 1799 p.
1077 1730 1176 1796 71;
1224 1732 1471 1789 eamdem
1522 1750 1551 1790 a
1596 1736 1763 1792 Paulo
1807 1737 1960 1794 Colo-

358 1823 533 1878 mesio
554 1820 619 1875 ad
643 1836 790 1875 oram
819 1820 903 1876 ed.
931 1821 1248 1892 Rigaltiantc
1291 1824 1618 1897 descriptam
1638 1824 1961 1899 'possidebat
1993 1836 2041 1897 B

360 1917 555 1975 Franc.
585 1916 886 1982 Fabricius,
932 1916 1227 1985 Lugduuus
1257 1918 1588 1992 Tbeologus,
1617 1923 1707 1994 qui
1759 1923 1964 1981 Haver-

361 2010 550 2080 campii
582 2007 769 2065 usibus
810 2008 956 2063 illam
1002 2011 1189 2067 cessit.
1221 2011 1485 2079 Quoniam
1511 2024 1691 2072 autem
1722 2017 1964 2089 aliquan-

360 2110 471 2158 tum
493 2100 602 2173 jam
648 2116 829 2171 operae
880 2114 1291 2172 processerant,
1341 2114 1626 2176 antequam
1667 2124 1727 2164 ea
1760 2110 1963 2166 submi-

358 2198 701 2260 nistraretur,
725 2198 959 2266 priorem
985 2194 1058 2251 IX
1082 2210 1240 2268 capp.
1265 2197 1566 2268 diversitas,
1594 2210 1651 2257 ut
1678 2212 1730 2258 et
1758 2205 1963 2275 integra

322 2267 333 2276 ’
358 2288 470 2345 MS.
499 2288 724 2344 membr.
749 2286 971 2343 secundi
1003 2287 1065 2343 L.
1090 2289 1151 2343 Β.
1173 2267 1411 2359 collatio,
1435 2297 1829 2365 quaeopuseulo
1852 2267 1963 2366 jam

359 2381 427 2438 ad
456 2391 756 2437 extremum
788 2396 1074 2453 progresso
1096 2383 1412 2450 obvenerat,
1463 2376 1815 2445 addendortmt
1842 2391 1964 2448 loco

363 2476 655 2548 praemissa:
677 2483 822 2530 sunt.
852 2475 1050 2531 Nactus
1099 2486 1214 2531 erat
1263 2479 1484 2551 insuper
1534 2480 1647 2536 Jos.
1708 2483 1963 2556 Scaligeri

356 2568 550 2640 a7iquot
602 2571 922 2639 conjecturas
972 2568 1103 2624 edit.
1157 2568 1300 2625 Junii
1351 2572 1687 2645 adscriptas,
1722 2576 1961 2649 aliasque

356 2661 735 2716 emendationes
811 2677 873 2715 ea:
930 2661 1138 2715 vestalis
1187 2661 1351 2718 Codd.
1407 2665 1646 2736 ejusdem
1707 2667 1960 2727 editionis

356 2755 653 2826 exemplari
694 2770 724 2809 a
766 2752 922 2809 Petro
945 2753 1202 2810 Scriverio
1253 2755 1513 2827 adjectas.
1544 2759 1639 2829 His
1672 2768 1847 2817 tamen
1871 2777 1961 2818 co-

352 2852 458 2921 piis
502 2850 924 2920 Ilavercampius
967 2849 1329 2922 Rigaltianum
1364 2863 1566 2911 textum
1621 2857 1960 2914 conﬁrmavit

353 2943 523 3014 magis
552 2960 713 3015 quam
748 2958 939 3025 novam
989 2946 1362 3003 recensionem
1416 2948 1663 3021 procudit
1708 2952 1760 3006 in
1791 2953 1959 3026 expli-

352 3035 539 3090 candis
561 3050 690 3090 vero
721 3020 1388 3109 verbis,illustrandisque,
1409 3020 1529 3112 quae
1556 3042 1620 3097 ad
1650 3041 1953 3113 historiam,

350 3127 560 3211 ritus'ct
579 3129 867 3199 religiones
890 3128 1137 3199 antiquas
1163 3132 1451 3201 pertinent,
1482 3135 1670 3207 insigni
1691 3136 1955 3207 doetrina,

350 3236 520 3294 eaque
545 3238 667 3279 cum
696 3222 904 3293 judicio
930 3231 1247 3297 temperata,
1281 3235 1363 3283 est
1401 3239 1668 3296 versatus,
1699 3233 1826 3287 illud
1858 3234 1954 3288 im-
1983 3248 2027 3312 ρ

351 3316 541 3386 primis
567 3315 840 3371 detexisse
866 3316 1082 3386 gaudet,
1118 3319 1258 3389 quod
1288 3319 1364 3375 bis
1396 3321 1534 3377 idem
1567 3324 1667 3378 hoc
1697 3325 1953 3394 scriptum

350 3409 443 3465 hic
488 3409 599 3463 illic
631 3409 863 3480 paullum
915 3409 967 3464 in
1007 3410 1189 3467 verbis
1230 3420 1286 3467 et
1336 3415 1583 3470 oratione
1616 3416 1953 3474 immutatum

348 3501 501 3556 Tcrt.
554 3500 603 3553 in
659 3498 921 3570 publicum
978 3503 1241 3560 emiserit.
1279 3505 1550 3561 Promittit
1595 3517 1648 3563 et
1691 3509 1957 3581 reliquos;

347 3606 487 3663 quos
516 3591 774 3648 adversus
795 3592 990 3649 Gentes
1018 3595 1180 3650 variis
1222 3597 1388 3653 titulis
1417 3602 1715 3670 composuit
1739 3586 1950 3657 Tet'tul-

347 3685 540 3750 lianus,
587 3684 773 3746 libros,
808 3686 1008 3740 notulis
1049 3696 1103 3741 ct
1156 3688 1382 3745 aliorum
1434 3691 1748 3761 illustratos,
1781 3695 1831 3750 in
1867 3695 1950 3751 bis

346 3777 509 3831 libros
553 3776 617 3831 ad
649 3775 906 3833 Nationes
953 3778 1250 3836 innumeris
1281 3770 1410 3837 locis
1454 3785 1788 3853 emendatos,
1842 3803 1946 3843 una

345 3884 464 3923 cum
500 3869 905 3941 Prolegnmcuis
935 3871 1182 3939 eruditis,
1211 3873 1261 3927 in
1289 3875 1481 3945 quibus
1507 3877 1725 3932 omnino
1754 3879 1820 3934 de
1846 3882 1951 3936 vita

345 3971 395 4016 et
418 3962 631 4033 scriptis
662 3962 777 4033 ejus
808 3962 1027 4019 uberius
1052 3964 1415 4037 disputaturus
1442 3969 1510 4023 sit
1543 3987 1554 4023 :
1588 3986 1706 4041 qum
1738 3988 1835 4027 cur
1865 3974 1947 4027 lu-

343 4068 458 4108 cem
506 4068 610 4107 non
633 4053 986 4123 adSpexerint
1014 4055 1342 4126 ignoramus.
1374 4058 1583 4113 Nummi
1617 4069 1668 4115 et
1698 4062 1798 4116 alia
1844 4078 1951 4119 :rrc

343 4161 620 4217 expressa,
649 4161 749 4217 pro
772 4162 945 4216 more,
993 4165 1152 4220 quem
1189 4160 1311 4206 tunc
1329 4151 1392 4206 ad
1418 4168 1579 4208 unum
1606 4170 1793 4209 omnes
1822 4171 1948 4212 cru-

343 4241 440 4295 diti
463 4242 845 4312 sequebantur,
877 4244 1087 4299 ornatui
1118 4244 1294 4314 potius
1317 4262 1475 4317 quam
1500 4249 1615 4302 usui
1670 4259 1811 4304 sunt.
1865 4251 1950 4306 Ab

342 4334 446 4388 illis
490 4348 622 4389 vero
651 4333 808 4390 ducta
840 4335 1193 4392 dedicationis
1247 4342 1463 4395 occasio
1512 4342 1579 4397 ad
1638 4343 1949 4402 Gualtcrum

341 4426 614 4483 Blockium
654 4426 1021 4501 gazopltylacii
1053 4430 1378 4486 ornatissimi
1411 4448 1802 4500 possessorem.

1065 4525 1229 4581 1719.

419 4633 438 4667 ι
474 4617 737 4690 Anonymi
805 4620 1181 4677 adnotationes
1244 4619 1297 4675 in
1353 4620 1549 4677 librum
1594 4621 1660 4677 de
1698 4623 1951 4682 Oratione

320 4705 548 4763 .Tertul.
602 4740 675 4750 —
732 4710 1036 4784 (Me’moircs
1106 4712 1174 4767 de
1243 4711 1511 4780 Trévoux,
1583 4729 1709 4770 ann.
1788 4716 1947 4784 1719,

336 4801 580 4870 p.190?"
623 4834 695 4844 —
739 4802 959 4861 Journal
1005 4804 1100 4860 des
1140 4811 1376 4873 savants,
1430 4820 1559 4861 ann.
1608 4806 1767 4875 17l9,
1802 4807 1947 4879 (ἰάθη

337 4908 393 4963 p.
425 4893 549 4952 665.
579 4893 599 4969 )
639 4915 657 4949 ι

1061 4970 1219 5027 1721.

414 5075 434 5109 ‹
468 5056 641 5113 Lacu.
685 5058 1086 5117 MAGALOTTI
1136 5064 1320 5118 lettera
1366 5078 1524 5136 sopra
1572 5081 1641 5118 un
1688 5080 1848 5136 passo
1890 5036 1948 5123 di

335 5148 674 5206 Tertulliano’
697 5152 771 5219 (in
803 5152 992 5209 lettere
1020 5155 1311 5212 scientifice
1339 5157 1404 5210 ed
1426 5156 1635 5211 erudite
1662 5156 1748 5211 del
1770 5166 1947 5214 comte

335 5240 627 5312 Magalotti,
660 5259 711 5313 p.
744 5243 1000 5301 192-198.
1036 5246 1284 5313 Firenze,
1314 5238 1519 5319 in-1°.)
1560 5268 1578 5300 ι

1093 5337 1221 5398 722.

1058 5340 1221 5398 1722.

412 5445 430 5478 ι
476 5427 677 5485 Vensw
705 5445 931 5486 meum
984 5431 1026 5485 Ι.
1072 5431 1194 5487 libr.
1224 5430 1636 5504 Prmscription.,
1682 5448 1808 5490 cura
1848 5432 1944 5489 Jo-

333 5518 467 5590 seplt
498 5520 680 5594 Bcrty,
714 5538 835 5579 cum
859 5524 1020 5579 notis.
1051 5524 1251 5594 Oxon.,
1283 5524 1456 5581 ἱππ-12.
1503 5545 1524 5580 ι

1098 5619 1223 5676 722.

1098 5621 1223 5676 722.

413 5726 431 5758 ι
462 5709 593 5765 Ana.
630 5708 870 5767 GREVE
886 5621 1195 5767 Tertulliani
1223 5713 1610 5769 Testimonium
1631 5714 1696 5769 de
1721 5709 1942 5770 Ᾰιποοεώ-

329 5822 406 5856 m
433 5799 648 5859 Christo
689 5817 720 5860 α
762 5800 982 5861 Tiberio
1027 5804 1243 5863 decreta
1298 5805 1602 5865 defensum.
1658 5805 1935 5879 Vitemb.,

331 5891 384 5949 in
422 5888 499 5951 δι”.
539 5909 556 5947 ι

1976 4670 2029 4730 D

2797 442 2956 501 1722.

2153 540 2170 573 ί
2191 520 2360 578 ειπηι.
2390 523 2793 586 AllEUMANNI
2828 534 3081 607 Epistulae
3101 539 3293 612 quibus
3323 547 3681 607 emcndantur

2073 623 2235 686 atque
2279 617 2618 677 illustrantur
2668 627 2958 695 caputlet
3010 630 3053 685 ll
3103 634 3435 706 Apologetici
3482 642 3533 696 in
3568 641 3684 711 ejus

2073 707 2294 778 Pmcile,
2319 720 2355 765 ι.
2388 712 2428 779 Ι,
2455 728 2508 784 p.
2540 713 2731 787 25—55,
2769 720 3023 779 197-212.
3057 723 3225 796 "altu,
3253 728 3413 786 ill-8°.
3457 752 3477 786 ι

2796 814 2958 870 1721.

2151 915 2169 949 1
2196 897 2317 967 Jou.
2350 899 2521 957 Lana.
2546 902 2854 962 MOSllElM
2882 908 3188 968 Comment.
3216 912 3528 990 cbronolog.
3551 918 3679 976 bist.

2071 990 2312 1065 defaetate
2352 996 2684 1068 Apologetici
2714 1000 3033 1059 Tertulliani
3076 1013 3133 1061 et
3175 1007 3325 1063 initio
3358 997 3686 1080 persecutio-

2072 1086 2155 1141 nis
2192 1085 2609 1150 ebristiauorum
2653 1093 2752 1149 sub
2787 1094 3007 1153 Severo.
3051 1097 3305 1167 Helmst.,
3338 1102 3507 1173 ἰπὶ-4ο,
3547 1113 3603 1161 et
3628 1106 3679 1162 in

2072 1180 2188 1252 ejus
2214 1181 2429 1240 dissert.
2458 1185 2525 1241 ad
2555 1185 2758 1245 Histor.
2784 1192 2981 1248 eceles.
3007 1194 3292 1264 pertinent.
3331 1204 3371 1254 t.
3399 1197 3439 1252 l.
3465 1218 3482 1252 ι

2792 1283 2952 1340 1729.

2149 1387 2168 1421 ι
2204 1350 2401 1426 νεῖιςιο
2428 1373 2759 1444 αλιιιελῐν,
2779 1384 2932 1433 tract.
2952 1377 3018 1435 de
3032 1379 3427 1455 Praescription.
3448 1385 3670 1449 prodiit.

2069 1464 2240 1520 Paris.
2295 1467 2447 1521 ἰπὶ-12
2493 1467 2752 1538 (Journal
2788 1470 2883 1527 des
2931 1483 3182 1544 savauts,
3229 1484 3269 1533 t.
3315 1478 3631 1536 LXXXVIII
3659 1524 3675 1543 ,

2070 1570 2124 1628 p.
2155 1554 2308 1627 499).
2335 1557 2399 1613 ν.
2434 1557 2643 1615 Versio.
2692 1562 2815 1617 eod.
2866 1578 3008 1619 anno
3050 1567 3315 1638 prodiisse
3372 1580 3677 1628 memorant

2070 1648 2455 1719 premerides
2486 1652 2827 1723 trivultiante,
2863 1672 3049 1715 mense
3071 1669 3229 1717 mart.
3265 1680 3284 1713 ι

2793 1749 2956 1806 1729.

2148 1850 2166 1885 ε
2201 1832 2373 1889 Locus
2421 1834 2475 1890 in
2528 1834 2840 1895 Tertulliani
2890 1841 3027 1899 libro
3067 1843 3133 1901 de
3171 1846 3674 1921 Przcscriptionibus

2070 1923 2282 1981 advers.
2317 1926 2486 1986 11am.
2519 1943 2641 2000 cap.
2669 1930 2861 1986 XLIX.
2886 1933 3009 1989 Job.
3035 1935 3295 1994 Harduini
3316 1955 3465 2009 cura,
3514 1943 3678 1999 inter-

2070 2027 2308 2089 pretatus
2338 2019 2664 2094 (Mémoires
2695 2024 2761 2083 de
2787 2026 3064 2098 Trévoux,
3109 2047 3199 2087 an.
3232 2033 3391 2100 1729,
3424 2051 3498 2091 m.
3533 2038 3672 2105 mai,

2072 2126 2122 2182 p.
2152 2110 2304 2185 842).
2322 2133 2339 2166 ι

2788 2216 2948 2274 1750.

2144 2315 2164 2351 ι
2208 2298 2271 2354 D.
2302 2315 2487 2360 ιιι-ειυς.
2521 2302 2836 2377 QELLERII
2864 2310 2927 2366 Ο.
2958 2310 3014 2369 S.
3044 2312 3106 2368 B.
3138 2311 3274 2370 llist.
3302 2314 3554 2387 géuérale
3581 2315 3676 2374 des

2073 2404 2185 2450 aut.
2216 2396 2537 2469 ecelésiast,
2567 2411 2695 2471 etc.,
2731 2414 2769 2461 ι.
2805 2406 2865 2462 ΙΙ.
2898 2428 2918 2461 ι
3273 2402 3285 2410 ’

2793 2502 2948 2557 1755.

2150 2601 2169 2637 ‹
2196 2585 2463 2661 Anonymi
2480 2590 2882 2677 observationes
2898 2600 2948 2654 in
2967 2600 3356 2659 Tertullianum
3383 2604 3674 2677 etCypria-

2068 2691 2195 2731 num
2243 2678 2293 2734 in
2350 2681 2641 2741 Miscellan.
2672 2688 2941 2748 observat.
2991 2694 3044 2751 in
3088 2706 3256 2762 auct.,
3289 2697 3395 2754 vol.
3443 2696 3532 2766 Ill,
3565 2704 3602 2754 ι.
3631 2697 3670 2752 1.

2065 2768 2477 2845 Amstelodam.,
2510 2777 2673 2848 in—8°,
2704 2796 2756 2852 p.
2787 2782 2977 2841 45-51.
3018 2806 3038 2841 ι

2787 2879 2947 2936 1755.

2144 2975 2162 3010 ι
2211 2957 2301 3013 1V.
2342 2976 2530 3021 vensro
2559 2982 2782 3025 GALLICA
2809 2970 2930 3027 libr.
2951 2972 3016 3029 ad
3040 2982 3303 3049 martyres
3322 2976 3460 3034 edita
3487 2995 3515 3036 a
3537 2982 3672 3038 Cau-

2067 3049 2198 3108 bere.
2228 3052 2397 3123 Paris,
2429 3056 2479 3112 in
2516 3058 2593 3114 8".
2626 3080 2645 3113 ι

2779 3156 2940 3213 1755.

2149 3256 2169 3289 ι
2201 3238 2324 3295 Jon.
2362 3258 2524 3298 nexa.
2562 3244 3030 3307 BLUMEMBACII
3080 3253 3148 3309 de
3193 3253 3669 3312 Senatusconsulto

2064 3336 2131 3403 ρ.
2187 3334 2448 3404 Septimio
2512 3336 2766 3393 Florente
2815 3341 3137 3414 Presbytero
3202 3353 3257 3402 et
3299 3345 3666 3417 jureconsulm
3708 3420 3717 3423 ν

2062 3427 2409 3484 Tertullianis
2438 3426 2592 3496 liber,
2620 3428 2836 3501 Lipsice,
2874 3432 3036 3491 ἰπὶ-13.
3064 3454 3084 3489 ι

2778 3525 2937 3581 1758.
3022 3518 3025 3523 ’

2137 3615 2296 3698 «Jon.
2332 3631 2530 3672 worse.
2560 3616 2913 3677 HOFMANNI
2948 3620 3252 3679 dissertatio
3300 3626 3361 3694 ρ.
3422 3627 3663 3698 Septimii

2060 3708 2206 3765 Flor.
2238 3695 2591 3778 Tertulliani,
2625 3728 2743 3783 qum
2771 3726 3095 3786 supersunt,
3128 3720 3309 3774 omnia
3356 3721 3406 3775 in
3458 3695 3661 3776 Llouta-

2056 3802 2231 3858 nismo
2258 3802 2466 3872 Scripta
2496 3803 2684 3873 videri,
2719 3806 3092 3882 Vitembergm,
3128 3811 3288 3867 in-d".
3320 3830 3342 3867 ι

2771 3923 2932 3981 1759.

2135 4034 2152 4065 ι
2189 4013 2358 4070 Cum.
2392 4034 2444 4071 Α.
2487 4016 2847 4074 ΗΕΗΜΑΝΝΙ
2879 4020 3285 4088 observationes
3346 4023 3546 4077 criticm
3595 4026 3659 4077 ad

2056 4111 2351 4177 posteriora
2383 4111 2714 4182 Apologetici
2766 4115 2939 4184 capita
2989 4116 3039 4170 in
3087 4115 3309 4172 Misccll.
3351 4117 3607 4188 Groning.
3642 4162 3654 4185 ,

2056 4208 2095 4254 ι.
2132 4200 2197 4268 ll,
2230 4200 2361 4258 fasc.
2387 4204 2441 4272 5,
2473 4219 2525 4274 p.
2554 4205 2860 4262 479—185.
2883 4226 2902 4259 ι

2768 4300 2929 4360 1741.

2134 4406 2152 4438 ι
2175 4386 2307 4444 Cnn.
2341 4389 2636 4449 LOERERI
2653 4394 2840 4467 Progr.
2865 4382 3059 4451 librum
3093 4397 3407 4454 Tertulliani
3438 4397 3506 4454 de
3534 4397 3655 4453 Ραδ-

2056 4480 2277 4537 nitentia
2306 4483 2407 4555 ipsi
2436 4486 2738 4545 vindicans.
2772 4488 2985 4546 Altenb.
3015 4492 3174 4546 1741.
3212 4510 3231 4545 ι

2774 4582 2934 4639 1715.

2135 4688 2153 4722 ¢
2191 4669 2343 4727 Jusr.
2388 4688 2511 4729 can.
2547 4672 3066 4733 WlESENllAUER
3118 4672 3416 4745 Disputatio
3440 4671 3505 4728 de
3528 4669 3656 4729 Jurc

2053 4767 2298 4823 consulto
2318 4778 2374 4822 ‘et
2401 4768 2465 4836 Q.
2497 4768 2644 4839 Sept.
2676 4768 2821 4825 Flor.
2852 4767 3185 4826 Tertulliani.
3212 4766 3480 4824 Hildesitr.
3508 4787 3536 4851 .3

2778 4883 2938 4938 1741.

2126 4974 2225 5029 El).
2248 4973 2472 5030 VENETA
2500 4990 2635 5029 tt.—-
2652 4972 2893 5041 Venetiis,
2920 4975 3052 5045 typis
3083 4973 3329 5046 Gnsparis
3356 4976 3591 5031 Gerurdi.
3615 4976 3649 5030 Γ.

2055 5067 2120 5133 Q.
2152 5068 2211 5123 S.
2244 5067 2327 5122 Fl.
2360 5067 2505 5122 Tert.
2536 5067 2734 5137 Opera.
2767 5067 3060 5124 ——Recusa
3085 5069 3274 5124 PriOrii
3302 5069 3484 5135 editio,
3535 5068 3681 5134 vide

2056 5160 2135 5215 tit.
2166 5159 2252 5215 ed.
2287 5159 2460 5223 1675;
2493 5161 2543 5213 in
2582 5160 2681 5215 hac
2703 5175 2832 5215 vero
2859 5162 3152 5215 novissima
3185 5161 3421 5216 editione
3451 5159 3649 5214 Veneta

2054 5254 2266 5309 additur
2292 5251 2557 5323 Sigebcrti
2584 5252 2936 5326 Havercampi
2970 5252 3399 5309 Commentarius
3422 5252 3471 5305 in
3503 5251 3649 5321 Apu-

2051 5346 2833 5418 logeticum.—Splendidum
2884 5346 3017 5400 artis
3069 5360 3225 5415 opus.
3272 5342 3423 5397 Notae
3487 5343 3652 5397 textui

2057 5441 2437 5511 subjiciuntur.
2484 5440 2862 5510 Apologetieus
2912 5454 2960 5493 c.
2994 5453 3193 5492 comm.
3247 5437 3592 5507 Havercampi
3621 5455 3652 5489 (ι

2055 5533 2250 5587 tuendis
2280 5531 2580 5601 quibusdam
2612 5524 2912 5602 capttr'gulo,
2948 5536 3006 5583 ut
3034 5529 3101 5584 ibi
3133 5528 3365 5594 additur,
3396 5530 3645 5598 peculiari

2056 5626 2210 5680 titulo
2239 5634 2459 5679 ornatus
2499 5631 2581 5679 est
2619 5623 2932 5691 adiectaque
2956 5622 3005 5675 in
3029 5620 3172 5675 calce
3193 5620 3277 5676 Jo.
3312 5620 3472 5675 Laur.
3507 5620 3649 5674 Mos-

2048 5718 2214 5773 bemii
2266 5717 2572 5787 Disquisitio
2615 5715 3211 5784 cbronologico-critica
3245 5714 3311 5769 de
3340 5728 3465 5769 vera
3492 5723 3647 5769 (etate

2047 5807 2255 5879 epnlng.
2282 5824 2309 5861 τι
2342 5807 2671 5862 Tertulliano
2724 5805 3055 5877 conscripti;
3090 5805 3345 5875 initioque
3402 5819 3649 5874 persccu~

2047 5898 2205 5955 tionis
2244 5897 2427 5960 Severi
2464 5913 2476 5951 :
2523 5896 2773 5969 inscripta
2808 5894 2924 5953 viro
2946 5893 3154 5954 clariss.
3208 5894 3387 5968 Sigcb.
3441 5891 3636 5952 llarcr-
