4242 6266
541 359 607 415 67
2091 360 2383 419 ἉΕΡΛΤΙΟ.
3320 392 3325 397 ·
3776 368 3846 426 68

533 484 654 544 gela
676 503 743 512 -—
765 470 816 525 in
852 471 1042 528 Annal.
1088 472 1252 529 Acad.
1297 471 1484 530 Rheno
1507 474 1753 547 -trajcct.
1800 475 1940 531 Ann.
1969 475 2136 533 1825.
2165 481 2219 539 Α
2244 479 2568 548 optimorum
2602 477 2791 535 libror.
2831 478 2991 537 ﬁdem
3039 478 3202 549 edita,
3233 490 3456 540 curante
3484 482 3562 539 Ε.
3594 483 3659 542 G.
3694 484 3848 544 Gers—

538 568 699 627 .1824.
737 587 755 619 ι
1326 586 1345 607 ι

1262 641 1425 697 1825.

612 714 719 791 ἴΑ.
751 734 1080 791 NEANDER
1109 734 1536 807 Antignostikus,
1557 735 1707 792 Geist
1727 736 1825 792 des
1851 736 2137 792 Tertullia-

533 845 632 885 nus
688 828 796 884 und
852 828 1159 901 Einleitung
1215 828 1268 884 in
1317 829 1510 886 dessen
1557 829 1989 897 Schriften,mit
2050 846 2137 886 ar-

534 920 965 993 chaeologischen
1013 921 1121 976 und
1198 921 1794 994 dogmenhistorischen
1868 922 2131 980 Untersu-

533 1014 805 1087 chungen.
835 1014 1003 1085 Berl.,
1041 1014 1207 1071 in-8°.
1244 1034 1262 1070 ι

594 1106 601 1111 ⁴
1267 1106 1426 1164 1825.
1878 1162 1879 1165 η

613 1222 632 1254 ‹
682 1202 880 1258 Vensm
928 1215 1152 1257 GALLICA
1200 1199 1264 1256 V.
1302 1200 1585 1271 Apologet.
1637 1210 1689 1256 et
1732 1197 2131 1269 Prmscription.

534 1294 657 1349 adv.
685 1294 815 1349 hatr.
848 1295 1141 1365 interprete
1194 1292 1262 1349 de
1314 1293 1552 1365 Gourey,
1612 1294 1782 1361 Paris,
1835 1293 1990 1361 iit-8°,
2042 1308 2133 1348 ac-

538 1388 738 1443 curatis
764 1387 1115 1458 argumentis,
1148 1386 1355 1458 exiguis
1384 1402 1446 1442 ac
1466 1385 1872 1457 pauciorihnsin
1905 1394 2130 1454 textum,

532 1480 986 1552 frcquentioribus
1001 1482 1054 1537 in
1083 1482 1343 1538 lectiones
1368 1480 1545 1537 varias
1572 1481 1713 1538 notis
1739 1480 2055 1537 adornatan

1260 1572 1425 1629 1827.
1932 1576 1941 1587 ⁸

613 1685 630 1717 ι
664 1665 983 1722 Tertulliani
1046 1666 1383 1737 Apologetici
1440 1666 1569 1723 edit.
1625 1682 1752 1722 nov.
1799 1681 1921 1722 cum
1981 1681 2126 1723 varr.

534 1756 705 1816 Lcctt.
731 1774 838 1816 JOS.
867 1774 975 1817 IGN.
1006 1760 1287 1816 RITTER.
1315 1759 1590 1830 Eherfeld,
1624 1761 1783 1817 ἰπὶ-8³.
1817 1780 1836 1814 ι

1257 1855 1419 1910 1827.

614 1926 714 2004 .A‘.
746 1963 904 2003 nuru.
939 1945 1209 2004 GEBSER
1246 1946 1500 2004 Biblioth.
1530 1946 1624 2004 lat.
1647 1948 1900 2004 Veterum
1914 1947 2130 2004 Poetar.

533 2041 891 2098 Christianor.
913 2041 1086 2098 Jenac.
1112 2042 1317 2099 Praeter
1341 2043 1573 2114 primum
1603 2052 1807 2101 tomum
1834 2042 1969 2100 nihil
1996 2043 2136 2100 ulte-

533 2136 643 2191 rius
674 2136 890 2207 prodiit.
927 2152 947 2187 ι

1267 2206 1429 2262 1827.

612 2317 631 2352 ι
669 2298 871 2355 Vensm
923 2313 1148 2356 GALLICA
1185 2298 1277 2356 Vl.
1320 2299 1655 2372 Apologetici
1712 2299 1939 2357 Tertull.
1989 2309 2128 2357 auct.

531 2390 581 2447 J.
601 2390 695 2446 Fr.
722 2392 945 2448 'ALLARD
973 2390 1193 2449 human.
1219 2391 1361 2450 liter.
1381 2393 1507 2448 olim
1538 2391 1827 2463 professor.
1856 2408 1956 2450 nec
1978 2392 2136 2465 hujus

534 2483 857 2540 conditionis
897 2485 1235 2551 immemore.
1287 2485 1401 2542 sive
1451 2487 1505 2541 in
1556 2474 1755 2557 praevia
1800 2488 2021 2543 dissert.
2066 2487 2135 2545 de

539 2575 785 2632 laudibus
839 2576 1184 2646 Tertulliani,
1226 2595 1387 2658 quem
1427 2577 1602 2636 Tullio
1667 2588 1722 2635 et
1772 2579 2135 2637 Demosthene

534 2667 694 2740 longe
715 2669 1019 2741 eloquentia
1046 2671 1473 2742 praestantiorem
1504 2671 1698 2740 habet;
1731 2673 1847 2729 sive
1890 2673 1944 2728 in
1989 2673 2132 2730 notis

533 2760 600 2817 ad
622 2762 823 2819 calcem
848 2764 1085 2835 rejectis,
1120 2781 1272 2838 quas,
1308 2766 1554 2838 Septimii
1585 2767 1898 2839 plerumque
1914 2767 2131 2837 oblitus,

532 2853 590 2909 in
620 2854 891 2926 quoslibet
914 2855 1104 2912 obvios
1144 2866 1430 2913 novatores
1460 2859 1773 2930 pugnaciter
1813 2859 2073 2915 immittit.
2108 2878 2127 2913 ι

1175 2950 1506 3010 1827-1829.

610 3061 629 3094 ε
664 3037 762 3098 En.
789 3041 1087 3100 HALLENSIS
1116 3043 1180 3099 Il.
1215 3046 1367 3102 Heia:
1398 3047 1812 3120 Magdeburgicw
1837 3049 1974 3121 apud
2002 3049 2129 3106 Joh.

534 3133 721 3190 Christ.
748 3131 969 3204 Hendei,
996 3136 1187 3193 iterum
1210 3138 1406 3210 prodiit
1430 3140 1482 3197 in
1513 3150 1640 3197 tom.
1672 3139 1763 3211 Vl,
1786 3141 1871 3198 ed.
1899 3143 2130 3201 SeInler.

534 3226 651 3285 Vid.
686 3244 866 3301 supra.
1516 3230 1524 3243 '

1253 3302 1413 3360 1829.

1253 3305 1357 3360 182
1402 3348 1413 3360 .

610 3398 739 3454 «Fe.
768 3398 1052 3456 MUNTER
1076 3305 1649 3459 PrimordiagEcclcsize
1676 3401 1962 3472 Africanar,
1995 3401 2134 3458 llav-

532 3490 654 3557 nitu,
698 3492 859 3559 iit—4°,
891 3508 944 3562 p.
973 3492 1097 3548 128.
1129 3512 1148 3545 ι

561 3606 575 3622 .
1258 3564 1416 3622 1829.

609 3673 627 3706 ι
662 3654 716 3709 In
743 3655 1067 3712 collectione
1088 3656 1288 3713 selecta
1324 3656 1424 3714 SS.
1456 3657 1716 3713 Ecclesiae
1747 3657 1965 3714 Patrum
1987 3674 2133 3715 com-

532 3747 798 3817 plectente
834 3747 1255 3821 exquisitissima
1286 3764 1472 3806 eorum
1504 3765 1630 3821 opp.
1658 3765 1787 3806 cura
1806 3752 1870 3807 A.
1899 3752 1961 3816 Β.
1990 3751 2133 3807 Cail-

532 3839 618 3895 lau
657 3847 711 3896 et
746 3840 815 3895 Μ.
840 3839 906 3896 Ν.
936 3841 996 3897 S.
1042 3839 1282 3907 Guillon,
1332 3841 1581 3911 prodiere
1625 3840 1746 3896 libri
1790 3841 2128 3910 Tertulliani,

533 3933 645 3989 fere
675 3949 862 3991 omnes
883 3936 1126 4007 exceptis
1154 3944 1356 3991 tantum
1387 3950 1478 3991 sex
1503 3936 1695 4007 partim
1722 3936 1907 4004 editis,
1940 3953 2131 4010 nempe

531 4024 599 4081 de
627 4027 837 4095 Anima,
857 4028 925 4084 de
946 4026 1092 4100 Fuga
1113 4028 1165 4083 in
1194 4043 1365 4099 pers.,
1396 4026 1462 4083 de
1481 4027 1761 4093 Pudicitia,
1790 4030 1857 4085 de
1892 4028 2125 4099 Jejunio,

532 4118 599 4175 de
624 4118 905 4176 Exhortat.
935 4121 1111 4177 eastit.
1141 4119 1208 4177 de
1227 4120 1577 4193 Monogamia.
1613 4130 1742 4177 tom.
1768 4121 1857 4191 Vl,
1892 4121 1999 4177 VII.
2031 4141 2049 4176 ι

1258 4216 1419 4273 1852.

611 4325 629 4358 ι
664 4307 863 4364 VERSIO
892 4323 1115 4366 GALLICA
1141 4307 1181 4363 Ι.
1210 4308 1359 4366 Libri
1387 4309 1451 4364 de
1478 4308 1779 4366 Testimonio
1801 4311 2004 4380 (minias,
2037 4313 2127 4384 qui

533 4407 585 4454 et
614 4400 728 4470 ipse
753 4402 966 4457 caeteris
993 4400 1219 4456 Tettull.
1244 4403 1458 4474 scriptis
1489 4403 1755 4474 elegantia
1787 4407 2128 4475 praestantior

534 4492 677 4548 haud
718 4494 982 4565 imparem
1021 4504 1210 4551 nactus
1244 4505 1328 4552 est
1366 4497 1598 4568 primum
1659 4498 2039 4569 interpretem,
2073 4502 2124 4556 in

532 4586 743 4641 Annali.
796 4586 1151 4659 PliilosOpltiaz
1198 4587 1522 4658 Christianas,
1570 4605 1698 4645 ann.
1746 4591 1905 4658 1852,
1938 4608 2125 4649 mense

2245 570 2387 626 duri.
2429 569 2482 626 in
2523 572 2759 627 medium
2793 574 2969 644 posuit
2992 589 3055 631 ac
3088 576 3282 646 publici
3309 576 3444 646 juris
3494 575 3622 634 fecit
3674 577 3841 635 libros

2242 663 2463 720 Tertull.
2515 663 2628 721 fere
2680 682 2888 736 omnes,
2940 668 2993 722 in
3033 667 3169 725 duas
3196 669 3399 725 classes
3439 669 3742 738 distinctos,
3792 678 3846 726 et

2241 770 2368 812 suos
2396 765 2529 812 tom.
2562 758 2772 814 scilicet
2799 758 2843 813 1°
2870 758 3012 814 Libr.
3061 761 3438 832 Apologeticos,
3473 761 3538 818 ad
3558 762 3838 835 Martyres,

2241 848 2308 904 de
2333 849 2637 920 Spectacul.
2668 850 2739 907 de
2764 849 2954 907 ldolol.
2990 852 3272 924 Apologet.
3302 853 3371 909 ad
3397 853 3519 929 Nat.
3551 854 3646 933 lib.
3670 853 3734 923 ll,
3776 855 3846 912 de

2242 939 2464 996 Testim.
2510 942 2693 998 Anim.
2744 943 2812 999 de
2863 943 3073 1000 Corona
3117 945 3228 1003 mil.
3258 945 3326 1003 de
3364 946 3510 1018 Fuga
3552 948 3604 1003 in
3636 962 3844 1018 perscc.

2244 1032 2555 1105 Scorpiace,
2589 1035 2651 1090 ad
2686 1036 2900 1107 Seapul.
2930 1038 3152 1094 2°Libr.
3181 1040 3249 1094 ad
3278 1040 3405 1094 ritus
3432 1050 3478 1095 et
3506 1057 3667 1097 mores
3692 1041 3846 1097 Chri.
3888 1046 3893 1049 '

2238 1126 2458 1180 slianor.
2476 1128 2774 1196 pertinentes
2800 1128 2868 1185 de
2888 1128 3059 1200 Orat.,
3090 1130 3157 1187 de
3183 1131 3436 1201 Patient.,
3461 1131 3528 1188 de
3545 1132 3842 1204 Baptismo,

2238 1220 2309 1277 de
2335 1221 2555 1288 Poenit.,
2605 1222 2671 1277 ad
2725 1222 2828 1278 Ux.
2872 1223 2966 1279 lib.
3016 1222 3092 1291 ll,
3128 1225 3196 1281 de
3242 1222 3402 1280 Cultu
3460 1225 3609 1283 item.
3655 1227 3747 1285 lib.
3780 1228 3841 1297 ll,

2179 1328 2187 1335 '
2238 1316 2305 1371 de
2357 1316 2590 1373 Exhort.
2639 1325 2796 1383 cast.,
2837 1317 2905 1373 de
2943 1318 3178 1390 Monog.,
3224 1318 3291 1376 de
3328 1319 3582 1389 Pudicit.,
3628 1320 3697 1377 de
3751 1321 3846 1378 Je-

2233 1409 2428 1481 juniis,
2475 1410 2543 1467 de
2593 1410 2855 1482 Virginib.
2910 1412 3149 1478 veland.,
3185 1411 3254 1467 de
3310 1412 3499 1469 Pallio.
3536 1444 3610 1457 --—
3638 1414 3848 1471 Prodiit

2238 1500 2354 1558 haec
2410 1503 2576 1559 editio
2629 1504 2827 1559 selecta
2875 1503 3025 1574 Lips.
3067 1503 3229 1560 1859.
3275 1504 3329 1558 2.
3366 1517 3496 1560 tom.
3539 1506 3713 1573 iit-12,
3754 1522 3844 1563 re-

2238 1609 2384 1651 cens.
2432 1595 2496 1650 E.
2542 1594 2604 1650 F.
2643 1594 2910 1653 LEOPOLD.
2950 1596 3090 1652 Phil.
3118 1613 3171 1653 ι).
3200 1613 3288 1651 AA.
3314 1613 3390 1652 m.
3419 1598 3471 1652 in
3504 1613 3689 1670 gymn.
3730 1600 3845 1654 An-

2240 1695 2461 1765 naherg.
2493 1696 2761 1768 Prtecept.
2787 1695 2970 1752 ordin.
3003 1695 3294 1753 Laudanda
3323 1711 3457 1753 sane
3486 1705 3541 1754 et
3575 1698 3841 1768 recensio,

2241 1793 2310 1849 ob
2331 1794 2507 1847 textus
2536 1789 2863 1856 castitatem,
2907 1797 2962 1845 et
3006 1789 3172 1845 editio
3207 1789 3278 1845 ob
3304 1787 3541 1845 chartar.
3586 1799 3643 1846 et
3672 1801 3843 1862 typor.
3910 1861 3916 1868 Π

2162 1886 2210 1947 Β
2238 1886 2493 1949 nitorem,
2527 1882 2675 1938 nullo
2696 1897 2826 1939 vero
2853 1883 3263 1951 commentario,
3319 1882 3609 1941 lectionum
3639 1893 3845 1941 tantum

2241 1978 2501 2034 varietate
2519 1975 2797 2032 adornata.
3218 2054 3221 2055 ν

2964 2071 3123 2131 1859.

2327 2186 2346 2221 ι
2384 2167 2449 2223 Ε.
2479 2166 2541 2222 F.
2600 2164 2919 2223 LEOPOLD
2956 2165 3134 2222 Uebcr
3172 2166 3259 2222 die
3282 2164 3557 2225 Ursachen
3598 2166 3696 2227 der
3727 2181 3847 2228 rer-

2246 2259 2524 2314 dorbenen
2560 2258 2788 2313 latinitat
2832 2258 2915 2313 hei
2960 2258 3059 2313 dcc
3104 2258 3517 2315 schriftslellern
3548 2262 3685 2318 nach
3721 2263 3845 2321 dem

2242 2351 2500 2409 Zeitalter
2523 2349 2579 2407 d.
2604 2351 2669 2406 K.
2698 2352 2991 2422 Augustus,
3027 2350 3452 2422 hauptsmehlicb
3480 2353 3565 2409 bei
3589 2355 3691 2409 den
3722 2354 3845 2409 Kir-

2241 2444 2619 2512 chcnvaetcrn,
2676 2443 2773 2498 mit
2819 2442 3148 2499 besundcrer
3196 2443 3704 2517 heriicksichtigung
3748 2446 3845 2502 des

2246 2539 2543 2595 Tertullian
2598 2539 2789 2593 inserta
2822 2536 2886 2593 V.
2917 2535 2974 2593 S.
3000 2536 3065 2592 V.
3095 2536 3302 2609 lligenii
3336 2537 3665 2595 Zeitschrift.
3712 2538 3751 2594 Γ.
3788 2538 3843 2595 d.

2239 2633 2428 2692 hister.
2461 2630 2679 2702 ’l‘heul.,
2704 2631 2809 2687 vnl.
2844 2630 2981 2699 Vlll,
3009 2647 3063 2702 p.
3094 2631 3120 2697 1
3148 2645 3197 2688 e.
3241 2646 3360 2705 sqq.
3390 2631 3538 2703 Lips.
3569 2649 3587 2684 ι

2848 2741 2852 2747 ’
2953 2720 3110 2777 1842.

2318 2836 2335 2871 ‹
2366 2814 2724 2872 Novissimam
2754 2829 2817 2869 ac
2848 2813 3255 2884 amplissimam,
3275 2830 3398 2887 qua:
3431 2813 3691 2872 hactenus
3714 2831 3841 2887 pro-

2239 2900 2397 2964 dierit
2416 2950 2430 2976 ,
2462 2906 2778 2963 Tertulliani
2808 2920 3032 2978 operum
3062 2906 3172 2962 fere
3203 2907 3577 2963 universorum
3626 2908 3838 2965 versio-

2236 3000 2360 3071 nem
2386 3001 2641 3058 Gallicam
2693 3002 3000 3072 nuperrime
3048 2999 3214 3057 edidit
3247 3001 3312 3056 D.
3347 3001 3421 3057 De
3465 3001 3755 3071 Genoude,
3788 3002 3843 3059 in

2239 3112 2332 3153 sua
2364 3095 2783 3176 chrestomathia
2813 3095 3113 3163 Patristica,
3144 3097 3229 3151 cui
3256 3096 3566 3153 tituluszles
3589 3096 3753 3176 Peres
3775 3097 3845 3154 de

2236 3188 2690 3259 l’Eglisetraduits
2704 3171 3033 3255 entrancais,
3061 3196 3096 3241 t.
3130 3187 3252 3257 XII,
3287 3188 3456 3254 Paris,
3486 3188 3539 3245 in
3567 3188 3647 3245 8°.
3676 3171 3843 3260 lfujus

2159 3292 2203 3356 ρ
2237 3290 2418 3338 autem
2457 3282 2754 3348 versionis,
2785 3297 2904 3353 qua:
2933 3280 3068 3337 duos
3090 3288 3144 3337 et
3168 3280 3355 3353 viginti
3385 3282 3681 3352 praecipuos
3706 3281 3841 3339 Ter—

2239 3373 2444 3431 tulliani
2496 3374 2662 3430 libros
2716 3374 2975 3439 continet,
3036 3379 3224 3429 auctor
3269 3382 3353 3429 est
3399 3373 3464 3428 ll.
3500 3373 3753 3430 DENAIN
3776 3373 3843 3431 de

2236 3466 2479 3539 Septimii
2526 3467 2696 3523 nostri
2748 3466 3005 3522 studiosis
3032 3466 3170 3523 bene
3207 3468 3460 3535 meritus,
3489 3459 3734 3525 no‘tarutn
3765 3478 3842 3525 ta-

2236 3574 2359 3614 men
2411 3560 2632 3615 omnino
2681 3573 2894 3629 expcrs,
2954 3568 3008 3613 et
3062 3560 3239 3615 omnis
3279 3562 3649 3616 commentarii
3694 3561 3840 3617 mole

2234 3649 2536 3721 expeditus,
2563 3650 2782 3721 elegans
2825 3650 3167 3721 potiusquam
3216 3650 3509 3707 ﬁdissimus
3544 3653 3837 3723 interpres,

2234 3745 2322 3815 qui
2347 3743 2594 3801 africanre
2620 3744 2847 3815 loquela:
2872 3744 3214 3815 asperitatem
3265 3745 3568 3820 splendenti
3629 3747 3840 3802 ornavit

2234 3852 2509 3902 sermone,-
2539 3839 2860 3910 egregiaque
2900 3837 3167 3895 interdum
3195 3848 3246 3896 et
3268 3839 3334 3895 ad
3356 3840 3532 3897 vivum
3578 3855 3836 3912 expressa

2235 3927 2681 4000 interpretatione
2714 3930 3000 3986 recreavit.
3016 3949 3033 3983 ι

2964 4019 3123 4078 1815.

2303 4114 2397 4169 llis
2424 4113 2580 4186 igitur
2610 4114 2853 4172 deductis
2886 4129 2978 4187 per
3021 4117 3184 4173 multa
3224 4129 3369 4174 retro
3399 4118 3594 4175 saecula
3643 4119 3827 4178 litera-

2230 4207 2324 4263 riis
2347 4208 2661 4264 Tertulliani
2690 4210 2970 4266 annalibus
2996 4212 3155 4268 linem
3182 4213 3626 4286 qualemcumque
3648 4216 3821 4287 impo-

2230 4310 2323 4355 net
2344 4300 2458 4356 hmc
2488 4316 2624 4356 nava
2650 4301 3070 4361 PARISIENSIS
3095 4305 3342 4374 EDlTlO,
3400 4323 3558 4377 quam
3605 4318 3727 4379 post
3754 4316 3832 4365 tot

2229 4396 2456 4453 aliorum
2488 4406 2542 4453 et
2570 4405 2836 4453 tantorum
2865 4398 3077 4456 labores
3121 4400 3241 4457 ideo
3282 4400 3614 4459 conﬁdenter
3642 4418 3832 4475 aggre-

2229 4487 2427 4553 dimur,
2476 4490 2617 4559 quod
2652 4490 2779 4547 nihil
2818 4492 2918 4546 nisi
2966 4494 3200 4548 alienum
3252 4509 3315 4550 ac
3361 4505 3655 4551 mutuatum
3700 4512 3833 4566 prcc-

2229 4589 2456 4637 stamus.
2485 4582 2555 4637 Ut
2578 4583 2721 4638 enim
2744 4600 2806 4640 ex
2835 4584 2897 4639 iis
2928 4602 3044 4656 qum
3075 4586 3335 4642 hactenus
3361 4603 3524 4658 opera
3551 4589 3832 4645 Tertullia-

531 4678 712 4746 Junio,
759 4678 941 4736 fascic.
987 4680 1092 4749 24,
1120 4680 1211 4736 uhi
1250 4681 1555 4752 interpretis
1603 4684 1856 4753 anonymi
1904 4699 2119 4753 nomen,
2147 4695 2203 4756 D
2230 4675 2284 4729 ni
2314 4674 2649 4730 elucidarunt
2678 4675 2812 4731 nihil
2840 4676 3092 4733 duximus
3142 4678 3497 4736 omittendum
3528 4697 3543 4745 ;
3579 4682 3650 4737 ita
3693 4681 3825 4737 nihil

531 4771 713 4842 iniquo
754 4772 879 4843 jure
909 4773 1201 4829 lectoribus
1227 4774 1622 4840 absconditum,
1654 4776 1846 4831 merito
1872 4775 2126 4848 deinceps

2231 4770 2353 4825 novi
2388 4812 2402 4836 ,
2432 4770 2517 4825 vel
2537 4770 2757 4826 inauditi
2815 4771 3170 4829 adserendum
3215 4774 3445 4830 libenter
3490 4775 3826 4848 profitemur.

531 4862 581 4915 in
614 4863 788 4918 indice
823 4864 1105 4936 detegitur,
1170 4866 1233 4922 ι).
1288 4882 1480 4939 nempe
1526 4865 1737 4923 MELCII.
1782 4883 1850 4923 nu
1906 4869 2014 4926 LAC
2056 4887 2123 4926 DE

2231 4863 2491 4935 Equidem
2544 4866 2596 4920 in
2663 4862 2764 4921 hoc
2816 4876 3024 4932 nostro,
3079 4866 3456 4941 quodcumque
3501 4870 3614 4935 sit,
3666 4884 3828 4939 opere

530 4953 853 5011 lllon'rven'r.
886 4974 905 5008 ι
1260 5032 1268 5033 7
1560 4947 1565 4952 ’
2226 4957 2578 5015 describenda
2615 4958 2870 5014 lectorem
2892 4960 2983 5015 diu
3011 4960 3205 5016 morari
3236 4962 3506 5018 noluimus
3536 4978 3550 5029 ;
3580 4977 3824 5033 qmenam

1249 5030 1409 5087 “554'
1460 5124 1464 5125 ν
2226 5058 2402 5106 tamen
2430 5050 2551 5105 huic
2588 5051 2805 5106 editioni
2835 5055 3163 5110 accesserint
3190 5030 3827 5125 additamenta,—qualis-

601 5120 915 5217 Τθΐῑυῖιῖαηί
946 5121 1146 5217 Ψπίάθ
1168 5123 1664 5217 Ρτωεοῖὶι)ξίοηῐι›ιιε
1684 5126 1806 5184 adV-
1837 5128 2026 5186 ιιωνθι-
2052 5129 2118 5188 de
2223 5157 2288 5199 re
2316 5152 2490 5199 textus
2513 5144 2757 5201 recensio
2783 5147 2959 5215 potior
2984 5146 3270 5213 habeatur,
3305 5144 3569 5204 undenam
3602 5120 3821 5217 petieri-

527 5213 820 5287 liaptismo,
854 5214 923 5272 de
954 5215 1296 5283 Pceniteutia,
1333 5216 1400 5272 de
1421 5215 1705 5286 Oratione,
1735 5221 1961 5276 seorsim
1989 5221 2119 5277 editi

2231 5252 2342 5292 mus
2366 5247 2654 5307 perpetuos
2694 5238 3109 5293 commentarios
3141 5280 3156 5305 ,
3211 5237 3368 5308 paulo
3391 5236 3561 5297 fusius
3613 5237 3824 5296 dicendi

521 5319 668 5379 sunt:
696 5312 972 5383 prmmissa
1002 5309 1315 5381 prmfalione
1345 5311 1682 5382 germanical
1717 5312 2016 5386 sumptibus
2053 5330 2116 5371 ac
2217 5331 2428 5387 animus
2455 5339 2536 5388 CSI
2565 5345 2628 5389 ac
2648 5330 2943 5388 necessitas
2974 5330 3249 5387 incumbit.

521 5405 660 5477 typis
684 5405 870 5478 Aloys.
902 5404 1255 5475 Attenkover,
1287 5404 1447 5473 1854,
1478 5404 1639 5462 in-8°.

1240 5498 1403 5554 1858.

588 5590 651 5647 C.
680 5590 817 5649 JOS.
849 5589 1121 5650 HESELE
1168 5498 1457 5648 Tui-(suaet:
1486 5592 1564 5648 ala
1592 5591 1857 5665 Apologet.
1882 5596 1937 5650 in
1971 5593 2111 5667 Drey

518 5694 573 5740 ct
617 5686 709 5742 all.
743 5686 1013 5760 Tubingcr
1038 5685 1301 5759 Theolog.
1343 5685 1584 5757 quartals
1611 5685 1836 5744 Schril't.
1862 5718 1934 5729 —-
1958 5687 2019 5744 P.
2049 5686 2107 5755 l,

519 5792 570 5848 p.
606 5778 696 5835 50.

2745 5488 3132 5572 AanCULus
3182 5509 3271 5568 1v.

2600 5646 2679 5703 De
2715 5664 2844 5705 nova
2885 5648 3104 5705 editione
3135 5646 3437 5707 Parisiensi.

1312 5851 1377 5889 πη
2145 5806 2148 5811 ’
2228 5845 2261 5889 -_
2288 5804 2688 5889 Coalescithtec
2718 5806 2882 5889 editio
2908 5816 3090 5889 postea
3115 5823 3180 5863 ex
3211 5808 3378 5865 tribus
3404 5805 3638 5878 partibus
3662 5819 3817 5889 seo_r-
3915 5863 3925 5871 ,

518 5927 525 5939 ,
589 5943 664 5950 μ
688 5944 719 5950 __
784 5942 797 5950 _
959 5943 1038 5950 __
1193 5946 1204 5950 _
1238 5851 1398 5950 ίβδθξ
1612 5946 1621 5950 Α
1856 5946 1867 5950 _
2095 5946 2108 5950 _
2217 5878 2318 5934 eim
2338 5878 2646 5933 ordinaudis
2663 5893 2723 5950 ac
2746 5851 3134 5944 tlescrihendis,
3160 5894 3352 5950 nempe
3380 5851 3487 5932 tum
3538 5893 3602 5931 ex
3631 5881 3816 5950 prole-

589 5942 914 6004 Bibliothcca
959 5943 1064 6001 PP.
1096 5945 1581 6004 ecclesiasticormn
1612 5946 1758 6002 latin.
1793 5946 2010 6018 selecta,
2045 5946 2112 6004 ad
2215 5951 2456 6023 gmncnis
2505 5949 2851 6022 quihusdam,
2905 5960 3015 6007 tum
3043 5942 3390 6023 ex‘pluriinis
3434 5942 3815 6022 appendicibus
