  <div class='ocr_page' id='page_1' title='image "/cluster/home/n/w/nwhite01/storage/ocr_20150623/1/hvd.32044054128335/040.png"; bbox 0 0 4242 6266; ppageno 0'>
   <div class='ocr_carea' id='block_1_1' title="bbox 309 366 3622 428">
    <p class='ocr_par' dir='ltr' id='par_1_1' title="bbox 309 366 3622 428">
     <span class='ocr_line' id='line_1_1' title="bbox 309 366 3622 428; baseline 0.001 -3"><span class='ocrx_word' id='word_1_1' title='bbox 309 367 379 425; x_wconf 77' lang='grc'><strong>69</strong></span> <span class='ocrx_word' id='word_1_2' title='bbox 1749 366 2157 425; x_wconf 64' lang='lat' dir='ltr'><strong>.PlleFATlO.</strong></span> <span class='ocrx_word' id='word_1_3' title='bbox 3552 369 3622 428; x_wconf 83' lang='lat'><strong>70</strong></span> 
     </span>
    </p>
   </div>
   <div class='ocr_carea' id='block_1_2' title="bbox 313 478 3622 554">
    <p class='ocr_par' dir='ltr' id='par_1_2' title="bbox 313 478 3622 554">
     <span class='ocr_line' id='line_1_2' title="bbox 313 478 3622 554; baseline 0.001 -18"><span class='ocrx_word' id='word_1_4' title='bbox 313 483 454 537; x_wconf 86' lang='lat' dir='ltr'><strong>inter</strong></span> <span class='ocrx_word' id='word_1_5' title='bbox 494 495 624 553; x_wconf 81' lang='lat' dir='ltr'><strong>quas</strong></span> <span class='ocrx_word' id='word_1_6' title='bbox 669 480 790 537; x_wconf 92' lang='lat' dir='ltr'><strong>hinc</strong></span> <span class='ocrx_word' id='word_1_7' title='bbox 819 488 870 537; x_wconf 91' lang='lat' dir='ltr'><strong>et</strong></span> <span class='ocrx_word' id='word_1_8' title='bbox 917 479 1038 536; x_wconf 88' lang='lat' dir='ltr'><strong>inde</strong></span> <span class='ocrx_word' id='word_1_9' title='bbox 1067 478 1301 536; x_wconf 88' lang='lat' dir='ltr'><strong>decurrit</strong></span> <span class='ocrx_word' id='word_1_10' title='bbox 1344 479 1549 550; x_wconf 79' lang='lat' dir='ltr'><strong>integer</strong></span> <span class='ocrx_word' id='word_1_11' title='bbox 1599 479 1912 535; x_wconf 86' lang='lat' dir='ltr'><strong>Tertulliani</strong></span> <span class='ocrx_word' id='word_1_12' title='bbox 1939 487 1993 546; x_wconf 78' lang='grc' dir='ltr'><strong>Α</strong></span> <span class='ocrx_word' id='word_1_13' title='bbox 2019 485 2213 540; x_wconf 78' lang='lat' dir='ltr'><strong>emisas</strong></span> <span class='ocrx_word' id='word_1_14' title='bbox 2237 479 2681 554; x_wconf 77' lang='lat' dir='ltr'><strong>ttobisinCttmlial</strong></span> <span class='ocrx_word' id='word_1_15' title='bbox 2711 495 2872 554; x_wconf 81' lang='lat' dir='ltr'><strong>agere</strong></span> <span class='ocrx_word' id='word_1_16' title='bbox 2913 487 3091 554; x_wconf 82' lang='lat' dir='ltr'><strong>grates</strong></span> <span class='ocrx_word' id='word_1_17' title='bbox 3116 482 3622 540; x_wconf 79' lang='lat' dir='ltr'><strong>benevolentissimo</strong></span> 
     </span>
    </p>
   </div>
   <div class='ocr_carea' id='block_1_3' title="bbox 313 554 1913 618">
    <p class='ocr_par' dir='ltr' id='par_1_3' title="bbox 313 554 1913 618">
     <span class='ocr_line' id='line_1_3' title="bbox 313 554 1913 618; baseline 0 -12"><span class='ocrx_word' id='word_1_18' title='bbox 313 563 530 618; x_wconf 82' lang='lat' dir='ltr'><strong>textus,</strong></span> <span class='ocrx_word' id='word_1_19' title='bbox 577 555 831 610; x_wconf 82' lang='lat' dir='ltr'><strong>varietate</strong></span> <span class='ocrx_word' id='word_1_20' title='bbox 877 554 1162 608; x_wconf 85' lang='lat' dir='ltr'><strong>lectionum</strong></span> <span class='ocrx_word' id='word_1_21' title='bbox 1207 568 1269 609; x_wconf 92' lang='lat' dir='ltr'><strong>ac</strong></span> <span class='ocrx_word' id='word_1_22' title='bbox 1305 555 1474 607; x_wconf 91' lang='lat' dir='ltr'><strong>multo</strong></span> <span class='ocrx_word' id='word_1_23' title='bbox 1527 554 1913 608; x_wconf 87' lang='lat' dir='ltr'><strong>commentario</strong></span> 
     </span>
    </p>
   </div>
   <div class='ocr_carea' id='block_1_4' title="bbox 311 623 625 681">
    <p class='ocr_par' dir='ltr' id='par_1_4' title="bbox 311 623 625 681">
     <span class='ocr_line' id='line_1_4' title="bbox 311 623 625 681; baseline 0 -3"><span class='ocrx_word' id='word_1_24' title='bbox 311 623 625 681; x_wconf 82' lang='lat' dir='ltr'><strong>illustratus.</strong></span> 
     </span>
    </p>
   </div>
   <div class='ocr_carea' id='block_1_5' title="bbox 383 694 1918 769">
    <p class='ocr_par' dir='ltr' id='par_1_5' title="bbox 383 694 1918 769">
     <span class='ocr_line' id='line_1_5' title="bbox 383 694 1918 769; baseline -0.002 -18"><span class='ocrx_word' id='word_1_25' title='bbox 383 697 456 769; x_wconf 86' lang='lat' dir='ltr'><strong>lu</strong></span> <span class='ocrx_word' id='word_1_26' title='bbox 489 696 664 769; x_wconf 84' lang='lat' dir='ltr'><strong>primo</strong></span> <span class='ocrx_word' id='word_1_27' title='bbox 713 695 898 751; x_wconf 92' lang='lat' dir='ltr'><strong>limine</strong></span> <span class='ocrx_word' id='word_1_28' title='bbox 925 711 1245 753; x_wconf 79' lang='lat' dir='ltr'><strong>conservare</strong></span> <span class='ocrx_word' id='word_1_29' title='bbox 1273 711 1336 752; x_wconf 90' lang='lat' dir='ltr'><strong>ac</strong></span> <span class='ocrx_word' id='word_1_30' title='bbox 1377 696 1520 769; x_wconf 84' lang='lat' dir='ltr'><strong>typis</strong></span> <span class='ocrx_word' id='word_1_31' title='bbox 1567 694 1918 750; x_wconf 89' lang='lat' dir='ltr'><strong>inamandare</strong></span> 
     </span>
    </p>
   </div>
   <div class='ocr_carea' id='block_1_6' title="bbox 310 768 1916 838">
    <p class='ocr_par' dir='ltr' id='par_1_6' title="bbox 310 768 1916 838">
     <span class='ocr_line' id='line_1_6' title="bbox 310 768 1916 838; baseline -0.002 -15"><span class='ocrx_word' id='word_1_32' title='bbox 310 768 820 838; x_wconf 80' lang='lat' dir='ltr'><strong>religioniduximus</strong></span> <span class='ocrx_word' id='word_1_33' title='bbox 847 785 1202 826; x_wconf 72' lang='lat' dir='ltr'><strong>TERTULLIANI</strong></span> <span class='ocrx_word' id='word_1_34' title='bbox 1231 768 1410 824; x_wconf 74' lang='lat' dir='ltr'><strong>vrust</strong></span> <span class='ocrx_word' id='word_1_35' title='bbox 1445 783 1547 828; x_wconf 74' lang='lat' dir='ltr'><strong>ean</strong></span> <span class='ocrx_word' id='word_1_36' title='bbox 1597 783 1794 823; x_wconf 74' lang='lat' dir='ltr'><strong>VIGINTI</strong></span> <span class='ocrx_word' id='word_1_37' title='bbox 1847 782 1916 820; x_wconf 77' lang='grc' dir='ltr'><strong>ετ</strong></span> 
     </span>
    </p>
   </div>
   <div class='ocr_carea' id='block_1_7' title="bbox 311 839 1918 905">
    <p class='ocr_par' dir='ltr' id='par_1_7' title="bbox 311 839 1918 905">
     <span class='ocr_line' id='line_1_7' title="bbox 311 839 1918 905; baseline -0.001 -11"><span class='ocrx_word' id='word_1_38' title='bbox 311 853 553 903; x_wconf 73' lang='lat' dir='ltr'><strong>ocnuon</strong></span> <span class='ocrx_word' id='word_1_39' title='bbox 580 854 748 895; x_wconf 66' lang='lat' dir='ltr'><strong>annos</strong></span> <span class='ocrx_word' id='word_1_40' title='bbox 778 856 805 894; x_wconf 94' lang='lat' dir='ltr'><strong>a</strong></span> <span class='ocrx_word' id='word_1_41' title='bbox 835 840 1074 897; x_wconf 89' lang='lat' dir='ltr'><strong>Pamclio</strong></span> <span class='ocrx_word' id='word_1_42' title='bbox 1099 843 1495 905; x_wconf 72' lang='lat' dir='ltr'><strong>concinnatam,</strong></span> <span class='ocrx_word' id='word_1_43' title='bbox 1528 839 1777 896; x_wconf 81' lang='lat' dir='ltr'><strong>brevibus</strong></span> <span class='ocrx_word' id='word_1_44' title='bbox 1804 847 1918 892; x_wconf 87' lang='lat' dir='ltr'><strong>tan-</strong></span> 
     </span>
    </p>
   </div>
   <div class='ocr_carea' id='block_1_8' title="bbox 311 909 1919 982">
    <p class='ocr_par' dir='ltr' id='par_1_8' title="bbox 311 909 1919 982">
     <span class='ocr_line' id='line_1_8' title="bbox 311 909 1919 982; baseline -0.002 -16"><span class='ocrx_word' id='word_1_45' title='bbox 311 921 426 966; x_wconf 87' lang='lat' dir='ltr'><strong>tum</strong></span> <span class='ocrx_word' id='word_1_46' title='bbox 455 911 541 966; x_wconf 88' lang='lat' dir='ltr'><strong>hic</strong></span> <span class='ocrx_word' id='word_1_47' title='bbox 584 911 693 966; x_wconf 91' lang='lat' dir='ltr'><strong>illic</strong></span> <span class='ocrx_word' id='word_1_48' title='bbox 732 913 994 982; x_wconf 65' lang='lat' dir='ltr'><strong>I‘CSj)el&#39;SlS</strong></span> <span class='ocrx_word' id='word_1_49' title='bbox 1021 912 1476 976; x_wconf 71' lang='lat' dir='ltr'><strong>annotationibus,</strong></span> <span class='ocrx_word' id='word_1_50' title='bbox 1512 925 1574 964; x_wconf 91' lang='lat' dir='ltr'><strong>ae</strong></span> <span class='ocrx_word' id='word_1_51' title='bbox 1597 909 1785 982; x_wconf 89' lang='lat' dir='ltr'><strong>sedulo</strong></span> <span class='ocrx_word' id='word_1_52' title='bbox 1824 924 1919 982; x_wconf 93' lang='lat' dir='ltr'><strong>_re—</strong></span> 
     </span>
    </p>
   </div>
   <div class='ocr_carea' id='block_1_9' title="bbox 311 980 1918 1051">
    <p class='ocr_par' dir='ltr' id='par_1_9' title="bbox 311 980 1918 1051">
     <span class='ocr_line' id='line_1_9' title="bbox 311 980 1918 1051; baseline -0.001 -13"><span class='ocrx_word' id='word_1_53' title='bbox 311 996 475 1038; x_wconf 82' lang='lat' dir='ltr'><strong>censa</strong></span> <span class='ocrx_word' id='word_1_54' title='bbox 521 980 883 1039; x_wconf 78' lang='lat' dir='ltr'><strong>consularium</strong></span> <span class='ocrx_word' id='word_1_55' title='bbox 941 983 1169 1038; x_wconf 91' lang='lat' dir='ltr'><strong>fastuum</strong></span> <span class='ocrx_word' id='word_1_56' title='bbox 1201 985 1362 1046; x_wconf 89' lang='lat' dir='ltr'><strong>serie,</strong></span> <span class='ocrx_word' id='word_1_57' title='bbox 1409 983 1463 1037; x_wconf 91' lang='lat' dir='ltr'><strong>in</strong></span> <span class='ocrx_word' id='word_1_58' title='bbox 1496 980 1918 1051; x_wconf 68' lang='lat' dir='ltr'><strong>praecedentibus</strong></span> 
     </span>
    </p>
   </div>
   <div class='ocr_carea' id='block_1_10' title="bbox 299 1054 1923 1124">
    <p class='ocr_par' dir='ltr' id='par_1_10' title="bbox 299 1054 1923 1124">
     <span class='ocr_line' id='line_1_10' title="bbox 299 1054 1923 1124; baseline -0.001 -16"><span class='ocrx_word' id='word_1_59' title='bbox 299 1054 644 1124; x_wconf 36' lang='lat' dir='ltr'><strong>.editionibus</strong></span> <span class='ocrx_word' id='word_1_60' title='bbox 665 1056 800 1110; x_wconf 88' lang='lat' dir='ltr'><strong>mire</strong></span> <span class='ocrx_word' id='word_1_61' title='bbox 831 1055 1148 1120; x_wconf 88' lang='lat' dir='ltr'><strong>disturbata,</strong></span> <span class='ocrx_word' id='word_1_62' title='bbox 1180 1056 1461 1117; x_wconf 84' lang='lat' dir='ltr'><strong>truncatis,</strong></span> <span class='ocrx_word' id='word_1_63' title='bbox 1491 1054 1923 1124; x_wconf 80' lang='lat' dir='ltr'><strong>inauditisveno-</strong></span> 
     </span>
    </p>
   </div>
   <div class='ocr_carea' id='block_1_11' title="bbox 313 1123 1918 1196">
    <p class='ocr_par' dir='ltr' id='par_1_11' title="bbox 313 1123 1918 1196">
     <span class='ocr_line' id='line_1_11' title="bbox 313 1123 1918 1196; baseline -0.003 -14"><span class='ocrx_word' id='word_1_64' title='bbox 313 1125 548 1182; x_wconf 82' lang='lat' dir='ltr'><strong>minibus</strong></span> <span class='ocrx_word' id='word_1_65' title='bbox 573 1125 812 1194; x_wconf 86' lang='lat' dir='ltr'><strong>horrida,</strong></span> <span class='ocrx_word' id='word_1_66' title='bbox 839 1141 938 1182; x_wconf 89' lang='lat' dir='ltr'><strong>nec</strong></span> <span class='ocrx_word' id='word_1_67' title='bbox 959 1127 1122 1182; x_wconf 89' lang='lat' dir='ltr'><strong>ctiam</strong></span> <span class='ocrx_word' id='word_1_68' title='bbox 1153 1142 1297 1182; x_wconf 91' lang='lat' dir='ltr'><strong>nunc</strong></span> <span class='ocrx_word' id='word_1_69' title='bbox 1311 1134 1527 1196; x_wconf 84' lang='lat' dir='ltr'><strong>purgata</strong></span> <span class='ocrx_word' id='word_1_70' title='bbox 1551 1125 1670 1179; x_wconf 87' lang='lat' dir='ltr'><strong>labe</strong></span> <span class='ocrx_word' id='word_1_71' title='bbox 1691 1123 1918 1194; x_wconf 84' lang='lat' dir='ltr'><strong>quadam</strong></span> 
     </span>
    </p>
   </div>
   <div class='ocr_carea' id='block_1_12' title="bbox 315 1196 1919 1268">
    <p class='ocr_par' dir='ltr' id='par_1_12' title="bbox 315 1196 1919 1268">
     <span class='ocr_line' id='line_1_12' title="bbox 315 1196 1919 1268; baseline -0.001 -17"><span class='ocrx_word' id='word_1_72' title='bbox 315 1206 588 1266; x_wconf 88' lang='lat' dir='ltr'><strong>perpetua,</strong></span> <span class='ocrx_word' id='word_1_73' title='bbox 635 1197 794 1252; x_wconf 89' lang='lat' dir='ltr'><strong>unius</strong></span> <span class='ocrx_word' id='word_1_74' title='bbox 820 1213 1016 1268; x_wconf 89' lang='lat' dir='ltr'><strong>nempe</strong></span> <span class='ocrx_word' id='word_1_75' title='bbox 1043 1198 1168 1252; x_wconf 90' lang='lat' dir='ltr'><strong>anni</strong></span> <span class='ocrx_word' id='word_1_76' title='bbox 1202 1196 1596 1268; x_wconf 68' lang='lat' dir='ltr'><strong>anterioritate_,</strong></span> <span class='ocrx_word' id='word_1_77' title='bbox 1626 1211 1750 1268; x_wconf 52' lang='lat' dir='ltr'><strong>qua;</strong></span> <span class='ocrx_word' id='word_1_78' title='bbox 1772 1210 1801 1248; x_wconf 90' lang='lat' dir='ltr'><strong>e</strong></span> <span class='ocrx_word' id='word_1_79' title='bbox 1830 1210 1919 1249; x_wconf 78' lang='lat' dir='ltr'><strong>re—</strong></span> 
     </span>
    </p>
   </div>
   <div class='ocr_carea' id='block_1_13' title="bbox 321 1265 1916 1325">
    <p class='ocr_par' dir='ltr' id='par_1_13' title="bbox 321 1265 1916 1325">
     <span class='ocr_line' id='line_1_13' title="bbox 321 1265 1916 1325; baseline -0.001 -3"><span class='ocrx_word' id='word_1_80' title='bbox 321 1265 458 1322; x_wconf 83' lang='lat' dir='ltr'><strong>tusta</strong></span> <span class='ocrx_word' id='word_1_81' title='bbox 485 1269 844 1325; x_wconf 78' lang='lat' dir='ltr'><strong>consularium</strong></span> <span class='ocrx_word' id='word_1_82' title='bbox 868 1265 1124 1324; x_wconf 81' lang='lat' dir='ltr'><strong>Fastuum</strong></span> <span class='ocrx_word' id='word_1_83' title='bbox 1147 1269 1456 1324; x_wconf 84' lang='lat' dir='ltr'><strong>chronotaxi</strong></span> <span class='ocrx_word' id='word_1_84' title='bbox 1481 1267 1532 1321; x_wconf 92' lang='lat' dir='ltr'><strong>in</strong></span> <span class='ocrx_word' id='word_1_85' title='bbox 1556 1265 1916 1321; x_wconf 87' lang='lat' dir='ltr'><strong>Pamelianam</strong></span> 
     </span>
    </p>
   </div>
   <div class='ocr_carea' id='block_1_14' title="bbox 315 1338 1920 1410">
    <p class='ocr_par' dir='ltr' id='par_1_14' title="bbox 315 1338 1920 1410">
     <span class='ocr_line' id='line_1_14' title="bbox 315 1338 1920 1410; baseline -0.001 -16"><span class='ocrx_word' id='word_1_86' title='bbox 315 1341 686 1397; x_wconf 88' lang='lat' dir='ltr'><strong>recensionem</strong></span> <span class='ocrx_word' id='word_1_87' title='bbox 719 1342 984 1396; x_wconf 80' lang='lat' dir='ltr'><strong>inoﬂenso</strong></span> <span class='ocrx_word' id='word_1_88' title='bbox 1009 1343 1149 1410; x_wconf 84' lang='lat' dir='ltr'><strong>pede</strong></span> <span class='ocrx_word' id='word_1_89' title='bbox 1175 1341 1505 1405; x_wconf 88' lang='lat' dir='ltr'><strong>transmissa,</strong></span> <span class='ocrx_word' id='word_1_90' title='bbox 1541 1338 1666 1396; x_wconf 87' lang='lat' dir='ltr'><strong>hinc</strong></span> <span class='ocrx_word' id='word_1_91' title='bbox 1714 1339 1920 1408; x_wconf 81' lang='lat' dir='ltr'><strong>absque</strong></span> 
     </span>
    </p>
   </div>
   <div class='ocr_carea' id='block_1_15' title="bbox 314 1412 1488 1482">
    <p class='ocr_par' dir='ltr' id='par_1_15' title="bbox 314 1412 1488 1482">
     <span class='ocr_line' id='line_1_15' title="bbox 314 1412 1488 1482; baseline -0.003 -14"><span class='ocrx_word' id='word_1_92' title='bbox 314 1426 510 1482; x_wconf 71' lang='lat' dir='ltr'><strong>magno</strong></span> <span class='ocrx_word' id='word_1_93' title='bbox 536 1427 717 1468; x_wconf 88' lang='lat' dir='ltr'><strong>rerum</strong></span> <span class='ocrx_word' id='word_1_94' title='bbox 749 1413 978 1467; x_wconf 91' lang='lat' dir='ltr'><strong>tumultu</strong></span> <span class='ocrx_word' id='word_1_95' title='bbox 999 1412 1120 1482; x_wconf 86' lang='lat' dir='ltr'><strong>ejiei</strong></span> <span class='ocrx_word' id='word_1_96' title='bbox 1148 1412 1488 1482; x_wconf 81' lang='lat' dir='ltr'><strong>nequivisset.</strong></span> 
     </span>
    </p>
   </div>
   <div class='ocr_carea' id='block_1_16' title="bbox 389 1481 1918 1554">
    <p class='ocr_par' dir='ltr' id='par_1_16' title="bbox 389 1481 1918 1554">
     <span class='ocr_line' id='line_1_16' title="bbox 389 1481 1918 1554; baseline -0.001 -18"><span class='ocrx_word' id='word_1_97' title='bbox 389 1481 446 1538; x_wconf 89' lang='lat' dir='ltr'><strong>In</strong></span> <span class='ocrx_word' id='word_1_98' title='bbox 469 1482 550 1539; x_wconf 90' lang='lat' dir='ltr'><strong>bis</strong></span> <span class='ocrx_word' id='word_1_99' title='bbox 572 1484 734 1554; x_wconf 81' lang='lat' dir='ltr'><strong>igitur</strong></span> <span class='ocrx_word' id='word_1_100' title='bbox 761 1481 1080 1538; x_wconf 78' lang='lat' dir='ltr'><strong>Pameliauis</strong></span> <span class='ocrx_word' id='word_1_101' title='bbox 1101 1481 1374 1538; x_wconf 79' lang='lat' dir='ltr'><strong>annalibus</strong></span> <span class='ocrx_word' id='word_1_102' title='bbox 1395 1489 1614 1536; x_wconf 90' lang='lat' dir='ltr'><strong>manent</strong></span> <span class='ocrx_word' id='word_1_103' title='bbox 1642 1481 1918 1554; x_wconf 83' lang='lat' dir='ltr'><strong>pluraim-</strong></span> 
     </span>
    </p>
   </div>
   <div class='ocr_carea' id='block_1_17' title="bbox 315 1551 1920 1624">
    <p class='ocr_par' dir='ltr' id='par_1_17' title="bbox 315 1551 1920 1624">
     <span class='ocr_line' id='line_1_17' title="bbox 315 1551 1920 1624; baseline -0.001 -15"><span class='ocrx_word' id='word_1_104' title='bbox 315 1551 615 1624; x_wconf 52' lang='lat' dir='ltr'><strong>pcrfecta,‘</strong></span> <span class='ocrx_word' id='word_1_105' title='bbox 669 1554 879 1620; x_wconf 86' lang='lat' dir='ltr'><strong>hiulca,</strong></span> <span class='ocrx_word' id='word_1_106' title='bbox 942 1555 1322 1624; x_wconf 88' lang='lat' dir='ltr'><strong>conjectanea,</strong></span> <span class='ocrx_word' id='word_1_107' title='bbox 1395 1569 1656 1618; x_wconf 88' lang='lat' dir='ltr'><strong>erronea;</strong></span> <span class='ocrx_word' id='word_1_108' title='bbox 1727 1551 1920 1624; x_wconf 84' lang='lat' dir='ltr'><strong>quibus</strong></span> 
     </span>
    </p>
   </div>
   <div class='ocr_carea' id='block_1_18' title="bbox 315 1623 1920 1694">
    <p class='ocr_par' dir='ltr' id='par_1_18' title="bbox 315 1623 1920 1694">
     <span class='ocr_line' id='line_1_18' title="bbox 315 1623 1920 1694; baseline -0.002 -14"><span class='ocrx_word' id='word_1_109' title='bbox 315 1623 678 1680; x_wconf 70' lang='lat' dir='ltr'><strong>resarciendis</strong></span> <span class='ocrx_word' id='word_1_110' title='bbox 719 1623 1075 1682; x_wconf 88' lang='lat' dir='ltr'><strong>necessarium</strong></span> <span class='ocrx_word' id='word_1_111' title='bbox 1115 1625 1409 1681; x_wconf 89' lang='lat' dir='ltr'><strong>subsidium</strong></span> <span class='ocrx_word' id='word_1_112' title='bbox 1464 1633 1681 1694; x_wconf 85' lang='lat' dir='ltr'><strong>pra:stat</strong></span> <span class='ocrx_word' id='word_1_113' title='bbox 1736 1623 1920 1678; x_wconf 82' lang='lat' dir='ltr'><strong>erudi-</strong></span> 
     </span>
    </p>
   </div>
   <div class='ocr_carea' id='block_1_19' title="bbox 316 1696 1918 1774">
    <p class='ocr_par' dir='ltr' id='par_1_19' title="bbox 316 1696 1918 1774">
     <span class='ocr_line' id='line_1_19' title="bbox 316 1696 1918 1774; baseline -0.001 -24"><span class='ocrx_word' id='word_1_114' title='bbox 316 1697 528 1756; x_wconf 83' lang='lat' dir='ltr'><strong>tissima</strong></span> <span class='ocrx_word' id='word_1_115' title='bbox 570 1696 621 1751; x_wconf 86' lang='lat' dir='ltr'><strong>.I.</strong></span> <span class='ocrx_word' id='word_1_116' title='bbox 659 1697 794 1768; x_wconf 83' lang='lat' dir='ltr'><strong>Aug.</strong></span> <span class='ocrx_word' id='word_1_117' title='bbox 824 1697 1062 1752; x_wconf 69' lang='lat' dir='ltr'><strong>Noesselt</strong></span> <span class='ocrx_word' id='word_1_118' title='bbox 1088 1711 1433 1752; x_wconf 78' lang='lat' dir='ltr'><strong>DISSERTATIO</strong></span> <span class='ocrx_word' id='word_1_119' title='bbox 1459 1713 1526 1752; x_wconf 75' lang='lat' dir='ltr'><strong>ne</strong></span> <span class='ocrx_word' id='word_1_120' title='bbox 1554 1710 1918 1774; x_wconf 69' lang='lat' dir='ltr'><strong>VEBA_A1T.\TE</strong></span> 
     </span>
    </p>
   </div>
   <div class='ocr_carea' id='block_1_20' title="bbox 313 1781 1920 1833">
    <p class='ocr_par' dir='ltr' id='par_1_20' title="bbox 313 1781 1920 1833">
     <span class='ocr_line' id='line_1_20' title="bbox 313 1781 1920 1833; baseline -0.002 -11"><span class='ocrx_word' id='word_1_121' title='bbox 313 1782 385 1822; x_wconf 73' lang='lat' dir='ltr'><strong>AC</strong></span> <span class='ocrx_word' id='word_1_122' title='bbox 439 1781 695 1823; x_wconf 73' lang='lat' dir='ltr'><strong>DOCTRINA</strong></span> <span class='ocrx_word' id='word_1_123' title='bbox 740 1784 1066 1824; x_wconf 68' lang='grc' dir='ltr'><strong>εοῐιιῐιτοκωι</strong></span> <span class='ocrx_word' id='word_1_124' title='bbox 1114 1785 1233 1833; x_wconf 63' lang='grc' dir='ltr'><strong>ΟυτΕ</strong></span> <span class='ocrx_word' id='word_1_125' title='bbox 1282 1784 1583 1824; x_wconf 68' lang='lat' dir='ltr'><strong>SUPERSUST</strong></span> <span class='ocrx_word' id='word_1_126' title='bbox 1613 1785 1663 1833; x_wconf 84' lang='lat' dir='ltr'><strong>Q.</strong></span> <span class='ocrx_word' id='word_1_127' title='bbox 1691 1782 1920 1821; x_wconf 72' lang='lat' dir='ltr'><strong>SEI‘TIMII</strong></span> 
     </span>
    </p>
   </div>
   <div class='ocr_carea' id='block_1_21' title="bbox 315 1839 1918 1912">
    <p class='ocr_par' dir='ltr' id='par_1_21' title="bbox 315 1839 1918 1912">
     <span class='ocr_line' id='line_1_21' title="bbox 315 1839 1918 1912; baseline -0.001 -20"><span class='ocrx_word' id='word_1_128' title='bbox 315 1853 692 1912; x_wconf 71' lang='lat' dir='ltr'><strong>&#39;rEnTULLntNt.</strong></span> <span class='ocrx_word' id='word_1_129' title='bbox 725 1857 790 1896; x_wconf 82' lang='lat' dir='ltr'><strong>ex</strong></span> <span class='ocrx_word' id='word_1_130' title='bbox 818 1841 1028 1912; x_wconf 75' lang='lat' dir='ltr'><strong>historia</strong></span> <span class='ocrx_word' id='word_1_131' title='bbox 1051 1840 1271 1912; x_wconf 79' lang='lat' dir='ltr'><strong>theolog.</strong></span> <span class='ocrx_word' id='word_1_132' title='bbox 1300 1841 1476 1912; x_wconf 81' lang='lat' dir='ltr'><strong>critica</strong></span> <span class='ocrx_word' id='word_1_133' title='bbox 1503 1840 1567 1894; x_wconf 85' lang='lat' dir='ltr'><strong>de</strong></span> <span class='ocrx_word' id='word_1_134' title='bbox 1606 1841 1708 1894; x_wconf 83' lang='lat' dir='ltr'><strong>vita</strong></span> <span class='ocrx_word' id='word_1_135' title='bbox 1742 1879 1755 1903; x_wconf 91' lang='lat'><strong>,</strong></span> <span class='ocrx_word' id='word_1_136' title='bbox 1789 1839 1918 1891; x_wconf 73' lang='lat' dir='ltr'><strong>seri~</strong></span> 
     </span>
    </p>
   </div>
   <div class='ocr_carea' id='block_1_22' title="bbox 317 1911 1916 1981">
    <p class='ocr_par' dir='ltr' id='par_1_22' title="bbox 317 1911 1916 1981">
     <span class='ocr_line' id='line_1_22' title="bbox 317 1911 1916 1981; baseline 0 -19"><span class='ocrx_word' id='word_1_137' title='bbox 317 1911 416 1979; x_wconf 81' lang='lat' dir='ltr'><strong>ptis</strong></span> <span class='ocrx_word' id='word_1_138' title='bbox 471 1926 532 1963; x_wconf 85' lang='lat' dir='ltr'><strong>ac</strong></span> <span class='ocrx_word' id='word_1_139' title='bbox 577 1911 807 1967; x_wconf 78' lang='lat' dir='ltr'><strong>doctrina</strong></span> <span class='ocrx_word' id='word_1_140' title='bbox 859 1911 966 1967; x_wconf 84' lang='lat' dir='ltr'><strong>SS.</strong></span> <span class='ocrx_word' id='word_1_141' title='bbox 1003 1911 1320 1966; x_wconf 31' lang='lat' dir='ltr'><strong>Patrum’D.</strong></span> <span class='ocrx_word' id='word_1_142' title='bbox 1363 1911 1596 1981; x_wconf 88' lang='lat' dir='ltr'><strong>Lumper</strong></span> <span class='ocrx_word' id='word_1_143' title='bbox 1645 1918 1916 1979; x_wconf 70' lang='lat' dir='ltr'><strong>excerpta;</strong></span> 
     </span>
    </p>
   </div>
   <div class='ocr_carea' id='block_1_23' title="bbox 318 1981 1920 2052">
    <p class='ocr_par' dir='ltr' id='par_1_23' title="bbox 318 1981 1920 2052">
     <span class='ocr_line' id='line_1_23' title="bbox 318 1981 1920 2052; baseline 0.001 -19"><span class='ocrx_word' id='word_1_144' title='bbox 318 1995 540 2050; x_wconf 86' lang='lat' dir='ltr'><strong>quorum</strong></span> <span class='ocrx_word' id='word_1_145' title='bbox 581 1997 718 2052; x_wconf 91' lang='lat' dir='ltr'><strong>opus</strong></span> <span class='ocrx_word' id='word_1_146' title='bbox 748 1999 1038 2040; x_wconf 87' lang='lat' dir='ltr'><strong>commune</strong></span> <span class='ocrx_word' id='word_1_147' title='bbox 1065 1993 1122 2039; x_wconf 89' lang='lat' dir='ltr'><strong>ut</strong></span> <span class='ocrx_word' id='word_1_148' title='bbox 1151 1984 1380 2039; x_wconf 82' lang='lat' dir='ltr'><strong>libenter</strong></span> <span class='ocrx_word' id='word_1_149' title='bbox 1421 1982 1650 2044; x_wconf 90' lang='lat' dir='ltr'><strong>edimus,</strong></span> <span class='ocrx_word' id='word_1_150' title='bbox 1705 1981 1920 2035; x_wconf 82' lang='lat' dir='ltr'><strong>lectori-</strong></span> 
     </span>
    </p>
   </div>
   <div class='ocr_carea' id='block_1_24' title="bbox 319 2052 1923 2126">
    <p class='ocr_par' dir='ltr' id='par_1_24' title="bbox 319 2052 1923 2126">
     <span class='ocr_line' id='line_1_24' title="bbox 319 2052 1923 2126; baseline 0 -20"><span class='ocrx_word' id='word_1_151' title='bbox 319 2052 418 2106; x_wconf 90' lang='lat' dir='ltr'><strong>bus</strong></span> <span class='ocrx_word' id='word_1_152' title='bbox 472 2065 778 2126; x_wconf 79' lang='lat' dir='ltr'><strong>pergratum</strong></span> <span class='ocrx_word' id='word_1_153' title='bbox 809 2055 928 2110; x_wconf 80' lang='lat' dir='ltr'><strong>fore</strong></span> <span class='ocrx_word' id='word_1_154' title='bbox 957 2057 1091 2122; x_wconf 89' lang='lat' dir='ltr'><strong>rati,</strong></span> <span class='ocrx_word' id='word_1_155' title='bbox 1123 2056 1194 2111; x_wconf 88' lang='lat' dir='ltr'><strong>ita</strong></span> <span class='ocrx_word' id='word_1_156' title='bbox 1233 2069 1398 2126; x_wconf 88' lang='lat' dir='ltr'><strong>penes</strong></span> <span class='ocrx_word' id='word_1_157' title='bbox 1451 2062 1745 2123; x_wconf 75' lang='lat' dir='ltr'><strong>utrumque</strong></span> <span class='ocrx_word' id='word_1_158' title='bbox 1782 2060 1923 2106; x_wconf 91' lang='lat' dir='ltr'><strong>stare</strong></span> 
     </span>
    </p>
   </div>
   <div class='ocr_carea' id='block_1_25' title="bbox 319 2124 1918 2196">
    <p class='ocr_par' dir='ltr' id='par_1_25' title="bbox 319 2124 1918 2196">
     <span class='ocr_line' id='line_1_25' title="bbox 319 2124 1918 2196; baseline 0.001 -19"><span class='ocrx_word' id='word_1_159' title='bbox 319 2124 603 2196; x_wconf 82' lang='lat' dir='ltr'><strong>nonnullas</strong></span> <span class='ocrx_word' id='word_1_160' title='bbox 644 2141 834 2182; x_wconf 90' lang='lat' dir='ltr'><strong>eorum</strong></span> <span class='ocrx_word' id='word_1_161' title='bbox 877 2127 1170 2181; x_wconf 89' lang='lat' dir='ltr'><strong>subdubias</strong></span> <span class='ocrx_word' id='word_1_162' title='bbox 1213 2124 1494 2196; x_wconf 82' lang='lat' dir='ltr'><strong>opiniones</strong></span> <span class='ocrx_word' id='word_1_163' title='bbox 1535 2133 1918 2180; x_wconf 86' lang='lat' dir='ltr'><strong>contestamur.</strong></span> 
     </span>
    </p>
   </div>
   <div class='ocr_carea' id='block_1_26' title="bbox 388 2194 1920 2262">
    <p class='ocr_par' dir='ltr' id='par_1_26' title="bbox 388 2194 1920 2262">
     <span class='ocr_line' id='line_1_26' title="bbox 388 2194 1920 2262; baseline 0.003 -20"><span class='ocrx_word' id='word_1_164' title='bbox 388 2194 520 2262; x_wconf 68' lang='lat' dir='ltr'><strong>Quae</strong></span> <span class='ocrx_word' id='word_1_165' title='bbox 546 2196 770 2252; x_wconf 89' lang='lat' dir='ltr'><strong>subinde</strong></span> <span class='ocrx_word' id='word_1_166' title='bbox 791 2205 1079 2254; x_wconf 90' lang='lat' dir='ltr'><strong>occurrunt</strong></span> <span class='ocrx_word' id='word_1_167' title='bbox 1098 2194 1456 2253; x_wconf 73' lang='lat' dir='ltr'><strong>ren&#39;rututtm</strong></span> <span class='ocrx_word' id='word_1_168' title='bbox 1484 2210 1760 2250; x_wconf 61' lang='lat' dir='ltr'><strong>rananoxa</strong></span> <span class='ocrx_word' id='word_1_169' title='bbox 1806 2210 1920 2247; x_wconf 84' lang='lat' dir='ltr'><strong>eum</strong></span> 
     </span>
    </p>
   </div>
   <div class='ocr_carea' id='block_1_27' title="bbox 319 2263 1922 2334">
    <p class='ocr_par' dir='ltr' id='par_1_27' title="bbox 319 2263 1922 2334">
     <span class='ocr_line' id='line_1_27' title="bbox 319 2263 1922 2334; baseline 0.003 -16"><span class='ocrx_word' id='word_1_170' title='bbox 319 2267 553 2321; x_wconf 82' lang='lat' dir='ltr'><strong>antidoto</strong></span> <span class='ocrx_word' id='word_1_171' title='bbox 591 2265 830 2334; x_wconf 82' lang='lat' dir='ltr'><strong>Pamelii,</strong></span> <span class='ocrx_word' id='word_1_172' title='bbox 877 2285 1376 2332; x_wconf 75' lang='lat' dir='ltr'><strong>PBOVEBBIALESQUE</strong></span> <span class='ocrx_word' id='word_1_173' title='bbox 1424 2282 1740 2334; x_wconf 69' lang='lat' dir='ltr'><strong>renatum-:9</strong></span> <span class='ocrx_word' id='word_1_174' title='bbox 1764 2263 1922 2318; x_wconf 80' lang='lat' dir='ltr'><strong>Beato</strong></span> 
     </span>
    </p>
   </div>
   <div class='ocr_carea' id='block_1_28' title="bbox 320 2335 1922 2412">
    <p class='ocr_par' dir='ltr' id='par_1_28' title="bbox 320 2335 1922 2412">
     <span class='ocr_line' id='line_1_28' title="bbox 320 2335 1922 2412; baseline 0 -22"><span class='ocrx_word' id='word_1_175' title='bbox 320 2335 572 2412; x_wconf 74' lang='lat' dir='ltr'><strong>Rhenano</strong></span> <span class='ocrx_word' id='word_1_176' title='bbox 619 2350 664 2412; x_wconf 78' lang='lat' dir='ltr'><strong>et</strong></span> <span class='ocrx_word' id='word_1_177' title='bbox 709 2341 912 2395; x_wconf 81' lang='lat' dir='ltr'><strong>Andrea</strong></span> <span class='ocrx_word' id='word_1_178' title='bbox 945 2340 1104 2412; x_wconf 77' lang='lat' dir='ltr'><strong>lloyo</strong></span> <span class='ocrx_word' id='word_1_179' title='bbox 1157 2340 1406 2412; x_wconf 84' lang='lat' dir='ltr'><strong>Brugensi</strong></span> <span class='ocrx_word' id='word_1_180' title='bbox 1455 2335 1776 2412; x_wconf 57' lang='lat' dir='ltr'><strong>enplauat‘fe,</strong></span> <span class='ocrx_word' id='word_1_181' title='bbox 1830 2350 1922 2412; x_wconf 85' lang='lat' dir='ltr'><strong>eas</strong></span> 
     </span>
    </p>
   </div>
   <div class='ocr_carea' id='block_1_29' title="bbox 321 2408 1924 2480">
    <p class='ocr_par' dir='ltr' id='par_1_29' title="bbox 321 2408 1924 2480">
     <span class='ocr_line' id='line_1_29' title="bbox 321 2408 1924 2480; baseline -0.001 -18"><span class='ocrx_word' id='word_1_182' title='bbox 321 2419 379 2462; x_wconf 89' lang='lat' dir='ltr'><strong>ut</strong></span> <span class='ocrx_word' id='word_1_183' title='bbox 405 2409 456 2462; x_wconf 91' lang='lat' dir='ltr'><strong>in</strong></span> <span class='ocrx_word' id='word_1_184' title='bbox 483 2409 718 2480; x_wconf 73' lang='lat' dir='ltr'><strong>czeteris,</strong></span> <span class='ocrx_word' id='word_1_185' title='bbox 759 2414 837 2468; x_wconf 91' lang='lat' dir='ltr'><strong>sic</strong></span> <span class='ocrx_word' id='word_1_186' title='bbox 866 2423 918 2467; x_wconf 90' lang='lat' dir='ltr'><strong>et</strong></span> <span class='ocrx_word' id='word_1_187' title='bbox 945 2413 998 2467; x_wconf 91' lang='lat' dir='ltr'><strong>in</strong></span> <span class='ocrx_word' id='word_1_188' title='bbox 1027 2408 1206 2467; x_wconf 78' lang='lat' dir='ltr'><strong>nostra</strong></span> <span class='ocrx_word' id='word_1_189' title='bbox 1233 2408 1470 2466; x_wconf 80' lang='lat' dir='ltr'><strong>editione</strong></span> <span class='ocrx_word' id='word_1_190' title='bbox 1492 2408 1680 2476; x_wconf 79' lang='lat' dir='ltr'><strong>babes,</strong></span> <span class='ocrx_word' id='word_1_191' title='bbox 1703 2422 1803 2462; x_wconf 91' lang='lat' dir='ltr'><strong>nec</strong></span> <span class='ocrx_word' id='word_1_192' title='bbox 1843 2408 1924 2461; x_wconf 91' lang='lat' dir='ltr'><strong>in-</strong></span> 
     </span>
    </p>
   </div>
   <div class='ocr_carea' id='block_1_30' title="bbox 319 2480 1925 2554">
    <p class='ocr_par' dir='ltr' id='par_1_30' title="bbox 319 2480 1925 2554">
     <span class='ocr_line' id='line_1_30' title="bbox 319 2480 1925 2554; baseline 0 -20"><span class='ocrx_word' id='word_1_193' title='bbox 319 2481 468 2535; x_wconf 84' lang='lat' dir='ltr'><strong>ﬁcias</strong></span> <span class='ocrx_word' id='word_1_194' title='bbox 496 2481 690 2554; x_wconf 78' lang='lat' dir='ltr'><strong>ibimus</strong></span> <span class='ocrx_word' id='word_1_195' title='bbox 715 2499 813 2539; x_wconf 87' lang='lat' dir='ltr'><strong>nos</strong></span> <span class='ocrx_word' id='word_1_196' title='bbox 829 2485 1007 2554; x_wconf 85' lang='lat' dir='ltr'><strong>potius</strong></span> <span class='ocrx_word' id='word_1_197' title='bbox 1031 2483 1418 2554; x_wconf 51' lang='lat' dir='ltr'><strong>praescriptioni</strong></span> <span class='ocrx_word' id='word_1_198' title='bbox 1445 2481 1654 2538; x_wconf 89' lang='lat' dir='ltr'><strong>cuidam</strong></span> <span class='ocrx_word' id='word_1_199' title='bbox 1685 2480 1925 2554; x_wconf 89' lang='lat' dir='ltr'><strong>ac_pr_io-</strong></span> 
     </span>
    </p>
   </div>
   <div class='ocr_carea' id='block_1_31' title="bbox 319 2550 1922 2626">
    <p class='ocr_par' dir='ltr' id='par_1_31' title="bbox 319 2550 1922 2626">
     <span class='ocr_line' id='line_1_31' title="bbox 319 2550 1922 2626; baseline 0.001 -21"><span class='ocrx_word' id='word_1_200' title='bbox 319 2566 438 2606; x_wconf 90' lang='lat' dir='ltr'><strong>rum</strong></span> <span class='ocrx_word' id='word_1_201' title='bbox 463 2552 757 2626; x_wconf 81' lang='lat' dir='ltr'><strong>editionum</strong></span> <span class='ocrx_word' id='word_1_202' title='bbox 788 2550 1068 2626; x_wconf 60' lang='lat' dir='ltr'><strong>eiemplo&#39;,</strong></span> <span class='ocrx_word' id='word_1_203' title='bbox 1099 2550 1267 2626; x_wconf 79' lang='lat' dir='ltr'><strong>quam</strong></span> <span class='ocrx_word' id='word_1_204' title='bbox 1289 2555 1494 2625; x_wconf 88' lang='lat' dir='ltr'><strong>patenti</strong></span> <span class='ocrx_word' id='word_1_205' title='bbox 1527 2551 1813 2609; x_wconf 91' lang='lat' dir='ltr'><strong>commodo</strong></span> <span class='ocrx_word' id='word_1_206' title='bbox 1839 2550 1922 2606; x_wconf 88' lang='lat' dir='ltr'><strong>lo-</strong></span> 
     </span>
    </p>
   </div>
   <div class='ocr_carea' id='block_1_32' title="bbox 321 2624 684 2680">
    <p class='ocr_par' dir='ltr' id='par_1_32' title="bbox 321 2624 684 2680">
     <span class='ocr_line' id='line_1_32' title="bbox 321 2624 684 2680; baseline 0.008 -3"><span class='ocrx_word' id='word_1_207' title='bbox 321 2638 442 2678; x_wconf 89' lang='lat' dir='ltr'><strong>cum</strong></span> <span class='ocrx_word' id='word_1_208' title='bbox 469 2624 684 2680; x_wconf 87' lang='lat' dir='ltr'><strong>fecisse.</strong></span> 
     </span>
    </p>
   </div>
   <div class='ocr_carea' id='block_1_33' title="bbox 395 2693 1923 2769">
    <p class='ocr_par' dir='ltr' id='par_1_33' title="bbox 395 2693 1923 2769">
     <span class='ocr_line' id='line_1_33' title="bbox 395 2693 1923 2769; baseline 0 -21"><span class='ocrx_word' id='word_1_209' title='bbox 395 2695 524 2769; x_wconf 85' lang='lat' dir='ltr'><strong>_Data</strong></span> <span class='ocrx_word' id='word_1_210' title='bbox 561 2696 757 2754; x_wconf 88' lang='lat' dir='ltr'><strong>deinde</strong></span> <span class='ocrx_word' id='word_1_211' title='bbox 781 2697 1147 2769; x_wconf 83' lang='lat' dir='ltr'><strong>Apologetica,</strong></span> <span class='ocrx_word' id='word_1_212' title='bbox 1187 2697 1378 2753; x_wconf 90' lang='lat' dir='ltr'><strong>iterum</strong></span> <span class='ocrx_word' id='word_1_213' title='bbox 1407 2705 1465 2752; x_wconf 89' lang='lat' dir='ltr'><strong>et</strong></span> <span class='ocrx_word' id='word_1_214' title='bbox 1515 2709 1635 2767; x_wconf 71' lang='lat' dir='ltr'><strong>quae</strong></span> <span class='ocrx_word' id='word_1_215' title='bbox 1684 2693 1746 2748; x_wconf 87' lang='lat' dir='ltr'><strong>de</strong></span> <span class='ocrx_word' id='word_1_216' title='bbox 1797 2709 1923 2769; x_wconf 75' lang='lat' dir='ltr'><strong>pro-</strong></span> 
     </span>
    </p>
   </div>
   <div class='ocr_carea' id='block_1_34' title="bbox 322 2766 1925 2840">
    <p class='ocr_par' dir='ltr' id='par_1_34' title="bbox 322 2766 1925 2840">
     <span class='ocr_line' id='line_1_34' title="bbox 322 2766 1925 2840; baseline -0.001 -21"><span class='ocrx_word' id='word_1_217' title='bbox 322 2767 435 2840; x_wconf 72' lang='lat' dir='ltr'><strong>prie</strong></span> <span class='ocrx_word' id='word_1_218' title='bbox 465 2768 576 2837; x_wconf 88' lang='lat' dir='ltr'><strong>ejus</strong></span> <span class='ocrx_word' id='word_1_219' title='bbox 603 2779 750 2824; x_wconf 71' lang='lat' dir='ltr'><strong>(etate</strong></span> <span class='ocrx_word' id='word_1_220' title='bbox 779 2766 847 2824; x_wconf 64' lang='lat' dir='ltr'><strong>ac</strong></span> <span class='ocrx_word' id='word_1_221' title='bbox 865 2766 1150 2840; x_wconf 73' lang='lat' dir='ltr'><strong>specialius</strong></span> <span class='ocrx_word' id='word_1_222' title='bbox 1167 2770 1230 2823; x_wconf 84' lang='lat' dir='ltr'><strong>de</strong></span> <span class='ocrx_word' id='word_1_223' title='bbox 1260 2766 1548 2840; x_wconf 73' lang='lat' dir='ltr'><strong>Severionce</strong></span> <span class='ocrx_word' id='word_1_224' title='bbox 1564 2766 1925 2840; x_wconf 69' lang='lat' dir='ltr'><strong>persecutionis</strong></span> 
     </span>
    </p>
   </div>
   <div class='ocr_carea' id='block_1_35' title="bbox 321 2836 1924 2909">
    <p class='ocr_par' dir='ltr' id='par_1_35' title="bbox 321 2836 1924 2909">
     <span class='ocr_line' id='line_1_35' title="bbox 321 2836 1924 2909; baseline 0.001 -18"><span class='ocrx_word' id='word_1_225' title='bbox 321 2836 466 2892; x_wconf 83' lang='lat' dir='ltr'><strong>initio</strong></span> <span class='ocrx_word' id='word_1_226' title='bbox 486 2836 788 2904; x_wconf 81' lang='lat' dir='ltr'><strong>disquisivit</strong></span> <span class='ocrx_word' id='word_1_227' title='bbox 811 2841 862 2897; x_wconf 78' lang='lat' dir='ltr'><strong>J.</strong></span> <span class='ocrx_word' id='word_1_228' title='bbox 894 2836 1038 2896; x_wconf 89' lang='lat' dir='ltr'><strong>Laur</strong></span> <span class='ocrx_word' id='word_1_229' title='bbox 1074 2840 1333 2898; x_wconf 81' lang='lat' dir='ltr'><strong>Mosheim</strong></span> <span class='ocrx_word' id='word_1_230' title='bbox 1355 2883 1370 2909; x_wconf 98' lang='lat'><strong>,</strong></span> <span class='ocrx_word' id='word_1_231' title='bbox 1400 2839 1467 2896; x_wconf 88' lang='lat' dir='ltr'><strong>ab</strong></span> <span class='ocrx_word' id='word_1_232' title='bbox 1487 2836 1722 2896; x_wconf 86' lang='lat' dir='ltr'><strong>editione</strong></span> <span class='ocrx_word' id='word_1_233' title='bbox 1749 2836 1924 2893; x_wconf 84' lang='lat' dir='ltr'><strong>Vene-</strong></span> 
     </span>
    </p>
   </div>
   <div class='ocr_carea' id='block_1_36' title="bbox 323 2910 1018 2969">
    <p class='ocr_par' dir='ltr' id='par_1_36' title="bbox 323 2910 1018 2969">
     <span class='ocr_line' id='line_1_36' title="bbox 323 2910 1018 2969; baseline 0.003 -6"><span class='ocrx_word' id='word_1_234' title='bbox 323 2918 376 2963; x_wconf 89' lang='lat' dir='ltr'><strong>ta</strong></span> <span class='ocrx_word' id='word_1_235' title='bbox 405 2910 639 2965; x_wconf 89' lang='lat' dir='ltr'><strong>secunda</strong></span> <span class='ocrx_word' id='word_1_236' title='bbox 666 2913 1018 2969; x_wconf 82' lang='lat' dir='ltr'><strong>detraximus.</strong></span> 
     </span>
    </p>
   </div>
   <div class='ocr_carea' id='block_1_37' title="bbox 395 2979 1924 3056">
    <p class='ocr_par' dir='ltr' id='par_1_37' title="bbox 395 2979 1924 3056">
     <span class='ocr_line' id='line_1_37' title="bbox 395 2979 1924 3056; baseline 0.001 -20"><span class='ocrx_word' id='word_1_237' title='bbox 395 2983 465 3036; x_wconf 88' lang='lat' dir='ltr'><strong>At</strong></span> <span class='ocrx_word' id='word_1_238' title='bbox 488 2983 621 3056; x_wconf 79' lang='lat' dir='ltr'><strong>nihil</strong></span> <span class='ocrx_word' id='word_1_239' title='bbox 653 2986 882 3056; x_wconf 75' lang='lat' dir='ltr'><strong>plenius,</strong></span> <span class='ocrx_word' id='word_1_240' title='bbox 913 2983 1176 3056; x_wconf 80' lang='lat' dir='ltr'><strong>integrius</strong></span> <span class='ocrx_word' id='word_1_241' title='bbox 1205 2991 1260 3039; x_wconf 89' lang='lat' dir='ltr'><strong>et</strong></span> <span class='ocrx_word' id='word_1_242' title='bbox 1307 2982 1536 3056; x_wconf 83' lang='lat' dir='ltr'><strong>amplius</strong></span> <span class='ocrx_word' id='word_1_243' title='bbox 1581 2996 1806 3056; x_wconf 79' lang='lat' dir='ltr'><strong>usquam</strong></span> <span class='ocrx_word' id='word_1_244' title='bbox 1855 2979 1924 3056; x_wconf 82' lang='lat' dir='ltr'><strong>de</strong></span> 
     </span>
    </p>
   </div>
   <div class='ocr_carea' id='block_1_38' title="bbox 324 3049 1928 3127">
    <p class='ocr_par' dir='ltr' id='par_1_38' title="bbox 324 3049 1928 3127">
     <span class='ocr_line' id='line_1_38' title="bbox 324 3049 1928 3127; baseline 0.001 -21"><span class='ocrx_word' id='word_1_245' title='bbox 324 3049 1011 3127; x_wconf 69' lang='lat' dir='ltr'><strong>Tertulliano&#39;elaboratum</strong></span> <span class='ocrx_word' id='word_1_246' title='bbox 1027 3049 1141 3119; x_wconf 62' lang='lat' dir='ltr'><strong>&#39;est,</strong></span> <span class='ocrx_word' id='word_1_247' title='bbox 1173 3070 1332 3127; x_wconf 90' lang='lat' dir='ltr'><strong>quam</strong></span> <span class='ocrx_word' id='word_1_248' title='bbox 1378 3049 1521 3127; x_wconf 76' lang='lat' dir='ltr'><strong>quod</strong></span> <span class='ocrx_word' id='word_1_249' title='bbox 1544 3049 1746 3126; x_wconf 83' lang='lat' dir='ltr'><strong>publici</strong></span> <span class='ocrx_word' id='word_1_250' title='bbox 1788 3052 1928 3124; x_wconf 89' lang='lat' dir='ltr'><strong>juris</strong></span> 
     </span>
    </p>
   </div>
   <div class='ocr_carea' id='block_1_39' title="bbox 323 3122 1928 3196">
    <p class='ocr_par' dir='ltr' id='par_1_39' title="bbox 323 3122 1928 3196">
     <span class='ocr_line' id='line_1_39' title="bbox 323 3122 1928 3196; baseline 0 -18"><span class='ocrx_word' id='word_1_251' title='bbox 323 3122 449 3178; x_wconf 88' lang='lat' dir='ltr'><strong>fecit</strong></span> <span class='ocrx_word' id='word_1_252' title='bbox 477 3126 530 3180; x_wconf 93' lang='lat' dir='ltr'><strong>in</strong></span> <span class='ocrx_word' id='word_1_253' title='bbox 554 3142 651 3182; x_wconf 94' lang='lat' dir='ltr'><strong>suo</strong></span> <span class='ocrx_word' id='word_1_254' title='bbox 691 3137 852 3184; x_wconf 70' lang='lat' dir='ltr'><strong>tanta:</strong></span> <span class='ocrx_word' id='word_1_255' title='bbox 879 3127 1038 3183; x_wconf 91' lang='lat' dir='ltr'><strong>molis</strong></span> <span class='ocrx_word' id='word_1_256' title='bbox 1063 3142 1126 3182; x_wconf 88' lang='lat' dir='ltr'><strong>ae</strong></span> <span class='ocrx_word' id='word_1_257' title='bbox 1161 3122 1419 3182; x_wconf 77' lang='lat' dir='ltr'><strong>doctrinae</strong></span> <span class='ocrx_word' id='word_1_258' title='bbox 1459 3122 1818 3196; x_wconf 15' lang='lat' dir='ltr'><strong>Apparatuin.</strong></span> <span class='ocrx_word' id='word_1_259' title='bbox 1847 3140 1928 3178; x_wconf 73' lang='lat' dir='ltr'><strong>ru-</strong></span> 
     </span>
    </p>
   </div>
   <div class='ocr_carea' id='block_1_40' title="bbox 325 3195 1927 3270">
    <p class='ocr_par' dir='ltr' id='par_1_40' title="bbox 325 3195 1927 3270">
     <span class='ocr_line' id='line_1_40' title="bbox 325 3195 1927 3270; baseline -0.001 -21"><span class='ocrx_word' id='word_1_260' title='bbox 325 3210 444 3270; x_wconf 63' lang='lat' dir='ltr'><strong>coe.</strong></span> <span class='ocrx_word' id='word_1_261' title='bbox 474 3211 540 3252; x_wconf 78' lang='lat' dir='ltr'><strong>LE</strong></span> <span class='ocrx_word' id='word_1_262' title='bbox 565 3213 773 3256; x_wconf 70' lang='lat' dir='ltr'><strong>NOURBY</strong></span> <span class='ocrx_word' id='word_1_263' title='bbox 797 3199 1076 3256; x_wconf 76' lang='lat' dir='ltr'><strong>monachus</strong></span> <span class='ocrx_word' id='word_1_264' title='bbox 1097 3197 1288 3253; x_wconf 86' lang='lat' dir='ltr'><strong>Bened.</strong></span> <span class='ocrx_word' id='word_1_265' title='bbox 1315 3215 1341 3270; x_wconf 62' lang='grc' dir='ltr'><strong><em>ς</em></strong></span> <span class='ocrx_word' id='word_1_266' title='bbox 1369 3195 1606 3270; x_wconf 77' lang='lat' dir='ltr'><strong>congreg.</strong></span> <span class='ocrx_word' id='word_1_267' title='bbox 1635 3195 1927 3270; x_wconf 71' lang='lat' dir='ltr'><strong>S._Mour.;</strong></span> 
     </span>
    </p>
   </div>
   <div class='ocr_carea' id='block_1_41' title="bbox 1949 1885 1998 1947">
    <p class='ocr_par' dir='ltr' id='par_1_41' title="bbox 1949 1885 1998 1947">
     <span class='ocr_line' id='line_1_41' title="bbox 1949 1885 1998 1947; baseline 0 0"><span class='ocrx_word' id='word_1_268' title='bbox 1949 1885 1998 1947; x_wconf 79' lang='grc' dir='ltr'><strong><em>Β</em></strong></span> 
     </span>
    </p>
   </div>
   <div class='ocr_carea' id='block_1_42' title="bbox 2025 553 3622 622">
    <p class='ocr_par' dir='ltr' id='par_1_42' title="bbox 2025 553 3622 622">
     <span class='ocr_line' id='line_1_42' title="bbox 2025 553 3622 622; baseline -0.003 -10"><span class='ocrx_word' id='word_1_269' title='bbox 2025 557 2089 612; x_wconf 92' lang='lat' dir='ltr'><strong>V.</strong></span> <span class='ocrx_word' id='word_1_270' title='bbox 2119 557 2166 612; x_wconf 88' lang='lat' dir='ltr'><strong>.l.</strong></span> <span class='ocrx_word' id='word_1_271' title='bbox 2195 557 2253 610; x_wconf 84' lang='grc' dir='ltr'><strong>Β.</strong></span> <span class='ocrx_word' id='word_1_272' title='bbox 2281 555 2454 610; x_wconf 80' lang='lat' dir='ltr'><strong>Malou</strong></span> <span class='ocrx_word' id='word_1_273' title='bbox 2473 597 2485 618; x_wconf 90' lang='lat'><strong>,</strong></span> <span class='ocrx_word' id='word_1_274' title='bbox 2521 553 2807 622; x_wconf 86' lang='lat' dir='ltr'><strong>professori</strong></span> <span class='ocrx_word' id='word_1_275' title='bbox 2837 553 3025 609; x_wconf 87' lang='lat' dir='ltr'><strong>Theol.</strong></span> <span class='ocrx_word' id='word_1_276' title='bbox 3059 553 3379 622; x_wconf 68' lang='lat' dir='ltr'><strong>Dogmaticm</strong></span> <span class='ocrx_word' id='word_1_277' title='bbox 3407 556 3457 610; x_wconf 91' lang='lat' dir='ltr'><strong>in</strong></span> <span class='ocrx_word' id='word_1_278' title='bbox 3487 554 3622 611; x_wconf 86' lang='lat' dir='ltr'><strong>Uni-</strong></span> 
     </span>
    </p>
   </div>
   <div class='ocr_carea' id='block_1_43' title="bbox 2020 623 3624 696">
    <p class='ocr_par' dir='ltr' id='par_1_43' title="bbox 2020 623 3624 696">
     <span class='ocr_line' id='line_1_43' title="bbox 2020 623 3624 696; baseline -0.001 -13"><span class='ocrx_word' id='word_1_279' title='bbox 2020 644 2162 684; x_wconf 78' lang='lat' dir='ltr'><strong>vers.</strong></span> <span class='ocrx_word' id='word_1_280' title='bbox 2207 627 2600 682; x_wconf 63' lang='lat' dir='ltr'><strong>Loraniunsiet</strong></span> <span class='ocrx_word' id='word_1_281' title='bbox 2639 625 2874 691; x_wconf 82' lang='lat' dir='ltr'><strong>ejusdem</strong></span> <span class='ocrx_word' id='word_1_282' title='bbox 2925 623 3090 680; x_wconf 83' lang='lat' dir='ltr'><strong>Acad.</strong></span> <span class='ocrx_word' id='word_1_283' title='bbox 3147 625 3424 691; x_wconf 84' lang='lat' dir='ltr'><strong>Biblioth.,</strong></span> <span class='ocrx_word' id='word_1_284' title='bbox 3471 627 3624 696; x_wconf 85' lang='lat' dir='ltr'><strong>cujus</strong></span> 
     </span>
    </p>
   </div>
   <div class='ocr_carea' id='block_1_44' title="bbox 2018 697 3621 770">
    <p class='ocr_par' dir='ltr' id='par_1_44' title="bbox 2018 697 3621 770">
     <span class='ocr_line' id='line_1_44' title="bbox 2018 697 3621 770; baseline -0.002 -15"><span class='ocrx_word' id='word_1_285' title='bbox 2018 716 2122 770; x_wconf 75' lang='lat' dir='ltr'><strong>cpe</strong></span> <span class='ocrx_word' id='word_1_286' title='bbox 2176 715 2239 754; x_wconf 84' lang='lat' dir='ltr'><strong>ac</strong></span> <span class='ocrx_word' id='word_1_287' title='bbox 2291 699 2548 752; x_wconf 77' lang='lat' dir='ltr'><strong>comitate</strong></span> <span class='ocrx_word' id='word_1_288' title='bbox 2579 697 2694 770; x_wconf 58' lang='lat' dir='ltr'><strong>hinc</strong></span> <span class='ocrx_word' id='word_1_289' title='bbox 2736 697 2889 770; x_wconf 72' lang='lat' dir='ltr'><strong>grati</strong></span> <span class='ocrx_word' id='word_1_290' title='bbox 2919 697 3222 770; x_wconf 84' lang='lat' dir='ltr'><strong>accepimus</strong></span> <span class='ocrx_word' id='word_1_291' title='bbox 3259 701 3621 770; x_wconf 80' lang='lat' dir='ltr'><strong>munuscula,</strong></span> 
     </span>
    </p>
   </div>
   <div class='ocr_carea' id='block_1_45' title="bbox 2019 767 3625 842">
    <p class='ocr_par' dir='ltr' id='par_1_45' title="bbox 2019 767 3625 842">
     <span class='ocr_line' id='line_1_45' title="bbox 2019 767 3625 842; baseline 0.003 -23"><span class='ocrx_word' id='word_1_292' title='bbox 2019 767 2211 842; x_wconf 68' lang='lat' dir='ltr'><strong>quibus</strong></span> <span class='ocrx_word' id='word_1_293' title='bbox 2255 779 2308 826; x_wconf 87' lang='lat' dir='ltr'><strong>cl.</strong></span> <span class='ocrx_word' id='word_1_294' title='bbox 2345 778 2434 833; x_wconf 89' lang='lat' dir='ltr'><strong>tu,</strong></span> <span class='ocrx_word' id='word_1_295' title='bbox 2481 767 2704 842; x_wconf 75' lang='lat' dir='ltr'><strong>candide</strong></span> <span class='ocrx_word' id='word_1_296' title='bbox 2735 769 2922 834; x_wconf 87' lang='lat' dir='ltr'><strong>lector,</strong></span> <span class='ocrx_word' id='word_1_297' title='bbox 2950 775 3103 839; x_wconf 87' lang='lat' dir='ltr'><strong>grato</strong></span> <span class='ocrx_word' id='word_1_298' title='bbox 3149 768 3396 825; x_wconf 88' lang='lat' dir='ltr'><strong>similiter</strong></span> <span class='ocrx_word' id='word_1_299' title='bbox 3443 769 3625 825; x_wconf 86' lang='lat' dir='ltr'><strong>animo</strong></span> 
     </span>
    </p>
   </div>
   <div class='ocr_carea' id='block_1_46' title="bbox 2022 838 2948 910">
    <p class='ocr_par' dir='ltr' id='par_1_46' title="bbox 2022 838 2948 910">
     <span class='ocr_line' id='line_1_46' title="bbox 2022 838 2948 910; baseline -0.005 -14"><span class='ocrx_word' id='word_1_300' title='bbox 2022 838 2192 910; x_wconf 82' lang='lat' dir='ltr'><strong>utere,</strong></span> <span class='ocrx_word' id='word_1_301' title='bbox 2223 849 2419 904; x_wconf 89' lang='lat' dir='ltr'><strong>amato,</strong></span> <span class='ocrx_word' id='word_1_302' title='bbox 2449 848 2501 894; x_wconf 91' lang='lat' dir='ltr'><strong>et</strong></span> <span class='ocrx_word' id='word_1_303' title='bbox 2529 838 2728 895; x_wconf 88' lang='lat' dir='ltr'><strong>fruere.</strong></span> <span class='ocrx_word' id='word_1_304' title='bbox 2823 909 2828 910; x_wconf 18' lang='grc' dir='ltr'><em>ν</em></span> <span class='ocrx_word' id='word_1_305' title='bbox 2943 863 2948 867; x_wconf 93' lang='grc'><strong>-</strong></span> 
     </span>
    </p>
   </div>
   <div class='ocr_carea' id='block_1_47' title="bbox 2093 909 3625 981">
    <p class='ocr_par' dir='ltr' id='par_1_47' title="bbox 2093 909 3625 981">
     <span class='ocr_line' id='line_1_47' title="bbox 2093 909 3625 981; baseline -0.002 -12"><span class='ocrx_word' id='word_1_306' title='bbox 2093 909 2243 970; x_wconf 83' lang='lat' dir='ltr'><strong>Nunc</strong></span> <span class='ocrx_word' id='word_1_307' title='bbox 2301 911 2514 967; x_wconf 87' lang='lat' dir='ltr'><strong>tandem</strong></span> <span class='ocrx_word' id='word_1_308' title='bbox 2569 909 2917 967; x_wconf 88' lang='lat' dir='ltr'><strong>redeuntibus</strong></span> <span class='ocrx_word' id='word_1_309' title='bbox 2953 909 3020 965; x_wconf 89' lang='lat' dir='ltr'><strong>ad</strong></span> <span class='ocrx_word' id='word_1_310' title='bbox 3053 925 3276 981; x_wconf 89' lang='lat' dir='ltr'><strong>operum</strong></span> <span class='ocrx_word' id='word_1_311' title='bbox 3315 910 3625 968; x_wconf 88' lang='lat' dir='ltr'><strong>Tertulliani</strong></span> 
     </span>
    </p>
   </div>
   <div class='ocr_carea' id='block_1_48' title="bbox 2021 982 3627 1056">
    <p class='ocr_par' dir='ltr' id='par_1_48' title="bbox 2021 982 3627 1056">
     <span class='ocr_line' id='line_1_48' title="bbox 2021 982 3627 1056; baseline -0.002 -14"><span class='ocrx_word' id='word_1_312' title='bbox 2021 1001 2252 1056; x_wconf 90' lang='lat' dir='ltr'><strong>corpus,</strong></span> <span class='ocrx_word' id='word_1_313' title='bbox 2305 983 2403 1056; x_wconf 85' lang='lat' dir='ltr'><strong>tria</strong></span> <span class='ocrx_word' id='word_1_314' title='bbox 2455 983 2646 1056; x_wconf 84' lang='lat' dir='ltr'><strong>iterum</strong></span> <span class='ocrx_word' id='word_1_315' title='bbox 2700 982 3028 1038; x_wconf 88' lang='lat' dir='ltr'><strong>secernenda</strong></span> <span class='ocrx_word' id='word_1_316' title='bbox 3071 993 3405 1056; x_wconf 78' lang='lat' dir='ltr'><strong>occurrunt:</strong></span> <span class='ocrx_word' id='word_1_317' title='bbox 3451 991 3627 1038; x_wconf 82' lang='lat' dir='ltr'><strong>textus</strong></span> 
     </span>
    </p>
   </div>
   <div class='ocr_carea' id='block_1_49' title="bbox 2021 1054 3623 1128">
    <p class='ocr_par' dir='ltr' id='par_1_49' title="bbox 2021 1054 3623 1128">
     <span class='ocr_line' id='line_1_49' title="bbox 2021 1054 3623 1128; baseline -0.002 -16"><span class='ocrx_word' id='word_1_318' title='bbox 2021 1054 2236 1128; x_wconf 82' lang='lat' dir='ltr'><strong>nempe,</strong></span> <span class='ocrx_word' id='word_1_319' title='bbox 2261 1055 2426 1111; x_wconf 83' lang='lat' dir='ltr'><strong>variae</strong></span> <span class='ocrx_word' id='word_1_320' title='bbox 2455 1054 2735 1128; x_wconf 85' lang='lat' dir='ltr'><strong>lectiones,</strong></span> <span class='ocrx_word' id='word_1_321' title='bbox 2761 1062 2815 1108; x_wconf 89' lang='lat' dir='ltr'><strong>et</strong></span> <span class='ocrx_word' id='word_1_322' title='bbox 2855 1055 3246 1110; x_wconf 88' lang='lat' dir='ltr'><strong>commentarii.</strong></span> <span class='ocrx_word' id='word_1_323' title='bbox 3271 1055 3441 1128; x_wconf 77' lang='lat' dir='ltr'><strong>Porro</strong></span> <span class='ocrx_word' id='word_1_324' title='bbox 3482 1057 3623 1110; x_wconf 91' lang='lat' dir='ltr'><strong>inte-</strong></span> 
     </span>
    </p>
   </div>
   <div class='ocr_carea' id='block_1_50' title="bbox 2022 1127 3626 1198">
    <p class='ocr_par' dir='ltr' id='par_1_50' title="bbox 2022 1127 3626 1198">
     <span class='ocr_line' id='line_1_50' title="bbox 2022 1127 3626 1198; baseline -0.002 -14"><span class='ocrx_word' id='word_1_325' title='bbox 2022 1127 2331 1198; x_wconf 86' lang='lat' dir='ltr'><strong>gerrimam,</strong></span> <span class='ocrx_word' id='word_1_326' title='bbox 2384 1127 2849 1198; x_wconf 87' lang='lat' dir='ltr'><strong>castissimamquc</strong></span> <span class='ocrx_word' id='word_1_327' title='bbox 2894 1135 3070 1198; x_wconf 77' lang='lat' dir='ltr'><strong>textus</strong></span> <span class='ocrx_word' id='word_1_328' title='bbox 3100 1127 3485 1198; x_wconf 18' lang='lat' dir='ltr'><strong>recensitincmi</strong></span> <span class='ocrx_word' id='word_1_329' title='bbox 3503 1141 3626 1196; x_wconf 91' lang='lat' dir='ltr'><strong>pro-</strong></span> 
     </span>
    </p>
   </div>
   <div class='ocr_carea' id='block_1_51' title="bbox 2022 1195 3628 1272">
    <p class='ocr_par' dir='ltr' id='par_1_51' title="bbox 2022 1195 3628 1272">
     <span class='ocr_line' id='line_1_51' title="bbox 2022 1195 3628 1272; baseline -0.001 -19"><span class='ocrx_word' id='word_1_330' title='bbox 2022 1195 2206 1272; x_wconf 78' lang='lat' dir='ltr'><strong>palare</strong></span> <span class='ocrx_word' id='word_1_331' title='bbox 2235 1199 2392 1272; x_wconf 77' lang='lat' dir='ltr'><strong>enixe</strong></span> <span class='ocrx_word' id='word_1_332' title='bbox 2418 1197 2741 1272; x_wconf 75' lang='lat' dir='ltr'><strong>cupiente§_._</strong></span> <span class='ocrx_word' id='word_1_333' title='bbox 2762 1195 3137 1272; x_wconf 17' lang='lat' dir='ltr'><strong>fprteeuutilius</strong></span> <span class='ocrx_word' id='word_1_334' title='bbox 3166 1195 3278 1272; x_wconf 73' lang='grc' dir='ltr'><strong>νγ.</strong></span> <span class='ocrx_word' id='word_1_335' title='bbox 3312 1197 3417 1254; x_wconf 89' lang='lat' dir='ltr'><strong>CC.</strong></span> <span class='ocrx_word' id='word_1_336' title='bbox 3463 1195 3628 1272; x_wconf 76' lang='lat' dir='ltr'><strong>Linu-</strong></span> 
     </span>
    </p>
   </div>
   <div class='ocr_carea' id='block_1_52' title="bbox 2021 1267 3624 1342">
    <p class='ocr_par' dir='ltr' id='par_1_52' title="bbox 2021 1267 3624 1342">
     <span class='ocr_line' id='line_1_52' title="bbox 2021 1267 3624 1342; baseline 0.001 -20"><span class='ocrx_word' id='word_1_337' title='bbox 2021 1267 2177 1342; x_wconf 79' lang='lat' dir='ltr'><strong>pero,</strong></span> <span class='ocrx_word' id='word_1_338' title='bbox 2207 1271 2645 1342; x_wconf 67' lang='lat' dir='ltr'><strong>Schoenemanu,</strong></span> <span class='ocrx_word' id='word_1_339' title='bbox 2671 1267 2941 1342; x_wconf 67' lang='lat' dir='ltr'><strong>Walcbig,</strong></span> <span class='ocrx_word' id='word_1_340' title='bbox 2975 1267 3070 1342; x_wconf 85' lang='lat' dir='ltr'><strong>qui</strong></span> <span class='ocrx_word' id='word_1_341' title='bbox 3098 1268 3337 1342; x_wconf 79' lang='lat' dir='ltr'><strong>omnium</strong></span> <span class='ocrx_word' id='word_1_342' title='bbox 3361 1270 3624 1342; x_wconf 78' lang='lat' dir='ltr'><strong>Optimam</strong></span> 
     </span>
    </p>
   </div>
   <div class='ocr_carea' id='block_1_53' title="bbox 2021 1338 3622 1410">
    <p class='ocr_par' dir='ltr' id='par_1_53' title="bbox 2021 1338 3622 1410">
     <span class='ocr_line' id='line_1_53' title="bbox 2021 1338 3622 1410; baseline -0.002 -12"><span class='ocrx_word' id='word_1_343' title='bbox 2021 1338 2292 1398; x_wconf 79' lang='lat' dir='ltr'><strong>duxerunt</strong></span> <span class='ocrx_word' id='word_1_344' title='bbox 2342 1340 2574 1395; x_wconf 84' lang='lat' dir='ltr'><strong>Edition.</strong></span> <span class='ocrx_word' id='word_1_345' title='bbox 2611 1339 3227 1410; x_wconf 81' lang='lat' dir='ltr'><strong>Pamelio-Rigaltianam</strong></span> <span class='ocrx_word' id='word_1_346' title='bbox 3272 1338 3467 1409; x_wconf 82' lang='lat' dir='ltr'><strong>Priori,</strong></span> <span class='ocrx_word' id='word_1_347' title='bbox 3494 1355 3622 1396; x_wconf 88' lang='lat' dir='ltr'><strong>ann.</strong></span> 
     </span>
    </p>
   </div>
   <div class='ocr_carea' id='block_1_54' title="bbox 2025 1410 3630 1482">
    <p class='ocr_par' dir='ltr' id='par_1_54' title="bbox 2025 1410 3630 1482">
     <span class='ocr_line' id='line_1_54' title="bbox 2025 1410 3630 1482; baseline -0.002 -12"><span class='ocrx_word' id='word_1_348' title='bbox 2025 1414 2188 1481; x_wconf 73' lang='grc'><strong>1664,</strong></span> <span class='ocrx_word' id='word_1_349' title='bbox 2233 1413 2375 1468; x_wconf 88' lang='lat' dir='ltr'><strong>hunc</strong></span> <span class='ocrx_word' id='word_1_350' title='bbox 2430 1411 2709 1467; x_wconf 87' lang='lat' dir='ltr'><strong>habuimus</strong></span> <span class='ocrx_word' id='word_1_351' title='bbox 2746 1411 2998 1466; x_wconf 90' lang='lat' dir='ltr'><strong>editionis</strong></span> <span class='ocrx_word' id='word_1_352' title='bbox 3042 1427 3194 1468; x_wconf 78' lang='lat' dir='ltr'><strong>novae</strong></span> <span class='ocrx_word' id='word_1_353' title='bbox 3235 1410 3437 1468; x_wconf 87' lang='lat' dir='ltr'><strong>fontem</strong></span> <span class='ocrx_word' id='word_1_354' title='bbox 3492 1426 3630 1482; x_wconf 89' lang='lat' dir='ltr'><strong>pene</strong></span> 
     </span>
    </p>
   </div>
   <div class='ocr_carea' id='block_1_55' title="bbox 2022 1483 3628 1548">
    <p class='ocr_par' dir='ltr' id='par_1_55' title="bbox 2022 1483 3628 1548">
     <span class='ocr_line' id='line_1_55' title="bbox 2022 1483 3628 1548; baseline -0.002 -7"><span class='ocrx_word' id='word_1_355' title='bbox 2022 1483 2236 1541; x_wconf 73' lang='lat' dir='ltr'><strong>omﬁem</strong></span> <span class='ocrx_word' id='word_1_356' title='bbox 2267 1494 2321 1540; x_wconf 72' lang='lat' dir='ltr'><strong>Cl</strong></span> <span class='ocrx_word' id='word_1_357' title='bbox 2351 1484 2600 1548; x_wconf 89' lang='lat' dir='ltr'><strong>unicum;</strong></span> <span class='ocrx_word' id='word_1_358' title='bbox 2634 1497 2731 1538; x_wconf 79' lang='lat' dir='ltr'><strong>&quot;CC</strong></span> <span class='ocrx_word' id='word_1_359' title='bbox 2758 1492 2935 1538; x_wconf 91' lang='lat' dir='ltr'><strong>tamen</strong></span> <span class='ocrx_word' id='word_1_360' title='bbox 2976 1492 3280 1538; x_wconf 86' lang='lat' dir='ltr'><strong>accuratam</strong></span> <span class='ocrx_word' id='word_1_361' title='bbox 3313 1493 3628 1540; x_wconf 60' lang='lat' dir='ltr'><strong>ceterarum</strong></span> 
     </span>
    </p>
   </div>
   <div class='ocr_carea' id='block_1_56' title="bbox 2023 1554 3630 1626">
    <p class='ocr_par' dir='ltr' id='par_1_56' title="bbox 2023 1554 3630 1626">
     <span class='ocr_line' id='line_1_56' title="bbox 2023 1554 3630 1626; baseline -0.002 -13"><span class='ocrx_word' id='word_1_362' title='bbox 2023 1558 2317 1613; x_wconf 86' lang='lat' dir='ltr'><strong>editionum</strong></span> <span class='ocrx_word' id='word_1_363' title='bbox 2361 1554 2702 1610; x_wconf 89' lang='lat' dir='ltr'><strong>collationem</strong></span> <span class='ocrx_word' id='word_1_364' title='bbox 2727 1554 3080 1626; x_wconf 19' lang='lat' dir='ltr'><strong>inegligeniles</strong></span> <span class='ocrx_word' id='word_1_365' title='bbox 3101 1595 3136 1626; x_wconf 84' lang='lat'><strong>,_</strong></span> <span class='ocrx_word' id='word_1_366' title='bbox 3167 1565 3376 1624; x_wconf 89' lang='lat' dir='ltr'><strong>septem</strong></span> <span class='ocrx_word' id='word_1_367' title='bbox 3437 1555 3630 1626; x_wconf 65' lang='lat' dir='ltr'><strong>praeci-</strong></span> 
     </span>
    </p>
   </div>
   <div class='ocr_carea' id='block_1_57' title="bbox 2023 1623 3621 1697">
    <p class='ocr_par' dir='ltr' id='par_1_57' title="bbox 2023 1623 3621 1697">
     <span class='ocr_line' id='line_1_57' title="bbox 2023 1623 3621 1697; baseline 0.001 -16"><span class='ocrx_word' id='word_1_368' title='bbox 2023 1644 2179 1697; x_wconf 87' lang='lat' dir='ltr'><strong>pnas,</strong></span> <span class='ocrx_word' id='word_1_369' title='bbox 2213 1643 2406 1696; x_wconf 88' lang='lat' dir='ltr'><strong>nempe</strong></span> <span class='ocrx_word' id='word_1_370' title='bbox 2431 1626 2699 1692; x_wconf 77' lang='lat' dir='ltr'><strong>Rhenani,</strong></span> <span class='ocrx_word' id='word_1_371' title='bbox 2726 1623 2969 1688; x_wconf 82' lang='lat' dir='ltr'><strong>Pamelii,</strong></span> <span class='ocrx_word' id='word_1_372' title='bbox 2987 1623 3621 1695; x_wconf 55' lang='lat' dir='ltr'><strong>Rigaltii,Parisie&#39;usetn,</strong></span> 
     </span>
    </p>
   </div>
   <div class='ocr_carea' id='block_1_58' title="bbox 2023 1697 3628 1763">
    <p class='ocr_par' dir='ltr' id='par_1_58' title="bbox 2023 1697 3628 1763">
     <span class='ocr_line' id='line_1_58' title="bbox 2023 1697 3628 1763; baseline -0.002 -7"><span class='ocrx_word' id='word_1_373' title='bbox 2023 1700 2285 1756; x_wconf 81' lang='lat' dir='ltr'><strong>Venetam</strong></span> <span class='ocrx_word' id='word_1_374' title='bbox 2307 1741 2321 1763; x_wconf 91' lang='lat'><strong>,</strong></span> <span class='ocrx_word' id='word_1_375' title='bbox 2355 1699 2636 1754; x_wconf 85' lang='lat' dir='ltr'><strong>llalensem</strong></span> <span class='ocrx_word' id='word_1_376' title='bbox 2678 1707 2731 1753; x_wconf 89' lang='lat' dir='ltr'><strong>et</strong></span> <span class='ocrx_word' id='word_1_377' title='bbox 2758 1697 3125 1752; x_wconf 89' lang='lat' dir='ltr'><strong>Stabelianam</strong></span> <span class='ocrx_word' id='word_1_378' title='bbox 3155 1697 3424 1754; x_wconf 91' lang='lat' dir='ltr'><strong>continuis</strong></span> <span class='ocrx_word' id='word_1_379' title='bbox 3454 1697 3628 1754; x_wconf 81' lang='lat' dir='ltr'><strong>matti-</strong></span> 
     </span>
    </p>
   </div>
   <div class='ocr_carea' id='block_1_59' title="bbox 2025 1769 3630 1836">
    <p class='ocr_par' dir='ltr' id='par_1_59' title="bbox 2025 1769 3630 1836">
     <span class='ocr_line' id='line_1_59' title="bbox 2025 1769 3630 1836; baseline 0 -10"><span class='ocrx_word' id='word_1_380' title='bbox 2025 1772 2158 1836; x_wconf 90' lang='lat' dir='ltr'><strong>bus,</strong></span> <span class='ocrx_word' id='word_1_381' title='bbox 2227 1781 2406 1826; x_wconf 90' lang='lat' dir='ltr'><strong>nostra</strong></span> <span class='ocrx_word' id='word_1_382' title='bbox 2458 1769 2585 1825; x_wconf 90' lang='lat' dir='ltr'><strong>dum</strong></span> <span class='ocrx_word' id='word_1_383' title='bbox 2640 1769 2908 1834; x_wconf 84' lang='lat' dir='ltr'><strong>oriretur,</strong></span> <span class='ocrx_word' id='word_1_384' title='bbox 2961 1769 3262 1824; x_wconf 85' lang='lat' dir='ltr'><strong>habuimus.</strong></span> <span class='ocrx_word' id='word_1_385' title='bbox 3305 1769 3512 1836; x_wconf 77' lang='lat' dir='ltr'><strong>Quibus</strong></span> <span class='ocrx_word' id='word_1_386' title='bbox 3540 1785 3630 1826; x_wconf 83' lang='lat' dir='ltr'><strong>ac-</strong></span> 
     </span>
    </p>
   </div>
   <div class='ocr_carea' id='block_1_60' title="bbox 2024 1839 3626 1914">
    <p class='ocr_par' dir='ltr' id='par_1_60' title="bbox 2024 1839 3626 1914">
     <span class='ocr_line' id='line_1_60' title="bbox 2024 1839 3626 1914; baseline -0.002 -15"><span class='ocrx_word' id='word_1_387' title='bbox 2024 1845 2209 1908; x_wconf 81' lang='lat' dir='ltr'><strong>cessit,</strong></span> <span class='ocrx_word' id='word_1_388' title='bbox 2243 1857 2340 1914; x_wconf 86' lang='lat' dir='ltr'><strong>pro</strong></span> <span class='ocrx_word' id='word_1_389' title='bbox 2365 1841 2631 1914; x_wconf 83' lang='lat' dir='ltr'><strong>omnibus</strong></span> <span class='ocrx_word' id='word_1_390' title='bbox 2665 1841 2717 1895; x_wconf 91' lang='lat' dir='ltr'><strong>in</strong></span> <span class='ocrx_word' id='word_1_391' title='bbox 2759 1855 2820 1894; x_wconf 90' lang='lat' dir='ltr'><strong>ea</strong></span> <span class='ocrx_word' id='word_1_392' title='bbox 2845 1839 3018 1914; x_wconf 87' lang='lat' dir='ltr'><strong>_edit_is</strong></span> <span class='ocrx_word' id='word_1_393' title='bbox 3048 1839 3222 1914; x_wconf 64' lang='lat' dir='ltr'><strong>[_lbljs,</strong></span> <span class='ocrx_word' id='word_1_394' title='bbox 3253 1840 3534 1914; x_wconf 72' lang='lat' dir='ltr'><strong>splendida</strong></span> <span class='ocrx_word' id='word_1_395' title='bbox 3561 1856 3626 1914; x_wconf 85' lang='lat' dir='ltr'><strong>ac</strong></span> 
     </span>
    </p>
   </div>
   <div class='ocr_carea' id='block_1_61' title="bbox 2026 1908 3628 1977">
    <p class='ocr_par' dir='ltr' id='par_1_61' title="bbox 2026 1908 3628 1977">
     <span class='ocr_line' id='line_1_61' title="bbox 2026 1908 3628 1977; baseline -0.002 -7"><span class='ocrx_word' id='word_1_396' title='bbox 2026 1908 2395 1970; x_wconf 82' lang='lat' dir='ltr'><strong>recentissima</strong></span> <span class='ocrx_word' id='word_1_397' title='bbox 2429 1912 2702 1977; x_wconf 87' lang='lat' dir='ltr'><strong>recensio,</strong></span> <span class='ocrx_word' id='word_1_398' title='bbox 2739 1911 2916 1965; x_wconf 91' lang='lat' dir='ltr'><strong>studio</strong></span> <span class='ocrx_word' id='word_1_399' title='bbox 2945 1909 3012 1965; x_wconf 90' lang='lat' dir='ltr'><strong>E.</strong></span> <span class='ocrx_word' id='word_1_400' title='bbox 3046 1908 3106 1964; x_wconf 91' lang='lat' dir='ltr'><strong>P.</strong></span> <span class='ocrx_word' id='word_1_401' title='bbox 3138 1908 3400 1977; x_wconf 80' lang='lat' dir='ltr'><strong>Leopoldi</strong></span> <span class='ocrx_word' id='word_1_402' title='bbox 3429 1911 3628 1977; x_wconf 65' lang='lat' dir='ltr'><strong>Lipsiae</strong></span> 
     </span>
    </p>
   </div>
   <div class='ocr_carea' id='block_1_62' title="bbox 2025 1982 3632 2053">
    <p class='ocr_par' dir='ltr' id='par_1_62' title="bbox 2025 1982 3632 2053">
     <span class='ocr_line' id='line_1_62' title="bbox 2025 1982 3632 2053; baseline -0.001 -12"><span class='ocrx_word' id='word_1_403' title='bbox 2025 1986 2184 2052; x_wconf 83' lang='lat' dir='ltr'><strong>data,</strong></span> <span class='ocrx_word' id='word_1_404' title='bbox 2214 1993 2273 2040; x_wconf 89' lang='lat' dir='ltr'><strong>ut</strong></span> <span class='ocrx_word' id='word_1_405' title='bbox 2317 1983 2654 2040; x_wconf 89' lang='lat' dir='ltr'><strong>bibliothecae</strong></span> <span class='ocrx_word' id='word_1_406' title='bbox 2699 1983 3192 2053; x_wconf 39' lang='lat' dir='ltr'><strong>Patrumhcurante</strong></span> <span class='ocrx_word' id='word_1_407' title='bbox 3237 1982 3306 2038; x_wconf 88' lang='lat' dir='ltr'><strong>E.</strong></span> <span class='ocrx_word' id='word_1_408' title='bbox 3352 1982 3418 2040; x_wconf 76' lang='grc' dir='ltr'><strong>(ἰ.</strong></span> <span class='ocrx_word' id='word_1_409' title='bbox 3467 1982 3632 2040; x_wconf 87' lang='lat' dir='ltr'><strong>Gers-</strong></span> 
     </span>
    </p>
   </div>
   <div class='ocr_carea' id='block_1_63' title="bbox 2025 2055 3024 2118">
    <p class='ocr_par' dir='ltr' id='par_1_63' title="bbox 2025 2055 3024 2118">
     <span class='ocr_line' id='line_1_63' title="bbox 2025 2055 3024 2118; baseline -0.012 -6"><span class='ocrx_word' id='word_1_410' title='bbox 2025 2055 2152 2112; x_wconf 88' lang='lat' dir='ltr'><strong>dorf</strong></span> <span class='ocrx_word' id='word_1_411' title='bbox 2167 2100 2180 2118; x_wconf 89' lang='lat'><strong>.</strong></span> <span class='ocrx_word' id='word_1_412' title='bbox 2210 2057 2552 2112; x_wconf 85' lang='lat' dir='ltr'><strong>insereretur.</strong></span> <span class='ocrx_word' id='word_1_413' title='bbox 2997 2067 3024 2116; x_wconf 39' lang='grc' dir='ltr'><strong>ιι</strong></span> 
     </span>
    </p>
   </div>
   <div class='ocr_carea' id='block_1_64' title="bbox 2095 2123 3629 2197">
    <p class='ocr_par' dir='ltr' id='par_1_64' title="bbox 2095 2123 3629 2197">
     <span class='ocr_line' id='line_1_64' title="bbox 2095 2123 3629 2197; baseline -0.001 -14"><span class='ocrx_word' id='word_1_414' title='bbox 2095 2128 2349 2197; x_wconf 84' lang='lat' dir='ltr'><strong>Quinimo</strong></span> <span class='ocrx_word' id='word_1_415' title='bbox 2388 2142 2481 2182; x_wconf 92' lang='lat' dir='ltr'><strong>eas</strong></span> <span class='ocrx_word' id='word_1_416' title='bbox 2537 2125 2651 2182; x_wconf 88' lang='lat' dir='ltr'><strong>fere</strong></span> <span class='ocrx_word' id='word_1_417' title='bbox 2694 2140 2884 2182; x_wconf 75' lang='lat' dir='ltr'><strong>on&#39;iues</strong></span> <span class='ocrx_word' id='word_1_418' title='bbox 2908 2123 3224 2182; x_wconf 85' lang='lat' dir='ltr'><strong>Tertulliani</strong></span> <span class='ocrx_word' id='word_1_419' title='bbox 3282 2125 3629 2196; x_wconf 77' lang='lat' dir='ltr'><strong>recensiones</strong></span> 
     </span>
    </p>
   </div>
   <div class='ocr_carea' id='block_1_65' title="bbox 2024 2197 3631 2270">
    <p class='ocr_par' dir='ltr' id='par_1_65' title="bbox 2024 2197 3631 2270">
     <span class='ocr_line' id='line_1_65' title="bbox 2024 2197 3631 2270; baseline -0.001 -16"><span class='ocrx_word' id='word_1_420' title='bbox 2024 2214 2146 2254; x_wconf 89' lang='lat' dir='ltr'><strong>cum</strong></span> <span class='ocrx_word' id='word_1_421' title='bbox 2179 2199 2368 2254; x_wconf 87' lang='lat' dir='ltr'><strong>Priorii</strong></span> <span class='ocrx_word' id='word_1_422' title='bbox 2403 2207 2550 2253; x_wconf 74' lang='lat' dir='ltr'><strong>textu</strong></span> <span class='ocrx_word' id='word_1_423' title='bbox 2595 2197 3056 2270; x_wconf 68' lang='lat' dir='ltr'><strong>repraesentandas</strong></span> <span class='ocrx_word' id='word_1_424' title='bbox 3083 2197 3388 2270; x_wconf 76' lang='lat' dir='ltr'><strong>curavimus</strong></span> <span class='ocrx_word' id='word_1_425' title='bbox 3420 2201 3631 2270; x_wconf 85' lang='lat' dir='ltr'><strong>:eonti-</strong></span> 
     </span>
    </p>
   </div>
   <div class='ocr_carea' id='block_1_66' title="bbox 2038 2268 3630 2326">
    <p class='ocr_par' dir='ltr' id='par_1_66' title="bbox 2038 2268 3630 2326">
     <span class='ocr_line' id='line_1_66' title="bbox 2038 2268 3630 2326; baseline -0.001 0"><span class='ocrx_word' id='word_1_426' title='bbox 2038 2287 2173 2326; x_wconf 87' lang='lat' dir='ltr'><strong>uuos</strong></span> <span class='ocrx_word' id='word_1_427' title='bbox 2203 2270 2344 2326; x_wconf 88' lang='lat' dir='ltr'><strong>enim</strong></span> <span class='ocrx_word' id='word_1_428' title='bbox 2374 2268 2761 2324; x_wconf 74' lang='lat' dir='ltr'><strong>Sttbncxuimns</strong></span> <span class='ocrx_word' id='word_1_429' title='bbox 2791 2269 3106 2324; x_wconf 77' lang='lat' dir='ltr'><strong>variantium</strong></span> <span class='ocrx_word' id='word_1_430' title='bbox 3155 2268 3441 2326; x_wconf 88' lang='lat' dir='ltr'><strong>lectionum</strong></span> <span class='ocrx_word' id='word_1_431' title='bbox 3488 2269 3630 2324; x_wconf 88' lang='lat' dir='ltr'><strong>indi-</strong></span> 
     </span>
    </p>
   </div>
   <div class='ocr_carea' id='block_1_67' title="bbox 2027 2339 3629 2410">
    <p class='ocr_par' dir='ltr' id='par_1_67' title="bbox 2027 2339 3629 2410">
     <span class='ocr_line' id='line_1_67' title="bbox 2027 2339 3629 2410; baseline 0.001 -14"><span class='ocrx_word' id='word_1_432' title='bbox 2027 2343 2207 2409; x_wconf 86' lang='lat' dir='ltr'><strong>culos,</strong></span> <span class='ocrx_word' id='word_1_433' title='bbox 2253 2357 2318 2398; x_wconf 80' lang='lat' dir='ltr'><strong>ex</strong></span> <span class='ocrx_word' id='word_1_434' title='bbox 2359 2342 2576 2410; x_wconf 86' lang='lat' dir='ltr'><strong>Optimis</strong></span> <span class='ocrx_word' id='word_1_435' title='bbox 2632 2341 2935 2406; x_wconf 85' lang='lat' dir='ltr'><strong>codicibus,</strong></span> <span class='ocrx_word' id='word_1_436' title='bbox 2999 2339 3225 2396; x_wconf 78' lang='lat' dir='ltr'><strong>editisre</strong></span> <span class='ocrx_word' id='word_1_437' title='bbox 3270 2341 3629 2397; x_wconf 83' lang='lat' dir='ltr'><strong>voluminibus</strong></span> 
     </span>
    </p>
   </div>
   <div class='ocr_carea' id='block_1_68' title="bbox 2026 2411 3627 2484">
    <p class='ocr_par' dir='ltr' id='par_1_68' title="bbox 2026 2411 3627 2484">
     <span class='ocr_line' id='line_1_68' title="bbox 2026 2411 3627 2484; baseline 0.001 -17"><span class='ocrx_word' id='word_1_438' title='bbox 2026 2429 2186 2484; x_wconf 91' lang='lat' dir='ltr'><strong>quam</strong></span> <span class='ocrx_word' id='word_1_439' title='bbox 2213 2412 2616 2484; x_wconf 76' lang='lat' dir='ltr'><strong>diligentissime</strong></span> <span class='ocrx_word' id='word_1_440' title='bbox 2645 2411 2926 2484; x_wconf 61' lang='lat' dir='ltr'><strong>collectos.</strong></span> <span class='ocrx_word' id='word_1_441' title='bbox 2957 2412 3092 2484; x_wconf 89' lang='lat' dir='ltr'><strong>llinc</strong></span> <span class='ocrx_word' id='word_1_442' title='bbox 3120 2412 3354 2484; x_wconf 82' lang='lat' dir='ltr'><strong>simanu</strong></span> <span class='ocrx_word' id='word_1_443' title='bbox 3387 2423 3627 2470; x_wconf 56' lang='lat' dir='ltr'><strong>tantum.</strong></span> 
     </span>
    </p>
   </div>
   <div class='ocr_carea' id='block_1_69' title="bbox 2027 2482 3622 2551">
    <p class='ocr_par' dir='ltr' id='par_1_69' title="bbox 2027 2482 3622 2551">
     <span class='ocr_line' id='line_1_69' title="bbox 2027 2482 3622 2551; baseline 0.001 -12"><span class='ocrx_word' id='word_1_444' title='bbox 2027 2482 2188 2540; x_wconf 79' lang='lat' dir='ltr'><strong>modo</strong></span> <span class='ocrx_word' id='word_1_445' title='bbox 2219 2485 2374 2539; x_wconf 85' lang='lat' dir='ltr'><strong>obvia</strong></span> <span class='ocrx_word' id='word_1_446' title='bbox 2397 2483 2648 2551; x_wconf 64' lang='lat' dir='ltr'><strong>quarlibet</strong></span> <span class='ocrx_word' id='word_1_447' title='bbox 2685 2482 2810 2538; x_wconf 85' lang='lat' dir='ltr'><strong>folia</strong></span> <span class='ocrx_word' id='word_1_448' title='bbox 2851 2483 3098 2549; x_wconf 77' lang='lat' dir='ltr'><strong>evolvas,</strong></span> <span class='ocrx_word' id='word_1_449' title='bbox 3129 2483 3252 2537; x_wconf 91' lang='lat' dir='ltr'><strong>hinc</strong></span> <span class='ocrx_word' id='word_1_450' title='bbox 3292 2484 3416 2540; x_wconf 88' lang='lat' dir='ltr'><strong>inde</strong></span> <span class='ocrx_word' id='word_1_451' title='bbox 3462 2485 3622 2541; x_wconf 72' lang='lat' dir='ltr'><strong>velim</strong></span> 
     </span>
    </p>
   </div>
   <div class='ocr_carea' id='block_1_70' title="bbox 2027 2553 3625 2626">
    <p class='ocr_par' dir='ltr' id='par_1_70' title="bbox 2027 2553 3625 2626">
     <span class='ocr_line' id='line_1_70' title="bbox 2027 2553 3625 2626; baseline -0.001 -15"><span class='ocrx_word' id='word_1_452' title='bbox 2027 2557 2288 2611; x_wconf 78' lang='lat' dir='ltr'><strong>excitatos</strong></span> <span class='ocrx_word' id='word_1_453' title='bbox 2335 2555 2518 2610; x_wconf 84' lang='lat' dir='ltr'><strong>videas</strong></span> <span class='ocrx_word' id='word_1_454' title='bbox 2552 2554 2767 2626; x_wconf 85' lang='lat' dir='ltr'><strong>codices</strong></span> <span class='ocrx_word' id='word_1_455' title='bbox 2797 2554 3199 2626; x_wconf 84' lang='lat' dir='ltr'><strong>Agobardinos,</strong></span> <span class='ocrx_word' id='word_1_456' title='bbox 3235 2553 3625 2626; x_wconf 82' lang='lat' dir='ltr'><strong>Lugduno-ba-</strong></span> 
     </span>
    </p>
   </div>
   <div class='ocr_carea' id='block_1_71' title="bbox 2028 2625 3626 2694">
    <p class='ocr_par' dir='ltr' id='par_1_71' title="bbox 2028 2625 3626 2694">
     <span class='ocr_line' id='line_1_71' title="bbox 2028 2625 3626 2694; baseline 0.001 -12"><span class='ocrx_word' id='word_1_457' title='bbox 2028 2632 2212 2690; x_wconf 79' lang='lat' dir='ltr'><strong>tavos&#39;,</strong></span> <span class='ocrx_word' id='word_1_458' title='bbox 2243 2626 2559 2694; x_wconf 84' lang='lat' dir='ltr'><strong>Fuldenses,</strong></span> <span class='ocrx_word' id='word_1_459' title='bbox 2585 2625 2874 2682; x_wconf 85' lang='lat' dir='ltr'><strong>Vaticanus</strong></span> <span class='ocrx_word' id='word_1_460' title='bbox 2906 2625 3273 2691; x_wconf 84' lang='lat' dir='ltr'><strong>Pamelianos,</strong></span> <span class='ocrx_word' id='word_1_461' title='bbox 3303 2625 3626 2684; x_wconf 87' lang='lat' dir='ltr'><strong>Ambrosia-</strong></span> 
     </span>
    </p>
   </div>
   <div class='ocr_carea' id='block_1_72' title="bbox 2030 2695 3631 2766">
    <p class='ocr_par' dir='ltr' id='par_1_72' title="bbox 2030 2695 3631 2766">
     <span class='ocr_line' id='line_1_72' title="bbox 2030 2695 3631 2766; baseline 0.001 -13"><span class='ocrx_word' id='word_1_462' title='bbox 2030 2716 2128 2756; x_wconf 92' lang='lat' dir='ltr'><strong>nos</strong></span> <span class='ocrx_word' id='word_1_463' title='bbox 2149 2742 2164 2764; x_wconf 89' lang='lat'><strong>,</strong></span> <span class='ocrx_word' id='word_1_464' title='bbox 2198 2697 2632 2760; x_wconf 84' lang='lat' dir='ltr'><strong>Wouwerianos,</strong></span> <span class='ocrx_word' id='word_1_465' title='bbox 2667 2697 3000 2766; x_wconf 85' lang='lat' dir='ltr'><strong>Latiniauos,</strong></span> <span class='ocrx_word' id='word_1_466' title='bbox 3025 2695 3360 2766; x_wconf 88' lang='lat' dir='ltr'><strong>Gelesianos,</strong></span> <span class='ocrx_word' id='word_1_467' title='bbox 3384 2714 3447 2755; x_wconf 91' lang='lat' dir='ltr'><strong>ac</strong></span> <span class='ocrx_word' id='word_1_468' title='bbox 3477 2699 3631 2755; x_wconf 84' lang='lat' dir='ltr'><strong>iden-</strong></span> 
     </span>
    </p>
   </div>
   <div class='ocr_carea' id='block_1_73' title="bbox 2030 2767 3625 2843">
    <p class='ocr_par' dir='ltr' id='par_1_73' title="bbox 2030 2767 3625 2843">
     <span class='ocr_line' id='line_1_73' title="bbox 2030 2767 3625 2843; baseline 0 -19"><span class='ocrx_word' id='word_1_469' title='bbox 2030 2771 2194 2843; x_wconf 79' lang='lat' dir='ltr'><strong>iidem</strong></span> <span class='ocrx_word' id='word_1_470' title='bbox 2231 2770 2428 2843; x_wconf 85' lang='lat' dir='ltr'><strong>passim</strong></span> <span class='ocrx_word' id='word_1_471' title='bbox 2455 2769 2725 2843; x_wconf 80' lang='lat' dir='ltr'><strong>editienes</strong></span> <span class='ocrx_word' id='word_1_472' title='bbox 2753 2767 3001 2843; x_wconf 71' lang='lat' dir='ltr'><strong>Rhenani</strong></span> <span class='ocrx_word' id='word_1_473' title='bbox 3023 2812 3036 2836; x_wconf 91' lang='lat'><strong>,</strong></span> <span class='ocrx_word' id='word_1_474' title='bbox 3078 2768 3338 2843; x_wconf 76' lang='lat' dir='ltr'><strong>Pamclii,</strong></span> <span class='ocrx_word' id='word_1_475' title='bbox 3373 2771 3585 2843; x_wconf 13' lang='lat' dir='ltr'><strong>lligalﬁtii</strong></span> <span class='ocrx_word' id='word_1_476' title='bbox 3608 2813 3625 2841; x_wconf 84' lang='lat'><strong>,</strong></span> 
     </span>
    </p>
   </div>
   <div class='ocr_carea' id='block_1_74' title="bbox 2028 2840 3632 2911">
    <p class='ocr_par' dir='ltr' id='par_1_74' title="bbox 2028 2840 3632 2911">
     <span class='ocr_line' id='line_1_74' title="bbox 2028 2840 3632 2911; baseline 0 -13"><span class='ocrx_word' id='word_1_477' title='bbox 2028 2840 2384 2898; x_wconf 78' lang='lat' dir='ltr'><strong>Francckerae</strong></span> <span class='ocrx_word' id='word_1_478' title='bbox 2406 2883 2421 2908; x_wconf 91' lang='lat'><strong>,</strong></span> <span class='ocrx_word' id='word_1_479' title='bbox 2455 2840 2811 2907; x_wconf 88' lang='lat' dir='ltr'><strong>Parisiorum,</strong></span> <span class='ocrx_word' id='word_1_480' title='bbox 2844 2841 3132 2907; x_wconf 84' lang='lat' dir='ltr'><strong>Venetam,</strong></span> <span class='ocrx_word' id='word_1_481' title='bbox 3163 2840 3471 2911; x_wconf 74' lang='lat' dir='ltr'><strong>Halensenf,</strong></span> <span class='ocrx_word' id='word_1_482' title='bbox 3519 2840 3632 2898; x_wconf 84' lang='lat' dir='ltr'><strong>Wi-</strong></span> 
     </span>
    </p>
   </div>
   <div class='ocr_carea' id='block_1_75' title="bbox 2029 2911 3631 2984">
    <p class='ocr_par' dir='ltr' id='par_1_75' title="bbox 2029 2911 3631 2984">
     <span class='ocr_line' id='line_1_75' title="bbox 2029 2911 3631 2984; baseline -0.001 -14"><span class='ocrx_word' id='word_1_483' title='bbox 2029 2915 2441 2984; x_wconf 88' lang='lat' dir='ltr'><strong>ceburgensem,</strong></span> <span class='ocrx_word' id='word_1_484' title='bbox 2465 2911 2822 2984; x_wconf 78' lang='lat' dir='ltr'><strong>Lipsiensem,</strong></span> <span class='ocrx_word' id='word_1_485' title='bbox 2851 2911 3128 2983; x_wconf 89' lang='lat' dir='ltr'><strong>Leopoldi,</strong></span> <span class='ocrx_word' id='word_1_486' title='bbox 3162 2923 3265 2984; x_wconf 91' lang='lat' dir='ltr'><strong>ete.</strong></span> <span class='ocrx_word' id='word_1_487' title='bbox 3295 2913 3468 2969; x_wconf 83' lang='lat' dir='ltr'><strong>Erunt</strong></span> <span class='ocrx_word' id='word_1_488' title='bbox 3515 2913 3631 2968; x_wconf 61' lang='lat' dir='ltr'><strong>for.</strong></span> 
     </span>
    </p>
   </div>
   <div class='ocr_carea' id='block_1_76' title="bbox 2030 2983 3638 3056">
    <p class='ocr_par' dir='ltr' id='par_1_76' title="bbox 2030 2983 3638 3056">
     <span class='ocr_line' id='line_1_76' title="bbox 2030 2983 3638 3056; baseline 0 -16"><span class='ocrx_word' id='word_1_489' title='bbox 2030 2995 2173 3042; x_wconf 89' lang='lat' dir='ltr'><strong>tasse</strong></span> <span class='ocrx_word' id='word_1_490' title='bbox 2199 2983 2286 3056; x_wconf 72' lang='lat' dir='ltr'><strong>Qui</strong></span> <span class='ocrx_word' id='word_1_491' title='bbox 2315 2985 2470 3056; x_wconf 87' lang='lat' dir='ltr'><strong>longa</strong></span> <span class='ocrx_word' id='word_1_492' title='bbox 2499 2994 2678 3042; x_wconf 87' lang='lat' dir='ltr'><strong>nostra</strong></span> <span class='ocrx_word' id='word_1_493' title='bbox 2727 2985 2780 3056; x_wconf 92' lang='lat' dir='ltr'><strong>in</strong></span> <span class='ocrx_word' id='word_1_494' title='bbox 2812 2983 2896 3039; x_wconf 89' lang='lat' dir='ltr'><strong>bis</strong></span> <span class='ocrx_word' id='word_1_495' title='bbox 2942 2983 3278 3056; x_wconf 80' lang='lat' dir='ltr'><strong>perlegendis</strong></span> <span class='ocrx_word' id='word_1_496' title='bbox 3313 2985 3520 3056; x_wconf 79' lang='lat' dir='ltr'><strong>fastidia</strong></span> <span class='ocrx_word' id='word_1_497' title='bbox 3547 2985 3638 3056; x_wconf 79' lang='lat' dir='ltr'><strong>(lc-</strong></span> 
     </span>
    </p>
   </div>
   <div class='ocr_carea' id='block_1_77' title="bbox 2029 3054 3630 3127">
    <p class='ocr_par' dir='ltr' id='par_1_77' title="bbox 2029 3054 3630 3127">
     <span class='ocr_line' id='line_1_77' title="bbox 2029 3054 3630 3127; baseline -0.002 -15"><span class='ocrx_word' id='word_1_498' title='bbox 2029 3054 2268 3127; x_wconf 75' lang='lat' dir='ltr'><strong>dignati,</strong></span> <span class='ocrx_word' id='word_1_499' title='bbox 2301 3054 2639 3111; x_wconf 81' lang='lat' dir='ltr'><strong>mirabuntur</strong></span> <span class='ocrx_word' id='word_1_500' title='bbox 2668 3070 2731 3110; x_wconf 91' lang='lat' dir='ltr'><strong>ac</strong></span> <span class='ocrx_word' id='word_1_501' title='bbox 2758 3055 2894 3110; x_wconf 90' lang='lat' dir='ltr'><strong>forte</strong></span> <span class='ocrx_word' id='word_1_502' title='bbox 2920 3055 3192 3127; x_wconf 15' lang='lat' dir='ltr'><strong>rdolebunt</strong></span> <span class='ocrx_word' id='word_1_503' title='bbox 3224 3054 3434 3127; x_wconf 78' lang='lat' dir='ltr'><strong>nosmet</strong></span> <span class='ocrx_word' id='word_1_504' title='bbox 3460 3057 3512 3109; x_wconf 90' lang='lat' dir='ltr'><strong>in</strong></span> <span class='ocrx_word' id='word_1_505' title='bbox 3536 3055 3630 3109; x_wconf 81' lang='lat' dir='ltr'><strong>de—</strong></span> 
     </span>
    </p>
   </div>
   <div class='ocr_carea' id='block_1_78' title="bbox 2030 3125 3632 3195">
    <p class='ocr_par' dir='ltr' id='par_1_78' title="bbox 2030 3125 3632 3195">
     <span class='ocr_line' id='line_1_78' title="bbox 2030 3125 3632 3195; baseline -0.002 -13"><span class='ocrx_word' id='word_1_506' title='bbox 2030 3125 2273 3183; x_wconf 74' lang='lat' dir='ltr'><strong>licatulas</strong></span> <span class='ocrx_word' id='word_1_507' title='bbox 2303 3143 2366 3183; x_wconf 90' lang='lat' dir='ltr'><strong>ac</strong></span> <span class='ocrx_word' id='word_1_508' title='bbox 2395 3127 2651 3181; x_wconf 90' lang='lat' dir='ltr'><strong>molestas</strong></span> <span class='ocrx_word' id='word_1_509' title='bbox 2683 3129 2844 3180; x_wconf 89' lang='lat' dir='ltr'><strong>tricas</strong></span> <span class='ocrx_word' id='word_1_510' title='bbox 2863 3126 3055 3182; x_wconf 91' lang='lat' dir='ltr'><strong>misere</strong></span> <span class='ocrx_word' id='word_1_511' title='bbox 3074 3125 3358 3195; x_wconf 89' lang='lat' dir='ltr'><strong>impegisse</strong></span> <span class='ocrx_word' id='word_1_512' title='bbox 3380 3141 3442 3181; x_wconf 87' lang='lat' dir='ltr'><strong>ac</strong></span> <span class='ocrx_word' id='word_1_513' title='bbox 3462 3127 3632 3181; x_wconf 88' lang='lat' dir='ltr'><strong>lecto-</strong></span> 
     </span>
    </p>
   </div>
   <div class='ocr_carea' id='block_1_79' title="bbox 2031 3195 3634 3268">
    <p class='ocr_par' dir='ltr' id='par_1_79' title="bbox 2031 3195 3634 3268">
     <span class='ocr_line' id='line_1_79' title="bbox 2031 3195 3634 3268; baseline -0.002 -14"><span class='ocrx_word' id='word_1_514' title='bbox 2031 3215 2120 3254; x_wconf 87' lang='lat' dir='ltr'><strong>res</strong></span> <span class='ocrx_word' id='word_1_515' title='bbox 2147 3213 2426 3268; x_wconf 87' lang='lat' dir='ltr'><strong>perperam</strong></span> <span class='ocrx_word' id='word_1_516' title='bbox 2455 3195 2940 3268; x_wconf 12' lang='lat' dir='ltr'><strong>adduxisse.7Erunt</strong></span> <span class='ocrx_word' id='word_1_517' title='bbox 2983 3205 3160 3268; x_wconf 82' lang='lat' dir='ltr'><strong>autem</strong></span> <span class='ocrx_word' id='word_1_518' title='bbox 3192 3207 3246 3250; x_wconf 88' lang='lat' dir='ltr'><strong>et</strong></span> <span class='ocrx_word' id='word_1_519' title='bbox 3264 3195 3350 3265; x_wconf 75' lang='lat' dir='ltr'><strong>alii</strong></span> <span class='ocrx_word' id='word_1_520' title='bbox 3374 3197 3552 3266; x_wconf 88' lang='lat' dir='ltr'><strong>plures</strong></span> <span class='ocrx_word' id='word_1_521' title='bbox 3579 3205 3634 3268; x_wconf 86' lang='lat' dir='ltr'><strong>et</strong></span> 
     </span>
    </p>
   </div>
   <div class='ocr_carea' id='block_1_80' title="bbox 322 3264 3635 3344">
    <p class='ocr_par' dir='ltr' id='par_1_80' title="bbox 322 3264 3635 3344">
     <span class='ocr_line' id='line_1_80' title="bbox 322 3264 3635 3344; baseline 0.001 -24"><span class='ocrx_word' id='word_1_522' title='bbox 322 3268 414 3344; x_wconf 83' lang='lat' dir='ltr'><strong>qui</strong></span> <span class='ocrx_word' id='word_1_523' title='bbox 443 3277 554 3344; x_wconf 78' lang='lat' dir='ltr'><strong>tres</strong></span> <span class='ocrx_word' id='word_1_524' title='bbox 578 3272 792 3344; x_wconf 84' lang='lat' dir='ltr'><strong>quidem</strong></span> <span class='ocrx_word' id='word_1_525' title='bbox 817 3273 984 3326; x_wconf 91' lang='lat' dir='ltr'><strong>libros</strong></span> <span class='ocrx_word' id='word_1_526' title='bbox 1007 3279 1210 3326; x_wconf 88' lang='lat' dir='ltr'><strong>tantmn</strong></span> <span class='ocrx_word' id='word_1_527' title='bbox 1240 3264 1600 3344; x_wconf 59' lang='lat' dir='ltr'><strong>iridagatiirus,</strong></span> <span class='ocrx_word' id='word_1_528' title='bbox 1637 3267 1760 3344; x_wconf 89' lang='lat' dir='ltr'><strong>inde</strong></span> <span class='ocrx_word' id='word_1_529' title='bbox 1783 3267 1928 3344; x_wconf 63' lang='lat' dir='ltr'><strong>laxa»</strong></span> <span class='ocrx_word' id='word_1_530' title='bbox 1953 3280 2000 3344; x_wconf 72' lang='grc' dir='ltr'><strong>ρ</strong></span> <span class='ocrx_word' id='word_1_531' title='bbox 2031 3264 2328 3344; x_wconf 81' lang='lat' dir='ltr'><strong>a~quiores,</strong></span> <span class='ocrx_word' id='word_1_532' title='bbox 2346 3269 2460 3344; x_wconf 89' lang='lat' dir='ltr'><strong>_qui</strong></span> <span class='ocrx_word' id='word_1_533' title='bbox 2509 3282 2628 3344; x_wconf 75' lang='lat' dir='ltr'><strong>eum</strong></span> <span class='ocrx_word' id='word_1_534' title='bbox 2669 3267 2966 3322; x_wconf 88' lang='lat' dir='ltr'><strong>audiendus</strong></span> <span class='ocrx_word' id='word_1_535' title='bbox 3022 3266 3092 3344; x_wconf 81' lang='lat' dir='ltr'><strong>sit</strong></span> <span class='ocrx_word' id='word_1_536' title='bbox 3135 3275 3252 3344; x_wconf 78' lang='lat' dir='ltr'><strong>post</strong></span> <span class='ocrx_word' id='word_1_537' title='bbox 3301 3264 3399 3323; x_wconf 80' lang='lat' dir='ltr'><strong>tot</strong></span> <span class='ocrx_word' id='word_1_538' title='bbox 3439 3267 3635 3324; x_wconf 65' lang='lat' dir='ltr'><strong>saecula</strong></span> 
     </span>
    </p>
   </div>
   <div class='ocr_carea' id='block_1_81' title="bbox 325 3339 1924 3407">
    <p class='ocr_par' dir='ltr' id='par_1_81' title="bbox 325 3339 1924 3407">
     <span class='ocr_line' id='line_1_81' title="bbox 325 3339 1924 3407; baseline 0 -17"><span class='ocrx_word' id='word_1_539' title='bbox 325 3341 399 3392; x_wconf 88' lang='lat' dir='ltr'><strong>tis</strong></span> <span class='ocrx_word' id='word_1_540' title='bbox 421 3340 580 3407; x_wconf 79' lang='lat' dir='ltr'><strong>velis,</strong></span> <span class='ocrx_word' id='word_1_541' title='bbox 596 3339 661 3396; x_wconf 80' lang='lat' dir='ltr'><strong>in</strong></span> <span class='ocrx_word' id='word_1_542' title='bbox 699 3343 1012 3398; x_wconf 84' lang='lat' dir='ltr'><strong>altissimam</strong></span> <span class='ocrx_word' id='word_1_543' title='bbox 1066 3344 1229 3396; x_wconf 92' lang='lat' dir='ltr'><strong>totius</strong></span> <span class='ocrx_word' id='word_1_544' title='bbox 1266 3339 1582 3404; x_wconf 82' lang='lat' dir='ltr'><strong>Tertulliani</strong></span> <span class='ocrx_word' id='word_1_545' title='bbox 1625 3339 1924 3392; x_wconf 89' lang='lat' dir='ltr'><strong>doctrinam</strong></span> 
     </span>
    </p>
   </div>
   <div class='ocr_carea' id='block_1_82' title="bbox 325 3408 1926 3484">
    <p class='ocr_par' dir='ltr' id='par_1_82' title="bbox 325 3408 1926 3484">
     <span class='ocr_line' id='line_1_82' title="bbox 325 3408 1926 3484; baseline -0.001 -20"><span class='ocrx_word' id='word_1_546' title='bbox 325 3409 624 3484; x_wconf 77' lang='lat' dir='ltr'><strong>invehitur,</strong></span> <span class='ocrx_word' id='word_1_547' title='bbox 647 3414 761 3469; x_wconf 88' lang='lat' dir='ltr'><strong>loca</strong></span> <span class='ocrx_word' id='word_1_548' title='bbox 792 3413 1040 3484; x_wconf 88' lang='lat' dir='ltr'><strong>scopulis,</strong></span> <span class='ocrx_word' id='word_1_549' title='bbox 1063 3411 1470 3469; x_wconf 77' lang='lat' dir='ltr'><strong>oﬂ‘endiculisve</strong></span> <span class='ocrx_word' id='word_1_550' title='bbox 1491 3410 1627 3484; x_wconf 86' lang='lat' dir='ltr'><strong>invia</strong></span> <span class='ocrx_word' id='word_1_551' title='bbox 1647 3408 1926 3484; x_wconf 72' lang='lat' dir='ltr'><strong>coniliien-</strong></span> 
     </span>
    </p>
   </div>
   <div class='ocr_carea' id='block_1_83' title="bbox 329 3478 1970 3552">
    <p class='ocr_par' dir='ltr' id='par_1_83' title="bbox 329 3478 1970 3552">
     <span class='ocr_line' id='line_1_83' title="bbox 329 3478 1970 3552; baseline 0 -18"><span class='ocrx_word' id='word_1_552' title='bbox 329 3491 416 3552; x_wconf 82' lang='lat' dir='ltr'><strong>ter</strong></span> <span class='ocrx_word' id='word_1_553' title='bbox 447 3478 668 3552; x_wconf 83' lang='lat' dir='ltr'><strong>inquirit</strong></span> <span class='ocrx_word' id='word_1_554' title='bbox 691 3500 754 3540; x_wconf 92' lang='lat' dir='ltr'><strong>ac</strong></span> <span class='ocrx_word' id='word_1_555' title='bbox 789 3478 903 3540; x_wconf 78' lang='lat' dir='ltr'><strong>tuto</strong></span> <span class='ocrx_word' id='word_1_556' title='bbox 924 3485 1176 3552; x_wconf 89' lang='lat' dir='ltr'><strong>illustrat,</strong></span> <span class='ocrx_word' id='word_1_557' title='bbox 1206 3500 1361 3540; x_wconf 90' lang='lat' dir='ltr'><strong>suum</strong></span> <span class='ocrx_word' id='word_1_558' title='bbox 1396 3489 1542 3537; x_wconf 91' lang='lat' dir='ltr'><strong>tanto</strong></span> <span class='ocrx_word' id='word_1_559' title='bbox 1563 3480 1772 3552; x_wconf 86' lang='lat' dir='ltr'><strong>doctori</strong></span> <span class='ocrx_word' id='word_1_560' title='bbox 1802 3478 1931 3552; x_wconf 86' lang='lat' dir='ltr'><strong>fide-</strong></span> <span class='ocrx_word' id='word_1_561' title='bbox 1955 3531 1970 3546; x_wconf 84' lang='grc'><em>,</em></span> 
     </span>
    </p>
   </div>
   <div class='ocr_carea' id='block_1_84' title="bbox 328 3550 1930 3627">
    <p class='ocr_par' dir='ltr' id='par_1_84' title="bbox 328 3550 1930 3627">
     <span class='ocr_line' id='line_1_84' title="bbox 328 3550 1930 3627; baseline 0.001 -23"><span class='ocrx_word' id='word_1_562' title='bbox 328 3550 602 3627; x_wconf 71' lang='lat' dir='ltr'><strong>iissimum</strong></span> <span class='ocrx_word' id='word_1_563' title='bbox 633 3556 862 3611; x_wconf 74' lang='lat' dir='ltr'><strong>restituit</strong></span> <span class='ocrx_word' id='word_1_564' title='bbox 886 3570 1122 3623; x_wconf 88' lang='lat' dir='ltr'><strong>sensum,</strong></span> <span class='ocrx_word' id='word_1_565' title='bbox 1153 3550 1304 3611; x_wconf 69' lang='lat' dir='ltr'><strong>Suam</strong></span> <span class='ocrx_word' id='word_1_566' title='bbox 1353 3555 1427 3610; x_wconf 87' lang='lat' dir='ltr'><strong>in-</strong></span> <span class='ocrx_word' id='word_1_567' title='bbox 1459 3552 1643 3627; x_wconf 77' lang='lat' dir='ltr'><strong>multis</strong></span> <span class='ocrx_word' id='word_1_568' title='bbox 1663 3550 1930 3627; x_wconf 78' lang='lat' dir='ltr'><strong>_crimini-</strong></span> 
     </span>
    </p>
   </div>
   <div class='ocr_carea' id='block_1_85' title="bbox 326 3623 1927 3698">
    <p class='ocr_par' dir='ltr' id='par_1_85' title="bbox 326 3623 1927 3698">
     <span class='ocr_line' id='line_1_85' title="bbox 326 3623 1927 3698; baseline -0.001 -20"><span class='ocrx_word' id='word_1_569' title='bbox 326 3623 432 3679; x_wconf 87' lang='lat' dir='ltr'><strong>bus</strong></span> <span class='ocrx_word' id='word_1_570' title='bbox 461 3623 596 3682; x_wconf 87' lang='lat' dir='ltr'><strong>falso</strong></span> <span class='ocrx_word' id='word_1_571' title='bbox 624 3627 892 3698; x_wconf 89' lang='lat' dir='ltr'><strong>imputatis</strong></span> <span class='ocrx_word' id='word_1_572' title='bbox 919 3642 1162 3682; x_wconf 85' lang='lat' dir='ltr'><strong>caussam</strong></span> <span class='ocrx_word' id='word_1_573' title='bbox 1192 3627 1426 3682; x_wconf 79' lang='lat' dir='ltr'><strong>vindicat</strong></span> <span class='ocrx_word' id='word_1_574' title='bbox 1445 3667 1458 3692; x_wconf 90' lang='lat'><strong>,</strong></span> <span class='ocrx_word' id='word_1_575' title='bbox 1505 3623 1628 3698; x_wconf 83' lang='lat' dir='ltr'><strong>vera</strong></span> <span class='ocrx_word' id='word_1_576' title='bbox 1662 3623 1927 3698; x_wconf 76' lang='lat' dir='ltr'><strong>inuigilat,</strong></span> 
     </span>
    </p>
   </div>
   <div class='ocr_carea' id='block_1_86' title="bbox 328 3695 1932 3770">
    <p class='ocr_par' dir='ltr' id='par_1_86' title="bbox 328 3695 1932 3770">
     <span class='ocr_line' id='line_1_86' title="bbox 328 3695 1932 3770; baseline -0.001 -20"><span class='ocrx_word' id='word_1_577' title='bbox 328 3710 546 3770; x_wconf 77' lang='lat' dir='ltr'><strong>errores</strong></span> <span class='ocrx_word' id='word_1_578' title='bbox 591 3695 829 3770; x_wconf 79' lang='lat' dir='ltr'><strong>increpat</strong></span> <span class='ocrx_word' id='word_1_579' title='bbox 851 3740 878 3770; x_wconf 15' lang='grc' dir='ltr'><strong>,ί</strong></span> <span class='ocrx_word' id='word_1_580' title='bbox 898 3699 1148 3770; x_wconf 87' lang='lat' dir='ltr'><strong>conspuit</strong></span> <span class='ocrx_word' id='word_1_581' title='bbox 1200 3698 1404 3769; x_wconf 89' lang='lat' dir='ltr'><strong>spuria,</strong></span> <span class='ocrx_word' id='word_1_582' title='bbox 1433 3695 1753 3770; x_wconf 78' lang='lat' dir='ltr'><strong>verosimilia</strong></span> <span class='ocrx_word' id='word_1_583' title='bbox 1805 3711 1932 3770; x_wconf 78' lang='lat' dir='ltr'><strong>con-_-</strong></span> 
     </span>
    </p>
   </div>
   <div class='ocr_carea' id='block_1_87' title="bbox 325 3766 1932 3840">
    <p class='ocr_par' dir='ltr' id='par_1_87' title="bbox 325 3766 1932 3840">
     <span class='ocr_line' id='line_1_87' title="bbox 325 3766 1932 3840; baseline 0.001 -22"><span class='ocrx_word' id='word_1_584' title='bbox 325 3766 463 3840; x_wconf 83' lang='lat' dir='ltr'><strong>jieit,</strong></span> <span class='ocrx_word' id='word_1_585' title='bbox 492 3785 592 3826; x_wconf 90' lang='lat' dir='ltr'><strong>nec</strong></span> <span class='ocrx_word' id='word_1_586' title='bbox 642 3766 756 3827; x_wconf 59' lang='lat' dir='ltr'><strong>ulli&#39;</strong></span> <span class='ocrx_word' id='word_1_587' title='bbox 779 3766 1054 3826; x_wconf 84' lang='lat' dir='ltr'><strong>audaciori</strong></span> <span class='ocrx_word' id='word_1_588' title='bbox 1091 3766 1344 3840; x_wconf 81' lang='lat' dir='ltr'><strong>figmento</strong></span> <span class='ocrx_word' id='word_1_589' title='bbox 1363 3809 1380 3835; x_wconf 96' lang='lat'><strong>,</strong></span> <span class='ocrx_word' id='word_1_590' title='bbox 1405 3769 1486 3823; x_wconf 83' lang='lat' dir='ltr'><strong>vel</strong></span> <span class='ocrx_word' id='word_1_591' title='bbox 1516 3768 1725 3840; x_wconf 82' lang='lat' dir='ltr'><strong>favente</strong></span> <span class='ocrx_word' id='word_1_592' title='bbox 1744 3767 1932 3840; x_wconf 82' lang='lat' dir='ltr'><strong>optimi</strong></span> 
     </span>
    </p>
   </div>
   <div class='ocr_carea' id='block_1_88' title="bbox 330 3836 1929 3908">
    <p class='ocr_par' dir='ltr' id='par_1_88' title="bbox 330 3836 1929 3908">
     <span class='ocr_line' id='line_1_88' title="bbox 330 3836 1929 3908; baseline -0.002 -17"><span class='ocrx_word' id='word_1_593' title='bbox 330 3838 554 3896; x_wconf 89' lang='lat' dir='ltr'><strong>cditoris</strong></span> <span class='ocrx_word' id='word_1_594' title='bbox 595 3843 938 3908; x_wconf 87' lang='lat' dir='ltr'><strong>auctoritate,</strong></span> <span class='ocrx_word' id='word_1_595' title='bbox 970 3836 1176 3896; x_wconf 64' lang='lat' dir='ltr'><strong>tetricas</strong></span> <span class='ocrx_word' id='word_1_596' title='bbox 1207 3857 1385 3896; x_wconf 83' lang='lat' dir='ltr'><strong>censor</strong></span> <span class='ocrx_word' id='word_1_597' title='bbox 1421 3848 1467 3893; x_wconf 88' lang='lat' dir='ltr'><strong>et</strong></span> <span class='ocrx_word' id='word_1_598' title='bbox 1495 3855 1645 3908; x_wconf 82' lang='lat' dir='ltr'><strong>asper</strong></span> <span class='ocrx_word' id='word_1_599' title='bbox 1672 3836 1929 3908; x_wconf 86' lang='lat' dir='ltr'><strong>indulget.</strong></span> 
     </span>
    </p>
   </div>
   <div class='ocr_carea' id='block_1_89' title="bbox 330 3910 1934 3981">
    <p class='ocr_par' dir='ltr' id='par_1_89' title="bbox 330 3910 1934 3981">
     <span class='ocr_line' id='line_1_89' title="bbox 330 3910 1934 3981; baseline -0.001 -17"><span class='ocrx_word' id='word_1_600' title='bbox 330 3911 501 3966; x_wconf 80' lang='lat' dir='ltr'><strong>Porro</strong></span> <span class='ocrx_word' id='word_1_601' title='bbox 526 3928 592 3969; x_wconf 89' lang='lat' dir='ltr'><strong>eo</strong></span> <span class='ocrx_word' id='word_1_602' title='bbox 620 3914 855 3970; x_wconf 86' lang='lat' dir='ltr'><strong>alacrius</strong></span> <span class='ocrx_word' id='word_1_603' title='bbox 902 3913 954 3968; x_wconf 88' lang='lat' dir='ltr'><strong>in</strong></span> <span class='ocrx_word' id='word_1_604' title='bbox 995 3912 1170 3967; x_wconf 89' lang='lat' dir='ltr'><strong>lucem</strong></span> <span class='ocrx_word' id='word_1_605' title='bbox 1206 3915 1397 3968; x_wconf 89' lang='lat' dir='ltr'><strong>iterum</strong></span> <span class='ocrx_word' id='word_1_606' title='bbox 1438 3910 1791 3981; x_wconf 87' lang='lat' dir='ltr'><strong>proferemus,</strong></span> <span class='ocrx_word' id='word_1_607' title='bbox 1827 3923 1934 3981; x_wconf 84' lang='lat' dir='ltr'><strong>quo</strong></span> 
     </span>
    </p>
   </div>
   <div class='ocr_carea' id='block_1_90' title="bbox 333 3979 1932 4056">
    <p class='ocr_par' dir='ltr' id='par_1_90' title="bbox 333 3979 1932 4056">
     <span class='ocr_line' id='line_1_90' title="bbox 333 3979 1932 4056; baseline -0.001 -20"><span class='ocrx_word' id='word_1_608' title='bbox 333 3984 545 4048; x_wconf 86' lang='lat' dir='ltr'><strong>rarius,</strong></span> <span class='ocrx_word' id='word_1_609' title='bbox 576 3997 630 4041; x_wconf 89' lang='lat' dir='ltr'><strong>et</strong></span> <span class='ocrx_word' id='word_1_610' title='bbox 671 3992 879 4056; x_wconf 65' lang='lat' dir='ltr'><strong>quaestu</strong></span> <span class='ocrx_word' id='word_1_611' title='bbox 927 3983 1199 4039; x_wconf 77' lang='lat' dir='ltr'><strong>difficilius</strong></span> <span class='ocrx_word' id='word_1_612' title='bbox 1237 3995 1320 4038; x_wconf 91' lang='lat' dir='ltr'><strong>est</strong></span> <span class='ocrx_word' id='word_1_613' title='bbox 1372 3979 1760 4056; x_wconf 75' lang='lat' dir='ltr'><strong>amplissimum</strong></span> <span class='ocrx_word' id='word_1_614' title='bbox 1803 3979 1932 4056; x_wconf 87' lang='lat' dir='ltr'><strong>illud</strong></span> 
     </span>
    </p>
   </div>
   <div class='ocr_carea' id='block_1_91' title="bbox 333 4051 1930 4125">
    <p class='ocr_par' dir='ltr' id='par_1_91' title="bbox 333 4051 1930 4125">
     <span class='ocr_line' id='line_1_91' title="bbox 333 4051 1930 4125; baseline -0.003 -18"><span class='ocrx_word' id='word_1_615' title='bbox 333 4060 412 4108; x_wconf 88' lang='lat' dir='ltr'><strong>ret</strong></span> <span class='ocrx_word' id='word_1_616' title='bbox 454 4051 743 4125; x_wconf 71' lang='lat' dir='ltr'><strong>patristicaa</strong></span> <span class='ocrx_word' id='word_1_617' title='bbox 773 4057 932 4111; x_wconf 91' lang='lat' dir='ltr'><strong>trium</strong></span> <span class='ocrx_word' id='word_1_618' title='bbox 976 4056 1213 4124; x_wconf 89' lang='lat' dir='ltr'><strong>priorum</strong></span> <span class='ocrx_word' id='word_1_619' title='bbox 1263 4055 1580 4109; x_wconf 68' lang='lat' dir='ltr'><strong>saeculorum</strong></span> <span class='ocrx_word' id='word_1_620' title='bbox 1620 4051 1930 4125; x_wconf 74' lang='lat' dir='ltr'><strong>arium-inm.</strong></span> 
     </span>
    </p>
   </div>
   <div class='ocr_carea' id='block_1_92' title="bbox 413 4122 1935 4198">
    <p class='ocr_par' dir='ltr' id='par_1_92' title="bbox 413 4122 1935 4198">
     <span class='ocr_line' id='line_1_92' title="bbox 413 4122 1935 4198; baseline -0.004 -16"><span class='ocrx_word' id='word_1_621' title='bbox 413 4122 540 4182; x_wconf 56' lang='lat' dir='ltr'><strong>Hice</strong></span> <span class='ocrx_word' id='word_1_622' title='bbox 569 4138 697 4183; x_wconf 88' lang='lat' dir='ltr'><strong>sunt</strong></span> <span class='ocrx_word' id='word_1_623' title='bbox 744 4143 865 4198; x_wconf 72' lang='lat' dir='ltr'><strong>qua:</strong></span> <span class='ocrx_word' id='word_1_624' title='bbox 892 4122 1105 4198; x_wconf 83' lang='lat' dir='ltr'><strong>utiliora</strong></span> <span class='ocrx_word' id='word_1_625' title='bbox 1136 4125 1388 4198; x_wconf 77' lang='lat' dir='ltr'><strong>duximus</strong></span> <span class='ocrx_word' id='word_1_626' title='bbox 1411 4125 1606 4198; x_wconf 62' lang='lat' dir='ltr'><strong>prtevia</strong></span> <span class='ocrx_word' id='word_1_627' title='bbox 1624 4122 1935 4198; x_wconf 70' lang='lat' dir='ltr'><strong>Tertulliani</strong></span> 
     </span>
    </p>
   </div>
   <div class='ocr_carea' id='block_1_93' title="bbox 335 4193 1936 4270">
    <p class='ocr_par' dir='ltr' id='par_1_93' title="bbox 335 4193 1936 4270">
     <span class='ocr_line' id='line_1_93' title="bbox 335 4193 1936 4270; baseline -0.002 -19"><span class='ocrx_word' id='word_1_628' title='bbox 335 4198 506 4254; x_wconf 88' lang='lat' dir='ltr'><strong>nostri</strong></span> <span class='ocrx_word' id='word_1_629' title='bbox 549 4199 731 4255; x_wconf 89' lang='lat' dir='ltr'><strong>limina</strong></span> <span class='ocrx_word' id='word_1_630' title='bbox 757 4193 820 4254; x_wconf 82' lang='lat' dir='ltr'><strong>ac</strong></span> <span class='ocrx_word' id='word_1_631' title='bbox 871 4213 1008 4270; x_wconf 87' lang='lat' dir='ltr'><strong>pene</strong></span> <span class='ocrx_word' id='word_1_632' title='bbox 1073 4197 1249 4270; x_wconf 88' lang='lat' dir='ltr'><strong>dicam</strong></span> <span class='ocrx_word' id='word_1_633' title='bbox 1297 4193 1590 4270; x_wconf 87' lang='lat' dir='ltr'><strong>Propylea._</strong></span> <span class='ocrx_word' id='word_1_634' title='bbox 1641 4193 1772 4270; x_wconf 75' lang='lat' dir='ltr'><strong>Qua:</strong></span> <span class='ocrx_word' id='word_1_635' title='bbox 1815 4209 1936 4248; x_wconf 91' lang='lat' dir='ltr'><strong>eum</strong></span> 
     </span>
    </p>
   </div>
   <div class='ocr_carea' id='block_1_94' title="bbox 340 4267 1930 4341">
    <p class='ocr_par' dir='ltr' id='par_1_94' title="bbox 340 4267 1930 4341">
     <span class='ocr_line' id='line_1_94' title="bbox 340 4267 1930 4341; baseline -0.001 -19"><span class='ocrx_word' id='word_1_636' title='bbox 340 4271 718 4336; x_wconf 88' lang='lat' dir='ltr'><strong>pertransieris</strong></span> <span class='ocrx_word' id='word_1_637' title='bbox 752 4313 766 4336; x_wconf 87' lang='lat'><strong>,</strong></span> <span class='ocrx_word' id='word_1_638' title='bbox 818 4267 997 4325; x_wconf 80' lang='lat' dir='ltr'><strong>tutiori</strong></span> <span class='ocrx_word' id='word_1_639' title='bbox 1025 4269 1162 4341; x_wconf 91' lang='lat' dir='ltr'><strong>pede</strong></span> <span class='ocrx_word' id='word_1_640' title='bbox 1191 4267 1721 4341; x_wconf 76' lang='lat' dir='ltr'><strong>penetralibusipsis</strong></span> <span class='ocrx_word' id='word_1_641' title='bbox 1751 4279 1930 4320; x_wconf 55' lang='lat' dir='ltr'><strong>succeo</strong></span> 
     </span>
    </p>
   </div>
   <div class='ocr_carea' id='block_1_95' title="bbox 337 4335 1936 4412">
    <p class='ocr_par' dir='ltr' id='par_1_95' title="bbox 337 4335 1936 4412">
     <span class='ocr_line' id='line_1_95' title="bbox 337 4335 1936 4412; baseline -0.002 -19"><span class='ocrx_word' id='word_1_642' title='bbox 337 4335 454 4395; x_wconf 83' lang='lat' dir='ltr'><strong>des.</strong></span> <span class='ocrx_word' id='word_1_643' title='bbox 481 4343 723 4412; x_wconf 75' lang='lat' dir='ltr'><strong>Quoiam</strong></span> <span class='ocrx_word' id='word_1_644' title='bbox 747 4335 798 4397; x_wconf 88' lang='lat' dir='ltr'><strong>te</strong></span> <span class='ocrx_word' id='word_1_645' title='bbox 816 4335 1351 4411; x_wconf 65' lang='lat' dir='ltr'><strong>mecnm&#39;pervenisse</strong></span> <span class='ocrx_word' id='word_1_646' title='bbox 1377 4335 1782 4412; x_wconf 55' lang='lat' dir='ltr'><strong>videaris&#39;velim</strong></span> <span class='ocrx_word' id='word_1_647' title='bbox 1803 4378 1816 4401; x_wconf 93' lang='lat'><strong>,</strong></span> <span class='ocrx_word' id='word_1_648' title='bbox 1857 4345 1936 4412; x_wconf 84' lang='lat' dir='ltr'><strong>ut,</strong></span> 
     </span>
    </p>
   </div>
   <div class='ocr_carea' id='block_1_96' title="bbox 293 4410 1938 4484">
    <p class='ocr_par' dir='ltr' id='par_1_96' title="bbox 293 4410 1938 4484">
     <span class='ocr_line' id='line_1_96' title="bbox 293 4410 1938 4484; baseline -0.003 -18"><span class='ocrx_word' id='word_1_649' title='bbox 293 4425 304 4433; x_wconf 84' lang='lat'><strong>&#39;</strong></span> <span class='ocrx_word' id='word_1_650' title='bbox 340 4412 553 4469; x_wconf 79' lang='lat' dir='ltr'><strong>:ediftcii</strong></span> <span class='ocrx_word' id='word_1_651' title='bbox 584 4410 835 4484; x_wconf 68' lang='lat' dir='ltr'><strong>prtecipui</strong></span> <span class='ocrx_word' id='word_1_652' title='bbox 867 4410 1124 4484; x_wconf 83' lang='lat' dir='ltr'><strong>tantisper</strong></span> <span class='ocrx_word' id='word_1_653' title='bbox 1149 4413 1373 4484; x_wconf 82' lang='lat' dir='ltr'><strong>oblitus,</strong></span> <span class='ocrx_word' id='word_1_654' title='bbox 1403 4411 1658 4466; x_wconf 91' lang='lat' dir='ltr'><strong>continuo</strong></span> <span class='ocrx_word' id='word_1_655' title='bbox 1687 4410 1938 4484; x_wconf 88' lang='lat' dir='ltr'><strong>remotis-</strong></span> 
     </span>
    </p>
   </div>
   <div class='ocr_carea' id='block_1_97' title="bbox 339 4479 1941 4556">
    <p class='ocr_par' dir='ltr' id='par_1_97' title="bbox 339 4479 1941 4556">
     <span class='ocr_line' id='line_1_97' title="bbox 339 4479 1941 4556; baseline -0.004 -19"><span class='ocrx_word' id='word_1_656' title='bbox 339 4486 504 4556; x_wconf 77' lang='lat' dir='ltr'><strong>simas</strong></span> <span class='ocrx_word' id='word_1_657' title='bbox 530 4479 822 4540; x_wconf 55' lang='lat' dir='ltr'><strong>in&#39;visanius</strong></span> <span class='ocrx_word' id='word_1_658' title='bbox 845 4479 1247 4556; x_wconf 85' lang='lat' dir='ltr'><strong>appendiculas.</strong></span> <span class='ocrx_word' id='word_1_659' title='bbox 1275 4483 1518 4556; x_wconf 74' lang='lat' dir='ltr'><strong>Quinque</strong></span> <span class='ocrx_word' id='word_1_660' title='bbox 1543 4495 1670 4551; x_wconf 86' lang='lat' dir='ltr'><strong>ergo</strong></span> <span class='ocrx_word' id='word_1_661' title='bbox 1704 4479 1941 4556; x_wconf 80' lang='lat' dir='ltr'><strong>reperies</strong></span> 
     </span>
    </p>
   </div>
   <div class='ocr_carea' id='block_1_98' title="bbox 343 4551 1941 4627">
    <p class='ocr_par' dir='ltr' id='par_1_98' title="bbox 343 4551 1941 4627">
     <span class='ocr_line' id='line_1_98' title="bbox 343 4551 1941 4627; baseline -0.001 -21"><span class='ocrx_word' id='word_1_662' title='bbox 343 4554 394 4609; x_wconf 90' lang='lat' dir='ltr'><strong>in</strong></span> <span class='ocrx_word' id='word_1_663' title='bbox 424 4555 574 4611; x_wconf 88' lang='lat' dir='ltr'><strong>calce</strong></span> <span class='ocrx_word' id='word_1_664' title='bbox 603 4551 1183 4627; x_wconf 59' lang='lat' dir='ltr'><strong>repOsitas,&#39;coronidis</strong></span> <span class='ocrx_word' id='word_1_665' title='bbox 1213 4555 1401 4627; x_wconf 85' lang='lat' dir='ltr'><strong>instar,</strong></span> <span class='ocrx_word' id='word_1_666' title='bbox 1429 4551 1941 4627; x_wconf 77' lang='lat' dir='ltr'><strong>diversiargumenti</strong></span> 
     </span>
    </p>
   </div>
   <div class='ocr_carea' id='block_1_99' title="bbox 342 4623 1942 4698">
    <p class='ocr_par' dir='ltr' id='par_1_99' title="bbox 342 4623 1942 4698">
     <span class='ocr_line' id='line_1_99' title="bbox 342 4623 1942 4698; baseline -0.002 -20"><span class='ocrx_word' id='word_1_667' title='bbox 342 4623 688 4696; x_wconf 65' lang='lat' dir='ltr'><strong>appendices.</strong></span> <span class='ocrx_word' id='word_1_668' title='bbox 720 4628 956 4696; x_wconf 84' lang='lat' dir='ltr'><strong>Quarum</strong></span> <span class='ocrx_word' id='word_1_669' title='bbox 985 4626 1339 4698; x_wconf 11' lang='lat' dir='ltr'><strong>prinmihabet</strong></span> <span class='ocrx_word' id='word_1_670' title='bbox 1364 4623 1942 4698; x_wconf 50' lang='lat' dir='ltr'><strong>canatnssiregenui-</strong></span> 
     </span>
    </p>
   </div>
   <div class='ocr_carea' id='block_1_100' title="bbox 346 4695 1944 4770">
    <p class='ocr_par' dir='ltr' id='par_1_100' title="bbox 346 4695 1944 4770">
     <span class='ocr_line' id='line_1_100' title="bbox 346 4695 1944 4770; baseline -0.001 -22"><span class='ocrx_word' id='word_1_671' title='bbox 346 4695 432 4770; x_wconf 74' lang='lat' dir='ltr'><strong>ua,</strong></span> <span class='ocrx_word' id='word_1_672' title='bbox 451 4700 564 4754; x_wconf 80' lang='lat' dir='ltr'><strong>sive</strong></span> <span class='ocrx_word' id='word_1_673' title='bbox 591 4695 926 4770; x_wconf 76' lang='lat' dir='ltr'><strong>suppdsititia</strong></span> <span class='ocrx_word' id='word_1_674' title='bbox 951 4739 966 4764; x_wconf 90' lang='lat'><strong>,</strong></span> <span class='ocrx_word' id='word_1_675' title='bbox 985 4695 1108 4770; x_wconf 79' lang='lat' dir='ltr'><strong>quae</strong></span> <span class='ocrx_word' id='word_1_676' title='bbox 1138 4695 1450 4753; x_wconf 90' lang='lat' dir='ltr'><strong>Tertulliani</strong></span> <span class='ocrx_word' id='word_1_677' title='bbox 1475 4696 1690 4770; x_wconf 84' lang='lat' dir='ltr'><strong>nomine</strong></span> <span class='ocrx_word' id='word_1_678' title='bbox 1714 4696 1944 4770; x_wconf 86' lang='lat' dir='ltr'><strong>circum-</strong></span> 
     </span>
    </p>
   </div>
   <div class='ocr_carea' id='block_1_101' title="bbox 345 4765 1940 4840">
    <p class='ocr_par' dir='ltr' id='par_1_101' title="bbox 345 4765 1940 4840">
     <span class='ocr_line' id='line_1_101' title="bbox 345 4765 1940 4840; baseline -0.003 -17"><span class='ocrx_word' id='word_1_679' title='bbox 345 4769 610 4836; x_wconf 77' lang='lat' dir='ltr'><strong>feruntur,</strong></span> <span class='ocrx_word' id='word_1_680' title='bbox 657 4765 850 4840; x_wconf 59' lang='lat' dir='ltr'><strong>e&#39;xiguo</strong></span> <span class='ocrx_word' id='word_1_681' title='bbox 895 4765 1141 4840; x_wconf 85' lang='lat' dir='ltr'><strong>quidem,</strong></span> <span class='ocrx_word' id='word_1_682' title='bbox 1185 4778 1368 4840; x_wconf 89' lang='lat' dir='ltr'><strong>utpote</strong></span> <span class='ocrx_word' id='word_1_683' title='bbox 1419 4767 1617 4840; x_wconf 63' lang='lat' dir='ltr'><strong>exigui</strong></span> <span class='ocrx_word' id='word_1_684' title='bbox 1641 4765 1940 4832; x_wconf 86' lang='lat' dir='ltr'><strong>momenti,</strong></span> 
     </span>
    </p>
   </div>
   <div class='ocr_carea' id='block_1_102' title="bbox 346 4838 1946 4908">
    <p class='ocr_par' dir='ltr' id='par_1_102' title="bbox 346 4838 1946 4908">
     <span class='ocr_line' id='line_1_102' title="bbox 346 4838 1946 4908; baseline -0.003 -14"><span class='ocrx_word' id='word_1_685' title='bbox 346 4843 734 4897; x_wconf 83' lang='lat' dir='ltr'><strong>commentario</strong></span> <span class='ocrx_word' id='word_1_686' title='bbox 753 4838 1044 4896; x_wconf 80' lang='lat' dir='ltr'><strong>illustrata.</strong></span> <span class='ocrx_word' id='word_1_687' title='bbox 1096 4839 1336 4895; x_wconf 85' lang='lat' dir='ltr'><strong>Secunda</strong></span> <span class='ocrx_word' id='word_1_688' title='bbox 1381 4849 1557 4893; x_wconf 89' lang='lat' dir='ltr'><strong>autem</strong></span> <span class='ocrx_word' id='word_1_689' title='bbox 1594 4838 1946 4908; x_wconf 81' lang='lat' dir='ltr'><strong>fragmentum</strong></span> 
     </span>
    </p>
   </div>
   <div class='ocr_carea' id='block_1_103' title="bbox 348 4907 1950 4984">
    <p class='ocr_par' dir='ltr' id='par_1_103' title="bbox 348 4907 1950 4984">
     <span class='ocr_line' id='line_1_103' title="bbox 348 4907 1950 4984; baseline -0.002 -18"><span class='ocrx_word' id='word_1_690' title='bbox 348 4914 616 4982; x_wconf 84' lang='lat' dir='ltr'><strong>quoddam</strong></span> <span class='ocrx_word' id='word_1_691' title='bbox 640 4913 859 4968; x_wconf 81' lang='lat' dir='ltr'><strong>exhibet</strong></span> <span class='ocrx_word' id='word_1_692' title='bbox 895 4913 984 4968; x_wconf 89' lang='lat' dir='ltr'><strong>diu</strong></span> <span class='ocrx_word' id='word_1_693' title='bbox 1027 4926 1122 4984; x_wconf 91' lang='lat' dir='ltr'><strong>per</strong></span> <span class='ocrx_word' id='word_1_694' title='bbox 1164 4912 1328 4966; x_wconf 90' lang='lat' dir='ltr'><strong>multa</strong></span> <span class='ocrx_word' id='word_1_695' title='bbox 1368 4911 1561 4984; x_wconf 75' lang='lat' dir='ltr'><strong>sa:cula</strong></span> <span class='ocrx_word' id='word_1_696' title='bbox 1593 4909 1648 4984; x_wconf 81' lang='lat' dir='ltr'><strong>in</strong></span> <span class='ocrx_word' id='word_1_697' title='bbox 1670 4907 1950 4984; x_wconf 64' lang='lat' dir='ltr'><strong>codicibus</strong></span> 
     </span>
    </p>
   </div>
   <div class='ocr_carea' id='block_1_104' title="bbox 351 4977 1946 5050">
    <p class='ocr_par' dir='ltr' id='par_1_104' title="bbox 351 4977 1946 5050">
     <span class='ocr_line' id='line_1_104' title="bbox 351 4977 1946 5050; baseline -0.002 -15"><span class='ocrx_word' id='word_1_698' title='bbox 351 4977 608 5039; x_wconf 64' lang='lat' dir='ltr'><strong>raiticatiis</strong></span> <span class='ocrx_word' id='word_1_699' title='bbox 639 4985 888 5040; x_wconf 91' lang='lat' dir='ltr'><strong>obrutum</strong></span> <span class='ocrx_word' id='word_1_700' title='bbox 911 5026 924 5050; x_wconf 90' lang='lat'><strong>,</strong></span> <span class='ocrx_word' id='word_1_701' title='bbox 954 4977 1168 5038; x_wconf 78' lang='lat' dir='ltr'><strong>tandem</strong></span> <span class='ocrx_word' id='word_1_702' title='bbox 1195 4998 1390 5038; x_wconf 88' lang='lat' dir='ltr'><strong>annum</strong></span> <span class='ocrx_word' id='word_1_703' title='bbox 1417 4982 1558 5038; x_wconf 89' lang='lat' dir='ltr'><strong>circa</strong></span> <span class='ocrx_word' id='word_1_704' title='bbox 1585 4981 1725 5037; x_wconf 72' lang='grc'><strong>1650</strong></span> <span class='ocrx_word' id='word_1_705' title='bbox 1768 4995 1797 5034; x_wconf 91' lang='lat' dir='ltr'><strong>a</strong></span> <span class='ocrx_word' id='word_1_706' title='bbox 1821 4977 1946 5035; x_wconf 85' lang='lat' dir='ltr'><strong>Joh.</strong></span> 
     </span>
    </p>
   </div>
   <div class='ocr_carea' id='block_1_105' title="bbox 351 5051 1953 5123">
    <p class='ocr_par' dir='ltr' id='par_1_105' title="bbox 351 5051 1953 5123">
     <span class='ocr_line' id='line_1_105' title="bbox 351 5051 1953 5123; baseline -0.001 -15"><span class='ocrx_word' id='word_1_707' title='bbox 351 5054 509 5111; x_wconf 71' lang='lat' dir='ltr'><strong>Maria</strong></span> <span class='ocrx_word' id='word_1_708' title='bbox 540 5055 813 5123; x_wconf 87' lang='lat' dir='ltr'><strong>Suaresio,</strong></span> <span class='ocrx_word' id='word_1_709' title='bbox 845 5054 1090 5111; x_wconf 83' lang='lat' dir='ltr'><strong>bibliotli.</strong></span> <span class='ocrx_word' id='word_1_710' title='bbox 1114 5055 1272 5110; x_wconf 86' lang='lat' dir='ltr'><strong>vatic.</strong></span> <span class='ocrx_word' id='word_1_711' title='bbox 1325 5053 1569 5119; x_wconf 85' lang='lat' dir='ltr'><strong>custode,</strong></span> <span class='ocrx_word' id='word_1_712' title='bbox 1599 5052 1832 5123; x_wconf 89' lang='lat' dir='ltr'><strong>editum,</strong></span> <span class='ocrx_word' id='word_1_713' title='bbox 1853 5051 1953 5106; x_wconf 86' lang='lat' dir='ltr'><strong>ite-</strong></span> 
     </span>
    </p>
   </div>
   <div class='ocr_carea' id='block_1_106' title="bbox 353 5122 1951 5199">
    <p class='ocr_par' dir='ltr' id='par_1_106' title="bbox 353 5122 1951 5199">
     <span class='ocr_line' id='line_1_106' title="bbox 353 5122 1951 5199; baseline -0.002 -18"><span class='ocrx_word' id='word_1_714' title='bbox 353 5143 631 5199; x_wconf 75' lang='lat' dir='ltr'><strong>tumquea</strong></span> <span class='ocrx_word' id='word_1_715' title='bbox 657 5122 868 5183; x_wconf 87' lang='lat' dir='ltr'><strong>duobus</strong></span> <span class='ocrx_word' id='word_1_716' title='bbox 895 5127 1107 5183; x_wconf 71' lang='lat' dir='ltr'><strong>smculis</strong></span> <span class='ocrx_word' id='word_1_717' title='bbox 1135 5126 1333 5199; x_wconf 84' lang='lat' dir='ltr'><strong>oblivio</strong></span> <span class='ocrx_word' id='word_1_718' title='bbox 1359 5127 1606 5199; x_wconf 81' lang='lat' dir='ltr'><strong>obrutum</strong></span> <span class='ocrx_word' id='word_1_719' title='bbox 1634 5133 1726 5177; x_wconf 92' lang='lat' dir='ltr'><strong>aut</strong></span> <span class='ocrx_word' id='word_1_720' title='bbox 1760 5122 1951 5192; x_wconf 79' lang='lat' dir='ltr'><strong>deSpe-</strong></span> 
     </span>
    </p>
   </div>
   <div class='ocr_carea' id='block_1_107' title="bbox 354 5194 1952 5265">
    <p class='ocr_par' dir='ltr' id='par_1_107' title="bbox 354 5194 1952 5265">
     <span class='ocr_line' id='line_1_107' title="bbox 354 5194 1952 5265; baseline -0.005 -11"><span class='ocrx_word' id='word_1_721' title='bbox 354 5194 517 5254; x_wconf 72' lang='lat' dir='ltr'><strong>ctuni.</strong></span> <span class='ocrx_word' id='word_1_722' title='bbox 569 5197 746 5255; x_wconf 83' lang='lat' dir='ltr'><strong>Tertia</strong></span> <span class='ocrx_word' id='word_1_723' title='bbox 771 5209 947 5254; x_wconf 91' lang='lat' dir='ltr'><strong>autem</strong></span> <span class='ocrx_word' id='word_1_724' title='bbox 975 5198 1231 5254; x_wconf 88' lang='lat' dir='ltr'><strong>nonnulla</strong></span> <span class='ocrx_word' id='word_1_725' title='bbox 1262 5194 1747 5265; x_wconf 75' lang='lat' dir='ltr'><strong>deprehenditqua:</strong></span> <span class='ocrx_word' id='word_1_726' title='bbox 1777 5208 1952 5265; x_wconf 74' lang='lat' dir='ltr'><strong>grieco</strong></span> 
     </span>
    </p>
   </div>
   <div class='ocr_carea' id='block_1_108' title="bbox 353 5264 1952 5342">
    <p class='ocr_par' dir='ltr' id='par_1_108' title="bbox 353 5264 1952 5342">
     <span class='ocr_line' id='line_1_108' title="bbox 353 5264 1952 5342; baseline -0.005 -18"><span class='ocrx_word' id='word_1_727' title='bbox 353 5284 448 5326; x_wconf 91' lang='lat' dir='ltr'><strong>ore</strong></span> <span class='ocrx_word' id='word_1_728' title='bbox 473 5272 762 5342; x_wconf 84' lang='lat' dir='ltr'><strong>Septimius</strong></span> <span class='ocrx_word' id='word_1_729' title='bbox 787 5271 943 5338; x_wconf 77' lang='lat' dir='ltr'><strong>dixit,</strong></span> <span class='ocrx_word' id='word_1_730' title='bbox 968 5269 1236 5342; x_wconf 83' lang='lat' dir='ltr'><strong>transtulit</strong></span> <span class='ocrx_word' id='word_1_731' title='bbox 1260 5312 1276 5337; x_wconf 88' lang='lat'><strong>,</strong></span> <span class='ocrx_word' id='word_1_732' title='bbox 1299 5264 1390 5323; x_wconf 86' lang='lat' dir='ltr'><strong>aut</strong></span> <span class='ocrx_word' id='word_1_733' title='bbox 1415 5266 1673 5342; x_wconf 77' lang='lat' dir='ltr'><strong>exaravit,</strong></span> <span class='ocrx_word' id='word_1_734' title='bbox 1701 5264 1952 5342; x_wconf 79' lang='lat' dir='ltr'><strong>atticismi</strong></span> 
     </span>
    </p>
   </div>
   <div class='ocr_carea' id='block_1_109' title="bbox 354 5335 1953 5414">
    <p class='ocr_par' dir='ltr' id='par_1_109' title="bbox 354 5335 1953 5414">
     <span class='ocr_line' id='line_1_109' title="bbox 354 5335 1953 5414; baseline -0.006 -17"><span class='ocrx_word' id='word_1_735' title='bbox 354 5335 564 5414; x_wconf 58' lang='lat' dir='ltr'><strong>forsan&#39;</strong></span> <span class='ocrx_word' id='word_1_736' title='bbox 604 5343 821 5414; x_wconf 89' lang='lat' dir='ltr'><strong>peritior</strong></span> <span class='ocrx_word' id='word_1_737' title='bbox 900 5335 1058 5414; x_wconf 80' lang='lat' dir='ltr'><strong>quam</strong></span> <span class='ocrx_word' id='word_1_738' title='bbox 1118 5335 1301 5414; x_wconf 80' lang='lat' dir='ltr'><strong>latinae</strong></span> <span class='ocrx_word' id='word_1_739' title='bbox 1363 5335 1697 5414; x_wconf 80' lang='lat' dir='ltr'><strong>urbanitatis.</strong></span> <span class='ocrx_word' id='word_1_740' title='bbox 1759 5337 1953 5406; x_wconf 80' lang='lat' dir='ltr'><strong>Quarta</strong></span> 
     </span>
    </p>
   </div>
   <div class='ocr_carea' id='block_1_110' title="bbox 358 5409 1952 5489">
    <p class='ocr_par' dir='ltr' id='par_1_110' title="bbox 358 5409 1952 5489">
     <span class='ocr_line' id='line_1_110' title="bbox 358 5409 1952 5489; baseline -0.006 -20"><span class='ocrx_word' id='word_1_741' title='bbox 358 5413 572 5470; x_wconf 82' lang='lat' dir='ltr'><strong>demum</strong></span> <span class='ocrx_word' id='word_1_742' title='bbox 604 5409 740 5484; x_wconf 65' lang='lat' dir='ltr'><strong>&#39;quze</strong></span> <span class='ocrx_word' id='word_1_743' title='bbox 780 5409 999 5489; x_wconf 19' lang='lat' dir='ltr'><strong>penitus»</strong></span> <span class='ocrx_word' id='word_1_744' title='bbox 1031 5413 1228 5489; x_wconf 78' lang='lat' dir='ltr'><strong>amissa</strong></span> <span class='ocrx_word' id='word_1_745' title='bbox 1271 5409 1647 5489; x_wconf 84' lang='lat' dir='ltr'><strong>desiderantur</strong></span> <span class='ocrx_word' id='word_1_746' title='bbox 1665 5421 1826 5489; x_wconf 77' lang='lat' dir='ltr'><strong>opera</strong></span> <span class='ocrx_word' id='word_1_747' title='bbox 1869 5421 1952 5489; x_wconf 86' lang='lat' dir='ltr'><strong>re-</strong></span> 
     </span>
    </p>
   </div>
   <div class='ocr_carea' id='block_1_111' title="bbox 357 5484 1950 5555">
    <p class='ocr_par' dir='ltr' id='par_1_111' title="bbox 357 5484 1950 5555">
     <span class='ocr_line' id='line_1_111' title="bbox 357 5484 1950 5555; baseline -0.003 -17"><span class='ocrx_word' id='word_1_748' title='bbox 357 5497 559 5553; x_wconf 84' lang='lat' dir='ltr'><strong>censet,</strong></span> <span class='ocrx_word' id='word_1_749' title='bbox 589 5497 682 5540; x_wconf 89' lang='lat' dir='ltr'><strong>aut</strong></span> <span class='ocrx_word' id='word_1_750' title='bbox 709 5501 898 5540; x_wconf 89' lang='lat' dir='ltr'><strong>eorum</strong></span> <span class='ocrx_word' id='word_1_751' title='bbox 922 5487 1096 5555; x_wconf 78' lang='lat' dir='ltr'><strong>Spicas</strong></span> <span class='ocrx_word' id='word_1_752' title='bbox 1125 5484 1366 5555; x_wconf 86' lang='lat' dir='ltr'><strong>decerpit</strong></span> <span class='ocrx_word' id='word_1_753' title='bbox 1386 5524 1398 5546; x_wconf 87' lang='lat'><strong>,</strong></span> <span class='ocrx_word' id='word_1_754' title='bbox 1410 5491 1526 5555; x_wconf 75' lang='lat' dir='ltr'><strong>aut_</strong></span> <span class='ocrx_word' id='word_1_755' title='bbox 1533 5484 1711 5549; x_wconf 88' lang='lat' dir='ltr'><strong>spuria</strong></span> <span class='ocrx_word' id='word_1_756' title='bbox 1725 5486 1950 5555; x_wconf 82' lang='lat' dir='ltr'><strong>res_e_cat.</strong></span> 
     </span>
    </p>
   </div>
   <div class='ocr_carea' id='block_1_112' title="bbox 357 5549 1955 5627">
    <p class='ocr_par' dir='ltr' id='par_1_112' title="bbox 357 5549 1955 5627">
     <span class='ocr_line' id='line_1_112' title="bbox 357 5549 1955 5627; baseline -0.006 -16"><span class='ocrx_word' id='word_1_757' title='bbox 357 5549 594 5613; x_wconf 83' lang='lat' dir='ltr'><strong>Tandem</strong></span> <span class='ocrx_word' id='word_1_758' title='bbox 621 5558 812 5626; x_wconf 80' lang='lat' dir='ltr'><strong>Quinta</strong></span> <span class='ocrx_word' id='word_1_759' title='bbox 838 5549 1140 5627; x_wconf 77' lang='lat' dir='ltr'><strong>suppeditat</strong></span> <span class='ocrx_word' id='word_1_760' title='bbox 1160 5549 1385 5627; x_wconf 73' lang='lat' dir='ltr'><strong>eximias</strong></span> <span class='ocrx_word' id='word_1_761' title='bbox 1409 5553 1470 5627; x_wconf 63' lang='lat' dir='ltr'><strong>D,</strong></span> <span class='ocrx_word' id='word_1_762' title='bbox 1489 5551 1796 5627; x_wconf 57' lang='lat' dir='ltr'><strong>COREINIA_NI</strong></span> <span class='ocrx_word' id='word_1_763' title='bbox 1816 5549 1955 5602; x_wconf 84' lang='lat' dir='ltr'><strong>Tuo-</strong></span> 
     </span>
    </p>
   </div>
   <div class='ocr_carea' id='block_1_113' title="bbox 361 5623 1954 5696">
    <p class='ocr_par' dir='ltr' id='par_1_113' title="bbox 361 5623 1954 5696">
     <span class='ocr_line' id='line_1_113' title="bbox 361 5623 1954 5696; baseline -0.006 -13"><span class='ocrx_word' id='word_1_764' title='bbox 361 5643 448 5684; x_wconf 62' lang='lat' dir='ltr'><strong>tta</strong></span> <span class='ocrx_word' id='word_1_765' title='bbox 477 5623 883 5686; x_wconf 68' lang='lat' dir='ltr'><strong>mser/triones</strong></span> <span class='ocrx_word' id='word_1_766' title='bbox 908 5623 965 5683; x_wconf 78' lang='lat' dir='ltr'><strong>in</strong></span> <span class='ocrx_word' id='word_1_767' title='bbox 995 5629 1204 5682; x_wconf 88' lang='lat' dir='ltr'><strong>duobus</strong></span> <span class='ocrx_word' id='word_1_768' title='bbox 1232 5625 1470 5696; x_wconf 88' lang='lat' dir='ltr'><strong>Septimii</strong></span> <span class='ocrx_word' id='word_1_769' title='bbox 1502 5624 1579 5696; x_wconf 3' lang='lat' dir='ltr'><strong>de,</strong></span> <span class='ocrx_word' id='word_1_770' title='bbox 1600 5623 1872 5696; x_wconf 81' lang='lat' dir='ltr'><strong>Baptismo</strong></span> <span class='ocrx_word' id='word_1_771' title='bbox 1901 5627 1954 5675; x_wconf 91' lang='lat' dir='ltr'><strong>ct</strong></span> 
     </span>
    </p>
   </div>
   <div class='ocr_carea' id='block_1_114' title="bbox 361 5691 1952 5770">
    <p class='ocr_par' dir='ltr' id='par_1_114' title="bbox 361 5691 1952 5770">
     <span class='ocr_line' id='line_1_114' title="bbox 361 5691 1952 5770; baseline -0.006 -16"><span class='ocrx_word' id='word_1_772' title='bbox 361 5701 678 5758; x_wconf 77' lang='lat' dir='ltr'><strong>I‘mnitentia</strong></span> <span class='ocrx_word' id='word_1_773' title='bbox 709 5701 857 5756; x_wconf 87' lang='lat' dir='ltr'><strong>libris</strong></span> <span class='ocrx_word' id='word_1_774' title='bbox 877 5743 892 5768; x_wconf 95' lang='lat'><strong>,</strong></span> <span class='ocrx_word' id='word_1_775' title='bbox 924 5701 1130 5770; x_wconf 84' lang='lat' dir='ltr'><strong>Opimas</strong></span> <span class='ocrx_word' id='word_1_776' title='bbox 1159 5691 1380 5770; x_wconf 89' lang='lat' dir='ltr'><strong>sane</strong></span> <span class='ocrx_word' id='word_1_777' title='bbox 1408 5695 1674 5770; x_wconf 80' lang='lat' dir='ltr'><strong>uberrima</strong></span> <span class='ocrx_word' id='word_1_778' title='bbox 1703 5691 1952 5748; x_wconf 83' lang='lat' dir='ltr'><strong>suliStan-</strong></span> 
     </span>
    </p>
   </div>
   <div class='ocr_carea' id='block_1_115' title="bbox 361 5765 1951 5842">
    <p class='ocr_par' dir='ltr' id='par_1_115' title="bbox 361 5765 1951 5842">
     <span class='ocr_line' id='line_1_115' title="bbox 361 5765 1951 5842; baseline -0.006 -16"><span class='ocrx_word' id='word_1_779' title='bbox 361 5774 432 5827; x_wconf 88' lang='lat' dir='ltr'><strong>tia</strong></span> <span class='ocrx_word' id='word_1_780' title='bbox 459 5775 760 5834; x_wconf 84' lang='lat' dir='ltr'><strong>confertas,</strong></span> <span class='ocrx_word' id='word_1_781' title='bbox 811 5765 977 5842; x_wconf 77' lang='lat' dir='ltr'><strong>paulo</strong></span> <span class='ocrx_word' id='word_1_782' title='bbox 1003 5770 1205 5825; x_wconf 87' lang='lat' dir='ltr'><strong>tardius</strong></span> <span class='ocrx_word' id='word_1_783' title='bbox 1243 5767 1397 5824; x_wconf 90' lang='lat' dir='ltr'><strong>nobis</strong></span> <span class='ocrx_word' id='word_1_784' title='bbox 1429 5765 1767 5821; x_wconf 83' lang='lat' dir='ltr'><strong>transmissas</strong></span> <span class='ocrx_word' id='word_1_785' title='bbox 1794 5778 1951 5834; x_wconf 88' lang='lat' dir='ltr'><strong>quam</strong></span> 
     </span>
    </p>
   </div>
   <div class='ocr_carea' id='block_1_116' title="bbox 362 5844 1982 5913">
    <p class='ocr_par' dir='ltr' id='par_1_116' title="bbox 362 5844 1982 5913">
     <span class='ocr_line' id='line_1_116' title="bbox 362 5844 1982 5913; baseline -0.007 -16"><span class='ocrx_word' id='word_1_786' title='bbox 362 5856 419 5898; x_wconf 89' lang='lat' dir='ltr'><strong>ut</strong></span> <span class='ocrx_word' id='word_1_787' title='bbox 445 5863 544 5899; x_wconf 80' lang='lat' dir='ltr'><strong>suo</strong></span> <span class='ocrx_word' id='word_1_788' title='bbox 575 5848 691 5900; x_wconf 79' lang='lat' dir='ltr'><strong>loco</strong></span> <span class='ocrx_word' id='word_1_789' title='bbox 721 5844 1034 5908; x_wconf 87' lang='lat' dir='ltr'><strong>succedant,</strong></span> <span class='ocrx_word' id='word_1_790' title='bbox 1061 5852 1301 5913; x_wconf 85' lang='lat' dir='ltr'><strong>tempore</strong></span> <span class='ocrx_word' id='word_1_791' title='bbox 1334 5851 1472 5894; x_wconf 87' lang='lat' dir='ltr'><strong>tame</strong></span> <span class='ocrx_word' id='word_1_792' title='bbox 1497 5860 1506 5889; x_wconf 83' lang='lat' dir='ltr'><strong>t</strong></span> <span class='ocrx_word' id='word_1_793' title='bbox 1539 5848 1623 5913; x_wconf 86' lang='lat' dir='ltr'><strong>sat</strong></span> <span class='ocrx_word' id='word_1_794' title='bbox 1653 5850 1982 5906; x_wconf 80' lang='lat' dir='ltr'><strong>opportuno-</strong></span> 
     </span>
    </p>
   </div>
   <div class='ocr_carea' id='block_1_117' title="bbox 369 5911 1952 5994">
    <p class='ocr_par' dir='ltr' id='par_1_117' title="bbox 369 5911 1952 5994">
     <span class='ocr_line' id='line_1_117' title="bbox 369 5911 1952 5994; baseline -0.006 -21"><span class='ocrx_word' id='word_1_795' title='bbox 369 5927 422 5979; x_wconf 86' lang='lat' dir='ltr'><strong>ut</strong></span> <span class='ocrx_word' id='word_1_796' title='bbox 452 5919 725 5994; x_wconf 82' lang='lat' dir='ltr'><strong>egregium</strong></span> <span class='ocrx_word' id='word_1_797' title='bbox 771 5917 919 5992; x_wconf 81' lang='lat' dir='ltr'><strong>Operi</strong></span> <span class='ocrx_word' id='word_1_798' title='bbox 950 5931 1084 5988; x_wconf 73' lang='lat' dir='ltr'><strong>pene</strong></span> <span class='ocrx_word' id='word_1_799' title='bbox 1113 5911 1358 5970; x_wconf 64' lang='lat' dir='ltr'><strong>absoluto</strong></span> <span class='ocrx_word' id='word_1_800' title='bbox 1388 5914 1544 5967; x_wconf 83' lang='lat' dir='ltr'><strong>tinem</strong></span> <span class='ocrx_word' id='word_1_801' title='bbox 1579 5911 1851 5982; x_wconf 84' lang='lat' dir='ltr'><strong>imponant</strong></span> <span class='ocrx_word' id='word_1_802' title='bbox 1889 5922 1952 5963; x_wconf 88' lang='lat' dir='ltr'><strong>ac</strong></span> 
     </span>
    </p>
   </div>
   <div class='ocr_carea' id='block_1_118' title="bbox 2033 3337 3636 3400">
    <p class='ocr_par' dir='ltr' id='par_1_118' title="bbox 2033 3337 3636 3400">
     <span class='ocr_line' id='line_1_118' title="bbox 2033 3337 3636 3400; baseline -0.002 -4"><span class='ocrx_word' id='word_1_803' title='bbox 2033 3337 2308 3396; x_wconf 67' lang='lat' dir='ltr'><strong>redivivus</strong></span> <span class='ocrx_word' id='word_1_804' title='bbox 2346 3338 2746 3400; x_wconf 85' lang='lat' dir='ltr'><strong>Tertullianus,</strong></span> <span class='ocrx_word' id='word_1_805' title='bbox 2789 3353 2984 3392; x_wconf 74' lang='lat' dir='ltr'><strong>vesana</strong></span> <span class='ocrx_word' id='word_1_806' title='bbox 3033 3337 3375 3393; x_wconf 87' lang='lat' dir='ltr'><strong>librariorum</strong></span> <span class='ocrx_word' id='word_1_807' title='bbox 3413 3355 3477 3396; x_wconf 87' lang='lat' dir='ltr'><strong>ac</strong></span> <span class='ocrx_word' id='word_1_808' title='bbox 3514 3355 3636 3394; x_wconf 87' lang='lat' dir='ltr'><strong>cor-</strong></span> 
     </span>
    </p>
   </div>
   <div class='ocr_carea' id='block_1_119' title="bbox 2031 3408 3628 3476">
    <p class='ocr_par' dir='ltr' id='par_1_119' title="bbox 2031 3408 3628 3476">
     <span class='ocr_line' id='line_1_119' title="bbox 2031 3408 3628 3476; baseline -0.001 -9"><span class='ocrx_word' id='word_1_809' title='bbox 2031 3421 2304 3468; x_wconf 90' lang='lat' dir='ltr'><strong>rectorum</strong></span> <span class='ocrx_word' id='word_1_810' title='bbox 2331 3411 2626 3466; x_wconf 88' lang='lat' dir='ltr'><strong>recentium</strong></span> <span class='ocrx_word' id='word_1_811' title='bbox 2659 3409 2872 3463; x_wconf 90' lang='lat' dir='ltr'><strong>licentia</strong></span> <span class='ocrx_word' id='word_1_812' title='bbox 2901 3409 3050 3463; x_wconf 92' lang='lat' dir='ltr'><strong>miris</strong></span> <span class='ocrx_word' id='word_1_813' title='bbox 3081 3409 3254 3464; x_wconf 91' lang='lat' dir='ltr'><strong>modis</strong></span> <span class='ocrx_word' id='word_1_814' title='bbox 3274 3408 3628 3476; x_wconf 87' lang='lat' dir='ltr'><strong>disturbatus,</strong></span> 
     </span>
    </p>
   </div>
   <div class='ocr_carea' id='block_1_120' title="bbox 2032 3479 3635 3554">
    <p class='ocr_par' dir='ltr' id='par_1_120' title="bbox 2032 3479 3635 3554">
     <span class='ocr_line' id='line_1_120' title="bbox 2032 3479 3635 3554; baseline -0.001 -14"><span class='ocrx_word' id='word_1_815' title='bbox 2032 3482 2165 3554; x_wconf 86' lang='lat' dir='ltr'><strong>nihil</strong></span> <span class='ocrx_word' id='word_1_816' title='bbox 2194 3497 2316 3554; x_wconf 86' lang='lat' dir='ltr'><strong>esse</strong></span> <span class='ocrx_word' id='word_1_817' title='bbox 2347 3483 2507 3536; x_wconf 90' lang='lat' dir='ltr'><strong>inane</strong></span> <span class='ocrx_word' id='word_1_818' title='bbox 2535 3497 2598 3536; x_wconf 90' lang='lat' dir='ltr'><strong>ac</strong></span> <span class='ocrx_word' id='word_1_819' title='bbox 2628 3483 2886 3536; x_wconf 88' lang='lat' dir='ltr'><strong>insulsum</strong></span> <span class='ocrx_word' id='word_1_820' title='bbox 2914 3496 2980 3536; x_wconf 83' lang='lat' dir='ltr'><strong>ex</strong></span> <span class='ocrx_word' id='word_1_821' title='bbox 3011 3479 3074 3554; x_wconf 90' lang='lat' dir='ltr'><strong>iis</strong></span> <span class='ocrx_word' id='word_1_822' title='bbox 3103 3480 3186 3536; x_wconf 88' lang='lat' dir='ltr'><strong>vel</strong></span> <span class='ocrx_word' id='word_1_823' title='bbox 3233 3481 3468 3538; x_wconf 89' lang='lat' dir='ltr'><strong>minimis</strong></span> <span class='ocrx_word' id='word_1_824' title='bbox 3514 3499 3635 3554; x_wconf 77' lang='lat' dir='ltr'><strong>qua:</strong></span> 
     </span>
    </p>
   </div>
   <div class='ocr_carea' id='block_1_121' title="bbox 2034 3553 3634 3624">
    <p class='ocr_par' dir='ltr' id='par_1_121' title="bbox 2034 3553 3634 3624">
     <span class='ocr_line' id='line_1_121' title="bbox 2034 3553 3634 3624; baseline 0 -14"><span class='ocrx_word' id='word_1_825' title='bbox 2034 3553 2169 3610; x_wconf 84' lang='lat' dir='ltr'><strong>tanti</strong></span> <span class='ocrx_word' id='word_1_826' title='bbox 2199 3553 2300 3609; x_wconf 88' lang='lat' dir='ltr'><strong>viri</strong></span> <span class='ocrx_word' id='word_1_827' title='bbox 2331 3569 2517 3624; x_wconf 89' lang='lat' dir='ltr'><strong>vocem</strong></span> <span class='ocrx_word' id='word_1_828' title='bbox 2552 3568 2738 3622; x_wconf 88' lang='lat' dir='ltr'><strong>puram</strong></span> <span class='ocrx_word' id='word_1_829' title='bbox 2771 3562 2952 3622; x_wconf 87' lang='lat' dir='ltr'><strong>putatn</strong></span> <span class='ocrx_word' id='word_1_830' title='bbox 2983 3553 3180 3608; x_wconf 90' lang='lat' dir='ltr'><strong>elicere</strong></span> <span class='ocrx_word' id='word_1_831' title='bbox 3209 3564 3440 3624; x_wconf 88' lang='lat' dir='ltr'><strong>queant,</strong></span> <span class='ocrx_word' id='word_1_832' title='bbox 3461 3553 3634 3611; x_wconf 78' lang='lat' dir='ltr'><strong>&#39;ndhi-</strong></span> 
     </span>
    </p>
   </div>
   <div class='ocr_carea' id='block_1_122' title="bbox 2034 3623 3636 3694">
    <p class='ocr_par' dir='ltr' id='par_1_122' title="bbox 2034 3623 3636 3694">
     <span class='ocr_line' id='line_1_122' title="bbox 2034 3623 3636 3694; baseline -0.001 -11"><span class='ocrx_word' id='word_1_833' title='bbox 2034 3641 2184 3682; x_wconf 87' lang='lat' dir='ltr'><strong>scum</strong></span> <span class='ocrx_word' id='word_1_834' title='bbox 2213 3625 2406 3681; x_wconf 90' lang='lat' dir='ltr'><strong>merito</strong></span> <span class='ocrx_word' id='word_1_835' title='bbox 2433 3623 2855 3681; x_wconf 88' lang='lat' dir='ltr'><strong>arbitrabuntur.</strong></span> <span class='ocrx_word' id='word_1_836' title='bbox 2904 3625 3060 3694; x_wconf 88' lang='lat' dir='ltr'><strong>Atqui</strong></span> <span class='ocrx_word' id='word_1_837' title='bbox 3108 3640 3221 3679; x_wconf 90' lang='lat' dir='ltr'><strong>rem</strong></span> <span class='ocrx_word' id='word_1_838' title='bbox 3269 3623 3430 3694; x_wconf 87' lang='lat' dir='ltr'><strong>paulo</strong></span> <span class='ocrx_word' id='word_1_839' title='bbox 3454 3637 3636 3683; x_wconf 83' lang='lat' dir='ltr'><strong>atten-</strong></span> 
     </span>
    </p>
   </div>
   <div class='ocr_carea' id='block_1_123' title="bbox 2033 3694 3634 3767">
    <p class='ocr_par' dir='ltr' id='par_1_123' title="bbox 2033 3694 3634 3767">
     <span class='ocr_line' id='line_1_123' title="bbox 2033 3694 3634 3767; baseline 0.001 -15"><span class='ocrx_word' id='word_1_840' title='bbox 2033 3700 2140 3754; x_wconf 85' lang='lat' dir='ltr'><strong>tius</strong></span> <span class='ocrx_word' id='word_1_841' title='bbox 2170 3695 2530 3754; x_wconf 85' lang='lat' dir='ltr'><strong>consideranti</strong></span> <span class='ocrx_word' id='word_1_842' title='bbox 2559 3711 2704 3767; x_wconf 73' lang='lat' dir='ltr'><strong>smpe</strong></span> <span class='ocrx_word' id='word_1_843' title='bbox 2754 3697 2950 3766; x_wconf 76' lang='lat' dir='ltr'><strong>szepins</strong></span> <span class='ocrx_word' id='word_1_844' title='bbox 2994 3694 3122 3751; x_wconf 92' lang='lat' dir='ltr'><strong>illud</strong></span> <span class='ocrx_word' id='word_1_845' title='bbox 3153 3697 3391 3764; x_wconf 86' lang='lat' dir='ltr'><strong>accidet,</strong></span> <span class='ocrx_word' id='word_1_846' title='bbox 3439 3701 3492 3755; x_wconf 91' lang='lat' dir='ltr'><strong>ni</strong></span> <span class='ocrx_word' id='word_1_847' title='bbox 3534 3699 3634 3753; x_wconf 88' lang='lat' dir='ltr'><strong>fal-</strong></span> 
     </span>
    </p>
   </div>
   <div class='ocr_carea' id='block_1_124' title="bbox 2033 3767 3630 3840">
    <p class='ocr_par' dir='ltr' id='par_1_124' title="bbox 2033 3767 3630 3840">
     <span class='ocr_line' id='line_1_124' title="bbox 2033 3767 3630 3840; baseline 0 -16"><span class='ocrx_word' id='word_1_848' title='bbox 2033 3769 2152 3832; x_wconf 89' lang='lat' dir='ltr'><strong>lor,</strong></span> <span class='ocrx_word' id='word_1_849' title='bbox 2185 3769 2327 3840; x_wconf 91' lang='lat' dir='ltr'><strong>quod</strong></span> <span class='ocrx_word' id='word_1_850' title='bbox 2365 3771 2437 3840; x_wconf 9' lang='lat' dir='ltr'><strong>ei;</strong></span> <span class='ocrx_word' id='word_1_851' title='bbox 2461 3785 2528 3840; x_wconf 83' lang='lat' dir='ltr'><strong>ex</strong></span> <span class='ocrx_word' id='word_1_852' title='bbox 2557 3767 2744 3840; x_wconf 80' lang='lat' dir='ltr'><strong>vocula</strong></span> <span class='ocrx_word' id='word_1_853' title='bbox 2786 3767 3049 3840; x_wconf 76' lang='lat' dir='ltr'><strong>quadam,</strong></span> <span class='ocrx_word' id='word_1_854' title='bbox 3077 3768 3132 3822; x_wconf 91' lang='lat' dir='ltr'><strong>in</strong></span> <span class='ocrx_word' id='word_1_855' title='bbox 3167 3769 3495 3840; x_wconf 83' lang='lat' dir='ltr'><strong>lectionibus</strong></span> <span class='ocrx_word' id='word_1_856' title='bbox 3538 3786 3630 3824; x_wconf 82' lang='lat' dir='ltr'><strong>va-</strong></span> 
     </span>
    </p>
   </div>
   <div class='ocr_carea' id='block_1_125' title="bbox 2035 3838 3628 3914">
    <p class='ocr_par' dir='ltr' id='par_1_125' title="bbox 2035 3838 3628 3914">
     <span class='ocr_line' id='line_1_125' title="bbox 2035 3838 3628 3914; baseline 0.003 -18"><span class='ocrx_word' id='word_1_857' title='bbox 2035 3838 2512 3914; x_wconf 75' lang='lat' dir='ltr'><strong>riantibustimide</strong></span> <span class='ocrx_word' id='word_1_858' title='bbox 2542 3838 2875 3914; x_wconf 78' lang='lat' dir='ltr'><strong>rejeeta,_lux</strong></span> <span class='ocrx_word' id='word_1_859' title='bbox 2898 3839 3128 3910; x_wconf 88' lang='lat' dir='ltr'><strong>amplior</strong></span> <span class='ocrx_word' id='word_1_860' title='bbox 3157 3839 3340 3896; x_wconf 89' lang='lat' dir='ltr'><strong>forsan</strong></span> <span class='ocrx_word' id='word_1_861' title='bbox 3370 3858 3529 3914; x_wconf 85' lang='lat' dir='ltr'><strong>quam</strong></span> <span class='ocrx_word' id='word_1_862' title='bbox 3559 3859 3628 3900; x_wconf 75' lang='lat' dir='ltr'><strong>ex</strong></span> 
     </span>
    </p>
   </div>
   <div class='ocr_carea' id='block_1_126' title="bbox 2035 3910 2933 3968">
    <p class='ocr_par' dir='ltr' id='par_1_126' title="bbox 2035 3910 2933 3968">
     <span class='ocr_line' id='line_1_126' title="bbox 2035 3910 2933 3968; baseline -0.001 0"><span class='ocrx_word' id='word_1_863' title='bbox 2035 3912 2412 3968; x_wconf 87' lang='lat' dir='ltr'><strong>abundantiori</strong></span> <span class='ocrx_word' id='word_1_864' title='bbox 2446 3921 2571 3966; x_wconf 90' lang='lat' dir='ltr'><strong>nota</strong></span> <span class='ocrx_word' id='word_1_865' title='bbox 2603 3910 2933 3966; x_wconf 90' lang='lat' dir='ltr'><strong>suboriatur.</strong></span> 
     </span>
    </p>
   </div>
   <div class='ocr_carea' id='block_1_127' title="bbox 2108 3981 3638 4050">
    <p class='ocr_par' dir='ltr' id='par_1_127' title="bbox 2108 3981 3638 4050">
     <span class='ocr_line' id='line_1_127' title="bbox 2108 3981 3638 4050; baseline 0.005 -13"><span class='ocrx_word' id='word_1_866' title='bbox 2108 3983 2313 4050; x_wconf 79' lang='lat' dir='ltr'><strong>Quibus</strong></span> <span class='ocrx_word' id='word_1_867' title='bbox 2351 3983 2700 4038; x_wconf 88' lang='lat' dir='ltr'><strong>nihilominus</strong></span> <span class='ocrx_word' id='word_1_868' title='bbox 2739 3981 3078 4037; x_wconf 85' lang='lat' dir='ltr'><strong>adminiculis</strong></span> <span class='ocrx_word' id='word_1_869' title='bbox 3121 3997 3343 4042; x_wconf 90' lang='lat' dir='ltr'><strong>necesse</strong></span> <span class='ocrx_word' id='word_1_870' title='bbox 3384 3997 3497 4042; x_wconf 86' lang='lat' dir='ltr'><strong>erat</strong></span> <span class='ocrx_word' id='word_1_871' title='bbox 3541 3986 3638 4044; x_wconf 87' lang='lat' dir='ltr'><strong>ad-</strong></span> 
     </span>
    </p>
   </div>
   <div class='ocr_carea' id='block_1_128' title="bbox 2039 4053 3636 4125">
    <p class='ocr_par' dir='ltr' id='par_1_128' title="bbox 2039 4053 3636 4125">
     <span class='ocr_line' id='line_1_128' title="bbox 2039 4053 3636 4125; baseline -0.006 -15"><span class='ocrx_word' id='word_1_872' title='bbox 2039 4054 2233 4110; x_wconf 85' lang='lat' dir='ltr'><strong>dantur</strong></span> <span class='ocrx_word' id='word_1_873' title='bbox 2251 4054 2559 4110; x_wconf 86' lang='lat' dir='ltr'><strong>doctissima</strong></span> <span class='ocrx_word' id='word_1_874' title='bbox 2585 4069 2648 4108; x_wconf 91' lang='lat' dir='ltr'><strong>ac</strong></span> <span class='ocrx_word' id='word_1_875' title='bbox 2674 4053 2980 4116; x_wconf 80' lang='lat' dir='ltr'><strong>felicissima</strong></span> <span class='ocrx_word' id='word_1_876' title='bbox 3008 4055 3360 4125; x_wconf 89' lang='lat' dir='ltr'><strong>interpretum</strong></span> <span class='ocrx_word' id='word_1_877' title='bbox 3387 4069 3440 4112; x_wconf 91' lang='lat' dir='ltr'><strong>et</strong></span> <span class='ocrx_word' id='word_1_878' title='bbox 3483 4075 3636 4115; x_wconf 89' lang='lat' dir='ltr'><strong>com-</strong></span> 
     </span>
    </p>
   </div>
   <div class='ocr_carea' id='block_1_129' title="bbox 2039 4125 3634 4196">
    <p class='ocr_par' dir='ltr' id='par_1_129' title="bbox 2039 4125 3634 4196">
     <span class='ocr_line' id='line_1_129' title="bbox 2039 4125 3634 4196; baseline 0.004 -15"><span class='ocrx_word' id='word_1_879' title='bbox 2039 4133 2400 4182; x_wconf 87' lang='lat' dir='ltr'><strong>mentatorum</strong></span> <span class='ocrx_word' id='word_1_880' title='bbox 2423 4126 2489 4180; x_wconf 89' lang='lat' dir='ltr'><strong>ad</strong></span> <span class='ocrx_word' id='word_1_881' title='bbox 2506 4125 2892 4196; x_wconf 88' lang='lat' dir='ltr'><strong>Tertullianum</strong></span> <span class='ocrx_word' id='word_1_882' title='bbox 2921 4125 3294 4196; x_wconf 80' lang='lat' dir='ltr'><strong>explicandum</strong></span> <span class='ocrx_word' id='word_1_883' title='bbox 3319 4131 3634 4188; x_wconf 89' lang='lat' dir='ltr'><strong>tentamina.</strong></span> 
     </span>
    </p>
   </div>
   <div class='ocr_carea' id='block_1_130' title="bbox 2039 4195 3632 4270">
    <p class='ocr_par' dir='ltr' id='par_1_130' title="bbox 2039 4195 3632 4270">
     <span class='ocr_line' id='line_1_130' title="bbox 2039 4195 3632 4270; baseline 0.002 -16"><span class='ocrx_word' id='word_1_884' title='bbox 2039 4197 2152 4270; x_wconf 80' lang='lat' dir='ltr'><strong>Nec</strong></span> <span class='ocrx_word' id='word_1_885' title='bbox 2181 4197 2325 4270; x_wconf 87' lang='lat' dir='ltr'><strong>solas</strong></span> <span class='ocrx_word' id='word_1_886' title='bbox 2345 4212 2445 4252; x_wconf 90' lang='lat' dir='ltr'><strong>nec</strong></span> <span class='ocrx_word' id='word_1_887' title='bbox 2492 4211 2680 4270; x_wconf 81' lang='lat' dir='ltr'><strong>otnnes</strong></span> <span class='ocrx_word' id='word_1_888' title='bbox 2701 4195 3028 4270; x_wconf 74' lang='lat' dir='ltr'><strong>l’arisiensis</strong></span> <span class='ocrx_word' id='word_1_889' title='bbox 3050 4209 3205 4254; x_wconf 88' lang='lat' dir='ltr'><strong>notas</strong></span> <span class='ocrx_word' id='word_1_890' title='bbox 3236 4203 3632 4270; x_wconf 82' lang='lat' dir='ltr'><strong>usurpavimus;</strong></span> 
     </span>
    </p>
   </div>
   <div class='ocr_carea' id='block_1_131' title="bbox 2042 4267 3638 4340">
    <p class='ocr_par' dir='ltr' id='par_1_131' title="bbox 2042 4267 3638 4340">
     <span class='ocr_line' id='line_1_131' title="bbox 2042 4267 3638 4340; baseline 0.004 -18"><span class='ocrx_word' id='word_1_891' title='bbox 2042 4269 2259 4340; x_wconf 88' lang='lat' dir='ltr'><strong>omissis</strong></span> <span class='ocrx_word' id='word_1_892' title='bbox 2306 4268 2578 4323; x_wconf 90' lang='lat' dir='ltr'><strong>nonnullis</strong></span> <span class='ocrx_word' id='word_1_893' title='bbox 2627 4267 2818 4340; x_wconf 89' lang='lat' dir='ltr'><strong>quibus</strong></span> <span class='ocrx_word' id='word_1_894' title='bbox 2861 4267 2944 4322; x_wconf 83' lang='lat' dir='ltr'><strong>vel</strong></span> <span class='ocrx_word' id='word_1_895' title='bbox 2979 4269 3294 4340; x_wconf 90' lang='lat' dir='ltr'><strong>plerumque</strong></span> <span class='ocrx_word' id='word_1_896' title='bbox 3325 4267 3638 4329; x_wconf 80' lang='lat' dir='ltr'><strong>brevissima</strong></span> 
     </span>
    </p>
   </div>
   <div class='ocr_carea' id='block_1_132' title="bbox 2043 4339 3640 4412">
    <p class='ocr_par' dir='ltr' id='par_1_132' title="bbox 2043 4339 3640 4412">
     <span class='ocr_line' id='line_1_132' title="bbox 2043 4339 3640 4412; baseline 0.003 -16"><span class='ocrx_word' id='word_1_897' title='bbox 2043 4339 2288 4412; x_wconf 85' lang='lat' dir='ltr'><strong>lectione</strong></span> <span class='ocrx_word' id='word_1_898' title='bbox 2308 4339 2791 4412; x_wconf 68' lang='lat' dir='ltr'><strong>variasuppletum</strong></span> <span class='ocrx_word' id='word_1_899' title='bbox 2823 4349 2926 4404; x_wconf 88' lang='lat' dir='ltr'><strong>est,</strong></span> <span class='ocrx_word' id='word_1_900' title='bbox 2949 4340 3040 4412; x_wconf 7' lang='lat' dir='ltr'><strong>evel</strong></span> <span class='ocrx_word' id='word_1_901' title='bbox 3071 4339 3263 4412; x_wconf 83' lang='lat' dir='ltr'><strong>quibus</strong></span> <span class='ocrx_word' id='word_1_902' title='bbox 3300 4343 3640 4400; x_wconf 89' lang='lat' dir='ltr'><strong>obnitehatur</strong></span> 
     </span>
    </p>
   </div>
   <div class='ocr_carea' id='block_1_133' title="bbox 2043 4403 3726 4478">
    <p class='ocr_par' dir='ltr' id='par_1_133' title="bbox 2043 4403 3726 4478">
     <span class='ocr_line' id='line_1_133' title="bbox 2043 4403 3726 4478; baseline 0.004 -12"><span class='ocrx_word' id='word_1_903' title='bbox 2043 4420 2187 4466; x_wconf 87' lang='lat' dir='ltr'><strong>recta</strong></span> <span class='ocrx_word' id='word_1_904' title='bbox 2221 4410 2354 4466; x_wconf 84' lang='lat' dir='ltr'><strong>fides</strong></span> <span class='ocrx_word' id='word_1_905' title='bbox 2383 4403 2666 4478; x_wconf 78' lang='lat' dir='ltr'><strong>catholica,</strong></span> <span class='ocrx_word' id='word_1_906' title='bbox 2687 4411 2819 4464; x_wconf 89' lang='lat' dir='ltr'><strong>alias</strong></span> <span class='ocrx_word' id='word_1_907' title='bbox 2851 4403 2919 4464; x_wconf 9' lang='lat' dir='ltr'><strong>ex,</strong></span> <span class='ocrx_word' id='word_1_908' title='bbox 2946 4403 3130 4466; x_wconf 82' lang='lat' dir='ltr'><strong>iisdem</strong></span> <span class='ocrx_word' id='word_1_909' title='bbox 3155 4412 3391 4470; x_wconf 90' lang='lat' dir='ltr'><strong>fontibus</strong></span> <span class='ocrx_word' id='word_1_910' title='bbox 3407 4431 3464 4470; x_wconf 86' lang='lat' dir='ltr'><strong>ac</strong></span> <span class='ocrx_word' id='word_1_911' title='bbox 3485 4415 3639 4471; x_wconf 89' lang='lat' dir='ltr'><strong>Prio-</strong></span> <span class='ocrx_word' id='word_1_912' title='bbox 3716 4403 3726 4410; x_wconf 70' lang='grc'><strong>’</strong></span> 
     </span>
    </p>
   </div>
   <div class='ocr_carea' id='block_1_134' title="bbox 2045 4481 3639 4555">
    <p class='ocr_par' dir='ltr' id='par_1_134' title="bbox 2045 4481 3639 4555">
     <span class='ocr_line' id='line_1_134' title="bbox 2045 4481 3639 4555; baseline 0.001 -17"><span class='ocrx_word' id='word_1_913' title='bbox 2045 4484 2179 4555; x_wconf 86' lang='lat' dir='ltr'><strong>rius,</strong></span> <span class='ocrx_word' id='word_1_914' title='bbox 2200 4497 2393 4555; x_wconf 86' lang='lat' dir='ltr'><strong>nempe</strong></span> <span class='ocrx_word' id='word_1_915' title='bbox 2423 4483 2687 4555; x_wconf 73' lang='lat' dir='ltr'><strong>pra-cipue</strong></span> <span class='ocrx_word' id='word_1_916' title='bbox 2717 4497 2747 4555; x_wconf 82' lang='lat' dir='ltr'><strong>e</strong></span> <span class='ocrx_word' id='word_1_917' title='bbox 2769 4481 2990 4555; x_wconf 76' lang='lat' dir='ltr'><strong>Pan&#39;ielii</strong></span> <span class='ocrx_word' id='word_1_918' title='bbox 3028 4484 3296 4539; x_wconf 89' lang='lat' dir='ltr'><strong>uberrima</strong></span> <span class='ocrx_word' id='word_1_919' title='bbox 3323 4487 3476 4555; x_wconf 91' lang='lat' dir='ltr'><strong>copia</strong></span> <span class='ocrx_word' id='word_1_920' title='bbox 3507 4485 3639 4540; x_wconf 88' lang='lat' dir='ltr'><strong>hau-</strong></span> 
     </span>
    </p>
   </div>
   <div class='ocr_carea' id='block_1_135' title="bbox 2045 4553 3643 4625">
    <p class='ocr_par' dir='ltr' id='par_1_135' title="bbox 2045 4553 3643 4625">
     <span class='ocr_line' id='line_1_135' title="bbox 2045 4553 3643 4625; baseline -0.001 -14"><span class='ocrx_word' id='word_1_921' title='bbox 2045 4554 2236 4625; x_wconf 63' lang='lat' dir='ltr'><strong>simus,</strong></span> <span class='ocrx_word' id='word_1_922' title='bbox 2270 4553 2442 4622; x_wconf 82' lang='lat' dir='ltr'><strong>Quam</strong></span> <span class='ocrx_word' id='word_1_923' title='bbox 2477 4553 2806 4624; x_wconf 89' lang='lat' dir='ltr'><strong>frequentius</strong></span> <span class='ocrx_word' id='word_1_924' title='bbox 2848 4554 2994 4608; x_wconf 90' lang='lat' dir='ltr'><strong>licuit</strong></span> <span class='ocrx_word' id='word_1_925' title='bbox 3018 4597 3031 4618; x_wconf 97' lang='lat'><strong>,</strong></span> <span class='ocrx_word' id='word_1_926' title='bbox 3091 4555 3357 4623; x_wconf 89' lang='lat' dir='ltr'><strong>speciales</strong></span> <span class='ocrx_word' id='word_1_927' title='bbox 3385 4553 3643 4625; x_wconf 83' lang='lat' dir='ltr'><strong>quorum-</strong></span> 
     </span>
    </p>
   </div>
   <div class='ocr_carea' id='block_1_136' title="bbox 2047 4618 3645 4695">
    <p class='ocr_par' dir='ltr' id='par_1_136' title="bbox 2047 4618 3645 4695">
     <span class='ocr_line' id='line_1_136' title="bbox 2047 4618 3645 4695; baseline 0.001 -15"><span class='ocrx_word' id='word_1_928' title='bbox 2047 4626 2169 4680; x_wconf 87' lang='lat' dir='ltr'><strong>dam</strong></span> <span class='ocrx_word' id='word_1_929' title='bbox 2211 4618 2465 4681; x_wconf 76' lang='lat' dir='ltr'><strong>librorum</strong></span> <span class='ocrx_word' id='word_1_930' title='bbox 2497 4618 2890 4691; x_wconf 70' lang='lat' dir='ltr'><strong>adnotationes,</strong></span> <span class='ocrx_word' id='word_1_931' title='bbox 2932 4618 3202 4693; x_wconf 81' lang='lat' dir='ltr'><strong>pleniores</strong></span> <span class='ocrx_word' id='word_1_932' title='bbox 3239 4618 3548 4695; x_wconf 82' lang='lat' dir='ltr'><strong>plerumque</strong></span> <span class='ocrx_word' id='word_1_933' title='bbox 3579 4641 3645 4681; x_wconf 87' lang='lat' dir='ltr'><strong>ac</strong></span> 
     </span>
    </p>
   </div>
   <div class='ocr_carea' id='block_1_137' title="bbox 2051 4695 3642 4767">
    <p class='ocr_par' dir='ltr' id='par_1_137' title="bbox 2051 4695 3642 4767">
     <span class='ocr_line' id='line_1_137' title="bbox 2051 4695 3642 4767; baseline 0.001 -16"><span class='ocrx_word' id='word_1_934' title='bbox 2051 4698 2282 4767; x_wconf 88' lang='lat' dir='ltr'><strong>penitius</strong></span> <span class='ocrx_word' id='word_1_935' title='bbox 2335 4695 2570 4751; x_wconf 88' lang='lat' dir='ltr'><strong>auctoris</strong></span> <span class='ocrx_word' id='word_1_936' title='bbox 2619 4710 2836 4751; x_wconf 89' lang='lat' dir='ltr'><strong>sensum</strong></span> <span class='ocrx_word' id='word_1_937' title='bbox 2884 4695 3352 4767; x_wconf 79' lang='lat' dir='ltr'><strong>introspicientes,</strong></span> <span class='ocrx_word' id='word_1_938' title='bbox 3388 4711 3496 4764; x_wconf 83' lang='lat' dir='ltr'><strong>prae</strong></span> <span class='ocrx_word' id='word_1_939' title='bbox 3524 4714 3642 4752; x_wconf 82' lang='lat' dir='ltr'><strong>oin-</strong></span> 
     </span>
    </p>
   </div>
   <div class='ocr_carea' id='block_1_138' title="bbox 2049 4765 3646 4836">
    <p class='ocr_par' dir='ltr' id='par_1_138' title="bbox 2049 4765 3646 4836">
     <span class='ocr_line' id='line_1_138' title="bbox 2049 4765 3646 4836; baseline 0.001 -12"><span class='ocrx_word' id='word_1_940' title='bbox 2049 4765 2206 4824; x_wconf 79' lang='lat' dir='ltr'><strong>nibus</strong></span> <span class='ocrx_word' id='word_1_941' title='bbox 2237 4767 2562 4836; x_wconf 89' lang='lat' dir='ltr'><strong>colligendas</strong></span> <span class='ocrx_word' id='word_1_942' title='bbox 2601 4767 2870 4820; x_wconf 82' lang='lat' dir='ltr'><strong>duximus.</strong></span> <span class='ocrx_word' id='word_1_943' title='bbox 2893 4765 3060 4836; x_wconf 15' lang='lat' dir='ltr'><strong>rllincﬂ</strong></span> <span class='ocrx_word' id='word_1_944' title='bbox 3078 4775 3271 4836; x_wconf 85' lang='lat' dir='ltr'><strong>praeter</strong></span> <span class='ocrx_word' id='word_1_945' title='bbox 3309 4767 3646 4825; x_wconf 76' lang='lat' dir='ltr'><strong>animadver-</strong></span> 
     </span>
    </p>
   </div>
   <div class='ocr_carea' id='block_1_139' title="bbox 2049 4835 3644 4906">
    <p class='ocr_par' dir='ltr' id='par_1_139' title="bbox 2049 4835 3644 4906">
     <span class='ocr_line' id='line_1_139' title="bbox 2049 4835 3644 4906; baseline 0.003 -13"><span class='ocrx_word' id='word_1_946' title='bbox 2049 4839 2232 4894; x_wconf 86' lang='lat' dir='ltr'><strong>siones</strong></span> <span class='ocrx_word' id='word_1_947' title='bbox 2253 4835 2560 4893; x_wconf 85' lang='lat' dir='ltr'><strong>Corbiniani</strong></span> <span class='ocrx_word' id='word_1_948' title='bbox 2580 4837 2802 4892; x_wconf 79' lang='lat' dir='ltr'><strong>Tboma:</strong></span> <span class='ocrx_word' id='word_1_949' title='bbox 2821 4838 2870 4890; x_wconf 90' lang='lat' dir='ltr'><strong>in</strong></span> <span class='ocrx_word' id='word_1_950' title='bbox 2891 4835 3011 4890; x_wconf 90' lang='lat' dir='ltr'><strong>libr.</strong></span> <span class='ocrx_word' id='word_1_951' title='bbox 3037 4835 3293 4906; x_wconf 80' lang='lat' dir='ltr'><strong>Baptismi</strong></span> <span class='ocrx_word' id='word_1_952' title='bbox 3311 4849 3365 4892; x_wconf 89' lang='lat' dir='ltr'><strong>et</strong></span> <span class='ocrx_word' id='word_1_953' title='bbox 3383 4839 3644 4898; x_wconf 78' lang='lat' dir='ltr'><strong>Ptnniten-</strong></span> 
     </span>
    </p>
   </div>
   <div class='ocr_carea' id='block_1_140' title="bbox 2053 4908 3647 4983">
    <p class='ocr_par' dir='ltr' id='par_1_140' title="bbox 2053 4908 3647 4983">
     <span class='ocr_line' id='line_1_140' title="bbox 2053 4908 3647 4983; baseline 0.003 -19"><span class='ocrx_word' id='word_1_954' title='bbox 2053 4911 2140 4964; x_wconf 84' lang='lat' dir='ltr'><strong>tiae</strong></span> <span class='ocrx_word' id='word_1_955' title='bbox 2171 4909 2332 4983; x_wconf 88' lang='lat' dir='ltr'><strong>modo</strong></span> <span class='ocrx_word' id='word_1_956' title='bbox 2360 4908 2620 4983; x_wconf 67' lang='lat' dir='ltr'><strong>laudatas,</strong></span> <span class='ocrx_word' id='word_1_957' title='bbox 2648 4921 2894 4983; x_wconf 85' lang='lat' dir='ltr'><strong>magnam</strong></span> <span class='ocrx_word' id='word_1_958' title='bbox 2918 4912 3395 4983; x_wconf 87' lang='lat' dir='ltr'><strong>partem__perpctui</strong></span> <span class='ocrx_word' id='word_1_959' title='bbox 3428 4914 3479 4967; x_wconf 90' lang='lat' dir='ltr'><strong>in</strong></span> <span class='ocrx_word' id='word_1_960' title='bbox 3503 4915 3647 4983; x_wconf 86' lang='lat' dir='ltr'><strong>Apo-</strong></span> 
     </span>
    </p>
   </div>
   <div class='ocr_carea' id='block_1_141' title="bbox 2051 4979 3646 5052">
    <p class='ocr_par' dir='ltr' id='par_1_141' title="bbox 2051 4979 3646 5052">
     <span class='ocr_line' id='line_1_141' title="bbox 2051 4979 3646 5052; baseline 0.001 -15"><span class='ocrx_word' id='word_1_961' title='bbox 2051 4982 2332 5052; x_wconf 87' lang='lat' dir='ltr'><strong>logcticam</strong></span> <span class='ocrx_word' id='word_1_962' title='bbox 2381 4979 2732 5052; x_wconf 68' lang='lat' dir='ltr'><strong>llarercampi</strong></span> <span class='ocrx_word' id='word_1_963' title='bbox 2779 4979 3182 5045; x_wconf 89' lang='lat' dir='ltr'><strong>commentarii,</strong></span> <span class='ocrx_word' id='word_1_964' title='bbox 3211 4979 3416 5038; x_wconf 79' lang='lat' dir='ltr'><strong>retnota</strong></span> <span class='ocrx_word' id='word_1_965' title='bbox 3460 4979 3646 5039; x_wconf 77' lang='lat' dir='ltr'><strong>sedulo</strong></span> 
     </span>
    </p>
   </div>
   <div class='ocr_carea' id='block_1_142' title="bbox 2055 5050 3646 5124">
    <p class='ocr_par' dir='ltr' id='par_1_142' title="bbox 2055 5050 3646 5124">
     <span class='ocr_line' id='line_1_142' title="bbox 2055 5050 3646 5124; baseline 0.003 -18"><span class='ocrx_word' id='word_1_966' title='bbox 2055 5050 2318 5124; x_wconf 83' lang='lat' dir='ltr'><strong>indigesta</strong></span> <span class='ocrx_word' id='word_1_967' title='bbox 2335 5050 2560 5124; x_wconf 90' lang='lat' dir='ltr'><strong>quadam</strong></span> <span class='ocrx_word' id='word_1_968' title='bbox 2583 5051 2926 5124; x_wconf 86' lang='lat' dir='ltr'><strong>classicorum</strong></span> <span class='ocrx_word' id='word_1_969' title='bbox 2954 5061 3232 5124; x_wconf 82' lang='lat' dir='ltr'><strong>auctorum</strong></span> <span class='ocrx_word' id='word_1_970' title='bbox 3255 5054 3574 5124; x_wconf 87' lang='lat' dir='ltr'><strong>professoria</strong></span> <span class='ocrx_word' id='word_1_971' title='bbox 3593 5067 3646 5111; x_wconf 90' lang='lat' dir='ltr'><strong>ct</strong></span> 
     </span>
    </p>
   </div>
   <div class='ocr_carea' id='block_1_143' title="bbox 2057 5121 3646 5192">
    <p class='ocr_par' dir='ltr' id='par_1_143' title="bbox 2057 5121 3646 5192">
     <span class='ocr_line' id='line_1_143' title="bbox 2057 5121 3646 5192; baseline 0.002 -14"><span class='ocrx_word' id='word_1_972' title='bbox 2057 5121 2307 5179; x_wconf 77' lang='lat' dir='ltr'><strong>lnerétiea</strong></span> <span class='ocrx_word' id='word_1_973' title='bbox 2339 5121 2656 5187; x_wconf 85' lang='lat' dir='ltr'><strong>ructatione,</strong></span> <span class='ocrx_word' id='word_1_974' title='bbox 2688 5121 3015 5192; x_wconf 90' lang='lat' dir='ltr'><strong>accepimus.</strong></span> <span class='ocrx_word' id='word_1_975' title='bbox 3045 5121 3180 5179; x_wconf 89' lang='lat' dir='ltr'><strong>Hinc</strong></span> <span class='ocrx_word' id='word_1_976' title='bbox 3210 5121 3266 5178; x_wconf 80' lang='lat' dir='ltr'><strong>in</strong></span> <span class='ocrx_word' id='word_1_977' title='bbox 3301 5126 3466 5180; x_wconf 91' lang='lat' dir='ltr'><strong>arduo</strong></span> <span class='ocrx_word' id='word_1_978' title='bbox 3495 5125 3646 5181; x_wconf 82' lang='lat' dir='ltr'><strong>Pallii</strong></span> 
     </span>
    </p>
   </div>
   <div class='ocr_carea' id='block_1_144' title="bbox 2055 5194 3644 5264">
    <p class='ocr_par' dir='ltr' id='par_1_144' title="bbox 2055 5194 3644 5264">
     <span class='ocr_line' id='line_1_144' title="bbox 2055 5194 3644 5264; baseline 0.002 -15"><span class='ocrx_word' id='word_1_979' title='bbox 2055 5195 2194 5250; x_wconf 91' lang='lat' dir='ltr'><strong>libro</strong></span> <span class='ocrx_word' id='word_1_980' title='bbox 2224 5195 2516 5249; x_wconf 90' lang='lat' dir='ltr'><strong>acutissimi</strong></span> <span class='ocrx_word' id='word_1_981' title='bbox 2547 5194 2788 5248; x_wconf 89' lang='lat' dir='ltr'><strong>Salmasii</strong></span> <span class='ocrx_word' id='word_1_982' title='bbox 2820 5195 3182 5264; x_wconf 86' lang='lat' dir='ltr'><strong>proverbiales</strong></span> <span class='ocrx_word' id='word_1_983' title='bbox 3211 5196 3644 5252; x_wconf 84' lang='lat' dir='ltr'><strong>elucubrationes</strong></span> 
     </span>
    </p>
   </div>
   <div class='ocr_carea' id='block_1_145' title="bbox 2056 5265 3642 5336">
    <p class='ocr_par' dir='ltr' id='par_1_145' title="bbox 2056 5265 3642 5336">
     <span class='ocr_line' id='line_1_145' title="bbox 2056 5265 3642 5336; baseline 0.002 -16"><span class='ocrx_word' id='word_1_984' title='bbox 2056 5266 2486 5321; x_wconf 89' lang='lat' dir='ltr'><strong>transcribeudas</strong></span> <span class='ocrx_word' id='word_1_985' title='bbox 2499 5265 2963 5320; x_wconf 76' lang='lat' dir='ltr'><strong>curavimuleinc</strong></span> <span class='ocrx_word' id='word_1_986' title='bbox 2977 5267 3130 5336; x_wconf 89' lang='lat' dir='ltr'><strong>primi</strong></span> <span class='ocrx_word' id='word_1_987' title='bbox 3146 5276 3265 5333; x_wconf 88' lang='lat' dir='ltr'><strong>post</strong></span> <span class='ocrx_word' id='word_1_988' title='bbox 3279 5267 3642 5334; x_wconf 59' lang='lat' dir='ltr'><strong>litin-atomum,</strong></span> 
     </span>
    </p>
   </div>
   <div class='ocr_carea' id='block_1_146' title="bbox 2056 5335 3643 5408">
    <p class='ocr_par' dir='ltr' id='par_1_146' title="bbox 2056 5335 3643 5408">
     <span class='ocr_line' id='line_1_146' title="bbox 2056 5335 3643 5408; baseline 0.001 -16"><span class='ocrx_word' id='word_1_989' title='bbox 2056 5337 2297 5408; x_wconf 84' lang='lat' dir='ltr'><strong>egregias</strong></span> <span class='ocrx_word' id='word_1_990' title='bbox 2319 5338 2433 5406; x_wconf 82' lang='lat' dir='ltr'><strong>ejus</strong></span> <span class='ocrx_word' id='word_1_991' title='bbox 2452 5335 2818 5408; x_wconf 11' lang='lat' dir='ltr'><strong>aciPanciroli</strong></span> <span class='ocrx_word' id='word_1_992' title='bbox 2857 5335 3008 5408; x_wconf 88' lang='lat' dir='ltr'><strong>notas</strong></span> <span class='ocrx_word' id='word_1_993' title='bbox 3036 5337 3112 5408; x_wconf 92' lang='lat' dir='ltr'><strong>_in</strong></span> <span class='ocrx_word' id='word_1_994' title='bbox 3151 5336 3423 5393; x_wconf 86' lang='lat' dir='ltr'><strong>Orationis</strong></span> <span class='ocrx_word' id='word_1_995' title='bbox 3449 5338 3643 5395; x_wconf 90' lang='lat' dir='ltr'><strong>librum</strong></span> 
     </span>
    </p>
   </div>
   <div class='ocr_carea' id='block_1_147' title="bbox 2055 5406 3651 5478">
    <p class='ocr_par' dir='ltr' id='par_1_147' title="bbox 2055 5406 3651 5478">
     <span class='ocr_line' id='line_1_147' title="bbox 2055 5406 3651 5478; baseline 0.003 -16"><span class='ocrx_word' id='word_1_996' title='bbox 2055 5406 2274 5463; x_wconf 80' lang='lat' dir='ltr'><strong>dimidia</strong></span> <span class='ocrx_word' id='word_1_997' title='bbox 2297 5417 2443 5478; x_wconf 87' lang='lat' dir='ltr'><strong>parte</strong></span> <span class='ocrx_word' id='word_1_998' title='bbox 2481 5407 2762 5464; x_wconf 89' lang='lat' dir='ltr'><strong>adauctum</strong></span> <span class='ocrx_word' id='word_1_999' title='bbox 2789 5423 2876 5478; x_wconf 14' lang='lat' dir='ltr'><strong>ex,</strong></span> <span class='ocrx_word' id='word_1_1000' title='bbox 2902 5406 3140 5476; x_wconf 89' lang='lat' dir='ltr'><strong>ejusdem</strong></span> <span class='ocrx_word' id='word_1_1001' title='bbox 3171 5409 3458 5478; x_wconf 85' lang='lat' dir='ltr'><strong>rarissimis</strong></span> <span class='ocrx_word' id='word_1_1002' title='bbox 3474 5411 3651 5468; x_wconf 79' lang='lat' dir='ltr'><strong>Ance-</strong></span> 
     </span>
    </p>
   </div>
   <div class='ocr_carea' id='block_1_148' title="bbox 2055 5477 3648 5549">
    <p class='ocr_par' dir='ltr' id='par_1_148' title="bbox 2055 5477 3648 5549">
     <span class='ocr_line' id='line_1_148' title="bbox 2055 5477 3648 5549; baseline 0.003 -15"><span class='ocrx_word' id='word_1_1003' title='bbox 2055 5478 2196 5534; x_wconf 84' lang='lat' dir='ltr'><strong>dotis</strong></span> <span class='ocrx_word' id='word_1_1004' title='bbox 2217 5477 2663 5549; x_wconf 89' lang='lat' dir='ltr'><strong>deprompsimus.</strong></span> <span class='ocrx_word' id='word_1_1005' title='bbox 2690 5477 2824 5533; x_wconf 88' lang='lat' dir='ltr'><strong>llinc</strong></span> <span class='ocrx_word' id='word_1_1006' title='bbox 2848 5477 3064 5533; x_wconf 90' lang='lat' dir='ltr'><strong>demum</strong></span> <span class='ocrx_word' id='word_1_1007' title='bbox 3086 5477 3313 5534; x_wconf 75' lang='lat' dir='ltr'><strong>excitata</strong></span> <span class='ocrx_word' id='word_1_1008' title='bbox 3342 5495 3371 5534; x_wconf 92' lang='lat' dir='ltr'><strong>a</strong></span> <span class='ocrx_word' id='word_1_1009' title='bbox 3402 5480 3648 5538; x_wconf 88' lang='lat' dir='ltr'><strong>Semlero</strong></span> 
     </span>
    </p>
   </div>
   <div class='ocr_carea' id='block_1_149' title="bbox 2059 5549 3647 5621">
    <p class='ocr_par' dir='ltr' id='par_1_149' title="bbox 2059 5549 3647 5621">
     <span class='ocr_line' id='line_1_149' title="bbox 2059 5549 3647 5621; baseline 0.003 -15"><span class='ocrx_word' id='word_1_1010' title='bbox 2059 5551 2110 5606; x_wconf 91' lang='lat' dir='ltr'><strong>in</strong></span> <span class='ocrx_word' id='word_1_1011' title='bbox 2143 5552 2201 5606; x_wconf 88' lang='grc' dir='ltr'><strong>υ.</strong></span> <span class='ocrx_word' id='word_1_1012' title='bbox 2233 5549 2494 5606; x_wconf 61' lang='lat' dir='ltr'><strong>Irenaeum</strong></span> <span class='ocrx_word' id='word_1_1013' title='bbox 2517 5593 2532 5616; x_wconf 91' lang='lat'><strong>,</strong></span> <span class='ocrx_word' id='word_1_1014' title='bbox 2562 5551 2801 5619; x_wconf 77' lang='lat' dir='ltr'><strong>aliosque</strong></span> <span class='ocrx_word' id='word_1_1015' title='bbox 2827 5549 3013 5621; x_wconf 86' lang='lat' dir='ltr'><strong>Patres</strong></span> <span class='ocrx_word' id='word_1_1016' title='bbox 3040 5549 3130 5605; x_wconf 91' lang='lat' dir='ltr'><strong>lite</strong></span> <span class='ocrx_word' id='word_1_1017' title='bbox 3177 5550 3338 5621; x_wconf 89' lang='lat' dir='ltr'><strong>impia</strong></span> <span class='ocrx_word' id='word_1_1018' title='bbox 3365 5551 3433 5607; x_wconf 87' lang='lat' dir='ltr'><strong>de</strong></span> <span class='ocrx_word' id='word_1_1019' title='bbox 3460 5568 3647 5610; x_wconf 85' lang='lat' dir='ltr'><strong>eorum</strong></span> 
     </span>
    </p>
   </div>
   <div class='ocr_carea' id='block_1_150' title="bbox 2059 5620 3648 5694">
    <p class='ocr_par' dir='ltr' id='par_1_150' title="bbox 2059 5620 3648 5694">
     <span class='ocr_line' id='line_1_150' title="bbox 2059 5620 3648 5694; baseline 0.004 -18"><span class='ocrx_word' id='word_1_1020' title='bbox 2059 5623 2376 5692; x_wconf 90' lang='lat' dir='ltr'><strong>scriptorum</strong></span> <span class='ocrx_word' id='word_1_1021' title='bbox 2397 5621 2632 5694; x_wconf 82' lang='lat' dir='ltr'><strong>origine,</strong></span> <span class='ocrx_word' id='word_1_1022' title='bbox 2663 5621 2900 5694; x_wconf 85' lang='lat' dir='ltr'><strong>palmare</strong></span> <span class='ocrx_word' id='word_1_1023' title='bbox 2925 5620 3040 5692; x_wconf 91' lang='lat' dir='ltr'><strong>ejus</strong></span> <span class='ocrx_word' id='word_1_1024' title='bbox 3065 5620 3435 5694; x_wconf 85' lang='lat' dir='ltr'><strong>argumcntum</strong></span> <span class='ocrx_word' id='word_1_1025' title='bbox 3459 5625 3648 5682; x_wconf 78' lang='lat' dir='ltr'><strong>susde-</strong></span> 
     </span>
    </p>
   </div>
   <div class='ocr_carea' id='block_1_151' title="bbox 2055 5693 3649 5764">
    <p class='ocr_par' dir='ltr' id='par_1_151' title="bbox 2055 5693 3649 5764">
     <span class='ocr_line' id='line_1_151' title="bbox 2055 5693 3649 5764; baseline 0.003 -16"><span class='ocrx_word' id='word_1_1026' title='bbox 2055 5709 2160 5764; x_wconf 90' lang='lat' dir='ltr'><strong>que</strong></span> <span class='ocrx_word' id='word_1_1027' title='bbox 2185 5693 2498 5748; x_wconf 86' lang='lat' dir='ltr'><strong>vertendum</strong></span> <span class='ocrx_word' id='word_1_1028' title='bbox 2524 5693 2633 5764; x_wconf 76' lang='lat' dir='ltr'><strong>fort-</strong></span> <span class='ocrx_word' id='word_1_1029' title='bbox 2661 5693 2904 5764; x_wconf 87' lang='lat' dir='ltr'><strong>arbitrati</strong></span> <span class='ocrx_word' id='word_1_1030' title='bbox 2932 5693 3462 5762; x_wconf 78' lang='lat' dir='ltr'><strong>sumus,dummodo,</strong></span> <span class='ocrx_word' id='word_1_1031' title='bbox 3485 5707 3649 5752; x_wconf 89' lang='lat' dir='ltr'><strong>atten-</strong></span> 
     </span>
    </p>
   </div>
   <div class='ocr_carea' id='block_1_152' title="bbox 2059 5763 3646 5825">
    <p class='ocr_par' dir='ltr' id='par_1_152' title="bbox 2059 5763 3646 5825">
     <span class='ocr_line' id='line_1_152' title="bbox 2059 5763 3646 5825; baseline 0.003 -5"><span class='ocrx_word' id='word_1_1032' title='bbox 2059 5763 2127 5820; x_wconf 84' lang='lat' dir='ltr'><strong>tis</strong></span> <span class='ocrx_word' id='word_1_1033' title='bbox 2156 5767 2280 5822; x_wconf 90' lang='lat' dir='ltr'><strong>hinc</strong></span> <span class='ocrx_word' id='word_1_1034' title='bbox 2303 5774 2357 5820; x_wconf 89' lang='lat' dir='ltr'><strong>et</strong></span> <span class='ocrx_word' id='word_1_1035' title='bbox 2386 5764 2508 5820; x_wconf 89' lang='lat' dir='ltr'><strong>inde</strong></span> <span class='ocrx_word' id='word_1_1036' title='bbox 2538 5763 2850 5819; x_wconf 90' lang='lat' dir='ltr'><strong>Tertulliani</strong></span> <span class='ocrx_word' id='word_1_1037' title='bbox 2900 5774 2954 5819; x_wconf 88' lang='lat' dir='ltr'><strong>et</strong></span> <span class='ocrx_word' id='word_1_1038' title='bbox 2999 5765 3182 5820; x_wconf 84' lang='lat' dir='ltr'><strong>lrcua-i</strong></span> <span class='ocrx_word' id='word_1_1039' title='bbox 3219 5767 3351 5822; x_wconf 88' lang='lat' dir='ltr'><strong>locis</strong></span> <span class='ocrx_word' id='word_1_1040' title='bbox 3381 5769 3646 5825; x_wconf 85' lang='lat' dir='ltr'><strong>similibus</strong></span> 
     </span>
    </p>
   </div>
   <div class='ocr_carea' id='block_1_153' title="bbox 2054 5837 3646 5909">
    <p class='ocr_par' dir='ltr' id='par_1_153' title="bbox 2054 5837 3646 5909">
     <span class='ocr_line' id='line_1_153' title="bbox 2054 5837 3646 5909; baseline -0.004 -19"><span class='ocrx_word' id='word_1_1041' title='bbox 2054 5837 2168 5892; x_wconf 88' lang='lat' dir='ltr'><strong>sole</strong></span> <span class='ocrx_word' id='word_1_1042' title='bbox 2207 5837 2403 5909; x_wconf 87' lang='lat' dir='ltr'><strong>clarius</strong></span> <span class='ocrx_word' id='word_1_1043' title='bbox 2455 5837 2845 5892; x_wconf 72' lang='lat' dir='ltr'><strong>ostenderimus</strong></span> <span class='ocrx_word' id='word_1_1044' title='bbox 2893 5853 2994 5909; x_wconf 81' lang='lat' dir='ltr'><strong>iou</strong></span> <span class='ocrx_word' id='word_1_1045' title='bbox 3046 5840 3214 5895; x_wconf 72' lang='lat' dir='ltr'><strong>solum</strong></span> <span class='ocrx_word' id='word_1_1046' title='bbox 3256 5854 3418 5909; x_wconf 69' lang='grc' dir='ltr'><strong>(ιρρπει</strong></span> <span class='ocrx_word' id='word_1_1047' title='bbox 3457 5839 3646 5898; x_wconf 70' lang='grc' dir='ltr'><strong>ιιιειη,ιιί</strong></span> 
     </span>
    </p>
   </div>
   <div class='ocr_carea' id='block_1_154' title="bbox 2053 5908 3645 5988">
    <p class='ocr_par' dir='ltr' id='par_1_154' title="bbox 2053 5908 3645 5988">
     <span class='ocr_line' id='line_1_154' title="bbox 2053 5908 3645 5988; baseline 0.006 -26"><span class='ocrx_word' id='word_1_1048' title='bbox 2053 5923 2228 5982; x_wconf 66' lang='grc' dir='ltr'><strong>ειυυί-ίι</strong></span> <span class='ocrx_word' id='word_1_1049' title='bbox 2257 5908 2350 5965; x_wconf 87' lang='lat' dir='ltr'><strong>sed</strong></span> <span class='ocrx_word' id='word_1_1050' title='bbox 2394 5917 2448 5966; x_wconf 91' lang='lat' dir='ltr'><strong>ct</strong></span> <span class='ocrx_word' id='word_1_1051' title='bbox 2489 5924 2674 5966; x_wconf 84' lang='lat' dir='ltr'><strong>eorum</strong></span> <span class='ocrx_word' id='word_1_1052' title='bbox 2709 5921 2939 5967; x_wconf 68' lang='lat' dir='ltr'><strong>retere-ri</strong></span> <span class='ocrx_word' id='word_1_1053' title='bbox 2974 5908 3063 5968; x_wconf 71' lang='lat' dir='ltr'><strong>lati</strong></span> <span class='ocrx_word' id='word_1_1054' title='bbox 3089 5925 3188 5968; x_wconf 73' lang='lat' dir='ltr'><strong>ia.u</strong></span> <span class='ocrx_word' id='word_1_1055' title='bbox 3246 5908 3645 5988; x_wconf 70' lang='lat' dir='ltr'><strong>interpretatio-</strong></span> 
     </span>
    </p>
   </div>
  </div>
