4238 6262
537 296 613 357 43
1824 322 1827 325 -
1894 290 2352 351 TERTULLIANI
2390 292 2570 351 VITA.
3776 290 3852 349 ﬂ

540 409 611 479 Ω.
633 409 848 469 Flavius
873 408 1161 478 Tertullus,
1204 420 1329 466 cum
1351 407 1415 466 Τ.
1445 406 1631 466 Flavio
1648 405 1926 465 Clemente
1943 406 2152 463 Consu-
2176 408 2229 468 Α
2254 421 2350 463 cus
2375 408 2638 480 quispiam
2684 407 2882 480 objecit
2926 426 2938 464 :
2976 406 3062 464 Ita
3090 424 3119 463 a
3171 407 3314 481 Toga
3356 409 3425 464 ad
3446 405 3717 465 Pallium?
3752 400 3852 465 Cui

551 502 719 559 latum
775 503 941 575 gessit
968 518 1110 559 anno
1137 502 1322 559 Severi
1371 516 1448 560 III.
1497 503 1678 559 Altera
1708 516 1838 559 vero
1866 502 2022 567 ratio,
2046 516 2151 572 qua

548 595 892 666 potissimum
921 596 1164 651 nituntur
1194 595 1289 660 illi,
1332 594 1481 666 quod
1504 594 1659 651 Iuris.
1693 594 1983 653 verborum
2018 593 2150 653 reti-

554 686 902 743 nentissimus
969 694 1129 757 atque
1168 688 1303 742 adeo
1356 676 1453 741 .IC.
1499 686 1772 741 Romanus
1816 684 1977 741 fuerit
2004 725 2019 749 ,
2064 684 2151 741 vel

547 779 784 836 Eusebio
815 786 971 845 teste,
1015 791 1199 836 noster
1240 778 1788 845 TER'IULLIANUS,
1842 794 1951 833 non
1981 777 2150 847 magis

546 873 858 942 convincit,
909 887 1073 944 quam
1119 873 1164 928 si
1208 872 1451 935 dicamus
1483 915 1500 942 ,
1551 872 1827 935 Caecilium
1869 872 2150 929 Oratorem

546 982 709 1038 quem
748 966 1039 1027 introducit
1074 982 1262 1023 secum
1284 968 1683 1038 adloquentem
1723 968 1775 1022 in
1806 982 1907 1021 suo
1928 966 2150 1021 Octavio

549 1056 806 1114 Minatius
831 1057 1002 1125 Felix,
1029 1059 1278 1115 eumdem
1326 1075 1446 1116 esse
1475 1075 1595 1115 cum
1641 1058 1855 1115 Caecilio
1884 1059 2149 1131 Cypriano

545 1164 772 1218 nostra,
828 1154 973 1226 quod
1038 1163 1264 1226 uterque
1323 1154 1625 1213 Oratoriam
1674 1152 1993 1211 exercuerit.
2045 1154 2154 1208 Aut

516 1234 714 1318 °(quod
736 1246 805 1303 ad
832 1244 1131 1301 institutum
1153 1245 1280 1302 facit
1310 1247 1508 1316 magis)
1553 1246 1601 1300 si
1627 1244 1949 1315 Septimium
1986 1244 2154 1299 Seve~

547 1355 668 1395 rum
699 1339 834 1411 Imp.
876 1340 1123 1396 eumdem
1153 1355 1272 1396 esse
1316 1339 1689 1397 existimemus
1738 1355 1861 1397 cum
1892 1337 2155 1407 Septimio

550 1433 723 1489 altero
768 1432 966 1488 Severo
1004 1475 1019 1501 ,
1075 1432 1216 1503 quod
1276 1443 1501 1503 uterque
1557 1431 1685 1487 Afer
1743 1440 1799 1487 et
1852 1430 2150 1486 IIistoricus

2254 502 2397 559 inter
2421 512 2616 559 caetera
2644 502 2935 574 respondet
2968 522 2981 559 :
3019 503 3083 557 At
3125 520 3218 575 ego
3248 504 3362 574 jam
3387 504 3466 558 illi
3496 505 3648 559 etiam
3671 502 3855 557 divina:

2254 605 2403 652 sectte
2438 613 2500 653 ac
2530 596 2817 668 disciplina:
2854 597 3212 659 canmrauium
3240 596 3470 665 confero.
3522 594 3704 650 Gaude
3726 594 3854 650 Pul-

2255 685 2381 739 lium
2404 695 2452 740 et
2472 686 2671 753 exulta,
2702 687 2881 765 melior
2904 693 3010 755 iant
3041 696 3088 742 te
3122 686 3462 757 Philosophia
3495 687 3707 758 dignata
3743 696 3850 754 est,

2254 793 2318 831 ex
2342 794 2440 849 quo
2466 777 2811 833 Christianum
2846 781 3025 834 vestire
3050 779 3242 849 coepisti
3273 777 3410 851 (Lib.
3445 779 3508 833 de
3544 776 3686 839 Pall.
3716 794 3765 833 c.
3795 779 3850 834 5.

2260 866 2401 924 Ibid.
2426 886 2474 925 c.
2504 868 2558 933 6.
2603 869 2743 933 Ibid.
2768 889 2815 927 c.
2841 873 2940 944 5.).
2969 871 3171 931 Verum
3216 888 3322 935 non
3370 871 3595 944 perinde
3630 871 3854 942 intelligi

2239 971 2473 1034 potest,
2506 964 2633 1035 quid
2661 965 2764 1021 sibi
2805 966 2976 1022 velint
3018 965 3257 1038 ejusdem
3301 966 3446 1021 Lihrl
3494 966 3699 1021 verba:
3748 965 3855 1021 Sed

2253 1072 2435 1111 vanum
2453 1058 2567 1129 jam
2613 1058 2908 1130 antiquitas,
2938 1059 3144 1126 quando
3170 1058 3427 1112 curricula
3458 1069 3630 1113 nostra
3658 1074 3850 1112 caram.

2260 1149 2523 1215 Quantum
2561 1152 2856 1222 reformavit
2906 1150 3042 1209 orbis
3088 1152 3335 1209 suculam
3381 1150 3519 1209 istud
3537 1150 3565 1204 !'
3591 1149 3851 1220 Quantum

2251 1242 2452 1296 urbium
2489 1250 2579 1295 aut
2619 1243 2865 1313 produxit
2906 1251 2995 1297 aut
3025 1246 3167 1298 auxit
3197 1252 3287 1298 aut
3330 1243 3551 1297 reddidit
3591 1243 3853 1314 praesentis

2254 1332 2472 1405 Imperii
2503 1336 2690 1408 triplex
2728 1335 2908 1405 uirtus,
2954 1335 3061 1392 Dea
3110 1344 3180 1391 tot
3210 1336 3449 1406 Augustis
3481 1338 3535 1390 in
3581 1352 3737 1389 unum
3771 1340 3854 1407 fa-

2254 1430 2428 1485 vente!
2452 1429 2586 1498 Quot
2604 1446 2783 1485 census
2806 1430 3097 1500 transcripti
3122 1430 3143 1483 !
3167 1429 3301 1497 Quot
3325 1429 3501 1500 papuli
3536 1429 3805 1499 repugnati
3831 1427 3855 1482 !

549 1526 746 1592 fuerit,
780 1542 1006 1597 quorum
1035 1526 1123 1582 ille
1152 1540 1325 1593 suam,
1360 1527 1449 1582 hic
1494 1525 1785 1589 Alexandri
1814 1524 1949 1595 Imp.
1983 1525 2150 1581 vitam
2257 1519 2395 1586 Quot
2416 1520 2620 1583 ordines
2648 1520 2894 1575 illustrari
2916 1522 2936 1574 !
2968 1520 3107 1586 Quot
3143 1520 3349 1575 barbari
3392 1520 3625 1575 exclusi!
3658 1519 3854 1574 Revera

551 1621 888 1690 conscripsit.
937 1622 1042 1675 Aut
1071 1619 1304 1689 denique
1324 1660 1336 1684 ,
1369 1618 1412 1673 si
1454 1618 1769 1688 Septimium
1804 1618 1950 1672 illum
1997 1618 2152 1687 cujus
2255 1614 2391 1669 orbis
2418 1615 2749 1668 cultissimum
2774 1614 2926 1684 huius
2950 1613 3164 1684 Imperii
3189 1631 3275 1669 rus
3303 1624 3395 1678 est,
3435 1614 3693 1668 eradicato
3719 1614 3855 1668 omni

550 1729 741 1770 versus
802 1724 995 1770 extant
1043 1713 1180 1782 apud
1227 1713 1486 1769 Crinitum
1516 1715 1567 1768 in
1618 1712 1737 1769 Iani
1783 1712 1967 1769 laudes
1994 1755 2008 1781 ,
2062 1721 2156 1767 aut
2256 1707 2456 1760 aconita
2482 1706 2771 1761 hostilitatis
2814 1715 2859 1761 et
2896 1717 3127 1763 cacto.et
3167 1708 3294 1761 rubo
3326 1707 3555 1763 subdola:
3581 1706 3855 1777 familiari-

551 1807 807 1877 Quintum
831 1807 1147 1879 Septimium
1176 1806 1476 1867 Romanum
1501 1847 1514 1871 ,
1545 1807 1635 1877 qui
1667 1806 1849 1879 Dymis
1876 1806 2152 1863 Cretensis
2180 1790 2231 1851 Β
2258 1799 2396 1866 totis,
2426 1800 2675 1854 consitum
2711 1812 2757 1855 et
2799 1817 3049 1857 omnum
3087 1818 3239 1871 super
3268 1800 3468 1855 Alcinoi
3509 1812 3763 1873 pometum
3810 1812 3857 1858 et

552 1900 620 1957 de
645 1900 785 1956 bello
813 1900 1049 1970 Trojano
1084 1899 1275 1959 Libros
1302 1914 1398 1954 sex
1438 1897 1658 1955 Latinas
1684 1897 1813 1953 fecit
1849 1896 2146 1954 confunda-

552 2008 673 2049 mus
711 2009 832 2051 cum
880 2005 1066 2055 nostro
1108 1990 1431 2048 SEPTIMIO
1470 1988 1981 2056 TERTULLIANO.
2011 1989 2154 2060 quod

552 2089 712 2145 ambo
740 2098 795 2143 et
823 2087 937 2147 Afri
981 2096 1036 2144 et
1062 2087 1243 2142 Poeta:
1270 2084 1490 2142 iuerint.
1520 2084 1601 2140 Ad
1647 2099 1873 2156 quorum
1912 2084 2161 2140 fortassis

551 2178 974 2244 distinctionem,
1026 2178 1227 2234 Auctor
1278 2186 1483 2239 noster.
1535 2175 1602 2242 Q.
1651 2174 1951 2231 SEI’TIHII
1992 2174 2154 2230 FLO-

550 2272 804 2329 RENTIS
831 2269 1296 2327 TERTULLIANI
1323 2266 1949 2327 CABTHAGINIENSIS
1971 2268 2152 2339 appel-

549 2365 783 2422 lationes
806 2363 983 2421 Libris
1011 2364 1238 2433 praefixit
1262 2362 1374 2418 suis
1421 2361 1537 2433 (t),
1566 2376 1675 2417 non
1703 2371 1988 2418 contentus
2017 2361 2152 2416 dua-

552 2460 656 2519 bus
682 2458 791 2515 illis
816 2456 1108 2517 SEPTISIII
1149 2454 1637 2521 TERTULLIANI,
1694 2455 2152 2527 quemadmodum

554 2552 746 2625 reliqui
775 2560 897 2624 post
921 2566 1046 2607 eum
1075 2548 1369 2620 scriptores
1390 2530 1522 2616 Atri,
1555 2548 1811 2603 Minatius
1834 2545 2008 2614 Felix,
2035 2547 2155 2602 Cae-

558 2647 714 2705 cilius
738 2645 1059 2717 Cyprianus,
1090 2642 1405 2721 Lactantius
1431 2641 1766 2709 Firmianus,
1798 2638 1998 2699 itarius
2027 2638 2159 2696 Vie-

552 2739 784 2803 torinus.
814 2748 869 2793 et
889 2735 1137 2794 Aurelius
1164 2735 1509 2807 Augustinus.

631 2829 663 2903 §
700 2829 761 2884 II.
790 2827 871 2884 De
908 2839 1136 2901 tempore
1156 2844 1256 2899 quo
1271 2827 1339 2882 ad
1354 2828 1793 2897 [identconuersus
1816 2832 1888 2882 est
1906 2824 2155 2882 TERTL’L-

562 2939 753 2982 manus
774 2932 964 2980 noster.
996 2952 1065 2965 —-
1097 2924 1148 2980 3.
1175 2920 1345 2979 Porro
1382 2919 1550 2996 (quod
1577 2921 1647 2978 ad
1673 2922 1900 2978 alterum
1927 2922 2159 2992 pertinet

556 3015 1013 3088 controversiam)
1061 3015 1131 3073 de
1162 3000 1405 3087 tempore
1432 3030 1538 3087 quo
1568 3015 1635 3071 ad
1666 3015 1826 3071 tidem
1865 3028 2160 3071 conversus

559 3119 642 3167 est
665 3107 1196 3166 TERTULLIANUS
1227 3117 1434 3177 noster,
1484 3107 1659 3179 major
1702 3107 1874 3163 multo
1909 3121 1970 3163 se
2011 3105 2154 3163 difﬂ-

558 3202 730 3258 cultas
774 3201 952 3258 ol'l'ert.
1005 3199 1278 3270 Quosdam
1329 3200 1423 3272 qui
1471 3200 1733 3257 claruisse
1777 3208 1968 3272 putant
2014 3200 2159 3255 circa

558 3308 758 3350 annum
782 3293 981 3349 Christi
1008 3293 1117 3347 nati
1143 3308 1265 3348 ets.
1295 3290 1485 3348 fefellit
1512 3291 1640 3347 illud
1665 3291 1914 3347 Auctoris
1943 3290 2058 3347 Lib.
2089 3290 2161 3347 de

560 3383 921 3457 Monogamia,
954 3385 1104 3440 annis
1155 3384 1354 3438 circiter
1381 3399 1501 3440 cu.
1531 3384 1718 3439 exinde
1764 3383 2025 3454 productis
2074 3382 2161 3454 (de

562 3476 775 3548 Monog.
808 3475 947 3548 III.);
976 3491 1162 3532 verum
1190 3476 1264 3531 illi
1295 3475 1568 3547 quomodo
1592 3475 1937 3546 conmutandi
1980 3475 2090 3531 sint
2128 3488 2161 3530 a

558 3585 722 3644 passo
768 3569 1022 3639 Christo,
1064 3585 1135 3626 an
1190 3572 1371 3641 potius
1407 3571 1477 3625 ab
1518 3548 1679 3626 atate
1720 3586 1824 3641 qua
1871 3570 2161 3641 Apostolus

560 3663 761 3719 Paulus
814 3663 1107 3734 Epistolam
1163 3662 1482 3735 scripsitad
1528 3662 1835 3718 Corinthios
1889 3665 2115 3733 primam
2142 3704 2156 3730 ,

562 3757 704 3815 intra
729 3757 886 3813 latius
922 3755 990 3811 ad
1040 3771 1241 3811 annum
1284 3756 1495 3811 Domini
1532 3771 1730 3813 cornu.
1776 3755 1942 3813 Multo
1979 3756 2160 3828 itaque

563 3852 763 3911 rectius
790 3850 1077 3919 Eusebius,
1095 3848 1233 3907 Ven.
1250 3849 1413 3918 Beda,
1443 3849 1772 3921 Freculphus
1790 3848 2158 3915 Lexoviensis,

563 3946 823 4009 Martinus
851 3943 1105 4009 Polonus,
1144 3943 1424 4000 Conradus
1466 3959 1497 4000 α
1538 3944 1853 4001 Liehtcnaw
1883 3944 2016 4001 Abh.
2060 3944 2163 4001 Ur-

564 4038 891 4111 spergensis,
920 4037 1232 4095 Vincentius
1253 4038 1668 4104 Bellovacensis,
1694 4038 1995 4095 Iiermanus
2020 4038 2162 4095 Con-

550 4118 802 4198 iractus,
855 4137 912 4186 et
959 4128 1290 4203 'I‘rithemius
1323 4171 1337 4196 ,
1389 4130 1532 4185 circa
1572 4145 1769 4185 annum
1817 4131 1935 4202 plus
1984 4131 2163 4186 minus

568 4221 765 4280 Christi
793 4222 902 4278 nati
923 4236 1007 4279 cc.
1037 4220 1584 4279 TERTULLIANUM
1611 4222 1870 4278 claruisse
1895 4223 2158 4279 scribunt.

568 4316 729 4387 Atqui
769 4314 837 4372 de
874 4329 1038 4381 anno,
1081 4329 1191 4386 quo
1236 4313 1452 4370 Christo
1498 4329 1691 4371 nomen
1740 4314 1971 4382 dederit,
2001 4315 2165 4371 silent

567 4420 757 4465 omnes
785 4415 980 4478 praeter
1021 4407 1192 4477 ipsum
1241 4405 1801 4475 TERTULLIANUM,
1845 4406 1941 4463 sed
1987 4408 2164 4464 verbis

564 4500 727 4573 longe
770 4496 1185 4554 obscurissimis.
1233 4496 1366 4552 Illud
1405 4498 1625 4569 quidem
1680 4500 2018 4570 perspicuum
2057 4509 2161 4568 est,

566 4559 746 4652 statim
777 4607 807 4648 a
831 4591 1098 4663 baptismo
1122 4559 1487 4664 conscriptum
1511 4594 1579 4648 ab
1609 4559 1922 4648 eo-Lihrum
1949 4594 2016 4648 de
2040 4559 2161 4649 Pal;
2187 4559 2243 4621 Β

562 4684 656 4747 lio,
707 4699 771 4741 ea
806 4698 1001 4754 nempe
1049 4683 1370 4747 occasione,
1420 4683 1560 4753 quod
1592 4723 1606 4749 ,
1656 4698 1822 4755 quum
1874 4701 1970 4763 pro
2012 4684 2164 4744 more

568 4776 877 4833 Christiano
900 4775 1048 4848 Toga
1091 4775 1316 4832 dimissa
1344 4775 1572 4832 Pallium
1601 4776 1817 4833 indutus
1838 4786 1999 4846 esset,
2024 4779 2163 4834 ami-

631 4912 705 4975 (l)
738 4910 1175 4977 Sic'praeterlibros
1190 4915 1463 4977 mstos.jam
1476 4914 1695 4977 Angelus
1704 4914 1975 4968 Politianus
1997 4928 2163 4971 aucto-

566 4986 674 5024 rem
691 4975 909 5026 nostrum
926 4975 1139 5037 signavit
1154 4976 1253 5043 lib.
1263 4984 1335 5043 tv.
1344 4975 1495 5043 epist.
1520 4975 1653 5043 vide
1668 4979 1968 5043 Nominibus.
1990 4981 2071 5031 Sic
2090 4983 2160 5043 ip-

568 5048 731 5113 semet
754 5044 925 5113 auctor
940 5036 1196 5113 adstringo
1214 5036 1493 5113 Virginibus
1514 5039 1746 5113 velandis,
1764 5056 1806 5113 ei
1826 5043 2022 5113 ultimo:
2043 5036 2161 5095 mea

568 5114 681 5171 cum
700 5099 822 5151 bona
839 5111 957 5171 pace
978 5096 1240 5171 legentibus
1253 5096 1508 5171 utilitatem
1524 5096 1857 5171 consuetudini
1877 5119 2164 5171 praeponen-

566 5162 710 5218 tibus.
728 5176 829 5225 pax
842 5162 891 5227 et
910 5162 1068 5227 gratia
1079 5176 1108 5227 ᾳ
1124 5162 1327 5227 Domino
1346 5171 1506 5227 nostra
1525 5166 1559 5213 J
1564 5178 1648 5215 esu
1664 5162 2034 5227 redundetatum
2058 5170 2162 5218 SE-

2260 1892 2419 1948 Mida:
2434 1902 2672 1949 rosetutn.
2699 1893 2756 1950 Id
2779 1894 2994 1966 quidem
3015 1893 3323 1958 Bhenanus,
3350 1893 3853 1964 Magdeburgenses,

2258 1986 2455 2056 aliique
2469 2001 2592 2041 eum
2613 1987 2780 2043 secuti
2806 1986 2877 2042 ita
2900 1988 3350 2058 interpretantur;
3375 1995 3435 2042 ut
3461 2001 3556 2057 per
3577 1983 3859 2056 Triplicem

2258 2075 2475 2149 Imperii
2501 2080 2758 2146 virtutem,
2792 2078 3094 2149 intelligant
3132 2078 3390 2134 Severum
3440 2078 3772 2148 Augustum,
3804 2087 3859 2133 et
3934 2135 3940 2141 ,

2260 2170 2613 2227 Pescennium
2640 2171 2882 2242 Nigrum,
2915 2187 2977 2227 ac
3000 2171 3283 2227 Claudium
3314 2170 3561 2227 Albinum
3592 2171 3853 2239 Caesares,

2258 2277 2486 2332 quorum
2539 2263 2614 2317 illi
2662 2263 2731 2317 ab
2758 2263 3082 2319 exercitibus
3110 2264 3161 2317 in
3194 2263 3483 2318 Pannoniis
3523 2272 3577 2318 et
3612 2260 3856 2329 Oriente,

2258 2351 2346 2409 hic
2378 2354 2430 2409 in
2461 2353 2632 2410 Gallia
2657 2353 2841 2410 Caesar
2884 2354 3061 2411 dictus
3095 2365 3199 2412 est.
3231 2354 3339 2411 Sed
3368 2355 3482 2424 ipse
3508 2355 3610 2410 sibi
3638 2366 3858 2411 contra-

2259 2446 2389 2503 dicit
2417 2446 2710 2503 Rhenanus
2730 2490 2744 2514 ,
2782 2462 2947 2519 quum
3002 2447 3198 2503 fatetur
3227 2448 3393 2503 invito
3422 2446 3624 2503 Severo
3652 2445 3704 2501 id
3749 2444 3860 2501 lac-

2260 2547 2371 2594 tum
2403 2539 2471 2595 de
2498 2538 2819 2607 Fescennia,
2871 2548 2926 2596 et
2961 2549 3247 2612 utrumque
3271 2541 3339 2597 ab
3369 2540 3460 2595 illo
3487 2540 3695 2595 hostem
3713 2538 3858 2610 judi-

2260 2643 2463 2703 catum,
2492 2643 2546 2690 et
2573 2649 2604 2689 e
2632 2634 2765 2689 vivis
2786 2634 3052 2689 sublatum
3096 2643 3304 2707 postea.
3334 2633 3450 2689 Non
3479 2633 3675 2705 poterit
3703 2633 3861 2704 igitur

2260 2726 2316 2782 in
2339 2734 2484 2781 tanta
2509 2726 2668 2780 trium
2692 2726 2963 2781 Ctesarum
2985 2725 3257 2782 simultate
3284 2724 3676 2782 accommodari
3701 2723 3858 2780 illud:

2260 2815 2374 2872 Deo
2407 2826 2478 2872 tot
2500 2817 2743 2890 Augustis
2771 2817 2826 2873 in
2865 2834 3021 2872 unum
3050 2819 3469 2890 fauente,,multo
3519 2833 3648 2874 vero
3687 2818 3863 2874 minus

2264 2910 2397 2966 illud
2429 2930 2440 2965 :
2470 2911 2730 2967 eradicato
2759 2911 2897 2966 onmi
2942 2914 3143 2967 aconita
3182 2912 3496 2968 hostilitatis.
3544 2911 3657 2967 Ima
3698 2927 3862 2984 quum

2262 3002 2351 3058 illa
2378 3003 2536 3058 trium
2563 3001 2835 3060 Caesarum
2868 3004 3029 3060 variis
3057 3003 3109 3060 in
3138 3004 3434 3061 Provinciis
3460 3005 3695 3062 delectio
3732 3020 3865 3061 con-

2264 3095 2442 3167 tigerit
2463 3096 2645 3151 statim
2676 3096 2832 3153 initio
2863 3097 3074 3168 Imperii
3104 3097 3310 3165 Severi,
3335 3099 3555 3154 minime
3573 3100 3864 3154 convenire

2263 3197 2439 3257 potest
2454 3203 2576 3244 cum
2599 3188 2775 3245 verbis
2795 3188 3141 3259 sequentibus
3169 3206 3180 3243 :
3217 3188 3352 3258 Quot
3376 3204 3556 3243 census
3582 3191 3864 3259 transcrip-

2265 3281 2338 3336 ti!
2388 3290 2493 3338 ete.
2544 3291 2666 3353 quat
2710 3282 2913 3337 barbari
2962 3282 3194 3338 exclusi!
3240 3282 3484 3352 Quorum
3527 3292 3861 3352 postremum

2262 3372 2524 3445 majorem
2578 3373 2895 3445 scrupulum
2935 3374 3125 3444 injicit,
3172 3373 3313 3445 quod
3343 3373 3467 3430 inde
3494 3383 3725 3441 constat,
3755 3390 3861 3432 non

2263 3464 2366 3521 nisi
2401 3474 2519 3529 post
2545 3465 2779 3521 exclusos
2810 3464 3050 3521 barbaros
3076 3465 3220 3521 hunc
3249 3465 3441 3522 librum
3474 3466 3859 3537 conscriptum,

2266 3555 2319 3611 id
2351 3565 2454 3622 est,
2480 3565 2601 3627 post
2618 3556 2857 3613 devictos
2889 3557 3117 3627 Arabas,
3166 3557 3393 3614 Parthos
3443 3566 3497 3614 et
3535 3558 3858 3616 Adiabenos.

2262 3648 2414 3717 Quod
2430 3649 2627 3720 itaque,
2649 3650 2701 3704 in
2726 3651 3056 3722 Argumenta
3077 3659 3131 3706 et
3153 3652 3605 3708 Annotatiouihus
3637 3653 3853 3722 nostris,

2263 3741 2330 3797 ad
2359 3757 2555 3796 annum
2603 3738 2718 3798 lere
2755 3743 2999 3814 quintum
3040 3744 3320 3801 retulimus
3367 3743 3583 3816 Imperii
3630 3745 3858 3815 Severi,

2261 3836 2331 3892 ad
2359 3852 2557 3892 annum
2605 3835 2821 3892 tertium
2869 3838 3050 3908 potius
3099 3839 3358 3911 applicari
3400 3850 3652 3910 oportere
3681 3850 3862 3911 postea

2265 3927 2737 3998 deprehendimus,
2765 3944 2927 4001 quum
2945 3945 3089 3986 anno
3109 3941 3299 4002 quarto
3332 3946 3363 3987 a
3388 3931 3589 3989 Severo
3630 3932 3863 3990 deﬁcere

2266 4019 2493 4075 Albinus
2517 4021 2764 4091 cteperit,
2798 4032 2852 4077 et
2880 4038 3024 4078 anno
3064 4023 3252 4093 quinto
3299 4024 3610 4081 interfectus
3635 4026 3722 4081 sit.
3753 4023 3864 4080 Ita-

2266 4126 2373 4182 que
2399 4110 2794 4182 Imperantihus
2822 4122 2949 4171 tunc
2978 4131 3083 4171 una
3112 4115 3315 4172 Severo
3340 4118 3599 4187 Augusto.
3633 4116 3862 4172 Antoni-

2266 4219 2340 4261 no
2374 4205 2495 4274 ejus
2530 4205 2663 4271 ﬁlio,
2691 4214 2746 4263 et
2769 4206 2915 4263 dicto
2956 4207 3172 4273 Albino,
3218 4217 3408 4280 pacato
3448 4208 3559 4280 jam
3598 4208 3858 4281 Imperio,

2266 4308 2452 4369 utpote
2481 4299 2707 4357 devictis
2724 4300 2831 4371 jam
2863 4316 2926 4357 ac
2955 4302 3170 4367 occisis,
3197 4310 3249 4358 et
3276 4302 3509 4369 Iuliano,
3537 4305 3627 4376 qui
3682 4303 3863 4360 occiso

2267 4390 2545 4457 Pertinace
2569 4392 2696 4448 illud
2725 4394 3012 4463 invaserat,
3037 4403 3089 4451 et
3112 4394 3406 4451 Pescennio
3424 4395 3606 4467 Nigro.

2342 4485 2398 4540 Δ.
2442 4486 2508 4541 Ει
2542 4501 2670 4543 vero
2710 4486 2780 4542 de
2819 4487 3015 4543 Albino
3032 4486 3508 4558 Imperiiconsorte
3524 4489 3865 4547 consentiunt

2268 4594 2479 4635 omnes.
2511 4580 2642 4635 Nam
2682 4579 2832 4650 juxta
2878 4580 3069 4637 Fastos
3112 4578 3456 4649 Consulares,
3507 4582 3687 4638 statim
3745 4590 3866 4653 post

2268 4680 2519 4741 acceptos
2550 4686 2741 4739 omnes
2771 4672 2984 4741 Imperii
3003 4672 3207 4737 titulos,
3236 4673 3293 4727 Ι).
3314 4672 3656 4731 CLAUDIUS
3682 4672 3867 4728 ALBI-

2268 4763 2403 4819 NUS
2430 4764 2520 4819 AB
2550 4763 2682 4819 IMP.
2716 4762 2889 4819 (ΗΕΒ.
2920 4764 2982 4819 L.
3023 4763 3341 4823 SEP’IIiIIO
3387 4767 3659 4825 SEVERO
3699 4766 3861 4825 AUG.

2270 4856 2524 4914 CAESAR
2580 4856 3035 4913 APPELLA'I‘US
3080 4858 3210 4915 EST
3260 4877 3273 4915 :
3325 4871 3379 4917 et
3428 4875 3570 4917 anno
3621 4860 3866 4933 sequenti

2267 4949 2618 5006 Consulatum
2646 4949 2765 5003 iniit
2788 4948 3020 5006 Severus
3047 4966 3168 5007 cum
3214 4952 3440 5017 Albino,
3474 4954 3563 5024 qui
3589 4953 3700 5024 jam
3743 4952 3867 5009 inde

2269 5043 2428 5097 etiam
2453 5041 2817 5099 SEP'I‘IMIUS
2835 5042 3011 5100 dictus
3033 5053 3133 5109 est,
3155 5056 3409 5117 quantum
3436 5055 3674 5117 apparet,
3696 5045 3746 5100 in
3769 5028 3883 5101 Se?

2270 5134 2382 5189 vcri
2403 5134 2646 5205 gratiam.
2671 5134 2770 5203 Qui
2793 5150 2858 5191 eo
2879 5138 3041 5191 etiam
3066 5136 3269 5192 honore
3286 5136 3430 5191 illum
3450 5143 3762 5205 prosecutus
3784 5145 3870 5194 est

566 5223 1328 5310 ρι
1340 5223 2171 5310 ςφξςξξρβεΜἯῃ-ᾴξςέἰξρὶιξξ
2272 5236 2330 5282 ut
2352 5227 2724 5299 nummosejus
2745 5228 2974 5301 imagine
2989 5229 3147 5303 (teste
3168 5228 3471 5298 Spartiano)
3491 5228 3731 5299 insigniri
3753 5230 3871 5299 jus-

569 5296 645 5353 e_st
658 5288 762 5353 clad
769 5287 944 5353 sulalib
954 5284 1065 5353 ride
1086 5284 1352 5353 Baptismo:
1366 5284 1568 5353 Tantum
1578 5284 1662 5353 ora
1672 5297 1724 5343 ut
1736 5305 1844 5343 eum
1856 5289 2013 5353 petitis
2021 5290 2167 5346 etiam

574 5351 747 5420 TER]:
757 5349 1041 5420 U_LI_.I.4A{I
1066 5347 1331 5420 peccatoris
1357 5349 1692 5420 memineritis.
1719 5347 1905 5420 Similis
1928 5365 2003 5420 est
2028 5354 2162 5420 clau-

567 5410 673 5463 sula
698 5413 807 5460 Iihri
832 5410 893 5461 de
917 5410 1246 5462 exhortatione
1265 5410 1512 5464 castitatis.
1533 5416 1770 5466 Memento
1792 5414 1843 5466 in
1866 5415 2164 5471 orationibus

568 5471 664 5523 tuis
716 5474 939 5525 TERTU
947 5473 1149 5523 LLIAN
1155 5473 1185 5522 Ι
1222 5472 1540 5525 exhortantis.
1564 5475 1636 5525 Ita
1661 5476 1777 5526 edit.
1798 5479 1953 5529 Paris.
1976 5479 2156 5533 Frank.

565 5536 813 5601 Venetan.
838 5534 1081 5601 Rigaltius
1102 5543 1266 5601 autem
1304 5535 1475 5601 ultima
1512 5537 1617 5586 haec
1639 5540 1792 5588 verba
1828 5542 2022 5601 omisit;
2048 5543 2162 5594 hinc

567 5598 750 5664 sb‘alia
768 5611 917 5664 manu
942 5599 1089 5648 I'ulsse
1112 5598 1317 5664 adjegta,
1344 5598 1474 5664 nullo
1492 5607 1662 5664 tamen
1679 5605 1870 5653 favente
1897 5598 2038 5664 insto,
2056 5610 2162 5656 tum

565 5659 983 5727 Salom.‘S_ernler,
1003 5667 1104 5727 tum
1124 5659 1184 5727 _E.
1210 5659 1267 5727 F_.
1288 5660 1501 5727 Leopold
1531 5664 1783 5727 visumest
1808 5679 2005 5727 prorsus
2025 5659 2165 5722 indtLv

564 5725 717 5774 bium.
745 5722 814 5774 Cf.
838 5722 1065 5786 Lumper.
1086 5721 1198 5775 bist.
1224 5721 1377 5773 tbeol.
1396 5721 1506 5775 erit.
1532 5723 1621 5777 SS.
1641 5726 1739 5777 PP.
1762 5721 1877 5791 pars
1900 5736 1967 5781 Vl.
1990 5742 2095 5795 cap.
2112 5721 2159 5784 ιζ

568 5793 661 5836 ιη.
685 5785 728 5835 1.
753 5791 853 5836 ltot.
881 5783 929 5834 lt.
1789 5789 1912 5843 Eon.

568 5793 661 5836 art.
685 5791 728 5835 I.
753 5791 853 5836 not.
881 5791 929 5834 lt.
1789 5791 1912 5841 Eon.

2271 5320 2518 5392 serit,qui
2535 5321 2826 5376 etiamnum
2849 5321 2929 5392 (t)
2949 5331 3129 5375 extant
3158 5333 3278 5375 cum
3304 5319 3741 5391 inscriptionibus
3758 5330 3864 5378 tam

2269 5413 2473 5469 (ἔτευξε
2488 5429 2646 5485 quam
2664 5413 2872 5471 Latinis
2885 5412 3022 5484 apud
3041 5411 3348 5469 Generosos
3363 5414 3620 5470 Dominus
3633 5414 3864 5469 Marcum

2266 5514 2320 5561 et
2340 5503 2640 5562 Gnidon‘em
2661 5503 2922 5562 Laurinos
2936 5503 3234 5562 Watreﬂeti
3250 5502 3582 5580 Toparchas,
3604 5520 3725 5561 cum
3748 5504 3865 5561 aliis

2269 5596 2654 5667 compluribus,
2685 5610 2911 5668 quorum
2942 5595 3078 5653 inira
3107 5596 3199 5655 Iiet
3227 5599 3450 5655 mentio.
3482 5597 3528 5654 E
3553 5596 3744 5670 quibus
3771 5613 3867 5668 pro

2334 5730 3154 5813 (1)..§.cili:~st.°i399.9aese_e79.
3173 5744 3271 5801 ειυο
3306 5733 3516 5799 primum
3547 5733 3679 5788 θαίω
3714 5729 3806 5788 ﬁt“
3837 5740 3871 5789 ⁸

2271 5789 2494 5848 Pani'elio
2514 5795 2625 5850 Vita
2645 5794 2751 5849 haec
2770 5795 3075 5850 Tertulliani.
3138 5789 3152 5802 '
3190 5789 3207 5801 ⁸
3308 5789 3325 5799 ’
3846 5813 3887 5826 α
