4242 6266
386 296 468 361 45

2406 224 2463 280 ο

1748 300 2206 368 TERTULLIANI
2243 306 2400 367 VITA
2413 350 2427 366 .
3635 333 3706 389 46

399 424 582 473 nostra
612 416 872 474 sententia
912 417 1110 475 faciunt
1139 463 1156 489 ,
1193 418 1305 490 jam
1332 427 1455 493 post
1498 421 1736 479 occisum
1768 420 1988 494 Nigrum
2023 422 2077 489 Α
2102 432 2338 481 nostram
2366 428 2761 500 auspicabimur
2779 448 2808 490 a
2842 434 3013 507 primo
3034 436 3216 498 Severi
3239 455 3381 500 anno
3404 484 3419 511 ,
3448 450 3503 501 et
3529 443 3701 503 TElt~

398 506 650 578 publicati
713 507 1012 565 istileP.
1069 508 1245 568 oms.
1310 512 1371 567 ι).
1440 511 1739 571 omento
1793 513 1990 570 sera.

2103 514 2426 608 TULLIANI
2484 522 2596 593 jam
2650 524 2941 584 Christiani
2990 531 3059 587 ab
3108 547 3251 590 anno
3298 534 3445 593 illius
3491 539 3689 608 tertio,

398 598 550 654 ALB.
595 599 739 656 COS.
778 600 842 656 II.
878 600 1156 659 MONETA
1187 603 1349 661 AUG.
1383 603 1483 661 CS.
1508 605 1683 698 \‘ICT.
1716 605 1877 698 AUG.
1905 616 2001 669 aut
2101 607 2393 667 dummodo
2414 615 2657 684 quaedam
2685 620 3106 689 pmmiserimus
3130 624 3198 680 de
3217 626 3336 695 ejus
3376 598 3693 698 appellatio:

393 690 733 748 MINERVIE
798 694 1167 751 PACIFERIE
1241 695 1535 754 SZECULO
1595 697 1993 765 FOECUNDO;

394 793 485 839 aut
533 784 765 856 denique
813 803 827 840 :
877 786 1274 855 FELICI’I‘AS;
1325 805 1445 860 quae
1492 790 1672 845 omnia
1724 790 1997 862 pertinere

390 874 643 932 videntur
666 876 735 933 ad
762 876 915 943 illud,
942 880 1201 934 eradicato
1230 881 1373 935 omni
1398 882 1605 937 aconita
1626 881 1941 938 hostilitatis.

464 969 519 1024 5.
578 970 653 1024 De
705 971 975 1026 Antonino
1040 984 1221 1028 autem
1252 974 1438 1029 Severi
1476 974 1586 1029 filio
1609 1017 1623 1041 ,
1653 973 1798 1046 quod
1828 975 1993 1032 etiam

382 1056 496 1131 jam
523 1059 647 1116 inde
692 1058 923 1117 Cwsaris
959 1062 1115 1117 titulo
1158 1062 1444 1134 insignitus
1485 1064 1662 1131 fuerit,
1711 1064 1821 1121 duo
1864 1071 1993 1121 sunt

385 1167 509 1223 quae
538 1152 904 1223 conjecturam
935 1156 1263 1211 confirmant
1300 1166 1558 1224 nostram,
1586 1166 1696 1211 tum
1725 1158 1807 1212 lex
1837 1158 1889 1213 l.
1920 1154 1991 1215 de

381 1246 686 1303 inofficioso
714 1246 1069 1304 Testamento
1098 1248 1232 1305 Cod.
1259 1251 1299 1305 l.
1329 1250 1385 1306 5.
1409 1266 1565 1322 quam
1591 1253 1988 1324 rescripserunt

380 1336 621 1394 Severus
657 1348 713 1395 et
748 1339 1054 1397 Antoninus
1103 1340 1219 1395 Kal.
1250 1340 1402 1397 Iuliis
1450 1341 1685 1399 Falcone
1726 1352 1782 1399 et
1821 1344 1986 1402 Claro

377 1427 541 1485 Cass.
576 1446 805 1501 quorum
833 1429 1157 1488 Consulatus
1187 1434 1370 1489 incidit
1402 1437 1454 1489 in
1486 1435 1538 1491 l.
1568 1451 1770 1492 annum
1812 1436 1982 1493 Seve-

374 1522 463 1586 ri;
494 1530 608 1576 tum
642 1521 758 1579 haec
786 1524 1120 1580 numismatis
1148 1524 1425 1595 inscriptio
1455 1543 1473 1579 τ
1506 1526 1685 1583 IMPP.
1726 1527 1985 1585 lNVlC'H

373 1610 473 1666 PII
519 1612 728 1669 AUGG.
776 1619 920 1685 (cum
965 1614 1146 1669 Severi
1188 1615 1365 1687 efﬁgie
1408 1629 1462 1671 et
1506 1620 1763 1674 Antonini
1806 1620 1981 1676 adhuc

372 1704 537 1774 pueri
588 1704 878 1777 imberbis)
911 1705 1229 1763 VICTORIA
1284 1708 1632 1768 PARTHICA
1681 1712 1974 1785 MAXIIIA.

2100 702 2256 758 nibus
2306 704 2371 773 Q.
2430 706 2725 765 SEPTIMII
2787 709 3170 772 FLORENTIS
3234 715 3696 779 TERTULLIANI

2096 795 2732 870 CARTIIAGINIENSIS,
2762 814 2817 861 et
2842 808 3066 880 proinde
3102 808 3170 866 de
3204 809 3372 881 ipsius
3400 822 3578 884 gente,
3610 814 3693 870 fu-

2096 889 2263 957 milia,
2304 894 2491 964 stirpe,
2519 897 2851 967 parentibus,
2892 903 3086 970 patria,
3114 902 3471 975 institutione,
3501 908 3692 966 studiis

2095 989 2151 1037 et
2176 984 2390 1055 scriptis
2436 985 2836 1061 adolescentiae,
2884 994 3015 1052 vita:
3042 1003 3207 1066 statu,
3238 1005 3294 1055 et
3318 1006 3496 1068 aetate,
3524 1015 3691 1072 quum

2096 1073 2328 1133 Severus
2348 1075 2637 1149 Imperium
2663 1082 2799 1140 iniit.

2165 1165 2297 1240 §llI.
2331 1167 2409 1225 De
2426 1172 2537 1241 ejus
2558 1175 2887 1243 praenomine,
2902 1180 3125 1249 nomine,
3144 1182 3437 1253 cognomine
3458 1194 3508 1239 et
3524 1201 3689 1257 agno-

2091 1258 2246 1314 mine.
2277 1289 2346 1300 —
2376 1259 2429 1315 6.
2457 1261 2625 1320 Porro
2650 1264 2714 1334 ρ.
2739 1265 2904 1339 (quod
2930 1272 3140 1328 auctori
3171 1281 3356 1329 nostro
3383 1275 3688 1333 tribuerunt

2082 1351 2195 1421 jam
2216 1351 2345 1409 olim
2378 1354 2691 1413 Vincentius
2721 1358 3134 1430 Bellovaceusis,
3162 1363 3512 1435 Trithemius,
3544 1367 3689 1424 Poli-

2086 1444 2283 1513 tianus,
2317 1457 2370 1503 ct
2415 1447 2522 1505 MS.
2555 1450 2709 1522 cod.)
2740 1451 3057 1512 Prtenomeu
3100 1472 3241 1526 esse,
3284 1470 3482 1518 norunt
3525 1461 3683 1517 Anti-

2085 1537 2257 1606 quarii
2289 1552 2500 1608 omnes,
2527 1540 2776 1600 fortassis
2802 1547 2943 1617 quod
2972 1549 3160 1613 quinto
3185 1550 3305 1607 loco
3330 1561 3488 1610 natus
3516 1564 3682 1623 esset,

2085 1635 2270 1699 utpote
2291 1644 2455 1703 quum
2480 1632 2815 1692 l’rzenomina
2848 1648 2941 1694 aut
2966 1640 3035 1695 ab
3060 1651 3275 1710 eventu,
3312 1653 3407 1701 aut
3435 1646 3505 1702 ab
3545 1649 3683 1716 avis,

2086 1722 2319 1788 proavis,
2349 1738 2444 1779 seu
2487 1726 2656 1781 atavis
2687 1727 2797 1785 fere
2837 1732 3078 1804 usurpari
3111 1748 3138 1787 a
3167 1733 3424 1794 Romanis
3474 1739 3684 1796 soleant

368 1795 513 1862 Quro
540 1796 675 1852 adeo
702 1797 889 1854 referri
916 1810 1091 1869 potest
1116 1800 1182 1855 ad
1215 1800 1343 1855 illud
1373 1819 1385 1855 :
1418 1815 1539 1874 quot
1571 1804 1775 1859 barbari
1798 1813 1978 1861 ἀττικ-
2008 1814 2059 1893 ᾗ
2086 1812 2162 1882 (in
2190 1827 2417 1883 quorum
2462 1813 2637 1872 locum
2672 1819 2830 1876 hodie
2855 1795 3229 1880 successerunt
3261 1829 3472 1898 propria
3500 1831 3683 1900 cujus-

366 1890 465 1945 si!
504 1891 643 1945 sicut
691 1900 745 1946 ct
797 1892 893 1945 ista
942 1891 1049 1947 :L.
1092 1892 1288 1948 SEP’I‘.
1340 1893 1495 1951 SEV.
1553 1895 1754 1953 PER'I'.
1810 1898 1972 1956 AUG.

366 1981 509 2037 IMP.
553 1981 855 2038 II.ARAB.
908 1983 1067 2039 PAR.
1119 1984 1346 2043 ADIAB.
1396 1984 1545 2043 COS.
1603 1987 1664 2043 II.
1717 1989 1819 2045 PP.
1871 1990 1971 2048 SC.

367 2072 607 2127 Maxime
650 2074 1024 2130 consentiente
1062 2075 1359 2147 Spartiano
1409 2080 1462 2134 in
1508 2079 1623 2136 haec
1650 2081 1811 2138 verba
1857 2092 1979 2154 post

366 2163 524 2236 Nigri
564 2166 763 2221 caedem
809 2185 823 2221 :
861 2165 1059 2222 Deinde
1096 2168 1235 2223 circa
1286 2170 1526 2226 Arabiam
1572 2173 1721 2244 plura
1782 2176 1969 2246 gessit,

368 2253 588 2331 Partitis
617 2258 768 2312 etiam
792 2259 846 2312 in
876 2258 1183 2315 deditionem
1220 2260 1475 2329 redactis,
1507 2280 1700 2321 necnon
1726 2276 1771 2320 st
1811 2266 1977 2322 Adia-

338 2346 533 2412 tbenis,
575 2349 660 2418 qni
689 2365 863 2404 omnes
908 2366 1025 2405 cum
1071 2349 1356 2408 Fescennia
1400 2367 1677 2411 senserant.
1712 2359 1876 2429 Atque
1909 2360 1977 2415 ob

364 2440 468 2494 Itoc
486 2456 733 2507 reversus,
764 2442 1032 2511 Arabicus,
1063 2444 1360 2513 Parthicus,
1385 2446 1745 2514 Adiabenicus,
1791 2451 1977 2522 appet.

363 2533 506 2588 latus
535 2543 627 2600 est,
657 2533 747 2588 sed
770 2536 1087 2607 triumphum
1112 2539 1324 2608 respuit,
1358 2556 1422 2594 ne
1459 2541 1714 2597 uideretur
1746 2543 1811 2598 de
1833 2546 1977 2607 ciuili

361 2626 688 2695 triumphare
711 2628 938 2683 uictoria.
969 2627 1196 2701 Insuper
1230 2640 1288 2687 et
1326 2632 1562 2690 Eusebio
1607 2634 1753 2707 (seu
1794 2638 1973 2706 potius

359 2716 429 2773 B.
450 2717 797 2791 Hieronymo,
817 2722 905 2792 qui
937 2723 1100 2777 multa
1118 2722 1185 2778 ad
1215 2722 1437 2781 Latinos
1465 2726 1781 2796 pertinentia
1796 2728 1973 2786 Chro«

359 2809 503 2865 nicis
530 2810 698 2881 ipsius
718 2811 1051 2885 interseruit)
1075 2816 1166 2885 qui
1205 2816 1405 2872 bellum
1435 2816 1740 2887 Judaicutn,
1769 2820 1965 2881 Sama-

359 2902 686 2973 riticumque
699 2920 764 2961 ac
781 2905 1089 2963 Parthicum
1107 2904 1241 2964 c'mdi
1263 2910 1441 2966 Albini
1465 2916 1746 2983 praeponit;
1774 2932 1971 2988 quem-

361 2993 656 3051 admodum
733 2998 897 3054 etiam
970 3000 1231 3068 Orosius,
1289 3002 1529 3060 Joannes
1574 3004 1850 3077 Zonaras,
1911 3018 1971 3065 et

2078 1920 2182 1976 que
2202 1908 2443 1977 nomina)
2473 1910 2628 1980 quale
2652 1920 2736 1967 est
2763 1924 2818 1969 et
2849 1916 2978 1970 illud
3011 1934 3025 1971 :
3053 1916 3307 1983 QUINTA
3338 1920 3677 1990 SEPTIMIA,

2078 1997 2221 2069 quod
2265 1999 2405 2055 inter
2448 2005 2777 2069 pra'nomioa
2824 2005 3145 2064 feminarum
3172 2012 3241 2066 ab
3279 2010 3559 2083 Onuphrio
3593 2029 3679 2069 re-

2077 2100 2348 2147 censetur.
2370 2091 2686 2162 SEPTIMII,
2714 2100 2892 2169 gentis
2926 2110 3011 2156 est
3035 2103 3350 2174 appellatio,
3386 2122 3507 2178 qua:
3535 2108 3677 2179 apud

2079 2180 2351 2239 Romanos
2392 2186 2620 2256 primum
2654 2188 2840 2262 Regia,
2888 2190 3088 2249 deinde
3132 2195 3359 2266 plebeia,
3405 2206 3680 2267 postremo

2079 2276 2386 2337 Cousularis
2416 2281 2512 2337 fuit
2538 2292 2594 2338 et
2622 2282 2862 2341 Patritia.
2893 2286 3163 2358 Imprimis
3189 2292 3332 2346 enim
3363 2292 3673 2348 invenitur:

2076 2369 2441 2431 SEPTIMIUS
2475 2373 2724 2433 MESIUS
2770 2377 3293 2446 AEQUICOLARUM
3338 2383 3481 2440 REX
3503 2427 3518 2452 ,
3550 2386 3677 2443 inde

2077 2463 2128 2518 in
2180 2465 2342 2521 variis
2404 2466 2729 2526 Marmorum
2785 2473 3247 2546 inscriptionibus,
3287 2479 3483 2549 partim
3533 2482 3674 2537 inter

2076 2553 2472 2626 Epigrammata
2493 2560 2736 2634 antiquae
2765 2561 2948 2634 Urbis,
2980 2568 3171 2638 partim
3199 2569 3253 2624 in
3278 2568 3673 2645 Orthographia

2073 2646 2195 2702 Altii
2226 2648 2465 2717 Manutii,
2510 2650 2828 2711 feminarum
2858 2658 3246 2728 appellationes
3295 2679 3308 2715 :
3352 2663 3672 2723 SEPTIMIA

2072 2740 2301 2827 ANNIA,
2334 2743 2437 2799 FL.
2488 2744 2789 2804 IIORATIA
2848 2749 3171 2809 SEPTIMIA
3238 2753 3663 2827 OCTAVILLA,

2073 2826 2265 2891 sorr.
2298 2835 2715 2898 FELICISSIMA
2752 2843 3068 2913 eunesm.
3105 2848 3299 2906 sorr.
3323 2826 3667 2920 secum,

2068 2928 2265 2986 SEPT.
2287 2931 2588 3003 EXORTA,
2611 2946 2666 2992 et
2686 2934 2900 2995 Ordinis
2921 2940 3162 2996 Militaris
3182 2946 3415 3000 virorum
3440 2948 3581 3017 (qua:
3600 2948 3669 3002 ad

2068 3020 2370 3078 institutum
2401 3029 2568 3096 magis
2607 3027 2827 3100 faciunt)
2875 3030 2939 3086 Τ.
2982 3032 3339 3092 SEPTIMUS
3368 3036 3666 3105 FELICIS-

363 3086 521 3158 Η¹¹⁸⁰
573 3087 947 3147 Ὲ¹⁰⁹⁵³⁶⁰¹¹⁸⁵⁵·
1004 3091 1116 3148 Νθθ
1160 3092 1379 3163 NW"
1432 3096 1574 3166 quod
1631 3098 1969 3158 Herodianus
2066 3112 2270 3170 smus
2311 3086 2648 3174 conuiuas
2690 3119 2754 3175 Il.
2783 3086 2919 3177 ρἰι..
2948 3086 3334 3181 ulnis};
3352 3086 3668 3183 tifs‘ééiﬁ-
3755 3143 3761 3147 ν

363 3179 589 3237 dilatum
626 3182 803 3238 adhuc
837 3183 1037 3239 scribat
1066 3185 1263 3241 bellum
1302 3187 1630 3257 Parthicum,
1680 3200 1792 3248 tum‘
1818 3194 1961 3265 quod
1988 3202 2043 3279 ρ
2066 3203 2230 3261 MIUS
2254 3206 2439 3261 ΑΒ·Εῆ
2464 3208 2899 3269 OCTAVIANUS
2926 3213 2987 3271 c.
3012 3214 3077 3270 v.
3109 3179 3320 3272 Tutus.
3346 3179 3411 3273 Il.
3437 3179 3663 3288 sibi.

364 3270 505 3329 ades
533 3273 701 3343 major
723 3274 908 3330 haberi
937 3275 1132 3332 debeat
1166 3277 1365 3335 Latino
1380 3296 1541 3352 quam
1575 3281 1766 3339 Graeco
1790 3287 1961 3359 serip—
2016 3270 2041 3279 ί
2065 3297 2229 3355 non.
2259 3297 2325 3355 ιι.
2352 3299 2467 3354 vm
2494 3300 2595 3356 s'r.
2615 3270 3324 3375 LlTIBUSJUDICANblS;
3347 3270 3670 3367 afﬁgit};

368 3374 498 3441 tori,
524 3379 613 3447 qui
657 3377 861 3434 nullum
892 3378 1127 3438 historia:
1172 3382 1420 3441 ordinem
1463 3386 1790 3458 observavit,
1847 3399 1961 3449 tum
2064 3391 2293 3449 TIMIUS
2317 3393 2703 3453 ANTIGONUS
2724 3397 2854 3456 MIL.
2880 3398 3036 3456 COH.
3066 3400 3153 3456 Vl.
3196 3402 3305 3458 PR.
3331 3404 3470 3461 etT.
3504 3406 3666 3462 SEP-
3725 3470 3731 3475 _

367 3472 514 3545 quod
546 3472 859 3545 Spartianus
888 3478 1226 3547 postmodum
1265 3479 1461 3535 iterum
1490 3482 1787 3551 profectum
1819 3485 1959 3539 scri-

363 3565 458 3621 bat
484 3566 538 3621 in
568 3566 792 3635 Arabas,
822 3568 1081 3638 Parthos,
1117 3581 1172 3629 et
1210 3573 1533 3641 Adiabenos,
1567 3584 1622 3632 et
1651 3576 1791 3633 bello
1828 3592 1959 3634 con-

2063 3486 2297 3545 TIMIUS
2317 3488 2377 3545 C.
2408 3488 2469 3543 F.
2491 3490 2643 3546 SER.
2669 3490 2850 3549 TIVIA
2871 3493 2987 3549 TR.
3012 3494 3145 3550 MIL.
3170 3494 3398 3567 denique
3418 3498 3480 3553 L.
3503 3497 3662 3556 SEP-

2061 3571 2296 3640 TIMIUS
2340 3583 2806 3653 SEVERIANUS,
2848 3596 2904 3644 ct
2944 3588 3136 3644 SEPT.
3183 3589 3437 3647 CARITO
3484 3592 3548 3649 γ.
3596 3592 3658 3653 Ρ.

361 3664 443 3713 tra
468 3672 565 3715 eos
605 3661 850 3717 confecto
881 3665 1207 3734 triumphum
1238 3668 1445 3739 egisse,
1479 3669 1726 3726 eumdem
1762 3687 1960 3744 nempe
2061 3676 2432 3733 Consularium
2460 3679 2687 3751 denique
2714 3681 2947 3737 virorum
2969 3683 3070 3738 sub
3084 3682 3224 3739 Iulio
3242 3683 3455 3742 Ctesare
3476 3688 3659 3758 Augu-

359 3750 425 3808 de
449 3768 557 3823 quo
584 3752 720 3809 infra
746 3750 889 3812 anno
916 3758 1097 3814 Severi
1120 3775 1178 3813 χ.
1208 3758 1539 3830 Praesertim;
1561 3778 1726 3833 quum
1769 3773 1957 3823 extent
2061 3780 2147 3825 sto
2160 3769 2217 3825 P.
2234 3750 2612 3837 SEPTIMIUS,
2630 3772 2861 3845 Trajano
2875 3774 3455 3835 CaesareSEPTiMlUS
3470 3750 3659 3835 AGIVL

355 3852 413 3899 et
437 3843 767 3903 Marmorum
786 3857 841 3904 et
880 3850 1231 3909 Nummorum
1256 3854 1651 3927 inscriptiones,
1682 3858 1734 3913 in
1757 3858 1956 3928 quibus
2061 3862 2262 3921 DINUS
2292 3864 2352 3919 V’.
2382 3863 2466 3931 C.,
2498 3843 2893 3921 AGENSVPER
2922 3866 3279 3925 HISPANIAS
3307 3869 3368 3924 V.
3396 3869 3457 3926 C.
3494 3871 3556 3926 P.
3590 3870 3657 3927 Τ.

354 3934 441 3992 bis
468 3937 754 3996 Parthicus
780 3952 1137 4013 nuncupatur.
1169 3944 1348 4001 Altera
1375 3949 1501 4002 anni
1525 3964 1598 4005 ιι.
1628 3948 1867 4020 ejusdem
1900 3953 1954 4008 in
2062 3957 2440 4015 VICESACRA
2478 3958 2939 4028 COGNOSCENS,
2974 3964 3075 4017 sub
3105 3962 3281 4018 Marco
3318 3963 3449 4034 lmp.
3496 3963 3658 4019 SEP-

353 4030 503 4088 Arcu
528 4034 771 4102 Septimii
802 4035 986 4092 Roma:
1018 4055 1030 4091 :
1059 4037 1191 4093 IMP.
1219 4038 1390 4095 CIES.
1432 4040 1494 4096 L.
1527 4041 1723 4100 SEPT.
1784 4043 1855 4099 M.
1889 4042 1952 4102 Ρ.

350 4122 651 4183 SEVERO.
682 4128 814 4185 PIO.
869 4127 1072 4188 PERT.
1111 4130 1270 4188 AUG.
1308 4131 1366 4186 P.
1399 4131 1458 4185 P.
1492 4132 1694 4189 PART.
1738 4135 1947 4195 ARAB.

350 4214 559 4274 PART.
590 4220 812 4277 ADIAB.
844 4222 1042 4280 PONT.
1091 4225 1286 4283 MAXI.
1330 4227 1508 4283 TRIB.
1556 4228 1797 4285 POTES‘.
1855 4228 1961 4287 XI.’

348 4310 504 4369 COS.
535 4313 620 4369 III.
652 4315 931 4374 PROCOS.
982 4318 1068 4374 ET
1099 4319 1235 4375 IMP.
1269 4320 1443 4378 CES.
1493 4321 1560 4376 Μ.
1593 4322 1844 4379 AUREL.
1887 4322 1949 4379 L.

348 4402 411 4459 F.
443 4405 794 4465 ANTONINO
820 4410 979 4466 AUG.
1022 4410 1134 4467 PIO
1178 4411 1419 4468 FELICI.
1449 4413 1625 4469 TlllB.
1665 4413 1816 4471 POT.
1861 4415 1949 4470 VI.

2059 4050 2291 4109 TIMIUS
2319 4050 2654 4114 SEVERUS,
2687 4052 2787 4106 sub
2810 4051 3005 4121 lmper.
3031 4051 3173 4109 Vero
3193 4053 3257 4109 L.
3287 4054 3654 4113 SEPTIMIUS

2058 4146 2410 4212 SEVERUS,
2452 4146 2522 4202 M.
2580 4144 2875 4204 SEPTIMII
2934 4146 3145 4206 GETA?
3195 4148 3257 4206 F.
3310 4151 3654 4223 postmodum

2057 4237 2373 4309 Imperator,
2404 4240 2504 4294 sub
2532 4240 2648 4311 ipso
2674 4238 2767 4294 illo
2792 4240 2993 4296 Severo
3028 4241 3093 4297 D.
3123 4240 3466 4299 CLAUDIUS
3498 4243 3655 4300 SEP-

2056 4334 2287 4392 TIMIUS
2320 4334 2630 4402 ALBINUS,
2672 4350 2793 4389 cum
2822 4335 2936 4402 illo,
2960 4336 3034 4390 uti
3061 4336 3485 4405 supradixituus,
3506 4338 3648 4394 Caes.

2056 4429 2373 4503 appellatus,
2409 4430 2465 4486 P.
2499 4428 2857 4486 SEPTIMIUS
2893 4428 2960 4482 Μ.
2990 4428 3052 4483 F.
3084 4430 3267 4506 GETA
3302 4430 3441 4484 illius
3463 4429 3646 4496 frater,

348 4496 501 4556 COS-
560 4501 839 4560 PROCOS-
891 4504 950 4559 ι’.
1008 4505 1068 4559 P-
1125 4505 1395 4564 OPTIMIS
1456 4507 1986 4594 FORTISSIMISQ-f
2056 4496 2511 4594 Ql-SEPTIMIUS
2545 4520 2977 4578 PLAUTIANUS
3032 4501 3286 4575 Antonini
3339 4522 3432 4575 nm
3482 4520 3654 4589 ipsius

348 4592 801 4659 PRINCIP'BUS-
846 4596 1222 4655 INSIGNIBUS
1253 4598 1490 4656 EORUM
1536 4600 1952 4660 VIRTUTIBUS
1974 4593 2037 4661 Β
2055 4592 2227 4684 socer,
2257 4628 2310 4674 et
2341 4618 2558 4691 (mirum
2583 4617 2650 4672 de
2673 4616 2945 4670 Antonino
2970 4614 3087 4685 ejus
3113 4614 3222 4668 ﬁlio
3250 4613 3453 4683 majore
3498 4622 3647 4679 natu,

349 4686 519 4744 DOMI
557 4688 826 4759 FORISQ.
873 4689 931 4747 S.
987 4691 1049 4747 P.
1095 4692 1160 4760 Q.
1195 4693 1259 4749 ll.
1308 4694 1451 4749 Anni
1500 4711 1589 4751 xv.
1631 4697 1796 4752 altera
1832 4714 1844 4750 :
1882 4695 1947 4755 L.

2051 4712 2194 4787 quod
2252 4709 2547 4768 SEPTIMII
2608 4707 3022 4782 appellationem
3083 4703 3535 4777 prtelermiscrit.)
3582 4705 3646 4762 P.

350 4781 504 4838 SEP.
534 4782 688 4841 sev.
730 4784 889 4843 AUG.
921 4785 1059 4841 IMP.
1090 4786 1207 4841 xu.
1242 4787 1444 4844 PART.
1494 4788 1699 4845 ARAB.
1741 4790 1945 4845 PART.
2051 4781 2412 4862 S'Epmuus
2445 4781 2693 4858 suam
2742 4798 2906 4856 AUG.
2949 4796 3011 4852 F.
3067 4796 3252 4853 GETA
3305 4796 3439 4853 1MP.
3468 4798 3643 4858 oms.

350 4878 584 4934 ADIAB.
612 4880 726 4935 AA.
759 4877 829 4936 Χ.
864 4880 1263 4938 PROFECTIO.
1304 4881 1469 4940 AUG.
1502 4894 1759 4956 quantum
1785 4900 1951 4956 appa-

2051 4896 2216 4954 AUG.
2255 4897 2331 4952 De
2368 4910 2592 4966 quorum
2619 4902 2779 4963 gente
2825 4906 2893 4944 an
2933 4889 3110 4957 fuerit,
3152 4891 3312 4946 etiam
3352 4891 3466 4971 ipse
3517 4894 3648 4950 Afer

350 4982 457 5037 Tel.
489 4972 544 5027 in
568 4972 912 5028 Brilanniam.
936 4974 1169 5044 Quarum
1189 4977 1351 5047 priori
1378 4978 1573 5048 partim
1599 4979 1760 5034 etiam
1786 4978 1952 5050 expli-
2052 4992 2274 5048 Auctor-
2308 4997 2491 5045 noster
2520 5000 2626 5041 non
2682 4984 2754 5039 ita
2798 4991 3039 5051 constat,
3090 4983 3206 5054 ipse
3264 4984 3480 5043 interim
3544 4988 3645 5043 sibi

349 5073 506 5119 catur
554 5064 683 5120 illud
714 5083 728 5120 :
762 5075 883 5137 quot
913 5068 1089 5137 pepuli
1135 5072 1441 5141 repugnati!
1468 5071 1942 5139 Quemadmodum
2054 5085 2185 5156 ipse,
2221 5082 2314 5138 lib.
2371 5081 2440 5137 de
2493 5079 2601 5135 vel.
2628 5066 2799 5151 Virg“
2854 5091 2974 5148 cap.
3033 5078 3153 5144 ult.,
3181 5095 3330 5134 num.
3392 5079 3518 5145 MO,
3561 5080 3646 5135 Itis

352 5166 407 5211 et
437 5156 571 5212 illud
599 5175 613 5210 :
641 5167 763 5228 quot
786 5158 987 5214 ordines
1010 5159 1260 5216 illustratt'
1285 5162 1306 5215 !
1332 5161 1400 5218 de
1426 5161 1949 5236 Ordinibusmempe

2073 5177 2230 5236 rerbis
2286 5175 2340 5233 id
2386 5173 2617 5230 nominis
2662 5173 2904 5230 tribuit:
2941 5171 3061 5229 Pax
3086 5184 3133 5228 et
3153 5176 3319 5245 gratia
3344 5189 3375 5225 a
3419 5170 3645 5226 Domino

348 5265 450 5307 seu
470 5250 795 5325 Legionibus
810 5251 1144 5317 Miiitaribus,
1172 5270 1266 5326 per
1286 5255 1661 5326 inscriptiones
1679 5272 1945 5316 annorum
2052 5280 2225 5326 nomo
2261 5266 2388 5323 ,Ιεειι
2425 5266 2693 5337 “danda,
2719 5284 2834 5321 cum
2869 5265 3191 5324 SEmew
3224 5262 3645 5322 TERTULLlA-

312 5410 321 5417 φ
349 5341 514 5401 Seve.
544 5361 601 5405 ιι.
637 5360 714 5400 ιιι.
756 5360 820 5400 ac
863 5361 933 5402 tv.
982 5345 1113 5402 istas
1146 5365 1158 5401 :
1186 5346 1325 5403 IMP.
1358 5346 1534 5404 (ΗΕΒ.
1563 5350 1625 5406 L.
1663 5350 1815 5407 SEV.
1838 5361 1944 5410 etc.

350 5438 530 5496 TRIB.
579 5440 729 5498 POT.
757 5441 823 5499 II.
850 5441 985 5500 I.\IP.
1015 5443 1102 5499 IV.
1134 5443 1301 5507 COS.,
1339 5443 1405 5501 II.
1438 5444 1720 5508 PROCOS.
1765 5447 1826 5505 P.
1882 5448 1943 5503 P.

2049 5364 2161 5432 NO,
2194 5366 2338 5437 cujus
2385 5364 2480 5419 hoc
2523 5361 2827 5433 opusculum
2879 5371 2950 5417 est
2974 5376 2993 5426 ;
3036 5362 3180 5426 hinc,
3198 5369 3252 5416 et
3281 5374 3311 5413 a
3365 5357 3643 5413 Lactantio

2049 5460 2223 5519 Iustil.
2249 5458 2415 5515 divin.
2444 5456 2482 5511 l.
2511 5455 2564 5511 5.
2593 5469 2645 5509 c.
2693 5454 2746 5509 1.
2775 5460 2831 5509 et
2871 5468 2901 5506 a
2944 5452 3004 5506 Β.
3037 5451 3255 5505 llieron.
3297 5449 3422 5506 188.
3466 5448 3643 5522 Epist.

345 5530 495 5589 Ordo
530 5534 723 5594 CLUS.
769 5546 824 5592 et
853 5555 865 5591 :
888 5536 1071 5596 VIRG.
1098 5538 1281 5594 DIAN.
1305 5538 1500 5598 SACR.
1525 5541 1658 5599 PRO
1677 5542 1948 5605 SALUTE
2049 5557 2116 5615 ad
2144 5555 2436 5620 Fabiolam,
2462 5548 2818 5609 SEPTIMIUS
2844 5544 3371 5604 TERTULLIANUS
3400 5544 3643 5614 appella-

346 5624 484 5681 IMP.
516 5627 578 5682 L.
611 5628 803 5684 SEPT.
828 5629 983 5686 SEV.
1022 5641 1127 5688 clc.
1178 5633 1358 5691 TRIB.
1392 5635 1543 5691 POT.
1572 5635 1657 5692 III.
1704 5637 1841 5695 IMP.
1874 5639 1939 5696 Υ.

343 5716 490 5772 Ordo
515 5718 709 5778 CLUS.
752 5738 814 5778 ac
845 5740 858 5779 :
899 5722 1035 5780 IMP.
1064 5724 1242 5784 CASS.
1282 5736 1387 5785 etc.
1424 5727 1562 5785 IMP.
1602 5729 1738 5786 VIII.
1763 5730 1942 5790 TRIB.

2054 5658 2140 5704 tur
2168 5667 2182 5717 ;
2213 5646 2408 5718 quibus
2435 5645 2596 5700 etiam
2639 5638 2982 5696 consentiunt
3023 5636 3382 5703 Tritltemius,
3416 5635 3639 5692 Politia-

2052 5755 2196 5805 nus,
2244 5746 2300 5793 ct
2348 5736 2455 5792 MS.
2500 5732 2789 5804 cxcusique
2832 5729 3100 5787 hactenus
3162 5728 3374 5786 codices
3426 5744 3635 5786 omnes.

344 5807 616 5876 POTJY.
660 5813 821 5883 LE6.
862 5816 975 5885 γιι.
1012 5818 1210 5915 ςιυε.
1257 5821 1547 5892 Historiam
1591 5825 1945 5914 nihilominus

2073 5828 2436 5898 FLORENTIS
2489 5841 2784 5900 cognomen
2809 5864 2827 5898 ,
2868 5822 3122 5888 familiam
3184 5821 3400 5897 quidem
3439 5834 3645 5890 certam

1966 6035 2015 6045 ..-
