4238 6262
524 352 595 430 4.7
698 413 701 417 «
1321 412 1325 415 τ
1830 344 2115 407 manu

2224 338 2289 399 Nl
2334 336 2510 395 VITA.
2598 338 2601 341 ’
3773 326 3857 389 48'

521 480 702 553 gentis
749 476 1022 550 Septimis:
1074 471 1357 546 signiﬁcat,
1403 470 1500 530 sed
1541 485 1662 544 qum
1694 468 1834 541 apud
1854 467 2134 523 Romanos
2161 463 2215 521 A
2240 455 2488 553 Vadiatli.
2523 453 2643 553 alii
2670 451 2726 509 in
2749 448 3278 553 Cltarta_Palestin:e
3309 447 3549 553 patriam.
3575 446 3664 553 illi
3705 447 3845 503 assi-

526 572 625 628 t‘uit
655 571 958 642 incognita;
1001 564 1309 623 attribuitur
1333 574 1511 621 tamen
1532 562 1738 621 auctori
1762 575 1868 617 non
1890 559 2052 616 modo
2074 557 2127 615 in

527 663 762 732 excusis,
791 660 885 718 sed
909 669 963 716 et
991 657 1101 715 MS.
1133 657 1255 714 eod.
1280 671 1343 712 ac
1363 655 1475 727 jam
1510 654 1641 711 olim
1681 669 1713 709 a
1739 651 2047 710 Trithemio
2072 659 2128 707 et

524 755 810 813 Politiano.
858 749 1319 810 TERTULLIANI
1367 751 1586 808 nomine
1625 758 1821 821 praeter
1862 748 2004 804 alios
2037 745 2130 817 qui

522 847 665 904 illius
694 846 1021 903 mentionem
1051 844 1254 901 faciunt
1281 843 1577 916 scriptores
1593 856 1804 907 omnes,
1833 855 1937 897 non
1966 839 2127 896 modo

526 937 710 995 verbis
732 937 846 1008 jam
874 936 1073 1003 citatis,
1102 937 1199 993 sed
1228 937 1388 992 etiam
1419 936 1568 991 hisce
1596 934 1833 1005 seipsuni
1864 932 2124 1003 appellat,

521 1029 747 1088 Tantum
770 1047 860 1086 oro
903 1039 978 1096 ut,
1024 1047 1179 1102 quam
1218 1030 1420 1101 petitis,
1465 1029 1618 1083 etiam
1660 1024 2128 1084 TERTULLIANI

524 1124 803 1195 peccatoris
831 1122 1183 1191 memineritis,
1203 1131 1278 1187 et,
1309 1120 1567 1176 Memento
1601 1121 1652 1174 in
1680 1119 1997 1174 orationibus
2026 1118 2127 1172 tuis

524 1215 991 1274 TERTULLIANI
1033 1217 1102 1270 ad
1159 1216 1266 1271 ha'c
1324 1215 1659 1271 exhortantis.
1710 1212 1864 1281 Quod
1916 1210 2128 1267 videtur

521 1306 886 1365 derivatitium
915 1324 946 1363 a
968 1306 1234 1377 Tertullo,
1258 1307 1418 1362 sicuti
1443 1303 1720 1362 Octaviani
1775 1304 1843 1359 ab
1881 1303 2124 1371 Octavio,

522 1413 580 1462 et
607 1405 851 1478 Septimii
880 1419 911 1459 a
939 1402 1223 1475 Septimio,
1257 1409 1313 1458 et
1330 1401 1553 1471 stirpem
1581 1399 1882 1470 signiﬁcare
1911 1396 2127 1453 familia:

533 1495 866 1556 Florentum.
909 1496 987 1552 De
1005 1509 1110 1566 qua
1137 1493 1378 1550 fortassis
1407 1503 1490 1547 est
1528 1507 1650 1562 qua:
1697 1498 1852 1546 extat
1889 1489 2127 1546 Montuui

525 1589 595 1645 ad
622 1588 679 1646 S.
713 1586 1038 1650 Mauritium,
1065 1600 1127 1641 ac
1155 1568 1438 1641 Mediolani
1473 1569 1539 1638 ad
1579 1582 1637 1636 S.
1668 1579 1940 1637 Victorem
1970 1590 2123 1651 porta

523 1678 852 1737 Vercelleusi
885 1679 997 1734 haec
1040 1676 1319 1747 inscriptio
1366 1675 1476 1732 :C.
1521 1672 1912 1732 SARTORIUS
1963 1671 2027 1726 L.
2062 1670 2127 1727 F.

520 1769 683 1832 (ΝΡ.
743 1766 1276 1827 TEllTULLlANUS
1334 1765 1753 1822 VETERANUS
1810 1762 1969 1820 LEG.
2031 1762 2124 1821 Xl.

2230 559 2363 623 gnat
2394 546 2739 618 Municipium
2790 545 3061 618 quoddam
3108 545 3262 617 juxta
3303 545 3438 601 Aras
3491 540 3842 601 Pliilenorum

2229 770 2238 775 '
2305 757 2361 811 8.
2439 754 2600 826 Atqui
2651 752 3020 812 Temenum:
3068 751 3240 825 qualis
3300 751 3422 807 felix
3468 748 3629 807 fuerit
3685 747 3841 807 insti-

2234 848 2388 914 tutio,
2434 847 2580 903 Libri
2607 846 2722 917 ejus
2748 845 3004 902 adversus
3030 844 3232 902 Gentes
3272 852 3569 909 testantur,
3599 844 3688 916 qui
3739 842 3837 915 (Β.

2233 937 2460 997 Hieran.
2489 949 2624 996 teste
2647 938 2817 1011 Epist.
2843 938 2909 993 ad
2933 937 3201 1010 Magnum)
3235 946 3480 992 cunctam
3509 936 3677 993 seculi
3703 950 3839 991 con-

2234 1031 2409 1088 tinent
2433 1031 2796 1102 disciplinam,
2822 1046 2854 1086 e
2878 1031 3073 1101 quibus
3102 1030 3186 1085 vel
3214 1029 3344 1085 solis
3384 1037 3600 1084 constat
3643 1042 3835 1084 omnes

2233 1123 2382 1180 illum
2413 1127 2676 1181 Auctores
2706 1123 2995 1190 evolvisse,
3036 1122 3351 1187 llistoricos,
3383 1120 3597 1187 Poetas,
3640 1118 3836 1177 Gram-

2234 1215 2586 1283 maticos;de
2611 1215 3003 1272 Jureconsultis
3034 1229 3163 1271 vero
3208 1228 3295 1270 res
3337 1213 3515 1268 notior
3552 1222 3635 1269 est
3674 1228 3835 1283 quam

2232 1321 2291 1367 ut
2323 1311 2636 1381 probatione
2658 1311 2730 1365 sit
2754 1324 2910 1378 opus,
2932 1308 2999 1363 de
3022 1307 3242 1363 Medicis
3260 1316 3313 1362 et
3337 1305 3676 1377 Philosopbis
3698 1304 3839 1373 idip-

2230 1416 2350 1458 sum
2376 1418 2444 1458 ex
2469 1402 2606 1458 libro
2626 1401 2695 1457 de
2720 1402 2911 1456 Anima
2938 1400 3193 1472 colligere
3213 1407 3315 1455 est.
3340 1400 3581 1467 Quorum
3596 1399 3835 1455 omnium

2232 1492 2542 1565 Catalogum
2573 1493 2628 1549 in
2656 1507 2781 1550 suas
2813 1493 3013 1548 classes
3055 1489 3403 1546 distributum
3436 1490 3668 1560 reperiet
3693 1487 3833 1546 Lec-

2186 1563 2191 1567 h
2236 1594 2321 1661 tor
2341 1563 2480 1641 inter
2506 1583 2715 1640 Indices
2744 1593 3118 1651 nostros,-tam
3153 1581 3463 1653 Graecorum
3497 1596 3655 1651 quam
3684 1579 3832 1636 Lati-

2233 1695 2452 1738 norum.
2478 1680 2615 1736 Hinc
2636 1694 2667 1733 a
2696 1676 2975 1734 Lactantio
3000 1676 3196 1732 dicitur
3216 1676 3267 1731 in
3298 1676 3441 1731 omni
3466 1689 3666 1746 genere
3686 1673 3830 1730 litte-

2235 1788 2416 1830 rarum
2440 1772 2672 1843 peritus,
2700 1772 2770 1826 ab
2799 1769 3034 1827 Eusebio
3065 1769 3242 1840 legum
3270 1777 3326 1824 et
3358 1781 3538 1824 rerum
3566 1765 3837 1823 Romana-

524 1862 853 1923 CURATOR
892 1862 1130 1919 CIVIUM
1179 1859 1610 1918 ROMANORUM
1673 1858 2122 1926 MOGUNTIACI,
2154 1854 2203 1915 B
2231 1881 2350 1922 rum
2383 1862 2786 1935 peritiaclarus,
2811 1877 2841 1916 a
2874 1861 2939 1916 Β.
2967 1861 3114 1917 llier.
3146 1860 3286 1915 acris
3307 1870 3360 1916 et
3392 1859 3727 1916 vehementis
3755 1859 3836 1916 in-

520 1971 622 2013 seu
645 1953 1126 2012 MUNGOTIARII.
1176 1954 1298 2009 .lloc
1328 1953 1521 2033 saltem
1550 1961 1762 2009 constat
1804 1966 1871 2008 ex
1906 1950 2123 2007 Eusebii

523 2048 793 2106 Chronico
819 2048 953 2105 etB.
980 2049 1199 2105 llieron.
1216 2047 1337 2104 Cat.
1360 2046 1694 2119 Scriptorum
1721 2046 1932 2103 Eccles.
1957 2046 2125 2102 TER-

519 2140 926 2199 TULLIANULI
989 2150 1235 2196 nostrum
1310 2141 1501 2197 Afrum
1555 2139 1725 2196 fuisse
1788 2139 2122 2196 centurionis

521 2231 924 2290 Proconsularis
970 2232 1171 2297 ﬁlium;
1227 2231 1371 2303 quod
1399 2231 1559 2288 etiam
1614 2229 1884 2287 aflirmant
1918 2230 1980 2287 Β.
2019 2229 2119 2288 lsi-

515 2325 702 2394 dorus,
734 2324 870 2383 Ven.
915 2323 1097 2391 Beda,
1134 2322 1510 2396 Nicephorus,
1555 2322 1892 2394 Frcculphus
1938 2321 2118 2379 Lexo-

518 2418 720 2479 viensis
738 2460 756 2487 ,
785 2417 1051 2476 Marianos
1077 2416 1298 2486 Scottis,
1346 2416 1485 2483 Ade,
1517 2426 1570 2474 et
1602 2414 1912 2475 Vincentius
1934 2414 2119 2473 Bello-

464 2571 467 2575 _
516 2511 780 2568 vaccas-is.
1114 2558 1115 2561 η

591 2603 621 2677 §
659 2602 752 2660 IV.
814 2600 979 2676 Cujus
1045 2603 1229 2676 fuerit,
1274 2601 1499 2675 qualisve
1533 2602 1644 2674 ejus
1696 2599 1949 2672 institutio
1974 2640 1991 2668 ,
2030 2600 2119 2656 lit-

515 2705 739 2755 terarum
766 2697 949 2769 peritia
972 2712 1036 2752 ac
1063 2696 1432 2753 scientiarum?
1466 2695 1607 2751 —7.
1632 2693 1865 2750 Patriam
1887 2692 2113 2750 Cartha-

514 2789 695 2864 ginem
721 2790 921 2848 indicat
943 2805 1210 2863 agnomen
1231 2788 1885 2848 CARTllAGlNlENSlS:
1909 2789 1963 2844 in
2009 2801 2117 2859 quo

519 2885 683 2942 etiam
702 2884 778 2943 illi
797 2884 1161 2951 consentiunt,
1183 2899 1349 2956 quum
1371 2883 1557 2940 dicunt
1590 2882 1872 2938 Provinciis
1901 2881 2113 2952 Africae,

516 2977 745 3036 Civitatis
763 2976 1221 3050 Carthaginiensis,
1249 2976 1408 3034 sicuti
1437 2985 1491 3033 et
1521 2974 1835 3046 B.‘Optatus
1858 2973 2117 3030 Milevita-

515 3086 617 3128 nus
636 3071 731 3128 lib.
754 3084 793 3126 ι.
821 3069 944 3127 adv.
969 3068 1404 3132 Parmenianum,
1429 3076 1484 3125 et
1500 3067 1815 3124 nominatim
1842 3065 2117 3135 Nicepho-

515 3177 629 3231 rus,
651 3162 819 3234 quum
839 3158 1166 3232 Carthagine
1195 3159 1248 3215 in
1280 3158 1460 3215 Africa
1484 3169 1665 3215 ortum
1694 3158 1902 3214 scribit.
1929 3155 2113 3224 Quid?

2228 1955 2371 2028 genii
2391 1956 2471 2011 vir
2490 1970 2600 2026 quo
2624 1953 3055 2019 nihileruditius,
3086 1951 3218 2007 nihil
3240 1952 3463 2014 acutius,
3498 1966 3526 2005 a
3556 1949 3619 2005 Β.
3651 1952 3834 2022 Augu-

2228 2047 2374 2103 stino
2402 2045 2812 2110 disertissimus,
2835 2044 2927 2116 qui
2958 2044 3142 2102 buccis
3168 2042 3486 2099 sonantibus
3529 2042 3832 2098 orationem

2228 2148 2563 2213 inﬂaverit.a
2589 2144 2894 2217 Nicephoro
2921 2142 3224 2215 eloquentia
3270 2140 3561 2198 admodum
3599 2140 3827 2211 pollens,

2227 2244 2368 2301 acris
2383 2253 2439 2299 et
2458 2241 2773 2312 ingeniosus
2796 2237 3108 2293 admodum.
3131 2234 3263 2305 Qua:
3284 2234 3463 2290 omnia
3482 2233 3643 2289 latius
3661 2232 3831 2287 multo

2225 2334 2569 2405 prosequitur
2587 2327 3240 2389 VincentiusLirinensis:
3262 2344 3280 2378 t
3314 2325 3413 2382 llic
3441 2322 3654 2395 (inquit)
3683 2322 3828 2395 apud

2222 2425 2445 2483 Latinos
2460 2433 2769 2481 nostrorum
2788 2421 3030 2478 omnium
3050 2418 3206 2475 facile
3224 2414 3824 2489 princepsjudicandus.

2222 2521 2360 2590 Quid
2387 2520 2531 2576 enim
2556 2518 2659 2574 hoc
2681 2519 2795 2572 viro
2817 2514 3066 2571 doctius?
3097 2512 3222 2584 quid
3245 2512 3298 2566 in
3325 2510 3521 2565 divinis
3540 2519 3698 2580 atque
3719 2507 3825 2563 hu-

2220 2612 2398 2669 manis
2411 2611 2573 2668 rebus
2583 2606 2950 2666 exercitatius?
2961 2605 3165 2676 Nempe
3176 2618 3390 2660 omnem
3408 2599 3828 2674 Philosophiam,

2221 2712 2277 2760 et
2297 2713 2516 2759 cunctas
2547 2701 2989 2774 philosomiorum
3012 2708 3209 2763 sectas,
3235 2705 3483 2752 auctores
3498 2704 3824 2752 assertores-

2219 2812 2325 2868 que
2366 2792 2978 2863 sectarum,omnesque
3012 2806 3197 2847 eorum
3240 2788 3575 2859 disciplinas,
3611 2801 3826 2842 omnem

2220 2888 2568 2944 historiarum
2611 2894 2665 2943 et
2712 2880 3012 2941 studiorum
3058 2883 3370 2948 varietatem
3417 2884 3551 2936 mira
3591 2879 3823 2952 quadam

2219 2982 2417 3039 mentis
2446 2981 2743 3054 capacitate
2783 2979 3101 3050 complexus
3134 2976 3471 3047 est.lngenio
3492 2990 3620 3031 vero
3640 2990 3821 3031 nonne

2220 3084 2329 3132 tam
2352 3075 2502 3147 gravi
2529 3084 2584 3132 et
2604 3073 2912 3131 vehementi
2932 3072 3202 3136 excelluit,
3220 3072 3296 3126 uti
3323 3069 3454 3125 nihil
3478 3070 3577 3125 sibi
3598 3068 3733 3141 pene
3748 3068 3815 3124 ad
3834 3138 3835 3141 η

2217 3169 2633 3241 expugnandum
2680 3167 3061 3240 proposuerit,
3097 3163 3242 3234 quod
3286 3177 3394 3217 non
3436 3171 3529 3215 aut
3573 3160 3821 3216 acumine

513 3253 656 3326 quod
681 3254 796 3324 ipse
814 3253 1020 3310 Auctor
1041 3252 1094 3308 id
1147 3251 1280 3308 satis
1314 3249 1597 3322 superque
1648 3248 1846 3307 indicet
1896 3249 1980 3322 (l)
2026 3249 2107 3304 in-

2221 3263 2501 3334 irruperit,
2534 3271 2629 3316 aut
2673 3260 2912 3331 pondere
2943 3255 3327 3314 illiseritilam
3360 3270 3523 3326 porro
3559 3253 3820 3309 orationis

512 3347 608 3404 itio
664 3345 812 3404 Libri
857 3345 928 3402 de
999 3344 1168 3402 Pallio
1212 3335 1233 3401 Ξ
1280 3342 1550 3415 Principes
1596 3342 1870 3417 (inquit)
1916 3358 2116 3415 semper

513 3439 722 3515 Africae,
770 3441 867 3496 uiri
920 3439 1377 3511 Carthaginienses
1425 3447 1667 3496 vetustate
1710 3437 1922 3509 nobiles,
1966 3437 2111 3495 novi-

510 3544 613 3591 tate
656 3534 898 3607 felices...
939 3531 1132 3589 Tamen
1169 3542 1217 3587 et
1262 3532 1401 3589 vobis
1439 3532 1638 3588 habitus
1695 3532 1846 3588 aliter
1887 3532 2116 3588 olim....

518 3625 668 3684 Vobis
690 3640 805 3682 vero
832 3634 944 3696 post
979 3625 1186 3697 injuria:
1205 3624 1598 3693 beneﬁcium...,
1631 3635 1743 3694 post
1764 3622 1985 3680 Gracchi
2016 3625 2112 3680 ob-

509 3734 678 3795 sctena
716 3718 965 3774 uotiua...
990 3757 1006 3782 ,
1048 3727 1157 3787 post
1196 3715 1356 3770 trinas
1388 3713 1626 3786 Pompeii
1664 3731 1807 3783 aras,
1846 3724 1894 3769 et
1932 3715 2113 3786 longas

510 3811 728 3868 Cesaris
763 3826 934 3864 moras
966 3808 1092 3864 :ubi
1132 3808 1316 3863 intenia
1346 3807 1588 3863 Statilius
1613 3805 1812 3862 Taurus
1849 3807 2111 3877 imposuit,

509 3904 756 3962 solemnia
794 3902 1000 3959 Sentius
1027 3900 1337 3959 Saturninus
1374 3902 1649 3969 enarravit,
1670 3918 1822 3973 guunt
1842 3901 2115 3958 concordia

501 4000 673 4070 juvat,
698 3995 840 4069 Toga
863 3996 1034 4053 oblata
1056 4004 1198 4052 est...
1236 3993 1465 4051 Pallium
1485 4005 1652 4052 tamen
1678 3997 1983 4066 generaliter
2006 4013 2114 4051 ves-

508 4101 643 4149 tram
666 4131 684 4159 ,
735 4090 1053 4145 immemores
1104 4086 1254 4142 etiam
1282 4129 1297 4155 ,
1350 4089 1623 4144 denotatis.
1672 4085 1923 4159 Equidem
1975 4088 2115 4142 Itautl

511 4182 669 4237 miror
706 4197 814 4253 prie
851 4182 1152 4236 docmnento
1188 4180 1463 4251 superiore.
1500 4177 1641 4234 Nunt
1678 4190 1726 4234 et
1766 4180 1985 4235 Arietem
2021 4181 2115 4255 illa

511 4272 698 4329 dicitur
722 4270 1004 4345 Carthago,
1024 4271 1208 4327 studiis
1237 4272 1520 4343 asperrima
1544 4271 1682 4339 belli,
1700 4272 1867 4341 prima
1884 4273 2109 4327 onmiuut

510 4382 756 4422 armasse.
793 4365 963 4433 Quum
999 4374 1166 4420 tamen
1206 4364 1496 4418 ultimm-ent
1528 4374 1758 4431 tempora
1803 4364 1983 4435 patrita
2020 4365 2107 4436 (en

513 4459 732 4527 patriam
760 4453 1118 4527 Carthaginem
1140 4454 1327 4526 .vocnt)
1355 4466 1399 4509 ct
1426 4456 1571 4510 Aries
1608 4457 1722 4527 jam
1757 4455 2019 4511 Romanus
2056 4458 2110 4511 in

514 4564 689 4627 muros
724 4547 983 4617 quondam
1019 4563 1139 4602 suos
1177 4546 1410 4611 auderet,
1449 4556 1690 4617 stupuere
1725 4547 1863 4601 illico
1902 4533 2112 4601 Cartha?

2218 3369 2332 3411 sua:
2388 3354 2578 3410 laudes
2611 3353 2731 3424 quis
2756 3350 2948 3422 exequi
2994 3348 3209 3405 valeat?
3252 3347 3383 3417 Quin
3439 3355 3585 3402 tanta
3627 3346 3814 3401 nescio

2217 3462 2321 3519 qua
2378 3447 2643 3502 rationum
2674 3444 2938 3500 densitate
2967 3450 3217 3498 conserta
3242 3450 3347 3505 est,
3380 3448 3440 3495 ut
3468 3438 3555 3493 ‘ad
3585 3452 3819 3493 consen-

2217 3554 2339 3596 sum
2369 3540 2474 3605 sui,
2512 3551 2646 3609 quos
2677 3535 2906 3592 suadere
2944 3550 3051 3590 non
3098 3533 3352 3606 potuerit,
3380 3532 3638 3602 impellat,
3667 3530 3819 3602 cujus

2217 3644 2348 3706 quot
2376 3650 2512 3705 pene
2533 3633 2718 3700 verba,
2747 3640 2827 3687 tot
2844 3628 3131 3691 sententiae
3152 3635 3299 3692 sunt,
3336 3635 3468 3697 quot
3502 3640 3713 3692 sensus,
3741 3631 3819 3679 tot

2217 3728 2479 3782 victoriae.
2494 3745 2512 3778 ›
2534 3722 2846 3793 Quanquam
2871 3721 3084 3775 interim
3105 3719 3437 3789 experientia
3456 3717 3566 3788 ipsa
3586 3714 3814 3770 convicti

2219 3820 2482 3877 fateamur
2511 3831 2735 3873 necesse
2758 3815 2850 3878 sit,
2878 3811 3023 3884 quod
3053 3811 3120 3867 de
3147 3826 3213 3867 eo
3255 3810 3442 3865 scribit
3485 3808 3815 3873 Lactantius,

2224 3928 2410 3989 parum
2439 3925 2560 3966 esse
2589 3908 2824 3973 facilem,
2865 3909 3041 3961 minus
3058 3913 3356 3974 comptum,
3383 3913 3435 3958 et
3465 3901 3689 3957 multum
3719 3899 3817 3956 ob-

2218 4018 2458 4070 scurum,
2490 4012 2545 4057 et
2562 4002 2713 4072 juxta
2735 3999 2798 4055 Β.
2820 3997 3225 4069 Hieronymum,
3249 3994 3495 4050 crebrum
3521 3994 3737 4064 quidem
3760 3991 3813 4047 in

2218 4095 2525 4162 sententiis,
2560 4094 2654 4149 sed
2682 4092 2955 4149 difficilem
2983 4093 3034 4147 in
3054 4089 3377 4162 eloquendo,
3402 4098 3457 4143 ut
3487 4104 3593 4143 non
3621 4089 3813 4143 mirum

2218 4190 2308 4255 sit,
2330 4189 2526 4262 stylum
2558 4185 2674 4258 ejus
2704 4196 2759 4244 et
2785 4186 3013 4241 aliorum
3044 4185 3205 4240 etiam
3246 4181 3497 4237 Afrorum
3527 4180 3682 4236 facile
3713 4195 3811 4251 po-

2215 4282 2385 4336 tuisse
2421 4280 2659 4335 discerni
2687 4294 2718 4335 a
2750 4278 3049 4349 Nepotiane
3093 4276 3190 4346 (uti
3221 4275 3273 4330 in
3294 4274 3413 4330 Vita
3441 4275 3559 4344 ejus
3592 4282 3813 4329 testatur

2214 4373 2357 4429 idem
2381 4372 2442 4427 B.
2464 4368 2868 4442 Hieronymus),
2898 4367 3100 4423 Minutii
3128 4366 3320 4421 Felicis
3345 4364 3486 4432 dico,
3507 4364 3566 4419 Β.
3592 4364 3814 4436 Cypria-

2214 4463 2307 4530 ni,
2337 4462 2598 4529 Arnnbii,
2650 4459 2935 4524 Lactantii,
2979 4457 3258 4513 Victorini.
3300 4455 3654 4513 Obscuritatis
3685 4471 3811 4513 vero

2214 4555 2338 4627 styli
2370 4552 2695 4626 praecipuam
2723 4565 2937 4607 causam
2966 4548 3242 4605 annotavit
3264 4547 3457 4603 alicubi
3494 4546 3807 4614 Rhenanus,

512 4640 763 4719 ginienses
800 4649 856 4694 ut
894 4655 1076 4694 novum
1115 4649 1407 4709 exlrantgttm
1438 4638 1719 4725 ingenium.
1764 4635 1985 4692 Tanlttm
2015 4639 2109 4693 (ιιινὶ
2134 4614 2189 4675 D
2216 4614 2356 4718 quod
2370 4614 2452 4702 ὀι
2483 4614 2793 4701 CII-meorum
2821 4646 3112 4699 Auctorum
3155 4640 3369 4698 assidua
3401 4641 3635 4698 lectione
3675 4640 3810 4697 adeo

515 4731 791 4805 longinqua
828 4734 957 4788 valet
996 4742 1190 4787 nmtare
1227 4741 1466 4787 vetustas.
1511 4731 1603 4787 Sic
1627 4732 1843 4801 denique
1867 4748 1957 4786 nec
1981 4730 2108 4788 Pal-

514 4822 640 4877 lium
678 4824 989 4894 agnoscitur.
1032 4823 1157 4879 llaec
1188 4822 1345 4894 paulo
1383 4822 1662 4894 prolixius,
1692 4823 1761 4878 ob
1798 4824 2103 4894 opinionem

568 5046 646 5111 (l)
677 5044 943 5111 Scripsisse
968 5044 1163 5111 videtur
1186 5046 1799 5111 Eusebius'l‘ertullianum
1831 5048 1982 5100 fuisse
2004 5047 2106 5100 Ro-

510 5107 707 5160 manum
732 5107 1048 5169 etnobilem,
1078 5109 1208 5159 Hist.
1233 5109 1364 5161 Eccl.
1384 5110 1472 5161 lib.
1500 5118 1551 5167 tt,
1576 5124 1682 5174 cap.
1708 5112 1755 5160 9..
1780 5127 1908 5163 Ταῦτα.
1927 5127 2102 5177 Timui.

506 5184 630 5248 ama,
651 5185 737 5230 τοὺς
759 5185 939 5248 Mylan;
962 5183 1448 5248 “pui‘i3plft‘l‘és:
1478 5198 1521 5248 rs
1665 5181 1815 5248 ινδόεοὲ
1827 5214 1839 5231 .
1868 5188 1933 5225 καὶ
1948 5194 2017 5225 τῶν
2033 5190 2102 5237 μά-

504 5245 618 5297 ὶωστα
647 5248 711 5297 tat
728 5249 852 5294 me“
874 5246 1056 5297 λαμπρῶν.
1081 5233 1218 5294 Queri
1243 5236 1391 5297 tradit
1406 5233 1762 5284 'l‘ertullianum
1780 5236 1964 5285 Roman
1981 5233 2103 5287 trum

503 5293 672 5359 legum
690 5293 839 5359 fuisse
858 5293 1088 5358 peritum.
1105 5293 1339 5359 quosdam
1363 5297 1421 5345 ad
1437 5297 1736 5346 credendum
1762 5298 1970 5356 induxit,
1990 5313 2105 5350 eum

506 5358 758 5429 auctorem
781 5358 931 5429 fuisse
954 5358 1379 5429 iurisconsultum,
1394 5428 1399 5429 γ
1416 5365 1470 5408 et
1499 5372 1684 5429 revera
1693 5361 1894 5429 quidam
1919 5368 1999 5411 est
2016 5361 2106 5412 Ju-

504 5418 830 5491 riseonsultus
850 5422 1070 5482 ejusdem
1094 5423 1334 5491 nomini};
1360 5418 1622 5491 etcurru-at
1643 5418 1788 5491 alium
1826 5436 1939 5472 esse
1960 5435 1987 5491 ξι
2013 5437 2103 5475 no-

502 5480 948 5547 stro_'l‘ertttl_liano,
969 5496 1061 5533 nec
1085 5484 1230 5535 tradit
1254 5480 1484 5534 Eusebius
1502 5483 1658 5547 fuisse
1675 5484 2101 5547 Jurisoonsultum,

499 5543 589 5611 sed
612 5542 1119 5611 legttm‘llornanaruin
1137 5547 1365 5611 peritum.
1380 5544 1518 5611 Quod
1541 5548 1602 5611 de
1629 5547 1735 5611 ejus
1756 5546 1917 5611 Patria
1940 5554 1993 5598 et
2014 5542 2103 5599 no;

497 5603 690 5680 ἒιιιιεειζὲ
724 5607 912 5680 subjicit
937 5603 1184 5680 Eusebius,
1208 5603 1416 5680 defendi
1449 5609 1636 5680 nequit.
1656 5603 1831 5680 ininde
1870 5609 2103 5662 Romanis

502 5666 835 5739 Scriptorib’n}
872 5671 1122 5739 capiatur)
1145 5666 1221 5739 Aet
1245 5683 1421 5719 sensus
1450 5666 1912 5739 sit.,"l‘ertnlliannm
1950 5685 2101 5724 unum

500 5726 653 5800 fuisse
664 5741 734 5800 ex
762 5726 1055 5800 QIqrjsSimis
1090 5731 1251 5800 latinis
1273 5726 1569 5800 auctoribus.
1598 5729 1797 5795 Rufinus
1836 5734 1926 5782 hoc
1948 5749 2099 5800 sensu

498 5786 631 5863 hunc
654 5788 845 5863 βαςςωὶ
865 5791 1021 5863 locum
1040 5794 1229 5856 accepit
1256 5794 1511 5855 vertendo,
1530 5791 1652 5847 inter
1672 5786 1860 5846 uestros
1884 5795 2098 5863 Scripto-

496 5860 579 5902 res
600 5852 864 5905 admodum
886 5849 1065 5904 clarus.

2214 4736 2434 4795 Graecas
2459 4736 2712 4808 loquendi
2741 4734 2997 4791 formulas
3028 4732 3320 4799 imbiberit,
3354 4743 3410 4788 ut
3434 4735 3594 4789 etiam
3623 4733 3810 4789 Latine

2212 4831 2475 4896 scribens,
2497 4828 2706 4883 illarum
2729 4827 2968 4883 oblivisci
2996 4828 3262 4898 nequiret.
3293 4827 3358 4883 Et
3373 4842 3499 4882 vero
3528 4828 3809 4898 scripsisse

2212 4936 2336 4977 eum
2363 4919 2606 4992 quiedam
2628 4919 2681 4974 in
2714 4918 3099 4983 adolescentia,
3122 4928 3283 4990 atque
3309 4920 3445 4974 adeo
3488 4929 3612 4974 ante
3647 4920 3807 4974 fidem

2214 5015 2410 5072 Clll‘lsll
2460 5027 2798 5084 susceptam,
2847 5013 2987 5069 idem
3034 5012 3096 5068 Β.
3154 5012 3509 5083 Hieronymus
3562 5011 3805 5082 locuples

2210 5109 2365 5164 testis
2387 5115 2491 5192 est.
2521 5106 2655 5162 Natu
2686 5125 2703 5158 ι
2735 5107 2820 5162 cst
2850 5108 3044 5177 (inquit
3078 5106 3168 5160 lib.
3193 5107 3245 5161 1.
3266 5104 3385 5159 adv.
3409 5104 3612 5172 Jovin.)
3643 5102 3805 5174 hujus

2210 5202 2312 5258 loci
2345 5201 2648 5272 nuptiarum
2671 5203 2943 5273 angustias
2969 5199 3296 5264 describere,
3327 5199 3551 5269 etquasi
3579 5199 3631 5253 in
3654 5214 3804 5256 com-

2208 5295 2460 5353 munibus
2490 5294 2619 5350 locis
2660 5293 2947 5349 Rhetorlco
2976 5290 3219 5347 exultare
3247 5305 3517 5347 sermone.
3564 5290 3725 5349 Certe
3747 5300 3804 5350 et

2207 5389 2644 5455 Truruuunus,
2674 5405 2832 5458 quum
2858 5387 3026 5441 adhuc
3067 5394 3192 5441 esset
3233 5385 3552 5457 adolescens,
3596 5388 3721 5445 lusit
3748 5388 3801 5444 in

2207 5481 2309 5538 hac
2335 5488 2581 5539 materia.
2596 5500 2614 5534 ι
2645 5480 2809 5552 Cujus
2829 5476 2951 5535 libri
2968 5489 3343 5550 argumentum
3362 5487 3416 5536 et
3434 5482 3642 5537 titulum
3659 5470 3800 5536 idem

2207 5574 2379 5648 Epist.
2409 5573 2500 5631 22.
2533 5574 2600 5629 ad
2631 5571 2892 5629 Eustoch.
2926 5581 3173 5631 recenset
3199 5590 3213 5627 :
3247 5591 3267 5629 ς
3292 5573 3348 5629 Si
3377 5574 3469 5630 tibi
3504 5573 3679 5646 placet
3699 5573 3802 5646 (itt-

2204 5667 2343 5739 quit)
2370 5668 2530 5732 scire,
2572 5672 2709 5737 quot
2759 5663 3024 5721 molestiis
3065 5665 3215 5736 virgo
3255 5665 3446 5731 libera,
3488 5673 3621 5735 quot
3668 5679 3802 5721 uxor

2201 5760 2422 5815 astricta
2464 5758 2552 5824 sit,
2606 5759 2753 5829 legas
2781 5757 3205 5829 Tenruuusun
3241 5773 3310 5814 an
3350 5758 3559 5812 Autcuu
3609 5755 3817 5818 PutLo-.

2202 5866 2426 5909 serunt.
2443 5851 2586 5919 ιρυο
2609 5850 2665 5907 ﬁt
2689 5860 2744 5908 ut
2759 5851 3077 5920 castitatem,
3099 5864 3256 5921 quam
3280 5857 3391 5906 toto
3412 5849 3533 5905 vita:
3559 5857 3799 5920 tempore
