4242 6266
449 325 520 384 69
1689 318 2028 382 TERTULLI

2133 319 2147 374 t
2196 320 2372 380 \‘l'I‘A.
3501 313 3513 330 ‘
3693 332 3766 391 so

453 453 623 508 usque
676 436 810 493 adeo
839 451 879 493 c.
907 438 1263 495 mntrndatam
1295 439 1498 506 habuit,
1529 440 1690 496 etiam
1713 441 1820 510 jam
1851 437 1973 494 inde
1993 439 2060 494 ab
2087 428 2140 488 Α
2166 443 2444 490 nascuntur
2463 435 2738 492 Christiani
2761 437 2860 511 (l).
2887 438 3038 510 Apud
3069 445 3340 497 auctorem
3367 453 3496 499 vero
3517 446 3762 515 quaedam

453 533 551 588 illo
571 532 905 588 observatam
929 547 1268 589 censeamus.
1294 537 1488 604 Atque
1511 534 1647 592 adeo
1675 549 1780 590 non
1808 543 1916 589 tant
1954 550 2056 590 suo

449 641 608 694 quam
637 626 863 680 aliormn
899 626 1134 691 nomine,
1167 627 1397 696 exempli
1434 628 1626 698 gratia,
1655 627 1859 683 dictum
1888 626 2050 681 intel-

446 717 662 789 ligimus
680 718 820 773 illius
843 717 1091 774 Auctoris
1118 736 1132 773 :
1159 738 1176 771 ε
1216 719 1324 788 Ego
1347 735 1424 773 me
1444 721 1550 774 scio
1577 734 1736 791 neque
1773 719 1878 772 alia
1899 735 2053 773 carne

447 810 700 865 adulteria
729 811 1058 873 commisisse,
1092 829 1249 880 neque
1291 829 1426 866 nunc
1465 815 1570 867 alia
1597 829 1750 868 carne
1792 815 1861 867 ad
1887 814 2051 868 conti-

447 905 670 958 nentiam
700 905 840 958 eniti.
874 903 988 958 Lib.
1014 905 1076 959 de
1101 906 1290 960 Ilcsur.
1317 924 1424 961 car.
1449 924 1566 977 cap.
1600 907 1686 963 59.
1705 927 1722 956 ι

520 994 548 1066 §
591 995 655 1050 Υ.
683 995 760 1050 De
794 997 904 1065 ejus
937 999 1316 1054 conversatione
1359 1001 1413 1052 in
1459 1000 1780 1071 gentilismo,
1815 999 1878 1053 de
1921 1017 2046 1053 con-

436 1090 605 1160 jugio.
633 1089 689 1145 9.
722 1090 1038 1159 Conjuginm
1079 1100 1256 1146 tamen
1311 1093 1493 1148 iniisse
1530 1091 1952 1148 TEBTCLLIANUI
1979 1107 2042 1147 ex

444 1181 619 1236 Libris
650 1182 861 1238 duobus
891 1183 956 1236 ad
989 1182 1224 1238 Uxorem
1260 1184 1594 1253 perSpicuum
1644 1193 1764 1240 est:
1799 1184 2043 1238 fortassis

444 1273 586 1344 quod
611 1273 848 1327 nondum
876 1273 1104 1328 sublata:
1129 1285 1309 1328 essent
1347 1275 1528 1342 Papia,
1562 1274 1789 1346 Poppaea
1818 1283 1873 1330 et
1902 1274 2040 1330 Julia

446 1363 623 1435 leges,
652 1381 771 1435 qua!
800 1365 1003 1420 liberos
1036 1366 1230 1436 suscipi
1259 1366 1518 1435 cogebant
1548 1365 1648 1435 (uti
1676 1366 1792 1438 ipse
1822 1365 2042 1438 fatetur)

444 1467 497 1512 et
527 1457 744 1511 cmlibes
773 1467 826 1509 et
853 1457 1015 1511 orbos
1045 1458 1290 1512 vetabant
1329 1473 1394 1512 ex
1435 1467 1760 1514 testamento
1808 1459 2039 1516 solidum

443 1563 477 1603 c
514 1562 643 1618 pere
670 1564 686 1613 ;
714 1547 781 1602 de
804 1548 996 1615 quibus
1027 1564 1121 1618 per
1145 1545 1400 1603 Severum
1456 1548 1588 1620 Imp.
1628 1550 1855 1605 sublatis
1896 1551 2037 1607 infra

443 1639 626 1694 latius.
660 1639 891 1706 Quarum
942 1641 1112 1709 legum
1153 1641 1466 1695 constitutio
1517 1642 1873 1712 prtescribens
1918 1659 2034 1698 ma-

445 1731 679 1785 trimonii
707 1740 905 1785 certam
929 1741 1141 1786 tetatem
1164 1773 1179 1798 ,
1212 1741 1399 1802 utpote
1426 1731 1575 1800 juxta
1607 1733 1884 1790 Platonem
1911 1738 2036 1791 anni

2158 523 2224 578 ad
2251 539 2448 581 annum
2483 528 2624 584 hunc
2645 529 2968 598 pertinentia
2995 532 3240 601 reperire
3266 541 3370 590 est.
3398 533 3669 606 Imprimis
3692 540 3762 595 de

2155 618 2302 672 crede
2342 618 2540 690 lmper.
2566 621 2625 677 P.
2652 621 2846 690 llelvii,
2874 622 2934 678 P.
2969 622 3032 678 F.
3064 621 3361 680 Pertinacis
3381 626 3543 684 occisi
3563 642 3616 684 ν.
3636 627 3758 687 Kal.

2155 708 2326 779 April.
2386 712 2516 768 illud
2570 715 2899 786 Apologctici
2961 735 2973 770 :
3025 715 3175 771 Unde
3227 718 3317 786 qui
3367 719 3598 788 faucibus
3661 739 3753 780 ea:-

2155 803 2432 870 primendis
2463 805 2804 873 jalatstricam
2847 809 3130 862 exercent?
3162 803 3311 863 Unde
3328 809 3416 881 qui
3445 813 3631 867 armati
3653 831 3755 887 pa-

2154 895 2335 949 latium
2358 897 2651 969 irrumpunt
2674 939 2690 961 ,
2721 901 2953 955 omnibus
2995 900 3212 972 Sigeriis
3246 912 3399 973 atque
3449 903 3744 966 Partheniis

2151 988 2490 1044 audaciores?
2519 991 2594 1047 De
2619 991 2893 1056 Romanis,
2924 994 2976 1047 ni
3012 993 3170 1064 fallor
3206 994 3386 1066 (Apol.
3411 1011 3460 1050 c.
3489 997 3631 1070 55.),
3664 1007 3750 1058 ut-
3828 1053 3833 1060 .

2151 1089 2276 1150 pote
2302 1084 2390 1152 qui
2424 1083 2474 1139 in
2526 1085 2735 1140 foribus
2791 1086 2971 1154 palatii
3017 1087 3086 1142 ab
3135 1088 3360 1144 armatis
3409 1088 3752 1148 Prtetorianis

2152 1173 2409 1230 militibus
2443 1176 2758 1233 interfectus
2787 1180 2853 1233 sit
2875 1220 2890 1242 ,
2922 1181 3150 1235 factione
3189 1179 3320 1236 Laeti
3349 1182 3583 1253 prafecti
3613 1197 3751 1256 prc-

2150 1268 2291 1322 torio
2337 1269 2579 1346 ejusdem
2608 1312 2622 1333 ,
2655 1272 2806 1341 enjus
2835 1271 2990 1342 jussu
3043 1272 3371 1330 Commodes
3411 1273 3606 1346 Imper.
3639 1289 3748 1332 non

2149 1359 2318 1413 multo
2343 1344 2521 1416 ante!
2544 1361 2796 1424 Narcisso
2837 1363 3040 1419 athleta
3070 1404 3084 1428 ,
3110 1378 3233 1420 cum
3279 1380 3387 1436 quo
3428 1344 3519 1423 ille
3538 1368 3748 1424 solebat

2149 1449 2201 1503 in
2230 1453 2528 1519 palaestrica
2557 1455 2822 1520 exerceri,
2843 1454 3210 1525 strangulatus
3230 1454 3422 1512 fuerat.
3445 1459 3647 1515 Deinde
3675 1459 3746 1516 de

2148 1541 2340 1612 Imper.
2375 1545 2514 1601 Ctes.
2547 1545 2842 1602 Pescennio
2871 1546 3033 1616 Nigro
3052 1588 3065 1612 ,
3090 1549 3180 1618 qui
3209 1549 3387 1605 occiso
3405 1550 3557 1620 jussu
3579 1549 3747 1607 Sena-

2147 1643 2233 1687 tus
2261 1633 2455 1706 lmper.
2484 1637 2686 1694 Cmsar.
2727 1637 2797 1692 Μ.
2833 1638 2985 1693 Didio
3014 1638 3084 1693 Μ.
3122 1639 3181 1694 F.
3210 1638 3510 1696 Commodo
3538 1643 3746 1700 Severo

2145 1726 2360 1784 .Inliano
2384 1731 2656 1799 Augusto,
2686 1740 2881 1788 cxante
2906 1731 3047 1787 diem
3077 1731 3347 1788 Kalendas
3371 1734 3536 1790 Maias
3564 1735 3740 1806 Impe-

444 1839 616 1888 χχςν,
649 1832 887 1878 nostram
920 1824 1208 1879 conﬁrmat,
1237 1825 1631 1895 conjecturam,
1653 1827 1793 1898 quod
1822 1836 1945 1884 ante
1976 1827 2038 1882 ﬁ-
2069 1812 2115 1870 Β
2145 1819 2282 1872 rium
2325 1821 2628 1887 invaserat,
2659 1821 2788 1877 illIId
2823 1821 3064 1894 ejusdem
3094 1822 3196 1879 loci
3223 1841 3236 1878 ε
3271 1822 3438 1880 Planc
3456 1827 3628 1883 ceteri
3655 1845 3748 1883 or—

435 1916 556 1970 dem
585 1915 986 1969 matrimonium
1018 1917 1386 1982 contraxerit,
1421 1931 1722 1987 quanquam
1761 1929 1940 1975 tamen
1976 1919 2039 1975 li-

435 2007 686 2063 berorum
727 2007 844 2076 ejus
889 2007 1032 2062 nulla
1077 2008 1284 2077 uspiam
1317 2010 1540 2064 mentio.
1571 2009 1833 2066 Scribitur
1859 2020 2036 2066 autem

437 2115 467 2153 a
493 2099 788 2154 Tritbemio
808 2099 947 2169 apud
975 2099 1581 2172 Cartliaginemjaliquot
1611 2103 1765 2158 annis
1783 2103 2035 2160 Rhetori-

438 2207 554 2247 cam
576 2192 808 2262 gloriose
831 2193 1078 2248 docuisse
1105 2211 1119 2259 ;
1151 2203 1332 2264 postea
1361 2203 1415 2250 et
1444 2193 1722 2251 Oratorem
1752 2195 1915 2252 fuisse
1937 2212 2035 2252 seu

437 2300 714 2342 causarum
773 2286 1105 2343 Advocatum
1171 2303 1293 2342 mox
1343 2290 1832 2360 comprobabimus.
1879 2291 2036 2348 Jure-

435 2377 735 2432 cnnsultum
766 2379 928 2433 etiam
959 2377 1125 2434 fuisse
1169 2388 1381 2434 constat
1407 2396 1473 2434 ex
1514 2383 1677 2436 variis
1703 2384 1896 2453 quibus
1925 2385 2035 2438 uti-

441 2478 528 2523 tur
599 2470 884 2539 pltrasilms
952 2479 1006 2526 et
1053 2468 1148 2526 .IC.
1214 2472 1456 2526 vocibus.
1515 2473 1781 2529 Fortassis
1843 2475 2032 2531 Romm

432 2573 765 2632 przrccptore
812 2577 942 2640 usus
961 2571 1044 2617 est
1072 2562 1320 2620 Serbidio
1346 2563 1583 2618 Scmvola
1609 2605 1624 2628 ,
1653 2575 1706 2620 et
1733 2565 2032 2622 studiorum

431 2655 635 2726 collega
693 2655 894 2712 Severo
962 2656 1095 2726 Imp.
1145 2666 1201 2712 ct
1244 2656 1465 2714 Emilio
1513 2657 1808 2730 Papiniano
1837 2669 2033 2717 :tetate

432 2755 614 2803 tamen
663 2749 839 2804 minor
884 2748 1239 2820 Severo,qui
1289 2761 1446 2808 natus
1497 2750 1594 2806 fuit
1644 2767 1786 2807 anno
1820 2753 2029 2811 Domini

431 2855 610 2905 cxtvt,
646 2848 704 2896 ut
735 2841 1193 2913 quadragenarius
1221 2843 1379 2899 fuerit
1425 2845 1575 2900 initio
1624 2845 1834 2917 Imperii
1864 2848 2026 2905 illius.

427 2933 555 2988 lude
590 2933 734 2988 enim
763 2934 828 2987 ad
862 2933 1023 2990 finem
1057 2949 1226 3004 usque
1276 2936 1491 3008 Imperii
1522 2937 1686 3008 ipsius
1713 2950 1763 2994 ct
1793 2938 1889 2995 lilii
1912 2943 2031 3010 ejus

428 3025 689 3080 Antonini
712 3024 1006 3081 Caracallte
1027 3069 1042 3092 ,
1073 3027 1174 3082 sub
1199 3029 1393 3098 quibus
1421 3030 1622 3085 Auctor
1651 3031 1829 3087 ﬂoruit
1851 3073 1864 3096 .
1901 3033 2028 3089 anni

428 3117 735 3173 efficiuntur
784 3135 936 3174 xxtv.
969 3129 1060 3174 aut
1108 3122 1358 3188 circiter;
1391 3131 1445 3178 et
1489 3124 1568 3179 sic
1613 3125 1772 3181 simul
1817 3128 2029 3182 consti-

432 3221 659 3268 tuuntur
685 3229 834 3269 Lxm.
865 3215 1038 3269 anatis
1059 3215 1423 3272 Tenruuttxt
1443 3259 1457 3284 ,
1484 3233 1513 3272 a
1541 3233 1647 3290 quo
1671 3233 1813 3274 anno
1843 3221 2028 3291 (quem

431 3305 846 3360 climactericum
895 3316 1088 3361 vocant
1136 3307 1374 3379 Medici)
1417 3309 1691 3379 decrepita
1738 3322 1907 3377 tetas,
1959 3313 2028 3369 ad

435 3409 591 3462 quam
624 3409 789 3462 usque
833 3398 996 3464 vixit,
1023 3398 1256 3454 exordiri
1286 3399 1445 3455 solet.
1479 3401 1580 3455 Pro
1602 3415 1708 3471 quo
1735 3401 1858 3457 facit
1883 3404 2026 3473 quod

432 3487 494 3542 B.
523 3488 742 3544 Ilicron.
769 3499 822 3544 et
846 3490 1178 3561 Nicephorus
1205 3503 1326 3563 post
1347 3493 1576 3548 mediam
1599 3504 1812 3550 :etatcm
1836 3497 1886 3550 in
1910 3496 2026 3551 lue-

429 3580 591 3633 resim
619 3579 847 3657 Montani
895 3582 1103 3651 lapsum
1152 3583 1434 3652 scribunt,
1469 3599 1660 3655 nempe
1689 3597 1868 3641 nostra
1904 3587 2025 3657 qui-

422 3671 546 3726 dem
572 3651 836 3729 sententia
864 3676 1008 3730 circa
1035 3691 1235 3729 annum
1279 3677 1453 3732 aetatis
1483 3678 1599 3746 ejus
1642 3678 2025 3750 quinquagesi-

424 3780 568 3818 mum
616 3767 871 3831 tertium,
919 3781 1062 3822 anno
1109 3767 1293 3842 Severi
1344 3784 1434 3822 xv.
1484 3779 1597 3824 toto
1646 3781 1770 3824 ante
1818 3772 2024 3827 obitum

422 3857 704 3913 decenuio.
734 3857 930 3914 Verum
957 3860 1024 3915 de
1051 3860 1131 3914 bis
1162 3862 1280 3930 plus
1309 3861 1458 3915 Satis.
1492 3859 1606 3917 .Iam
1639 3861 1704 3917 ad
1735 3863 2023 3923 Historiam

423 3967 711 4025 pergamus
739 3968 1003 4011 artnorum
1034 3955 1244 4010 illorum
1275 3970 1434 4010 xxiv.

951 4183 1109 4239 Anno
1139 4181 1190 4238 J.
1236 4181 1297 4238 C.
1328 4196 1506 4240 cxcw.

494 4401 578 4458 I0.
632 4403 787 4458 Anno
833 4402 991 4469 igitur
1047 4401 1256 4456 Domini
1301 4413 1478 4464 cxcw.
1528 4399 1589 4454 C.
1635 4399 1828 4457 SOSIO
1854 4399 2020 4458 FAL-

419 4493 600 4550 CONE
628 4504 680 4550 et
709 4493 769 4549 C.
799 4492 996 4550 JUl.lO
1027 4492 1286 4550 ERUTIO
1313 4492 1540 4548 CLARO
1565 4493 1732 4549 COSS
1772 4493 2023 4550 S.Victo-

2144 1909 2287 1964 dines
2313 1927 2408 1980 pro
2431 1912 2735 1967 auctoritate
2754 1914 2980 1984 religiosi
3006 1929 3070 1969 ea:
3090 1915 3191 1984 ﬁde
3207 1915 3338 1970 nihil
3357 1917 3603 1972 hosticum
3627 1920 3745 1991 (ad-

2143 2017 2316 2056 versus
2345 2000 2621 2076 Ctrsarem)
2649 2003 2712 2058 de
2739 2005 2852 2076 ipso
2883 2005 3081 2061 Senatu
3105 2046 3120 2069 ,
3145 2006 3210 2061 de
3225 2007 3390 2074 equite
3413 2050 3428 2072 ,
3453 2009 3517 2062 de
3539 2011 3743 2079 castris,

2141 2093 2205 2145 de
2227 2093 2437 2164 palatiis
2465 2095 2590 2166 ipsis
2609 2095 2834 2167 spirant.
2857 2096 3006 2153 Unde
3025 2095 3191 2152 Cassii
3215 2109 3262 2153 et
3285 2096 3486 2171 Nigri?
3505 2099 3743 2169 Quorum

2143 2187 2289 2254 prius
2317 2187 2385 2241 ad
2411 2189 2660 2245 Avidium
2703 2189 2950 2246 Cassium
2995 2191 3226 2248 refertur
3255 2233 3270 2259 ,
3303 2195 3394 2265 qui
3432 2209 3500 2252 ex
3542 2194 3740 2254 familia

2139 2275 2445 2334 Cassiorum
2484 2277 2548 2336 C.
2581 2279 2708 2337 Julii
2732 2281 2871 2338 Caes.
2916 2282 3320 2340 interfectorum
3345 2326 3362 2351 ,
3392 2294 3448 2342 ct
3473 2287 3743 2345 Antonino

2139 2369 2236 2426 Pio
2261 2381 2316 2428 et
2344 2373 2523 2430 Marco
2550 2387 2616 2432 ac
2646 2374 2785 2430 Vero
2827 2374 2998 2447 lmpp.
3047 2376 3378 2448 principatus
3419 2389 3740 2451 extorquere

2141 2473 2369 2521 conatus
2392 2466 2528 2533 fuit;
2557 2468 2784 2524 alterum
2809 2469 2876 2523 ad
2899 2469 3043 2540 Nigri
3071 2471 3526 2540 conspirationem
3553 2473 3741 2531 adver-

2139 2569 2233 2612 sus
2261 2557 2520 2613 Severum
2553 2558 2686 2629 Imp.
2722 2557 2842 2613 lam
2871 2569 2917 2614 et
2945 2560 3193 2614 solemnia
3241 2558 3504 2616 Caesarum
3540 2563 3737 2635 (qualia

2135 2651 2296 2706 etiam
2326 2651 2555 2708 Kalend.
2582 2651 2756 2710 Juniis
2779 2656 2830 2710 in
2861 2656 3211 2726 angurationc
3233 2671 3370 2712 nova
3397 2657 3585 2714 Severi
3610 2701 3626 2725 ,
3647 2661 3736 2731 qui

2137 2751 2293 2796 antea
2324 2741 2502 2799 Idibus
2520 2743 2638 2799 Maii
2657 2747 2727 2800 ab
2755 2747 2992 2802 exercitu
3018 2745 3317 2818 Imperator
3342 2749 3517 2805 dictus
3540 2750 3732 2812 fuerat.

2134 2835 2401 2891 celebrata
2428 2838 2580 2908 sunt)
2612 2837 2811 2894 ibidem
2857 2840 2908 2895 in
2959 2840 3076 2896 haec
3119 2839 3279 2896 verba
3313 2841 3604 2897 describit:
3639 2843 3740 2896 Cur

2135 2930 2220 2984 die
2255 2930 2373 2985 lteto
2413 2947 2512 2986 non
2554 2933 2746 2986 laureis
2778 2943 2948 3005 postes
2987 2934 3346 2990 obumbramus
3371 2977 3385 2999 ,
3409 2952 3499 2990 nec
3521 2935 3741 2990 lucernis

2135 3022 2268 3075 diem
2288 3025 2662 3096 infringimus?
2686 3036 2740 3081 et
2767 3029 2926 3098 paulo
2953 3040 3106 3100 post:
3135 3028 3281 3099 Ipsos
3306 3029 3550 3096 Quirites,
3573 3031 3737 3100 ipsam

2134 3116 2460 3170 vernaculam
2484 3128 2675 3186 septem
2700 3121 2907 3174 collium
2938 3123 3133 3192 plebem
3173 3123 3413 3176 convenio
3432 3135 3467 3186 ;‘
3484 3140 3550 3176 an
3587 3123 3740 3180 alicui

2055 3194 2099 3256 C
2135 3204 2328 3260 Ctvsari
2353 3222 2447 3261 suo
2469 3219 2648 3276 parcat
2685 3209 2778 3262 illa
2815 3211 2990 3280 lingua
3025 3211 3259 3266 Romana
3282 3214 3307 3266 ?
3332 3212 3496 3268 Testis
3543 3224 3616 3269 est
3648 3213 3709 3268 Ti
3721 3245 3735 3255 -

2133 3297 2266 3351 beris
2287 3338 2302 3365 ,
2334 3309 2379 3352 et
2401 3301 2594 3354 scholte
2622 3302 2911 3355 bestiarum.
2941 3303 3062 3357 Jaut
3101 3304 3145 3358 si
3167 3305 3451 3374 pectoribus
3477 3306 3546 3359 ad
3566 3316 3735 3362 trans-

2134 3388 2406 3442 lucendum
2443 3391 2721 3460 quamdam
2758 3394 3075 3461 specularem
3114 3394 3376 3449 materiam
3419 3406 3604 3450 natura
3642 3398 3732 3452 ob-

2137 3482 2400 3547 duxisset,
2434 3484 2587 3549 cuius
2616 3501 2719 3540 non
2750 3480 3034 3557 pra’cordia
3063 3489 3317 3560 insculpta
3346 3501 3598 3563 apparent
3622 3496 3737 3549 novi

2132 3589 2193 3628 ac
2223 3576 2340 3629 novi
2390 3574 2610 3633 thsaris
2667 3593 2870 3633 scenam
2930 3580 3202 3654 Congiaria
3244 3582 3526 3639 dividundo
3552 3588 3734 3657 prtcsi-

2131 3669 2301 3723 dentis
2366 3671 2520 3725 etiam
2578 3671 2671 3725 illa
2718 3673 2881 3736 hora,
2910 3690 3012 3742 qua
3045 3675 3331 3730 acclamant
3367 3693 3388 3733 :
3440 3677 3514 3733 De
3552 3680 3737 3736 nostris

2129 3762 2281 3816 annis
2307 3762 2398 3816 tibi
2417 3762 2626 3829 Jupiter
2647 3776 2832 3836 augeat
2857 3768 3048 3820 annos?
3073 3768 3182 3824 Hoc
3203 3769 3346 3824 enim
3372 3771 3610 3827 indicant
3632 3773 3738 3829 He-

2133 3853 2388 3908 rodianus
2442 3853 2475 3908 l.
2511 3855 2565 3910 2.
2600 3857 2740 3912 inter
2792 3869 2988 3914 cmtcra
3017 3861 3262 3917 scribens
3299 3861 3495 3918 Milites
3526 3865 3731 3920 Praeto-

2132 3945 2313 3998 rianos
2339 3946 2541 4001 relictis
2564 3949 2728 4003 armis
2754 3964 3069 4020 pomparum
3095 3951 3278 4007 habitu
3312 3953 3582 4009 laureatos
3603 3971 3730 4027 pro~

2133 4037 2397 4102 cessisse;
2419 4047 2474 4092 et
2499 4038 2814 4109 Spartianus
2839 4057 2902 4096 ac
2929 4041 3072 4096 Fasti
3099 4042 3424 4100 Consulares
3445 4088 3459 4112 ,
3487 4045 3612 4101 dum
3637 4047 3731 4104 50.

2131 4139 2412 4199 postquam
2458 4130 2507 4182 in
2559 4130 2744 4186 urbem
2791 4141 3012 4187 venerat
3052 4132 3174 4198 die,
3207 4145 3401 4191 cxante
3433 4135 3575 4192 diem
3606 4137 3726 4194 Kal.

2128 4219 2233 4276 Jul.
2267 4219 2562 4291 profectum
2590 4223 2830 4278 scribunt
2858 4222 3116 4278 Severum
3148 4225 3200 4279 in
3229 4226 3505 4282 Orientem
3537 4240 3730 4284 contra

2129 4311 2351 4382 Nigrum
2400 4324 2684 4384 tyrannum
2709 4355 2726 4380 ,
2759 4313 2901 4370 datis
2951 4315 3097 4386 prius
3144 4315 3288 4386 plebi
3331 4316 3642 4391 Congiaria,
3675 4329 3731 4375 et

2129 4403 2396 4460 Douativo
2424 4405 2680 4459 Militibus
2707 4422 2723 4469 ;
2756 4406 2988 4477 denique
3029 4415 3084 4461 et
3129 4407 3246 4462 lta'c
3274 4409 3612 4465 numismatis
3641 4411 3728 4465 in-

2127 4499 2346 4568 scriptio
2375 4517 2390 4557 :
2424 4499 2559 4554 IMP.
2581 4497 2749 4555 (λεδ.
2799 4499 2856 4556 Ι..
2907 4498 3102 4556 SEPT.
3143 4499 3295 4556 SEV.
3329 4501 3531 4557 PERT.
3563 4501 3729 4557 AUG.

423 4587 517 4653 ris,
543 4585 604 4642 Ρ.
639 4587 831 4642 Felicis
867 4587 1012 4652 Afri,
1059 4587 1282 4641 Romani
1318 4585 1589 4641 Pontificis
1615 4601 1703 4640 an.
1732 4601 1849 4642 vut.
1885 4587 2017 4659 Imp.
2046 4559 2099 4620 D
2127 4559 2272 4646 COS.
2303 4590 2758 4646 LIBERALlTAS
2789 4591 2947 4648 AUC.
2980 4608 3087 4662 quo
3128 4591 3358 4661 pertinet
3400 4590 3562 4645 etiam
3584 4591 3730 4662 quod

420 4681 559 4736 Cres.
601 4681 666 4736 L.
725 4680 968 4751 Septimii
1012 4680 1081 4736 Μ.
1115 4681 1178 4736 F.
1220 4679 1374 4746 Afri,
1433 4681 1494 4736 P.
1541 4678 1839 4736 Pertinacis
1906 4683 2018 4737 Att-

419 4774 556 4842 αυειί
579 4788 721 4830 anno
750 4790 788 4830 ι.
813 4774 1224 4830 Tenrccuaaus
1256 4774 1430 4829 adhuc
1465 4775 1712 4830 ethnicus
1733 4790 2017 4831 causarum

421 4875 703 4934 patronmn
737 4867 925 4938 agebat
952 4866 1283 4937 Carthagine
1313 4884 1326 4930 ;
1359 4867 1500 4938 quod
1528 4868 1908 4937 comprobatur
1934 4868 2018 4923 Itis

421 4959 589 5027 ipsius
616 4959 794 5014 verbis
822 4976 940 5029 qua:
991 4962 1091 5014 sub
1123 4959 1273 5015 Pallii
1321 4975 1546 5030 persona
1586 4960 1654 5015 de
1697 4973 1757 5015 sc
1805 4961 2018 5030 scripsit

415 5049 528 5120 jam
583 5050 922 5106 Christianus
974 5052 1146 5106 factus
1188 5069 1202 5108 ί
1243 5051 1354 5123 Ego
1381 5093 1398 5116 ,
1446 5053 1652 5122 inquit,
1689 5054 1820 5107 nihil
1865 5057 2014 5123 foro,

420 5142 549 5195 nihil
582 5159 795 5213 campo,
825 5144 954 5197 nihil
991 5145 1146 5198 curia:
1181 5145 1367 5209 debeo,
1401 5144 1530 5197 nihil
1559 5145 1722 5214 officio
1759 5145 2016 5216 advigila,

423 5233 566 5287 nulla
604 5245 768 5288 rostra
795 5252 1096 5306 prtcoccttpo
1118 5278 1134 5300 ,
1165 5237 1307 5289 nulla
1353 5236 1592 5304 praetoria
1618 5236 1856 5301 observo,
1887 5253 2015 5290 cano

420 5326 573 5379 cellos
620 5343 720 5380 non
769 5327 961 5394 adoro,
994 5329 1234 5382 subsellia
1281 5344 1381 5382 non
1427 5327 1872 5392 contundaJura
1917 5345 2018 5384 non

420 5419 690 5483 conturbo,
715 5437 896 5475 causas
935 5438 1037 5476 non
1078 5422 1260 5477 clatra.
1311 5421 1441 5475 Plus
1467 5431 1598 5490 toga:
1625 5421 1800 5476 la'sere
1831 5421 2011 5493 Remp.

418 5527 568 5580 quam
591 5513 766 5568 lorica:
786 5513 884 5582 (De
910 5514 1051 5569 Pall.
1083 5532 1126 5570 c.
1149 5516 1250 5585 5.).
1278 5515 1434 5571 Certe
1465 5513 1739 5571 cthnicum
1765 5530 1824 5572 se
1853 5517 2018 5574 fuisse

421 5601 538 5670 ipse
564 5602 780 5666 fatetur.
810 5620 975 5673 agens
998 5606 1068 5660 de
1105 5607 1308 5676 judicio
1347 5614 1591 5661 extremo
1614 5646 1629 5669 ,
1654 5607 1763 5660 vita
1813 5615 1869 5662 et
1899 5609 2018 5677 igne

421 5693 638 5748 aeternis
658 5733 674 5759 ,
701 5703 756 5750 et
776 5695 1129 5752 suscitatione
1155 5695 1530 5752 defunctorum
1562 5715 1574 5751 :
1610 5694 1736 5752 Htcc
1757 5737 1772 5763 ,
1803 5697 1972 5769 inquit
1995 5736 2013 5765 ,

420 5795 467 5841 et
497 5803 587 5843 nos
607 5787 811 5844 risimus
835 5790 1115 5861 aliquando
1131 5831 1148 5861 ,
1173 5792 1237 5847 de
1257 5793 1431 5847 vestris
1453 5791 1659 5866 fuimus.
1695 5791 1887 5862 Fiunt,
1917 5809 2018 5848 non

2127 4685 2554 4755 prmtermittitur
2579 4701 2593 4738 :
2627 4683 2796 4738 Focos
2822 4693 2866 4738 et
2895 4685 3068 4738 thoros
3098 4685 3151 4736 in
3180 4681 3438 4752 publicum
3481 4680 3692 4737 educere
3712 4726 3727 4751 ,

2192 4862 2261 4924 (1)
2299 4862 2519 4926 Ipsemet
2552 4864 2657 4912 suis
2677 4863 2866 4911 diserte
2893 4867 3104 4912 testatur
3134 4861 3467 4916 Tertullianus
3489 4866 3655 4916 verbis
3677 4879 3737 4917 se

2124 4937 2221 4973 una
2239 4925 2347 4973 cum
2367 4925 2631 4986 gentilium
2669 4927 3106 4986 superstitionibus
3135 4926 3325 4975 libidini
3353 4929 3655 4982 inserviissc.
3683 4930 3734 4977 in

2123 4986 2247 5056 libro
2263 4986 2334 5054 de.
2362 4985 2652 5056 llesurrect.
2676 4985 2783 5049 cap.
2803 4988 2883 5037 59.
2901 5002 2913 5037 :
2933 4990 3032 5048 Ego
3056 4990 3274 5056 tne__scio,
3301 4990 3573 5056 nequealia
3588 5003 3739 5056 carne

2123 5045 2379 5114 adulteria
2402 5045 2714 5114 commisisse,
2739 5045 2895 5114 neque
2932 5045 3058 5101 nunc
3095 5049 3196 5101 alia
3233 5045 3387 5114 carne'
3401 5055 3467 5102 ad
3491 5053 3737 5103 continen-

2121 5110 2240 5176 tiam
2263 5109 2380 5160 cuili
2405 5123 2546 5176 :_quo
2564 5113 2712 5176 etiam
2725 5109 2963 5176 tempore
2987 5114 3279 5176 spectaculis
3293 5112 3650 5176 delectabatur,
3667 5114 3734 5164 de

2123 5173 2317 5236 quibus,
2338 5170 2666 5242 rmtlp',_inquit_
2688 5173 2709 5242 _(
2721 5170 2874 5235 Ter-ti,
2899 5176 2962 5224 de
2986 5170 3147 5242 Spect.
3161 5189 3217 5242 7c.
3233 5177 3315 5242 )9.
3336 5177 3374 5237 ),
3387 5188 3486 5242 non
3507 5174 3731 5238 implere,

2079 5278 2088 5286 .
2122 5234 2272 5300 tinam
2305 5234 2610 5308 meminisse,
2653 5234 2706 5284 id
2734 5244 2841 5308 0st,.
2862 5234 3034 5300 pauca'
3058 5239 3133 5308 de
3157 5234 3344 5308 iisdem
3369 5234 3734 5308 dicere,i'quant

2125 5297 2318 5356 eorum,
2343 5312 2452 5359 qua:
2494 5297 2609 5352 vidi,
2639 5297 2928 5349 meminisse
2956 5313 2969 5353 ;
2993 5311 3049 5346 ac
3086 5299 3210 5347 libro
3246 5299 3311 5346 de
3346 5297 3634 5359 poenitentia
3674 5311 3732 5347 se

2123 5362 2338 5428 omnium
2379 5365 2692 5428 peccatorum
2733 5363 3000 5428 maximum
3036 5361 3186 5428 fuisse
3225 5359 3440 5428 fatetur,
3468 5360 3732 5428 lapsisque

2121 5419 2463 5485 pa-nitenti'am
2485 5423 2741 5477 ‘suadens,
2782 5424 2851 5471 ait
2900 5419 3114 5485 ﬁdem”
3134 5421 3215 5485 de_
3235 5419 3512 5485 Pwnitcnt._
3533 5419 3580 5471 ὲ.
3600 5419 3663 5470 4.“
3689 5430 3736 5473 et

2123 5480 2170 5533 ὲ.
2194 5485 2270 5554 l2.
2301 5485 2317 5545 )
2341 5498 2352 5531 :
2374 5496 2480 5534 eam
2503 5491 2554 5554 tu
2591 5489 2814 5554 peccator
2846 5480 2946 5554 inci
2965 5480 3139 5534 similis
3162 5481 3301 5554 (imo
3328 5495 3405 5533 me
3445 5481 3620 5554 minor,
3646 5496 3736 5554 ego

2125 5546 2252 5615 enim
2264 5543 2600 5615 prtvstantiarn
2621 5543 2672 5595 in
2683 5543 2882 5595 delictis
2905 5556 3062 5615 meam
3082 5545 3307 5615 agnosco)
3315 5544 3650 5615 ptenuentiam
3667 5543 3742 5597 ita

2125 5602 2319 5666 invade,
2346 5605 2414 5657 ita
2448 5607 2753 5660 annlexare.
2793 5615 2844 5657 ut
2879 5602 3145 5669 naufragus
3178 5602 3337 5657 alicui
3349 5606 3525 5658 tabula:
3551 5605 3732 5720 fderis.

2126 5673 2241 5720 Cat).
2270 5683 2389 5720 vero
2416 5670 2488 5720 12.
2515 5623 2580 5720 (ie
2606 5671 2700 5719 vita
2725 5671 2776 5718 in
2793 5671 2922 5720 vitiis
2946 5679 3189 5720 transacta
3213 5685 3224 5720 :
3257 5669 3385 5720 Ouid
3407 5680 3496 5720 eoo
3517 5682 3548 5718 u
3569 5677 3648 5720 tra
3668 5669 3732 5720 de

2126 5673 2241 5745 Cap.
2260 5683 2389 5745 vero
2402 5670 2488 5745 Δ12ζ
2515 5669 2580 5720 de
2606 5671 2700 5745 vita
2725 5671 2922 5745 in‘vitiis
2946 5679 3189 5745 transacta
3213 5685 3224 5720 :
3257 5669 3385 5740 Quid
3407 5680 3496 5745 ego
3517 5669 3648 5722 ultra
3668 5669 3732 5720 de

2124 5733 2229 5786 istis
2254 5735 2324 5796 (id
2343 5734 2525 5796 est,_dc
2540 5733 2881 5796 poenitentia),
2899 5737 3121 5796 peccator
3143 5733 3354 5789 omnium
3375 5738 3594 5788 notarum
3616 5745 3726 5788 «an

2122 5795 2232 5862 sim,
2251 5792 2338 5849 nec
2363 5794 2452 5848 ulli
2474 5792 2663 5848 rci’nisi
2685 5792 2973 5864 ptrnitentite
2994 5802 3152 5851 ηαιυσ,
