4238 6262
495 381 559 440 5!
1809 370 2271 446 TERTULLIANI
2302 382 2480 446 VITA.
3729 391 3806 457 δε

493 500 698 557 ricatim
727 502 954 574 epulari,
986 502 1235 559 ciuitatem
1278 499 1499 558 taberna:
1522 482 1698 558 habitu
1722 500 1866 557 obole
1893 502 2091 571 facere,
2121 499 2171 561 A
2200 503 2384 558 tonino
2406 501 2543 575 imp.
2574 508 2826 563 consorte
2851 503 2920 563 ab
2944 503 3096 564 initio
3119 522 3134 575 ;
3156 517 3275 580 quae
3298 506 3484 566 extant
3513 504 3647 567 Cod.
3676 509 3798 572 Lib.

494 598 610 651 vino
636 596 798 650 lutum
825 612 1022 667 cogere.
1050 595 1128 650 Ad
1152 594 1294 651 hunc
1316 602 1574 665 praeterea
1593 608 1794 648 anmim
1820 593 2090 664 pertinere

493 701 777 745 conserues
802 686 933 742 illud
960 686 1053 742 lib.
1085 686 1153 741 ad
1180 685 1468 757 Scapulam
1498 701 1512 741 :
1544 683 1665 756 Ipse
1690 685 1842 740 etiam
1868 685 2090 740 Seuerus

492 791 638 852 pater
689 781 934 836 Antonini
978 778 1387 835 Christianarum
1450 794 1646 834 memor
1691 778 1809 850 fuit.
1857 776 1997 832 Nam
2041 786 2090 834 et

490 874 775 931 Proculum
799 873 1167 942 Christianum,
1181 875 1271 945 qui
1303 873 1592 944 Torpacion
1610 872 2084 945 cognominabatur,

490 970 744 1028 Euhadne
772 980 1177 1043 procuratorem,
1210 973 1301 1043 qui
1340 986 1456 1024 eum
1479 985 1569 1041 per
1606 968 1774 1023 oleant
1809 966 2087 1036 aliquando

488 1075 774 1131 curaverat,
805 1065 1098 1135 requisivit,
1123 1072 1169 1119 et
1198 1065 1251 1118 in
1288 1064 1482 1135 palatio
1502 1079 1595 1118 suo
1623 1062 1800 1117 habuit
1829 1078 1988 1134 usque
2014 1063 2086 1117 ad

489 1169 725 1223 mortem,
745 1161 854 1232 ejus
883 1176 902 1214 :
925 1174 1072 1229 quem
1098 1167 1144 1213 et
1162 1158 1450 1213 Antoninus
1480 1159 1668 1228 Optime
1695 1165 1903 1211 uouerat
1931 1153 2083 1212 Chri-

487 1252 654 1306 stiano
673 1251 803 1306 lacte
822 1251 1065 1305 educatus
1089 1248 1175 1319 (L.
1200 1248 1450 1323 αάζδεαρ.
1473 1265 1524 1306 c.
1552 1246 1654 1319 4.).
1681 1246 1815 1303 Nam
1835 1247 2084 1304 morbum

487 1344 565 1398 illi
593 1357 810 1414 gravem
837 1340 1127 1413 contigisse
1148 1342 1301 1396 initio
1324 1341 1539 1412 Imperii
1562 1380 1576 1407 ,
1608 1355 1672 1396 ex
1697 1338 1844 1419 ⁸ο
1863 1334 2083 1409 Lampe.

2193 592 2245 650 8.
2274 594 2339 650 Τ.
2377 597 2461 652 te.
2492 596 2531 653 ι.
2564 596 2680 653 1.1.
2713 597 2767 655 6.
2798 598 2862 656 Τ.
2887 600 2940 665 2,
2973 602 3011 658 1.
3043 600 3215 657 2.1m.
3248 602 3303 657 9..
3331 602 3439 658 Tit.
3471 603 3525 659 ι.
3556 604 3592 658 ι.
3622 604 3675 661 2.
3701 592 3797 664 lib.

2192 684 2246 741 Ξ.
2280 682 2344 741 Τ.
2376 686 2467 744 24.
2502 689 2539 744 l.
2572 686 2626 745 1.
2656 699 2709 746 et
2735 691 2829 746 lib.
2850 692 2903 748 8.
2936 690 2999 749 T.
3036 693 3123 749 16.
3158 694 3196 748 l.
3230 694 3284 751 l.
3316 694 3395 751 Ad
3428 695 3573 753 hunc
3598 712 3801 757 annum

2192 778 2463 850 pertinere
2488 796 2773 840 censemus
2796 825 2811 852 ,
2843 785 2998 855 cujus
3043 801 3111 842 ex
3147 787 3381 843 Eusebio
3412 804 3573 862 supra
3605 792 3799 848 memi-

2189 870 2392 939 nimus,
2411 870 2609 931 bellum
2630 874 2912 935 Iudaicum
2934 888 2987 935 et
3007 880 3404 950 Satnariticum,
3422 883 3490 941 de
3514 901 3620 958 quo
3635 888 3800 946 etiam
3837 877 3857 889 ”

2190 962 2379 1022 Frecul
2386 968 2520 1037 phus
2537 968 2906 1039 Lexoviensis,
2924 973 3064 1030 unde
3080 984 3135 1030 et
3150 972 3431 1033 Judaicum
3450 978 3797 1055 (cognomen)

2190 1059 2238 1115 ci
2271 1060 2507 1117 oblatum
2535 1062 2722 1122 fuisse.
2755 1065 2875 1134 Quo
2903 1067 3112 1125 videtur
3128 1085 3192 1128 ex
3221 1081 3372 1143 parte
3393 1076 3662 1146 respicere
3693 1078 3802 1136 Au-

2188 1158 2306 1207 ctor
2329 1151 2396 1209 de
2426 1152 2627 1211 ludatis
2674 1172 2878 1228 agens:
2910 1157 3181 1234 Dispersi(
3208 1163 3376 1235 inquit
3404 1165 3444 1238 ),
3476 1167 3798 1241 palabundi,

2191 1250 2237 1298 et
2267 1244 2383 1300 cmli
2404 1256 2452 1302 et
2479 1248 2578 1303 soli
2604 1250 2685 1304 sui
2707 1261 2934 1308 extorres
2963 1264 3212 1327 vagantur
3237 1274 3325 1326 per
3348 1259 3556 1328 orbem,
3585 1263 3693 1317 sine
3707 1265 3800 1319 lto-

2190 1337 2345 1403 mine,
2372 1338 2481 1394 sine
2502 1339 2613 1396 Dea
2637 1340 2796 1414 Rege,
2813 1344 2993 1415 quibus
3018 1363 3109 1401 nec
3135 1348 3442 1405 advenarum
3461 1354 3581 1424 jure
3603 1364 3791 1411 terram

488 1435 577 1489 vel
603 1434 727 1489 inde
753 1444 938 1505 patet,
966 1432 1111 1505 quod
1132 1448 1296 1506 quum
1334 1432 1429 1490 lilii
1449 1432 1532 1488 sui
1565 1432 1616 1487 id
1643 1433 1820 1489 aetatis
1846 1448 1954 1488 non
1986 1432 2081 1488 ba-
2191 1430 2409 1499 palriam
2446 1433 2625 1487 saltem
2677 1438 2885 1507 vestigio
2933 1439 3157 1495 salutare
3203 1442 3495 1497 conceditur
3524 1444 3545 1516 (
3568 1444 3785 1518 Apolog.

487 1524 679 1581 herent
720 1535 780 1580 ut
833 1527 1101 1597 imperare
1156 1532 1380 1597 possent
1405 1566 1421 1590 ,
1453 1523 1711 1581 Severum
1766 1523 1818 1581 id
1866 1524 1920 1581 in
1963 1525 2082 1582 ani-
2187 1535 2235 1577 c.
2268 1519 2406 1594 2L).
2427 1521 2581 1580 Unde
2602 1527 3132 1597 conjiciobelliillius
3159 1533 3518 1599 occasionem,
3539 1537 3792 1606 quodin.
3842 1546 3847 1550 ‘

484 1633 575 1675 mo
604 1618 856 1675 habuisse
885 1618 1179 1687 scripserit,
1199 1627 1278 1681 ut,
1310 1618 1356 1672 si
1383 1617 1510 1689 quid
1539 1618 1641 1673 sibi
1666 1615 1803 1673 forte
1833 1617 2087 1673 humani-
2188 1609 2358 1668 dmum
2388 1614 2585 1671 vellent
2617 1627 2894 1685 repetere,
2923 1622 3045 1692 quia
3090 1622 3193 1678 illis
3212 1623 3289 1678 'ab
3331 1623 3600 1682 Hadriano
3650 1627 3788 1701 imp.

482 1719 570 1766 tus
614 1709 918 1777 accidisset,
946 1708 1107 1780 Niger
1133 1708 1461 1766 Pescennius
1489 1716 1543 1762 et
1569 1708 1830 1764 Claudius
1857 1708 2084 1766 Albinus
2188 1704 2533 1764 interdictum
2561 1706 2754 1765 fuerat.
2793 1711 2906 1767 lluc
2929 1716 3092 1769 etiam
3116 1714 3457 1773 referendum
3484 1719 3627 1791 quod
3657 1724 3792 1777 scri-

483 1803 874 1869 succederent;
902 1818 1134 1874 quorum
1164 1803 1482 1858 illeoccisus
1508 1800 1606 1857 fuit
1641 1815 1787 1856 anno
1809 1803 2076 1871 sequenti.
2114 1876 2150 1880 _
2188 1794 2265 1851 bit
2311 1796 2534 1869 Niceph.
2585 1799 2733 1857 Eccl.
2774 1801 2900 1858 bist.
2948 1800 2989 1859 ι.
3042 1804 3108 1870 5,
3138 1821 3257 1878 cap.
3303 1807 3355 1862 2.
3388 1808 3564 1865 Severi
3588 1813 3793 1880 imperii

484 1894 551 1951 Et
578 1911 742 1967 quum
768 1894 949 1967 (sicuti
994 1894 1129 1950 infra
1176 1894 1360 1967 latius)
1405 1909 1548 1950 anno
1573 1895 1743 1966 ipsius
1769 1895 1823 1950 ι.
1858 1895 2083 1951 Antoni-
2113 1876 2160 1936 B
2188 1890 2333 1944 initio
2355 1893 2481 1945 satis
2511 1893 2639 1948 bona
2670 1894 2782 1950 loco
2808 1913 2887 1953 res
2912 1907 3101 1953 nostra?
3131 1876 3275 1971 fuere
3304 1943 3318 1966 ,
3349 1901 3402 1955 in
3433 1902 3638 1972 diesque
3664 1876 3787 1974 Νινὶ

484 2001 584 2043 nus
609 2001 808 2043 annum
834 2001 1000 2057 agens
1022 1987 1109 2042 15.
1133 1985 1273 2042 Cres.
1298 1987 1437 2057 Aug.
1467 1986 1769 2056 appellatus
1783 1986 1857 2042 sit
1876 2020 1896 2049 ν
1920 2000 2080 2055 opor-
2186 1984 2437 2056 professio
2477 1997 2747 2058 augmenta
2769 2005 2865 2043 sua
2892 1992 3022 2060 copit
3042 2034 3055 2056 ,
3083 2009 3259 2080 eorum
3286 2009 3411 2065 quas
3445 1998 3785 2053 recensuinms

481 2080 615 2136 tebit
664 2080 768 2135 huc
821 2079 1021 2135 referre
1062 2079 1203 2150 quod
1260 2078 1333 2134 de
1357 2078 1507 2133 illius
1547 2078 1736 2131 scribit
1756 2076 2082 2134 educatione
2190 2070 2663 2134 Erclcsiasticornm
2691 2083 2957 2138 doctorum
2982 2077 3187 2155 scriptis
3224 2098 3375 2157 atque
3398 2090 3643 2146 doctrinis
3670 2108 3782 2147 eam

486 2176 709 2228 Auctor.
740 2171 841 2227 Cui
872 2172 1048 2225 simile
1078 2179 1162 2225 est
1200 2169 1328 2225 illttd
1377 2169 1445 2224 de
1490 2170 1589 2224 illo
1617 2168 1885 2240 Spartiuni
1916 2186 1929 2222 :
1965 2187 1984 2220 ι
2016 2168 2081 2225 Si
2186 2169 2603 2236 provehentibus,
2636 2174 2788 2243 idque
2811 2176 2866 2229 in
2895 2178 3131 2231 maximis
3153 2180 3435 2252 quibusque
3463 2184 3780 2251 potissimmtt

480 2265 698 2334 quando
735 2263 869 2318 feris
917 2263 1158 2332 obiectos
1204 2262 1485 2317 damnatos
1529 2261 1705 2325 vidit.
1754 2261 1935 2325 ﬂevit,
1985 2272 2082 2318 aut
2180 2259 2406 2322 urbibus.
2437 2260 2676 2319 nimirum
2723 2266 3086 2333 Alexandritu,
3142 2272 3460 2337 Antiochiae,
3494 2270 3689 2340 ίΕΙίιε.
3732 2289 3780 2333 et

481 2357 670 2412 oculos
721 2358 932 2411 avertit.
982 2355 1278 2420 Septennis
1331 2369 1483 2424 puer,
1536 2369 1701 2423 qutun
1749 2353 2077 2410 collusorem
2182 2366 2273 2420 per
2307 2346 2637 2409 Palmstinam
2668 2352 2878 2413 omnem
2901 2401 2915 2424 ,
2944 2358 3139 2433 Ephesi
3154 2356 3176 2429 ',
3209 2363 3487 2430 Ctesarew.
3539 2380 3587 2424 et
3630 2363 3785 2426 Occié

478 2461 639 2503 suum
688 2462 913 2519 puerum
944 2449 1018 2501 ob
1057 2446 1335 2503 Iudaicam
1366 2446 1679 2517 religionem
1706 2447 1924 2523 gmvius
1950 2459 2079 2503 ver-
2181 2445 2380 2499 dentem
2426 2462 2598 2503 uersus
2620 2489 2636 2515 ,
2676 2446 3055 2509 Thessalonica:
3076 2496 3091 2519 ,
3136 2454 3348 2511 Athenis
3371 2499 3387 2523 ,
3429 2458 3658 2514 Corinthi
3680 2503 3694 2529 ,
3723 2464 3776 2517 in

481 2541 722 2597 bet-etum
772 2540 1008 2597 audisset
1026 2581 1041 2604 ,
1072 2555 1247 2611 neque
1291 2549 1497 2610 patrem
1546 2552 1738 2605 suum,
1768 2553 1942 2608 neque
1982 2551 2078 2610 pa-
2181 2533 2403 2603 Galliis,
2433 2549 2482 2595 et
2507 2538 2681 2597 Roma:
2711 2546 2947 2600 maxime.
2976 2545 3237 2603 Universae
3260 2550 3395 2605 enim
3424 2553 3775 2611 multitudines

481 2641 618 2687 trem
646 2632 825 2701 pueri,
845 2644 1022 2701 neque
1045 2641 1320 2687 auctorem
1353 2630 1637 2687 verberum
1661 2629 1752 2685 diu
1778 2630 2068 2700 respexit.»
2180 2636 2227 2684 et
2253 2628 2434 2686 domus
2476 2639 2597 2686 tota:
2636 2634 2706 2687 ad
2744 2635 2899 2704 ﬁdem
2940 2638 3285 2706 accedebant,
3313 2643 3511 2713 quidvis
3536 2648 3703 2718 facere
3731 2656 3778 2703 et

479 2722 769 2778 Christiano
811 2738 927 2777 vero
975 2723 1107 2778 lacte
1145 2723 1457 2787 educatum,
1490 2738 1556 2776 ex
1591 2735 1662 2777 eo
1696 2722 2075 2792 conﬁrmatur,
2179 2721 2289 2791 pati
2315 2733 2510 2793 par-alte
2537 2766 2554 2794 ,
2586 2741 2740 2797 quam
2765 2738 2821 2783 ut
2845 2728 3120 2799 quidquam
3150 2744 3333 2789 contra
3358 2736 3656 2809 religionem
3680 2757 3776 2795 no-

479 2815 621 2886 quod
652 2813 894 2887 Lugduni
918 2823 1075 2870 natus
1100 2813 1193 2882 sit,
1224 2814 1315 2871 ubi
1342 2815 1554 2888 vigebat
1579 2814 1717 2871 ﬁdes
1741 2813 2070 2873 CitriStiana.

947 2951 1105 3011 Anno
1132 2951 1345 3013 Domini
1375 2964 1535 3010 (τιον.

541 3084 629 3139 Η.
679 3080 817 3143 IMP.
854 3084 1032 3142 CASS.
1066 3087 1129 3142 L.
1151 3086 1297 3144 SEP.
1318 3087 1472 3145 SEV.
1494 3086 1695 3148 PERT.
1717 3088 1878 3149 AVG.
1894 3090 1961 3150 ll.
1982 3092 2076 3152 ET

476 3177 539 3231 D.
561 3176 863 3257 CLAUDIQ
878 3178 1073 3235 SEPT.
1093 3180 1342 3238 ALBINO
1358 3181 1531 3238 CASS.
1553 3182 1617 3238 ll.
1637 3182 1825 3241 COSS.
1846 3201 1990 3242 anno
2015 3186 2072 3243 9.

473 3268 531 3325 S.
574 3268 799 3327 Victoris
843 3271 1001 3326 Rom.
1048 3273 1205 3328 Pont.
1252 3283 1314 3329 et
1354 3274 1521 3345 ipsius
1568 3276 1752 3332 Severi
1789 3276 1853 3334 ΙΙ.
1896 3277 2074 3337 adhuc

474 3359 797 3432 Carthagine
826 3377 1111 3419 causarum
1155 3365 1321 3422 fuisse
1382 3366 1705 3424 advocatum
1764 3368 2066 3428 TERTUL.

363 3518 375 3528 .
473 3454 763 3511 verisimile
813 3466 916 3512 est.
946 3458 1027 3512 Ad
1058 3457 1200 3515 hunc
1222 3472 1407 3517 autem
1450 3476 1653 3518 annum
1696 3458 1883 3520 reierri
1911 3467 2073 3523 debet

472 3542 602 3598 illud
633 3547 798 3615 ipsius
825 3546 919 3611 lib,
954 3548 1019 3602 ad
1050 3549 1330 3622 Scapulam
1357 3569 1371 3607 :
1397 3553 1487 3609 Sic
1506 3563 1553 3609 et
1577 3556 1714 3611 circa
1741 3556 2071 3627 Majestateut

471 3634 810 3705 Imperatoris
829 3638 1171 3710 infamantur,
1205 3652 1373 3697 tamen
1403 3661 1661 3716 nunquam
1690 3646 1949 3704 Albinium
1979 3665 2070 3706 nec

475 3725 722 3799 Nigriani
747 3729 825 3783 vel
842 3728 1073 3787 Cassiani
1102 3733 1319 3790 inveniri
1346 3745 1617 3803 potuerunt
1644 3738 1959 3808 Christiani;
1980 3744 2069 3799 sed

469 3818 627 3874 iidem
670 3821 769 3891 ipsi
798 3823 887 3892 qui
915 3839 1004 3891 per
1031 3822 1217 3879 Genius
1252 3828 1507 3883 eorumin
1544 3830 1711 3899 pridie
1736 3846 1893 3901 usque
1912 3833 2066 3903 jura-

470 3922 645 3966 uerant
660 3951 675 3977 ,
704 3913 793 3984 qui
817 3931 911 3983 pro
934 3917 1098 3972 salute
1124 3934 1296 3973 eorum
1315 3911 1507 3976 hostias
1529 3931 1578 3976 et
1602 3924 1826 3993 fecerant
1846 3934 1892 3979 et
1918 3942 2066 3982 vove-

469 4005 787 4068 rant,hostes
807 4023 979 4069 eorum
1003 4017 1120 4062 sunt
1145 4009 1330 4079 reperti
1356 4009 1460 4082 (Ad
1481 4011 1639 4084 Scap.
1665 4012 1768 4085 2.).
1796 4014 1906 4070 Hoc
1921 4017 2069 4074 enim

470 4108 614 4150 anno
640 4095 833 4166 ltnper.
854 4097 990 4154 Caes.
1016 4097 1077 4154 C.
1106 4100 1430 4167 Pescennius
1452 4103 1610 4176 Niger
1629 4105 1814 4163 Justus
1832 4110 2062 4179 August.

468 4186 680 4242 occisus
723 4197 806 4243 est
843 4188 982 4258 apud
1010 4189 1298 4261 Cyzicum,
1328 4195 1450 4251 sive
1492 4195 1683 4253 lsicum
1702 4198 1860 4269 juxta
1892 4200 2063 4258 llero-

466 4276 686 4334 dianum
711 4321 725 4345 ,
752 4295 858 4350 quo
896 4280 1036 4337 facto
1066 4298 1186 4339 mox
1225 4283 1460 4343 Severus
1488 4303 1584 4345 eos
1604 4289 1897 4350 Senatores
1923 4294 2066 4349 occi-

470 4368 544 4424 dit
615 4372 707 4441 qui
748 4370 895 4443 Nigri
947 4385 1124 4443 partes
1169 4380 1342 4435 secuti
1386 4382 1597 4438 l'ucrant
1629 4392 1687 4440 et
1734 4399 1857 4440 cum
1896 4384 2066 4456 Nigro

468 4463 828 4520 militaverant
858 4466 1057 4523 Ducum
1100 4480 1192 4525 aut
1219 4470 1581 4529 Tribunum
1606 4476 1835 4534 nomine
1853 4517 1869 4543 .
1896 4479 2059 4535 alios-

467 4570 573 4626 que
598 4571 786 4614 omnes
814 4562 1052 4630 exceptis
1092 4561 1347 4619 Militibus
1365 4604 1381 4631 ,
1410 4581 1544 4637 quos
1586 4567 1903 4638 impunitate
1930 4556 2056 4641 pro;

2178 2823 2337 2870 stram
2361 2828 2570 2888 agerent
2615 2831 2705 2875 aut
2750 2833 3013 2879 nauarent.
3045 2825 3160 2895 Qua
3191 2830 3476 2888 occasione
3503 2835 3664 2890 etiam
3694 2851 3778 2892 rc-

2177 2906 2434 2967 censendi
2457 2909 2543 2968 hic
2570 2915 2813 2984 veniunt,
2843 2931 3070 2988 quorum
3092 2929 3201 2975 tum
3224 2921 3331 2989 ille,
3359 2932 3471 2980 tum
3489 2925 3774 2995 Eusebius,

2176 3004 2581 3072 meminerunt;
2611 3005 2768 3079 hujus
2815 3011 2991 3066 aetatis
3036 3008 3393 3071 Ecclesiastici
3446 3021 3773 3092 scriptores,

2177 3093 2409 3151 maxime
2455 3112 2618 3168 quum
2668 3098 2906 3170 ipsorum
2963 3104 3179 3175 scriptis
3223 3115 3278 3161 et
3325 3106 3590 3165 doctrinis
3633 3110 3773 3168 haud

2176 3185 2337 3244 dubie
2373 3182 2656 3261 acceptam
2693 3190 2888 3250 debeat
2934 3209 3084 3251 suam
3132 3201 3539 3257 conversionem
3571 3205 3773 3260 Auctor

2178 3289 2382 3337 noster.
2415 3278 2571 3353 Apud
2598 3280 2976 3342 Alexandriam
3014 3284 3317 3346 Demetrius
3355 3288 3650 3363 Episcopus
3678 3295 3766 3351 l2.

2174 3384 2237 3426 ac
2265 3368 2572 3445 Presbyteri
2596 3373 2905 3432 Panthenus
2952 3390 3023 3447 et,
3061 3380 3176 3451 ejus
3203 3381 3497 3453 discipulus
3520 3383 3772 3444 Clemens

2176 3460 2438 3517 Alexand.
2471 3464 2770 3523 Antiochia:
2786 3466 2841 3524 9.
2873 3462 3055 3538 Episc.
3090 3470 3313 3544 Serapio
3333 3515 3350 3541 ,
3376 3475 3773 3549 Hierosolymo-

2173 3568 2289 3609 rmn
2334 3554 2702 3623 ‘54.Gordius,
2749 3556 3011 3617 Cmsarete
3052 3560 3351 3622 Palaestinae
3396 3566 3765 3640 Theophilus,

2175 3644 2443 3716 Ephesius
2472 3646 2816 3721 Polycrates,
2847 3648 3101 3710 Ponticus
3163 3657 3373 3713 Paltnas
3398 3702 3413 3725 ,
3446 3660 3674 3719 Berillus
3715 3675 3768 3720 et

2172 3734 2421 3795 Bacltilus
2446 3736 2731 3809 Corinthii,
2763 3743 2814 3799 in
2840 3740 3018 3802 Africa
3045 3747 3368 3822 Carthagine
3399 3753 3727 3828 Agrippinus
3747 3802 3761 3824 ,

2173 3829 2413 3901 Lugduni
2461 3831 2749 3890 Galliarum
2818 3836 2876 3894 S.
2951 3837 3223 3906 lrenmus,
3283 3844 3468 3901 Romae
3537 3845 3767 3923 denique

2171 3920 2421 3980 S.Victor
2446 3924 2602 3981 Pont.
2634 3922 2810 3999 Atque
2833 3929 2967 3987 adeo
2991 3931 3113 3988 hinc
3129 3935 3476 3994 conﬁrmatur
3493 3920 3765 3998 neSIra'ex

2169 4014 2273 4071 MS.
2306 4016 2426 4072 cod.
2461 4018 2621 4074 lectio
2646 4020 2787 4091 apud
2818 4022 2972 4079 Auct.
3027 4022 3215 4091 Quales
3258 4044 3376 4099 ergo
3411 4027 3566 4102 Leges
3613 4033 3724 4087 ista?
3746 4044 3775 4101 ,'

2168 4126 2294 4179 quas
2320 4110 2588 4166 adversum
2614 4129 2704 4168 nos
2730 4116 2826 4169 soli
2854 4129 3081 4171 exercent
3104 4119 3252 4188 impii
3273 4162 3287 4186 ,
3315 4121 3492 4190 iujustt'
3520 4165 3535 4191 ,
3570 4133 3760 4193 turpes.

2168 4209 2368 4266 truces,
2421 4204 2568 4269 vani,
2618 4205 2920 4271 deum;
2974 4223 3103 4279 quas
3148 4212 3322 4266 nullus
3348 4211 3537 4280 gPius,
3594 4216 3764 4270 nullus

2176 4291 2336 4349 Verus
2362 4297 2651 4367 impressit?
2683 4297 2917 4371 (Ibid._c.
2951 4301 3029 4369 5.)
3059 4316 3250 4373 nempe
3266 4318 3431 4375 usque
3451 4304 3516 4361 ad
3544 4304 3597 4361 id
3630 4315 3763 4363 tem-

2166 4389 2315 4459 poris
2328 4404 2444 4461 quo
2470 4390 2876 4463 Apologeticum
2907 4394 3094 4451 edidit.

2577 4593 2587 4603 ι
2643 4522 2798 4579 Anno
2836 4518 3052 4584 Domini
3089 4512 3267 4586 cxcvi.

485 4618 501 4626 -
949 4618 963 4630 .
1266 4618 1269 4619 ν
1367 4618 1381 4631 .
1416 4618 1541 4637 γη
1587 4618 1903 4638 "vr—«mw
1932 4618 2026 4641 νη

462 4651 635 4720 posita
672 4655 873 4724 recepit
898 4674 913 4718 ;
944 4656 1294 4714 AtillOCllcnlS
1323 4661 1722 4739 privileth
1744 4664 2056 4736 Neapolim.
2083 4618 2138 4683 Β
2186 4655 2242 4729 .§
2270 4658 2354 4714 Vl.
2383 4656 2919 4733 Quandonamgquare
2937 4665 3201 4719 occasione
3220 4682 3278 4719 ac
3298 4666 3477 4739 quibus
3497 4672 3759 4726 tttouteutis

467 4744 551 4798 nis
603 4744 692 4814 jus
741 4747 972 4803 civitatis
1017 4750 1209 4821 eadem
1252 4751 1320 4808 de
1367 4767 1527 4809 causa
1558 4744 1794 4814 'ademit.
1841 4758 2060 4831 Aliquot

467 4833 664 4891 deinde
713 4837 1071 4895 Barbarorum
1124 4843 1300 4916 [teges
1342 4845 1513 4915 (juxta
1558 4847 2059 4924 0nuphrium),qui

465 4926 631 4998 Nigro
673 4930 884 4987 fuerant
929 4936 1162 5002 auxilio,
1194 4950 1224 4991 a
1271 4938 1475 4997 Severo
1521 4941 1650 4999 victi
1692 4955 1856 5013 sunt;
1888 4958 2059 5018 quare

464 5019 581 5090 ipse
608 5016 836 5077 IMPJI.
866 5016 952 5078 ili.
983 5025 1166 5082 ctllll.
1195 5030 1496 5099 appellatus
1539 5042 1655 5089 est:
1687 5050 1825 5106 quos
1871 5016 2062 5097 euntes

465 5112 745 5185 Nigrianos
793 5116 993 5173 Auctor
1038 5129 1221 5176 noster
1263 5124 1517 5193 appellat.
1542 5124 1701 5194 Quod
1722 5136 2060 5197 postremum

463 5203 748 5262 confirmat
791 5218 1214 5290 nostraurscnt.
1261 5213 1328 5269 de
1382 5214 1692 5286 Arabibus,
1750 5217 1962 5277 Parthis
2005 5230 2063 5281 et

461 5296 754 5354 Adiabenis
780 5299 883 5355 hoc
906 5314 1051 5357 anno
1079 5300 1344 5371 devictis;
1371 5315 1532 5376 atque
1573 5307 1725 5388 adeo
1754 5308 1857 5365 huc
1882 5315 2057 5382 peni-

461 5400 592 5445 nent
621 5391 996 5463 inscriptiones
1020 5392 1372 5455 Nummorum
1393 5410 1447 5455 ct
1476 5400 1801 5459 “armorum
1825 5407 2060 5477 antiqua:

459 5495 624 5552 supra
644 5482 828 5539 citata:
858 5499 872 5549 ;
900 5496 956 5541 ct
982 5487 1213 5557 proinde
1248 5489 1388 5545 iilud
1418 5493 1702 5549 Auctoris:
1735 5494 1942 5552 barbari
1956 5514 2054 5554 ea;-

456 5572 586 5627 clusi
608 5572 709 5645 (De
746 5572 887 5631 Pall.
916 5594 960 5631 ε.
990 5576 1094 5649 2.).
1118 5578 1187 5636 Et
1212 5594 1338 5637 vero
1354 5580 1776 5642 Consti’tutioues
1800 5586 1880 5643 Iris
1894 5586 2052 5646 Coss.

458 5662 616 5717 edita:
643 5666 793 5721 titulo
836 5666 1025 5725 Severi
1067 5680 1122 5725 et
1170 5672 1425 5729 Antonini
1472 5676 1643 5748 Augg.
1676 5676 1815 5734 datm
1840 5694 1896 5734 ν.
1928 5679 2053 5737 Kal.

449 5750 621 5807 Martii
642 5794 656 5818 ,
689 5768 765 5809 xt.
788 5754 912 5811 iiii.
943 5759 1100 5827 Maii,
1136 5758 1301 5819 Nonis
1326 5763 1452 5820 Julii
1477 5782 1548 5823 γι.
1578 5766 1701 5825 Kal.
1733 5768 1851 5827 Oct.
1884 5779 1939 5828 et
1964 5784 2046 5830 xt.

451 5842 570 5900 Kal.
587 5842 845 5903 Novemb.
887 5850 1207 5911 confirmant
1249 5856 1392 5925 quod
1419 5871 1578 5929 supra
1603 5858 1832 5921 diximus
1848 5860 1916 5921 de
1937 5863 2048 5923 An-

2161 4747 2478 4806 Christianus
2500 4754 2732 4808 evaserit.
2753 4785 2824 4796 —
2855 4754 2940 4810 l2.
2975 4756 3037 4825 Ο.
3081 4756 3335 4814 FLAVIU
3388 4758 3759 4820 TERTULLO

2162 4840 2467 4899 SCAPULA
2497 4854 2548 4900 et
2578 4845 2639 4900 T.
2660 4845 2911 4903 FLAVIO
2935 4846 3306 4906 CLEMENTE
3328 4850 3763 4911 COSSSNiclo-

2163 4937 2236 4990 ris
2258 4936 2414 4992 Rom.
2440 4937 2595 4994 Pont.
2613 4953 2754 4995 anno
2774 4956 2829 4995 x.
2853 4950 2909 4998 et
2924 4940 3111 4998 Severi
3130 4960 3207 5000 ut.
3235 4944 3759 5004 TERTULLIANUS

2167 5026 2289 5083 ﬁdei
2316 5026 2672 5095 Christianae,
2709 5045 2826 5087 mea
2854 5033 3071 5102 quidem
3117 5038 3402 5099 sententia,
3430 5052 3625 5091 nomen
3658 5035 3756 5090 de.

2163 5114 2242 5174 dit
2269 5119 2368 5193 (l),
2398 5117 2628 5191 Imperio
2649 5121 2758 5191 jam
2786 5114 3011 5193 prorsus
3042 5136 3250 5195 pacato,
3277 5140 3399 5182 cum
3428 5125 3631 5183 Severo
3650 5126 3755 5183 im-

2224 5251 2294 5315 (1)
2331 5249 2617 5315 Rumpite.
2664 5253 2871 5307 Pamelii
2910 5259 3208 5308 sententiam
3242 5256 3426 5309 Petrus
3461 5257 3672 5312 Allixius
3706 5263 3759 5313 in

2162 5311 2684 5383 dis‘sértzdefl‘ertull.
2708 5320 2807 5370 vita
2831 5320 3376 5383 et_script.}’ari51680.
3404 5329 3458 5371 et
3479 5311 3751 5374 ’Πυθωὸή-

2159 5375 2277 5448 tilts,
2301 5375 2583 5448 meruerit-gs,
2604 5384 2857 5448 t._itt._art.
2884 5375 3130 5448 2,__p.'7‘87.
3170 5383 3437 5448 rejiciunt._
3453 5384 3676 5448 Quidam,
3702 5393 3758 5437 ut

2159 5436 2320 5500 refert
2338 5439 2411 5490 Et.
2434 5438 2493 5489 Ρ.
2520 5436 2681 5500 Bent,
2700 5436 3061 5493 Dissertitiist.
3086 5436 3267 5495 me.
3294 5436 3533 5497 secuta.
3552 5436 3752 5500 dissert.

2159 5497 2215 5573 4.
2254 5502 2279 5563 §
2313 5502 2361 5551 2.
2384 5516 2437 5573 ρ.
2472 5503 2580 5553 415.
2632 5497 2691 5554 ad
2726 5504 2874 5573 tidem
2908 5506 3219 5573 christiamm
3256 5521 3547 5573 (moversum
3580 5497 3757 5573 putant.

2159 5561 2288 5611 circa
2311 5561 2833 5634 ea_ftempot:a,_quibus
2856 5568 3049 5631 scripsit
3070 5567 3246 5634 librum
3265 5570 3329 5634 de
3346 5570 3514 5631 Pallio,
3539 5561 3645 5634 post
3667 5561 3754 5621 an;

2159 5636 2277 5673 num
2297 5626 2487 5699 stilieet
2502 5627 2615 5679 208.
2637 5626 2738 5706 Sed
2761 5628 2902 5706 plura
2922 5626 3092 5706 extant
3123 5626 3589 5706 Tertulliani
3609 5641 3760 5706 antea

2156 5692 2425 5751 conscripta
2445 5703 2558 5801 clpe
2576 5699 2787 5763 nostram
2803 5692 2865 5741 ab
2884 5704 2945 5742 eo
2965 5692 3230 5767 professum
3247 5694 3390 5745 tidem
3407 5692 3661 5775 exhibent.
3681 5696 3755 5746 Ad

2157 5750 3159 5829 9999.‘.?.3-9£u!“susentiemus!"
3191 5755 3349 5829 τετεετι
3382 5752 3665 5829 Fabricium
3693 5757 3755 5806 ad

2154 5824 2332 5887 ιῐωοξξι
2348 5811 2440 5862 ίτο
2454 5807 2755 5887 ρυβίηειεεαά
2767 5816 3054 5887 meum
3067 5817 3574 5887 ϐινειιεῲξφίιιπιθξ
3588 5807 3757 5871 when

2154 5880 2206 5925 et
2226 5874 2341 5926 solis
2362 5876 2656 5939 conjecturis
2677 5877 2851 5930 innixi.
2870 5877 2996 5931 Vide
3016 5874 3394 5943 Lumper,'ibid.
3534 5880 3655 5934 Eoo.
