4242 6266
335 373 345 382 ’
387 380 465 446 5'5

1712 372 2181 437 TERTULLlANI
2219 373 2402 435 VITA.

3627 376 3702 440 δι

392 508 707 581 penatibus
724 506 999 566 Antonino
1022 503 1139 577 ejus
1162 500 1274 559 tilio
1290 504 1345 557 et
1366 493 1562 555 Claud.
1582 490 1778 551 Albino
1801 490 1988 549 Czcsa-
2018 491 2135 581 ALL
2166 490 2234 547 de
2258 488 2425 546 Pallio
2450 502 2501 547 c.
2528 487 2565 545 2
2584 532 2602 560 ,
2630 492 2683 548 et
2706 488 2947 563 ejusdem
2974 488 3199 563 Apolog;
3218 500 3339 563 cap.
3368 489 3441 549 40
3462 533 3478 561 ,
3508 504 3615 564 quo
3639 498 3699 552 et

393 604 544 659 ribus
565 645 581 665 .
612 601 755 672 quod
784 573 1163 669 adeo-Triplex
1190 592 1471 665 Imperium
1497 596 1656 644 vacat
1682 586 1861 643 verbis
1900 600 1987 640 su-
2040 573 2161 641 'ad
2190 586 2443 640 Annotat.
2476 593 2689 641 nostras
2715 584 2998 639 Lectorem
3027 584 3376 640 remittimus.

392 710 488 767 pra
507 696 685 751 citatis
702 737 717 759 ,
734 707 845 766 quo
863 692 1144 749 Lectorem
1165 686 1490 744 remittimus
1510 699 1525 748 ;
1546 677 1823 751 complura
1844 678 1989 734 enim

391 788 501 844 illic
545 787 885 858 reperiuntur
908 798 1029 856 qua!
1068 783 1136 838 ad
1174 782 1317 836 hunc
1363 791 1563 833 annum
1600 776 1894 846 pertinent.
1930 770 1989 826 Id

395 874 570 936 tamen
600 893 706 935 non
724 878 880 934 initio
896 919 910 944 ,
932 879 1027 932 sed
1054 874 1156 929 sub
1173 872 1333 944 hujus
1358 869 1485 924 anni
1508 868 1708 923 ﬁnem:
1730 865 1993 920 'eradicato

393 974 501 1040 iam
518 972 657 1027 omni
682 971 888 1027 aconita
918 968 1212 1023 hostilitatis
1250 966 1267 1031 (
1301 962 1381 1017 Ad
1410 960 1571 1031 Scap.
1598 975 1644 1013 c.
1673 958 1749 1024 3;
1775 956 1995 1027 Apolog.

393 1083 440 1122 c.
469 1066 563 1135 εὖ)
584 1107 598 1130 ,
626 1072 815 1135 utpote
837 1071 957 1134 post
983 1059 1255 1116 excidium
1286 1055 1658 1127 Byzantimrm,
1681 1065 1801 1121 quae
1828 1047 1957 1104 urbs
1979 1088 1999 1116 ,

396 1156 737 1221 Herodiano,
768 1154 975 1210 Zonara
1003 1162 1060 1208 et
1106 1148 1371 1205 biiabaele
1398 1145 1561 1215 Glyca
1606 1140 1854 1207 testibus,
1876 1146 2001 1208 post

396 1248 609 1304 triennii
653 1246 993 1301 obsidionem
1022 1285 1038 1307 ,
1063 1252 1298 1312 emptam
1340 1248 1487 1291 anno
1508 1250 1548 1289 ι.
1569 1232 1754 1289 Severi
1776 1273 1788 1294 ,
1820 1229 2000 1285 adhuc

395 1342 609 1396 vivente
634 1338 799 1409 Nigro
825 1378 842 1403 ,
893 1335 1110 1391 tandem
1153 1334 1291 1387 {ante
1331 1337 1482 1398 capta
1509 1337 1629 1393 est,
1655 1333 1706 1380 et
1747 1323 1999 1378 libertate

398 1432 545 1488 omni
590 1431 842 1499 adempta
892 1425 1181 1483 Perintbiis
1209 1424 1229 1494 (
1258 1421 1348 1494 qui
1396 1416 1563 1474 multa
1588 1410 1814 1487 a‘Nigro
1852 1414 2001 1486 passi

399 1519 659 1595 fuerant),
687 1520 985 1590 adjudieata
1013 1526 1095 1573 est
1114 1556 1129 1578 .
1152 1516 1314 1571 etiam
1354 1511 1627 1568 mmnibus
1669 1510 1875 1566 eversis
1898 1549 1912 1570 ,
1942 1508 2001 1562 in

399 1615 505 1668 vici
536 1614 766 1667 formam
808 1610 1040 1666 redacta.
1069 1604 1234 1677 Cujus
1281 1605 1444 1660 etiam
1498 1604 1655 1659 Auct.
1706 1599 1996 1656 meminit:

406 1703 615 1769 Celius,
648 1703 854 1773 inquit,
888 1700 1101 1769 Lapella
1137 1699 1190 1752 in
1217 1698 1354 1753 exitu
1384 1696 1692 1767 Byzantino,
1721 1689 2003 1747 Christiani

400 1796 635 1866 gaudete,
648 1793 941 1848 exclamavit
955 1789 1120 1864 (Ibid.
1143 1805 1192 1844 c.
1209 1786 1348 1855 19.).
1371 1786 1722 1842 Occasionem
1742 1796 1856 1838 sum
1873 1792 2003 1836 con-

2167 679 2253 735 15.
2295 676 2391 733 llic
2436 677 2695 733 duntaxat
2730 676 3010 743 addemus,
3049 676 3290 733 alludere
3337 676 3491 733 illum
3554 678 3693 736 inter

2094 779 2289 828 caetera
2335 769 2402 825 ad
2442 770 2579 824 luem
2623 770 2910 824 maximam
2941 768 3130 823 Roma:
3171 778 3224 824 et
3253 768 3308 824 in
3354 770 3537 826 multis
3564 770 3699 828 Pro-

2098 864 2321 930 vinciis,
2351 877 2414 919 ac
2466 873 2625 918 terra:
2668 871 2873 918 motum
2917 877 3025 934 quo
3070 861 3275 917 corruit
3313 860 3544 937 Smyrna
3569 864 3699 922 urbs

2101 956 2246 1013 Asiae
2265 999 2279 1025 ,
2304 971 2423 1026 qua:
2440 963 2684 1011 recenset
2707 954 2906 1010 Euseb.
2936 953 2988 1010 in
3013 953 3297 1010 Chronicis
3322 956 3423 1011 sub
3443 954 3625 1011 Marco
3644 963 3703 1013 et

2102 1047 2243 1104 Vero
2266 1046 2441 1119 Impp.
2469 1055 2524 1103 et
2552 1046 2751 1102 fulmen
2779 1043 2922 1117 quod
2952 1045 3049 1100 sub
3077 1043 3377 1101 Commodo
3407 1046 3458 1100 in
3484 1044 3705 1117 Capito-

2098 1139 2231 1196 lium
2279 1155 2441 1195 ruens
2482 1138 2872 1194 Bibliothecam
2923 1134 3310 1204 inﬂammavit,
3341 1145 3395 1193 ct
3416 1136 3554 1192 bella
3581 1138 3702 1208 ejus

2101 1233 2276 1288 celatis
2316 1232 2526 1298 civilia,
2560 1245 2785 1301 quorum
2812 1230 2923 1300 jam
2964 1228 3325 1283 meminimus.
3360 1225 3494 1283 Item
3525 1228 3592 1283 ad
3619 1230 3704 1298 fa-

2102 1341 2253 1390 mem,
2273 1324 2340 1378 de
2361 1338 2466 1393 qua
2488 1321 2528 1376 1.
2561 1321 2626 1376 ad
2655 1321 2812 1391 Scap.
2839 1322 2891 1375 in
2910 1319 3027 1376 inec
3048 1320 3231 1383 verba,
3255 1318 3341 1390 (L.
3372 1320 3440 1373 ad
3464 1319 3622 1390 Scap.
3647 1337 3696 1375 c.

2102 1416 2185 1484 5.)
2214 1433 2226 1468 :
2262 1413 2410 1470 Sicut
2437 1423 2483 1468 et
2521 1413 2612 1468 sub
2634 1411 2912 1467 Hilariano
2940 1411 3173 1483 prwside,
3194 1427 3349 1483 quum
3379 1411 3442 1465 de
3467 1412 3598 1465 areis
3623 1426 3704 1469 se-

2104 1507 2423 1581 pulturarum
2467 1515 2760 1560 nostrarum
2803 1504 3215 1559 acclamassent:
3247 1503 3393 1558 Area:
3430 1518 3532 1557 non
3552 1502 3693 1570 sint,

2103 1614 2236 1655 area:
2249 1599 2475 1670 ipsorum
2498 1614 2597 1653 non
2615 1601 2855 1670 fuerunt;
2874 1613 3056 1651 messes
3073 1598 3205 1650 enim
3216 1613 3336 1650 suas
3349 1613 3448 1650 non
3466 1605 3698 1670 egegunt.

2106 1664 2346 1764 Denique
2395 1691 2461 1747 ad
2509 1664 2799 1762 portentum
2821 1732 2835 1759 ,
2870 1690 2939 1745 dc
2981 1703 3087 1760 quo
3112 1687 3307 1743 ibidem
3338 1705 3353 1742 :
3384 1664 3524 1742 Nam
3546 1664 3600 1742 ᾖ
3624 1688 3707 1755 sol

2108 1784 2197 1843 ille
2240 1789 2293 1841 in
2333 1776 2591 1841 conventu
2626 1783 2884 1847 Uticensi,
2920 1784 3142 1837 extincto
3183 1799 3310 1851 pene
3355 1781 3543 1835 lumine
3571 1782 3702 1838 adeo

401 1886 665 1942 versionis
683 1887 817 1953 ipse,
843 1892 1101 1951 quantum
1126 1877 1579 1951 apparet,indicat
1603 1890 1671 1931 ex
1693 1874 2001 1931 testimonio
2028 1876 2076 1948 Β
2107 1888 2393 1950 portentum
2444 1879 2538 1949 fuit
2558 1919 2572 1940 ,
2600 1884 2657 1929 ut
2696 1891 2797 1929 non
2837 1860 3054 1945 potuerit
3084 1890 3147 1928 ea:
3186 1872 3447 1926 ordinario
3476 1862 3701 1941 deliquio

357 2041 360 2045 ,
400 1978 626 2050 alicujus
679 1977 772 2032 Dei
807 1976 897 2046 qni
918 1992 947 2051 _a
968 1973 1292 2031 Christianis
1312 1970 1593 2039 adjuratus
1610 1967 1909 2022 daemonem
1940 1979 2002 2021 se

402 2072 755 2128 annitebatur
798 2067 991 2135 (lbid.,
1031 2084 1080 2123 e.
1111 2065 1227 2137 90).
1262 2062 1388 2117 Ha'c
1433 2057 1762 2127 testimonia(
1784 2054 2003 2127 inquit)

406 2163 624 2218 Deorum
646 2160 926 2216 vestrorum
947 2158 1265 2213 Christianos
1286 2158 1454 2226 facere
1478 2157 1870 2214 consummant,
1900 2163 2002 2217 qua

407 2258 678 2327 plurimum
703 2254 811 2308 illis
836 2251 1088 2307 credendo
1108 2291 1123 2316 ,
1152 2251 1204 2303 in
1229 2248 1429 2302 Christo
1458 2244 1677 2298 Domino
1722 2241 1999 2298 credimus.

405 2351 436 2406 Ι
440 2353 521 2422 psi
542 2351 822 2405 litterarum
849 2356 1136 2402 nostrarum
1160 2342 1312 2412 ﬁdem
1326 2340 1610 2394 accendunt
1627 2374 1647 2403 ,
1667 2336 1768 2406 ipsi
1779 2334 1889 2412 spei
1911 2346 2004 2388 no-

401 2454 522 2499 stra:
540 2442 800 2512 ﬁdentiam
827 2426 1085 2506 ludiﬁcant
1103 2434 1203 2508 (l).
1230 2433 1412 2503 Neque
1439 2438 1619 2485 tamen
1649 2427 1773 2483 inde
1795 2426 2001 2482 solum-

403 2535 565 2592 modo
582 2576 599 2602 ,
628 2533 723 2590 sed
740 2541 878 2589 etes
906 2529 1012 2585 ﬁde
1036 2527 1421 2597 scripturarum
1447 2535 1720 2578 sacrarum
1739 2560 1754 2586 ,
1774 2530 2004 2589 alterum

406 2628 567 2683 tidem
584 2626 656 2681 dii
683 2638 782 2680 suo
803 2619 1112 2678 testimonio
1127 2615 1447 2689 approbant.
1474 2613 1701 2668 Maxime
1722 2610 1866 2682 quod
1888 2608 2005 2662 illa-

403 2734 523 2775 rum
570 2716 942 2772 auctoritatem
972 2711 994 2783 (
1023 2710 1110 2766 vel
1155 2711 1275 2780 ipso
1314 2715 1455 2763 teSte
1497 2704 1608 2776 jam
1651 2699 2001 2771 Christiano)

404 2825 616 2868 summa
663 2807 952 2878 antiquitas
990 2801 1322 2866 vindicaret,
1354 2805 1540 2869 utpote
1578 2804 1746 2866 quum
1781 2814 1795 2849 :
1828 2804 2004 2847 omnes

404 2904 714 2960 substantias
734 2943 751 2969 ,
781 2914 1053 2969 omnesque
1070 2896 1310 2951 materias
1332 2930 1349 2961 ,
1377 2892 1597 2963 origines
1616 2931 1632 2958 ,
1660 2888 1865 2944 ordines
1882 2926 1898 2953 ,
1922 2901 2006 2941 ee-

407 3018 500 3056 nas
539 2966 767 3054 veterani
810 2966 1058 3065 cujustpte
1099 2990 1222 3062 styli
1244 3030 1261 3057 ,
1290 2996 1461 3059 gentes
1483 2974 1635 3041 etiam
1664 2983 1931 3055 plerasque
1959 2966 2006 3035 et

406 3092 572 3158 urbes,
597 3092 823 3162 insignes
842 3085 1171 3142 historiarum
1190 3096 1378 3136 causas
1397 3088 1445 3133 et
1466 3075 1845 3139 memoriarum,
1868 3072 2009 3141 ipsas

407 3187 627 3257 denique
652 3184 839 3255 efﬁgies
875 3182 1189 3241 litterarum,
1219 3174 1416 3231 indices
1449 3169 1778 3239 custodesque
1796 3178 2008 3228 rerum;

2105 1979 2198 2025 hoc
2227 1970 2332 2040 pati
2351 2011 2366 2036 ,
2400 1969 2592 2038 positus
2620 1967 2686 2020 in
2722 1982 2815 2020 suo
2845 1965 3139 2035 hypsomate
3159 1971 3204 2015 et
3225 1961 3502 2015 domicilio.
3525 1960 3607 2031 (ιι,
3636 1960 3702 2016 de

2096 2067 2287 2120 testim.
2317 2063 2501 2116 anima:
2525 2057 2750 2130 cap.i.).
2779 2054 2848 2113 Et
2877 2072 3028 2120 vero,
3051 2055 3249 2125 scripta
3267 2068 3480 2125 quoque
3507 2052 3703 2107 multu-

2103 2173 2221 2212 rnm
2254 2166 2282 2209 a
2309 2153 2522 2209 Christo
2554 2148 2774 2207 Patrum
2820 2148 2940 2204 adv.
2974 2146 3176 2204 Gentes
3202 2145 3539 2202 conversioni
3568 2159 3704 2201 cau-

2107 2263 2219 2303 sam
2241 2247 2453 2303 dedisse
2481 2244 2763 2309 sentimus,
2784 2241 2850 2297 ad
2872 2256 2991 2313 quae
3021 2238 3211 2294 alludit
3234 2238 3361 2294 alibi
3384 2255 3396 2292 :
3420 2234 3701 2305 Nonnulli,

2107 2343 2281 2414 inquit
2307 2383 2322 2408 ,
2354 2338 2536 2412 quibus
2564 2339 2628 2392 de
2655 2337 2875 2408 pristina
2899 2335 3204 2399 litteratura,
3233 2341 3277 2385 et
3298 2330 3604 2386 curiositatis
3623 2331 3706 2384 la-

2108 2436 2218 2501 bor,
2247 2443 2293 2488 et
2332 2431 2589 2486 memoria:
2618 2438 2759 2485 tenor
2800 2426 3191 2499 perseveraverit
3219 2466 3233 2491 ,
3263 2423 3507 2495 opuscula
3550 2437 3707 2492 penes

2108 2543 2199 2581 nos
2225 2523 2563 2579 condiderunt
2586 2563 2601 2590 ,
2627 2527 3074 2576 conmtemorantcs
3117 2525 3164 2570 et
3203 2514 3624 2584 contestiﬁcantes
3651 2513 3708 2569 in

2108 2617 2519 2691 suggillationem
2558 2616 2605 2669 et
2648 2612 2897 2684 originem
2926 2620 2970 2665 et
2998 2608 3325 2663 traditionem
3348 2615 3395 2660 et
3422 2604 3703 2662 sententia-

2106 2728 2225 2766 rum
2263 2717 2561 2781 argumenta
2599 2723 2688 2778 per
2737 2720 2851 2775 quae
2880 2701 3172 2775 recognosci
3219 2699 3407 2771 possit,
3440 2696 3570 2752 nihil
3611 2712 3707 2753 nos

2107 2816 2196 2862 aut
2238 2821 2450 2871 novum,
2474 2812 2561 2857 aut
2605 2810 2973 2872 portentosum,
2998 2796 3280 2865 suscepisse
3309 2835 3324 2861 ,
3356 2792 3422 2847 de
3459 2807 3559 2864 quo
3603 2805 3711 2845 non

2110 2901 2261 2955 etiam
2289 2912 2579 2952 communes
2608 2895 2787 2948 litterw
2806 2892 2873 2946 ad
2893 2887 3200 2960 su/I'ragium
3220 2886 3363 2942 nobis
3385 2887 3712 2956 patrocinen-

2111 3004 2212 3055 tur,
2239 2992 2282 3048 si
2308 2990 2430 3059 quid
2458 2997 2545 3042 aut
2594 2986 2779 3042 erroris
2800 2986 3037 3057 ejecimus
3055 3024 3070 3051 ,
3095 2992 3184 3036 aut
3208 2981 3458 3050 a’quitatis
3490 2977 3705 3032 admisi-

2113 3100 2242 3138 mus.
2264 3081 2354 3154 (L.
2378 3076 2713 3133 adv.Valent.
2730 3092 2775 3129 ε.
2802 3075 2907 3145 5.).
2926 3073 3069 3127 inter
3092 3085 3226 3141 quos
3248 3064 3710 3124 commemorandi

2114 3174 2446 3244 Quadratus,
2473 3167 2738 3225 Aristides
2758 3209 2773 3234 ,
2802 3168 3171 3233 Anaxagoras,
3194 3159 3395 3228 Melito,
3436 3156 3714 3227 TlteOphic

407 3249 554 3349 ipsos
573 3249 706 3331 Deos
722 3249 875 3345 ,vipsa
903 3271 1096 3341 templa
1122 3278 1172 3323 et
1209 3266 1419 3322 oracula
1448 3272 1494 3318 et
1520 3276 1669 3317 sacra
1691 3260 1845 3313 unius
1874 3255 2006 3310 Pro-

2114 3266 2197 3322 lus
2224 3262 2591 3320 Antiochenus
2612 3300 2628 3327 ,
2682 3256 3044 3329 Apollinarius
3077 3292 3094 3319 ,
3139 3250 3395 3339 Tatianus
3417 3292 3432 3319 ,
3461 3249 3714 3306 Clemens

415 3372 578 3442 pheta
598 3368 791 3440 Μυρνδεὶ
807 3366 1046 3421 scrinium
1066 3362 1249 3418 seculis
1266 3360 1461 3430 aliquot
1476 3353 1816 3410 anteverterit.
1833 3349 2009 3428 Quum

415 3463 576 3518 etiam
607 3459 812 3515 illarum
844 3457 1167 3527 Majestatem
1198 3452 1433 3507 divinam
1483 3445 1887 3518 praedictionum
1915 3454 2011 3498 ve-

419 3554 555 3609 ritas
593 3549 965 3621 comprobaret
997 3566 1011 3603 :
1047 3543 1313 3615 Quidquid
1357 3542 1490 3597 enim
1512 3580 1529 3607 ,
1560 3537 1775 3608 inquit,
1817 3540 2010 3607 agitur,

412 3646 871 3718 prtenuntiabatnr.
911 3642 1065 3711 Quod
1083 3651 1232 3695 terrm
1246 3646 1424 3693 vorant
1449 3634 1626 3699 urbes,
1657 3632 1793 3702 quod
1816 3629 2014 3686 insulas

408 3741 575 3796 maria
598 3738 879 3810 fraudant,
906 3736 1044 3807 quod
1069 3744 1277 3790 externa
1319 3740 1469 3799 atque
1492 3729 1694 3782 interna
1719 3724 1853 3779 bella
1874 3722 2013 3776 dila-

409 3836 587 3900 niant,
612 3830 751 3902 quod
795 3829 969 3901 regnis
1011 3842 1172 3898 regna
1214 3823 1537 3894 compulsam
1562 3863 1578 3887 ,
1607 3818 1745 3889 quod
1783 3822 1942 3888 [antes
1965 3823 2013 3870 et

409 3926 519 3979 lues
537 3966 553 3990 ,
580 3935 628 3978 et
654 3924 842 3979 locales
867 3935 1079 3991 quisque
1104 3919 1301 3982 clades,
1324 3924 1374 3970 et
1403 3912 1697 3983 frequentius
1720 3909 2015 3981 plerumque

410 4021 650 4074 mortium
679 4026 913 4083 vastant,
942 4024 991 4069 et
1015 4013 1150 4084 quod
1172 4011 1323 4067 etiam
1350 4008 1513 4080 ofﬁcia
1533 4016 1814 4076 temporum
1838 4012 1888 4057 et
1912 4001 2016 4056 ele-

410 4123 692 4168 mentorum
711 4110 885 4165 munia
902 4106 1205 4173 exorbitant,
1223 4103 1358 4175 quod
1378 4111 1426 4156 et
1442 4098 1681 4153 monstris
1702 4105 1748 4150 et
1764 4092 2012 4164 portenti,

411 4208 725 4262 naturalium
761 4207 929 4277 forma
987 4200 1249 4265 turbatur,
1271 4194 1593 4268 providenter
1654 4191 1846 4260 scripta
1895 4194 2016 4243 sunt

412 4298 640 4373 (Nempe
666 4296 850 4351 Matth.
881 4292 999 4365 25).
1035 4291 1171 4346 Dum
1197 4289 1444 4360 patimur,
1475 4286 1757 4356 leguntur;
1786 4281 1909 4334 dum
1935 4292 2018 4332 rea-

413 4392 797 4468 cognoscimus,
826 4387 1129 4461 probantur.
1159 4384 1238 4440 De
1271 4381 1467 4455 quibus
1496 4377 1749 4435 munibus
1778 4373 1939 4430 latius
1960 4379 2019 4427 et

483 4546 552 4610 (ll
593 4546 746 4607 Quam
769 4543 953 4595 oraculi
990 4552 1228 4610 responso
1266 4526 2021 4610 tribuit.Pameliuslertulliani

421 4596 815 4669 conv'ersi'onem,
843 4620 951 4655 cam
974 4596 1146 4669 visﬁni
1164 4600 1419 4669 Georgius
1432 4596 1789 4669 Anibiane-nsis,
1809 4600 2022 4669 uterque

421 4655 1014 4723 fabulam-vsu‘bodoratur.
1041 4666 1115 4718 Ex
1161 4655 1334 4723 ipsius'
1355 4663 1567 4711 auctoris
1608 4655 1889 4707 testimonio
1918 4661 2026 4702 tres

418 4737 692 4798 praecipuas
751 4733 889 4782 lubet
948 4741 1135 4798 eruere
1184 4724 1403 4798 hujusce
1450 4724 1533 4798 rei
1590 4731 1797 4798 causas,
1843 4728 2025 4798 nempe

424 4781 724 4857 diiunctam
762 4781 1029 4857 martyrum
1050 4792 1107 4849 in
1150 4781 1499 4857 crudelissimis
1520 4781 1783 4857 tormentis
1802 4784 2030 4857 constat}-

425 4836 1029 4919 ῐιεέἱὶἶὲιὶἴιίιῖξ
1045 4836 1228 4903 ubitam
1265 4846 1567 4919 tolerantiam
1589 4836 2027 4919 spectansgut‘gli:

424 4902 1059 4989 ;,'.;s“tc,‘-J,;;t§§e;c‘;.;azs,
1084 4902 1137 4966 et
1151 4909 1400 4989 inquirere
1424 4902 1734 4989 .accendiltu'r.
1756 4902 1876 4968 quid
1897 4902 1956 4989 δέ]
1978 4902 2033 4950 in

425 4965 765 5041 ἷᾶἇδῖξῖἶιιῦἶ
789 4965 1079 5041 'cbg'ndiéit’t
1115 4965 1361 5041 reriiatgm
1392 4976 1438 5022 et
1468 4967 1571 5041 ipse
1605 4965 2030 5041 statim'sequitur.

425 5029 660 5097 iinE'i'a'd
680 5029 881 5105 ili-spuli,
903 5029 1010 5104 cap.
1029 5039 1189 5090 ultiln.
1209 5036 1261 5086 2°
1282 5029 1588 5105 Potestatetn
1615 5029 1900 5105 (seruantem

428 5108 637 5180 pendam
679 5108 728 5156 iu
750 5083 2035 5180 dmtpone'sneoruptg—uesimulacragtdgpcpgagg’uéd

425 5144 1573 5235 bicipiobatione
1595 5148 1787 5235 ﬁdelius
1810 5148 1831 5199 Ζ)
1846 5144 2037 5235 simpli-

428 5215 785 5283 Sustineat:
800 5215 1032 5279 inmedio
1053 5215 1119 5277 'est
1152 5237 1167 5274 :
1191 5215 1335 5273 etiam
1359 5220 1422 5270 de
1445 5215 1727 5283 corporibus
1750 5215 1921 5283 ,ζωδινο
1941 5215 2036 5283 tiro-

429 5271 2034 5360 sms‘atEiiiiniiiiiﬁ1430M“.et,vebs'ueuwitieftttf:

945 5336 1109 5417 Exin;
1261 5353 1392 5417 etum
1413 5336 1720 5417 judicioruin‘
1741 5336 1887 5417 dilvint
1896 5345 2034 5417 trum.

1029 5397 1110 5461 ait
1125 5397 1215 5477 _in__l
1225 5409 1329 5459 ibro
1347 5397 1429 5477 ιιιί
1440 5404 1613 5477 Anima
1671 5413 1747 5477 ..ιιι
1757 5397 2040 5477 elu_pra'(li:

430 5462 1078 5546 ἆῖίιῖἆῖἓξῖιίῖὰιῶὸὶῲὴᾶιδ.
1104 5473 1294 5544 Quibus
1311 5475 1364 5518 et
1400 5462 1870 5546 addasrvel‘i‘nkhqu‘m
1893 5468 2042 5546 ﬂigi?

430 5521 737 5602 ἤι’ῧῖῗῶίῖοξ
763 5521 1502 5602 ἷόὶἱῦἶῖἰέιιῖιιιξερι·ιριιιιιξιτιιιιι,
1520 5521 2041 5602 divinumqueprzedi:

430 5582 1002 5667 ctionu-mmm’aje‘staten;
1010 5582 1643 5667 veritatefcomprnbatam,‘
1662 5582 1827 5656 imq'et
1845 5582 2045 5667 imperii

432 5644 1015 5725 Silainiiitéé”é5'ﬁi:i§is
1028 5644 1036 5649 ⁷
1048 5644 1313 5725 secvit-utet}
1346 5644 1443 5718 quo
1478 5650 1726 5719 vesanior_
1744 5647 1809 5725 iu_
1818 5644 2041 5725 christia-

436 5744 525 5779 nos
547 5730 822 5778 immanitas
845 5718 1179 5789 grassaretur,
1200 5734 1257 5789 ac
1279 5718 1475 5789 demum
1490 5725 1661 5789 rerum
1683 5718 2041 5789 tlgraves‘ngn

434 5768 1534 5847 Qus-adverb—drﬁmvacumiue'Apologeticos
1552 5768 1814 5847 sermones
1843 5781 1879 5847 a
1890 5768 2044 5847 pluri-

433 5829 719 5948 ὖῖιζᾶιῖίῗέἐ
732 5829 1304 5911 ἶὲἑιὲξίεέᾨὶὶίβὲέῐίῖιὲ
1328 5829 1567 5893 florebant
1602 5829 2044 5948 doctogbus‘evut-

434 5930 493 5948 nc.
516 5928 571 5948 ne
1795 5911 1873 5945 ου.

433 5911 588 5979 ειιιοέ.
1751 5911 1873 5948 non.

2114 3355 2379 3414 Alexand.
2424 3362 2481 3410 et
2518 3325 2833 3422 Apollonius
2870 3348 3097 3402 Senator
3122 3384 3137 3411 ,
3168 3325 3402 3413 denique
3440 3343 3509 3399 ab
3551 3343 3713 3398 Auct.

2114 3449 2310 3504 alicubi
2356 3445 2505 3502 citati
2532 3442 2770 3498 Justinus
2806 3439 3151 3510 Philosophus
3178 3447 3222 3491 et
3255 3434 3478 3507 Martyr,
3510 3432 3714 3489 Miltia-

2117 3541 2203 3596 des
2230 3535 2433 3594 Eccles.
2466 3535 2713 3605 Sophista
2732 3574 2747 3602 ,
2779 3541 2824 3587 et
2851 3530 3080 3585 Irenwus
3110 3528 3335 3584 omnium
3361 3526 3717 3585 doctrinarum

2116 3630 2489 3687 curiosissimus
2532 3624 2848 3698 explorator.
2892 3620 3096 3691 Quibus
3126 3621 3375 3675 omnibus
3400 3615 3716 3675 evolvendis

2116 3732 2172 3782 et
2199 3732 2321 3779 ante
2348 3731 2402 3778 et
2428 3728 2550 3791 post
2598 3717 2758 3773 ﬁdem
2788 3723 3091 3786 susceptam
3121 3713 3295 3784 ipsum
3346 3710 3675 3766 allaborasse
3694 3749 3713 3776 ,

2117 3816 2203 3873 vel
2235 3831 2300 3872 ex
2329 3813 2554 3884 Apolog.
2584 3819 2760 3881 patet,
2791 3808 2981 3879 inquo
2999 3804 3225 3861 subinde
3251 3803 3372 3858 illos
3399 3792 3467 3858 ad
3490 3803 3755 3858 verbuut‘
3816 3794 3821 3797 ’

2100 3905 2231 3965 'fcre
2262 3909 2517 3979 imitatur.
2549 3902 2644 3958 llis
2667 3900 2919 3957 omnibus
2962 3895 3301 3953 adminiculis
3326 3892 3395 3949 ad
3419 3892 3616 3950 Christi
3648 3892 3719 3946 ti-

2120 4004 2243 4057 dem
2271 4011 2565 4056 conversus
2590 4004 2644 4052 et
2689 3995 2798 4065 jam
2826 3992 3065 4068 initiatus
3083 4031 3099 4057 ,
3118 4004 3284 4061 quum
3313 3987 3533 4059 pallium
3559 3982 3719 4041 Chri-

2117 4098 2351 4152 stianum
2380 4091 2597 4147 indutus
2622 4083 2805 4161 (sicuti
2825 4095 2979 4141 antea
3006 4084 3170 4141 etiam
3208 4080 3504 4155 attigimus)
3533 4078 3723 4134 incon-

2121 4187 2332 4242 stantia:
2363 4192 2642 4240 notaretur
2668 4180 2734 4235 ab
2758 4179 2932 4235 amico
2951 4218 2969 4246 ,
2998 4174 3143 4247 quod
3172 4191 3205 4228 a
3245 4172 3387 4245 Toga
3437 4168 3723 4227 transisset

2121 4281 2188 4335 ad
2216 4276 2468 4343 Pallium,
2485 4274 2798 4332 Orationem
2826 4265 3353 4337 babuitCartbagine
3381 4264 3562 4336 (quant
3585 4259 3722 4318 LlB.

2124 4372 2216 4429 DE
2259 4368 2414 4427 BAL.
2442 4367 2715 4437 inscripsit
2746 4365 2788 4435 ),
2816 4376 2918 4434 qua
2953 4370 3008 4417 et
3029 4358 3183 4417 Pallii
3210 4366 3527 4415 vetustatem
3551 4394 3569 4421 ,
3595 4354 3729 4409 sim-

2123 4465 2416 4537 plicitatem
2444 4504 2458 4530 ,
2485 4458 2794 4515 facilitatem
2811 4495 2826 4523 ,
2861 4454 3167 4510 libertatem
3197 4450 3315 4505 sine
3339 4462 3468 4505 cura
3492 4487 3509 4514 ,
3536 4442 3723 4500 Philo-

2124 4535 2404 4629 stihicam
2441 4553 2762 4625 gravitatem
2785 4558 2840 4605 et
2868 4545 3209 4604 sanctitatem
3252 4535 3638 4600 commendat;
3669 4541 3728 4593 et

2048 4652 2104 4713 Ι)
2129 4626 2258 4709 vitio
2285 4650 2387 4705 sibi
2416 4647 2533 4703 dari
2559 4658 2668 4701 non
2721 4640 2920 4698 debere
2968 4636 3130 4691 variis
3156 4630 3419 4701 exemplis
3446 4626 3723 4695 ostendit,

2129 4743 2273 4817 quod
2324 4741 2564 4796 habitum
2611 4733 2853 4790 verterit.
2902 4731 3016 4798 Qua
3055 4724 3415 4781 occasioneet
3444 4719 3729 4776 libidinum

2132 4814 2277 4893 varia
2302 4847 2495 4905 genera
2514 4870 2530 4897 ,
2550 4829 2743 4898 quibus
2768 4834 2957 4880 natura
2986 4829 3243 4883 mutetur,
3275 4824 3330 4871 et
3359 4814 3730 4870 Matronarum

2134 4931 2333 4987 cultum
2347 4925 2684 4981 indecentem
2704 4919 3024 4980 insectatur,
3042 4919 3100 4967 et
3127 4910 3227 4966 fori
3248 4909 3497 4966 Judicum
3521 4920 3573 4963 et
3592 4905 3736 4962 mili-

2137 5033 2250 5078 tum
2300 5016 2484 5083 vitiis,
2511 5022 2622 5069 tum
2664 5006 2948 5066 ambitioni
2976 5014 3033 5062 et
3058 5003 3198 5074 gula:
3226 5013 3501 5060 cauterem
3542 4996 3731 5067 adigit.

2138 5114 2298 5187 Atqui
2326 5114 2408 5168 bis
2435 5111 2594 5167 Coss.
2626 5107 2748 5160 data
2791 5102 3115 5158 Constitutio
3164 5098 3353 5154 Severi
3394 5106 3447 5151 et
3474 5090 3735 5151 Antonini

2139 5228 2190 5266 ν.
2224 5183 2347 5264 ldus
2369 5204 2611 5269 Martias,
2640 5215 2759 5270 qua:
2811 5206 2956 5252 extat
3002 5195 3063 5250 υ.
3093 5192 3210 5247 Lib.
3238 5189 3292 5257 9,
3318 5186 3475 5244 Tom.
3507 5200 3545 5239 ι.
3581 5183 3674 5238 lib.
3697 5197 3737 5237 ι.

2138 5306 2330 5362 iterum
2354 5296 2639 5355 conﬁrmat
2664 5302 2903 5349 nostram
2929 5285 3252 5344 sententiam
3277 5280 3347 5338 de
3376 5276 3650 5337 Antonino
3670 5271 3737 5331 αδ

2141 5398 2213 5455 lio
2233 5395 2446 5468 imperii
2466 5397 2737 5447 consorte.

2640 5531 2796 5587 Anno
2826 5522 3040 5586 Domini
3067 5535 3264 5582 csum.

2220 5679 2391 5758 §VIL
2421 5677 2570 5737 Unde
2617 5688 2764 5731 suam
2810 5668 3035 5725 hauserit
3078 5661 3423 5720 omnimodam
3461 5657 3747 5729 disciplina

2146 5749 2435 5834 ειιιῖὶειιαηω
2452 5769 2732 5827 uiantium.
2758 5793 2832 5809 -
2860 5764 2946 5819 ts.
2973 5760 3038 5818 ο.
3066 5754 3343 5817 noumo
3370 5751 3652 5811 uuxrno
3679 5749 3749 5808 ιι.

2152 5874 2240 5930 ET
2260 5862 2633 5930 L.VALEBIO
2649 5859 2959 5920 MESSALA
2972 5852 3288 5917 THRASEA
3306 5845 3545 5913 PRISCO
3560 5845 3750 5909 COSS.
