4242 6266
456 289 541 353 53

1721 270 2187 362 TEMULLlANl
2225 270 2409 330 vna.

3700 266 3772 341 δε

471 407 533 465 S.
558 400 792 462 Victoris
820 401 979 479 Papa:
1001 392 1224 456 Roinani
1252 402 1396 450 anno
1419 390 1477 448 ll.
1506 397 1563 479 et
1582 387 1766 449 Severi
1803 404 1877 443 IV.
1895 387 2066 444 TER-
2095 387 2149 448 A
2178 387 2381 444 teribus
2406 386 2609 446 Graecis
2638 390 2912 447 translatis
2940 389 3233 460 codicibus,
3264 406 3401 466 quos
3433 392 3775 465 incorruptos

471 476 865 558 TULLIANUS
902 493 1013 562 jam
1045 486 1383 545 Christianus
1425 476 1618 554 quibus
1644 497 1703 539 se
1754 480 2071 553 occupatio-

477 594 638 652 nibus
655 599 825 646 totum
845 584 1131 648 dediderit,
1160 581 1358 652 scripta
1388 578 1526 649 ejus,
1552 576 1828 648 dequibus
1858 584 2066 647 postea,

473 688 601 744 olus
617 684 750 740 satis
761 696 861 737 suo
875 677 1199 734 conﬁrmant
1219 666 1545 730 testimonio.
1569 670 1644 726 Es
1666 670 1860 741 quibus
1883 668 2069 739 impri-

487 779 585 835 mis
612 782 822 832 constat
847 775 917 827 ita
948 779 1227 826 versatum.
1247 767 1408 822 fuisse
1447 766 1501 821 in
1530 778 1806 820 sacrarum
1839 760 2072 823 lectione

475 870 776 926 litterarum
797 906 812 933 ,
839 865 911 919 ita
936 863 1213 919 memoriae
1248 859 1428 914 omnia
1456 866 1512 914 et
1540 855 1748 926 singula
1779 854 2076 923 scriptura-

472 977 593 1018 rum
623 960 742 1015 loca
769 954 1177 1013 commendasse
1194 994 1209 1019 ,
1236 960 1295 1006 ut
1320 950 1403 1005 vel
1426 948 1582 1004 unica
1606 945 1827 1017 periodo
1849 943 2078 1001 subinde

477 1054 756 1124 complura
798 1050 1112 1120 complexus
1140 1045 1249 1106 sit:
1280 1043 1437 1100 sicuti
1460 1058 1523 1098 ex
1556 1040 1957 1110 Scripturarum
1988 1035 2076 1091 ln-

482 1149 605 1205 dicc
652 1154 862 1207 nostro,
885 1140 1174 1198 collatione
1198 1152 1319 1194 cum
1352 1138 1585 1191 Auctore
1614 1132 1749 1188 facta
1771 1175 1785 1197 ,
1812 1129 1967 1186 facile
1995 1138 2079 1185 est

481 1236 906 1312 deprehendere.
934 1233 992 1289 In
1025 1232 1128 1287 illis
1171 1240 1347 1286 autem
1395 1226 1626 1283 citandis
1666 1223 1956 1279 editionem
1989 1235 2079 1276 se-

482 1334 666 1403 quitur
718 1329 915 1398 ubique
960 1324 1049 1381 70.
1103 1323 1334 1392 lotcrpr.
1368 1316 1511 1389 quod
1565 1318 1631 1371 ad
1662 1317 1830 1373 Vetus
1881 1316 2080 1369 Instru-

482 1432 723 1480 meutnm
779 1420 996 1479 attinet,
1030 1414 1171 1487 quod
1202 1429 1290 1482 per
1345 1410 1565 1466 Esdram
1605 1409 1712 1483 (vel
1755 1408 1871 1476 ipso
1918 1405 2083 1475 teste)

482 1524 680 1572 constat
715 1521 1054 1567 restauratum
1083 1506 1170 1578 (L.
1191 1507 1254 1561 de
1288 1505 1419 1558 llab.
1455 1503 1581 1558 mul.
1617 1519 1662 1556 c.
1692 1502 1748 1556 ὅ.
1782 1500 1999 1571 Apolog.
2031 1515 2081 1554 c.

485 1606 621 1676 18)-,
670 1604 832 1672 idque
882 1615 990 1656 non
1043 1599 1094 1653 in
1148 1594 1515 1651 Peutateucho
1560 1591 1727 1665 Moysi
1782 1591 2079 1654 duntaxat,

486 1698 712 1767 aliisque
754 1693 904 1749 libris
936 1689 1204 1745 historicis
1224 1729 1239 1756 ,
1268 1687 1361 1742 sed
1395 1695 1448 1739 et
1478 1686 1530 1739 in
1561 1683 1952 1755 Prophetarum
1985 1697 2073 1736 va-

2174 484 2491 556 simplicitas
2537 494 2837 558 temporum
2866 490 3100 546 servavit
3125 498 3183 547 et
3227 490 3436 560 probat.
3482 490 3773 561 Postquam

2178 586 2356 632 autem
2406 578 2673 635 discordia
2718 581 2917 637 animis
2967 582 3347 639 dissidentibus
3398 592 3455 640 et
3508 582 3779 641 haereticis

2179 670 2617 739 perturbantibus
2646 680 2898 745 torquere
2930 675 3256 745 quaestiones
3281 685 3581 745 creperum,
3612 676 3778 732 multa

2180 761 2459 819 immutata
2490 775 2615 820 sunt
2634 764 2700 819 ad
2721 780 2938 822 sensum
2961 766 3252 823 humanum
3278 807 3293 831 ,
3321 777 3382 823 ut
3408 766 3511 822 hoc
3529 771 3777 823 contine-

2181 865 2332 913 retur
2354 858 2408 913 in
2436 857 2630 916 litteris
2649 900 2664 925 ,
2693 860 2836 931 quod
2865 860 3070 916 homini
3098 860 3390 917 videretur.
3418 859 3573 917 Unde
3598 870 3654 918 et
3678 862 3777 934 ipsi

2181 949 2354 1036 Graeci
2400 951 2642 1009 diversos
2679 953 2895 1010 codices
2921 954 3140 1011 habent.
3172 952 3308 1010 Illud
3362 964 3542 1011 autem
3593 969 3779 1011 verum

2183 1045 2438 1112 arbitror,
2467 1046 2681 1118 quando
2722 1057 2777 1103 et
2807 1048 2964 1115 ratio,
2994 1057 3049 1103 et
3091 1046 3311 1104 historia
3336 1089 3354 1114 ,
3394 1056 3450 1104 et
3488 1050 3782 1119 auctoritas

2184 1138 2588 1195 observabatur.
2631 1139 2763 1196 Nam
2810 1140 2971 1197 hodie
2999 1156 3119 1212 quae
3148 1141 3201 1196 in
3246 1140 3450 1196 Latinis
3490 1141 3785 1213 reprehen-

2185 1231 2388 1288 duntur
2408 1234 2703 1298 codicibus,
2733 1234 2813 1290 sic
2838 1235 3191 1291 inveniuntur
3214 1249 3245 1291 a
3268 1235 3541 1291 veteribus
3570 1236 3740 1307 posita
3765 1277 3781 1302 ,

2186 1324 2705 1394 TERTULLHNO,
2730 1326 3006 1383 Victorino
3027 1371 3042 1394 ,
3069 1340 3121 1385 et
3145 1328 3435 1401 Cypriane.
3469 1347 3489 1382 ι
3517 1328 3787 1385 Hactenus

2189 1420 2301 1476 ille.
2335 1421 2405 1475 At
2445 1420 2535 1490 qui
2574 1421 2891 1477 versabatur
2918 1429 3178 1491 praeterea
3207 1429 3369 1476 noctu
3396 1421 3594 1489 diuque
3647 1425 3788 1476 Auc-

2191 1520 2274 1567 tor
2300 1519 2482 1567 noster
2510 1512 2561 1568 in
2602 1511 3004 1583 perscrutandis
3034 1527 3137 1566 non
3160 1511 3320 1566 ιιιυάο
3347 1525 3483 1583 quos
3499 1527 3659 1582 supra
3687 1512 3786 1567 ad-

2189 1601 2440 1659 duximus
2480 1602 2858 1674 Apologiarum
2926 1618 3022 1673 pro
3070 1603 3175 1658 fide
3208 1601 3508 1658 Christiana
3541 1605 3790 1661 Auctori-

2190 1693 2292 1750 bus
2312 1736 2327 1759 ,
2360 1693 2455 1750 sed
2485 1705 2537 1750 et
2567 1694 2688 1749 aliis
2713 1692 2853 1749 haud
2884 1694 3043 1749 dubie
3080 1693 3443 1764 Scriptoribus
3475 1694 3786 1751 Ecclesiast.

485 1757 728 1847 ticiniis:
765 1787 905 1854 Quos
950 1784 1084 1839 enim
1126 1779 1381 1855 (inquit)
1409 1779 1633 1834 diximus
1680 1776 2078 1848 praedicatores,

2206 1797 2388 1859 praeter
2413 1787 2751 1858 Apollonium
2770 1786 3086 1843 Senatorem
3107 1798 3157 1842 et
3270 1787 3539 1843 Victorem
3591 1788 3794 1847 Graecis

490 1882 770 1945 Propheta
789 1879 853 1933 de
882 1876 1045 1949 ofﬁcio
1090 1873 1347 1944 praefandi
1394 1871 1652 1925 dicuntur.
1694 1866 1851 1921 Voces
1872 1882 2046 1921 eorum
2067 1907 2085 1933 ,

487 1976 710 2045 itemque
745 1972 984 2035 virtutes,
1011 1982 1136 2038 quas
1180 1965 1249 2019 ad
1288 1964 1440 2034 ﬁdem
1488 1961 1787 2015 Divinitatis
1833 1958 2085 2027 edebant,

501 2069 557 2123 in
602 2066 852 2122 thesauris
896 2064 1182 2117 litterarum
1218 2066 1441 2117 manent.
1463 2071 1552 2110 nec
1596 2056 1709 2110 ista
1749 2070 1883 2108 nunc
1906 2054 2082 2109 latent.
2120 2116 2125 2121 _

498 2159 888 2215 Ptolemaorum
924 2153 1178 2208 ernditiss.
1210 2150 1379 2220 (quem
1417 2146 1818 2217 Philadelphum
1836 2159 2088 2215 superno-

494 2250 718 2319 minant)
741 2256 788 2302 et
814 2244 987 2299 omnis’
1008 2236 1308 2297 litteratura
1325 2238 1708 2310 sagacissimus,
1748 2252 1905 2308 quum
1923 2234 2092 2290 studio

491 2340 793 2400 Bibliothec.
840 2337 1167 2392 Pisistratum
1195 2335 1218 2405 (
1239 2342 1294 2387 ut
1319 2334 1500 2403 opinor
1523 2329 1543 2404 )
1568 2332 1897 2385 amularetur
1918 2344 1937 2394 ,°
1960 2328 2093 2382 inter

495 2442 681 2488 catera
700 2429 1060 2484 memoriarum
1078 2468 1093 2490 ,
1118 2424 1300 2497 quibus
1314 2433 1405 2478 aut
1430 2431 1649 2478 vetustas
1671 2461 1687 2487 ,
1709 2432 1799 2475 aut
1824 2421 2093 2475 curiositas

495 2525 670 2594 aliqua
698 2521 767 2575 ad
790 2521 981 2589 faniam
1018 2516 1547 2589 patrocinabatur,ea
1569 2522 1803 2584 suggestu
1854 2509 2096 2566 Demetrii

496 2611 731 2670 Phalerii
748 2610 1210 2667 Grammaticorum
1232 2619 1351 2661 tunc
1367 2602 1819 2677 probatissimi,cui
1834 2602 2098 2675 prafectu-

496 2721 611 2760 ram
634 2703 988 2768 mandaverat,
1009 2699 1163 2755 libros
1179 2715 1210 2752 a
1226 2697 1258 2752 ,Ι
1267 2699 1426 2752 ιιιιαιὶδ
1446 2688 1640 2769 quoque
1659 2696 1949 2767 postulavit,
1977 2710 2097 2765 pro-

501 2799 644 2870 prias
663 2796 851 2851 scilicet
881 2802 1033 2870 atque
1056 2791 1357 2847 vernaculas
1384 2789 1628 2855 Litteras,
1658 2802 1786 2858 quas
1822 2787 1918 2841 soli
1945 2787 2099 2841 habe-

502 2864 641 2946 bant.
674 2888 760 2944 Ea:
786 2864 1067 2959 ipsis‘enim
1090 2893 1137 2940 et
1172 2883 1241 2938 ad
1272 2883 1412 2955 ipsos
1434 2897 1633 2949 semper
1662 2879 1932 2951 Propheta
1952 2894 2100 2950 pero-

501 2987 764 3045 raverant,
794 2978 985 3034 scilicet
1010 2976 1078 3030 ad
1103 2976 1429 3030 domesticam
1470 2972 1567 3027 Dei
1590 2983 1788 3045 gentem
1812 2987 1876 3025 ea:
1895 2981 2102 3041 patrum

2191 1880 2478 1946 omnibus;
2531 1879 2808 1936 Philonem
2856 1879 3008 1946 dico,
3056 1879 3346 1951 Josephum
3402 1879 3595 1952 (quem
3638 1892 3796 1938 vocat

2196 1973 2568 2042 Antiquitatnm
2595 1972 2936 2028 Iudaicarum
2965 1974 3289 2028 vernaculum
3319 1974 3604 2041 vindicem)
3631 1975 3795 2045 (Δρου-

2194 2066 2302 2138 log.
2325 2082 2372 2119 e.
2396 2065 2482 2120 l9.
2502 2066 2542 2121 Ι.
2571 2066 2634 2120 de
2662 2064 2985 2122 Prasamdv.
3007 2065 3180 2119 haret.
3205 2080 3251 2117 c.
3272 2064 3359 2119 '52.
3383 2064 3421 2119 l.
3449 2068 3569 2119 adu.
3588 2063 3793 2121 Valent.
3887 2116 3897 2127 ,

2196 2177 2246 2218 c.
2277 2160 2331 2216 5.
2362 2176 2523 2214 carm.
2547 2160 2666 2213 adv.
2707 2158 2871 2213 Marc.
2907 2175 2951 2213 c.
2984 2158 3038 2214 9.
3090 2157 3126 2213 ι.
3160 2158 3224 2213 de
3256 2156 3449 2212 Prasc.
3501 2158 3620 2212 adv.
3667 2159 3795 2215 har.

2197 2267 2246 2305 c.
2273 2251 2361 2307 38.
2398 2260 2439 2305 t.
2471 2267 2508 2306 ι.
2536 2250 2754 2323 Apolog.
2778 2267 2825 2305 c.
2851 2250 2992 2321 55.),
3020 2250 3317 2321 Appionem
3348 2259 3402 2305 at
3420 2249 3793 2322 llegesippum,

2194 2343 2447 2409 Juda-os,
2479 2342 2809 2400 Clementem
2860 2343 3202 2410 Romanum,
3248 2359 3310 2399 ac
3334 2342 3391 2399 S.
3441 2343 3797 2415 Polycarpum

2196 2437 2216 2509 (
2249 2450 2480 2507 quorum
2511 2436 2663 2490 illum
2695 2436 3042 2492 Rontanorum
3063 2452 3096 2491 a
3122 2434 3275 2491 Petro
3297 2476 3312 2500 ,
3349 2435 3491 2492 hunc
3518 2453 3551 2490 η
3594 2435 3801 2492 Joanne

2201 2528 2570 2601 Sntyrneorum
2595 2527 2882 2599 Episcopos
2912 2530 3173 2584 ordinatos
3196 2529 3437 2600 agnoscit
3470 2530 3512 2601 ),
3558 2529 3616 2584 S.
3646 2529 3800 2598 lgna-

2200 2622 2332 2678 tium
2352 2622 2767 2691 Autiocbenum,
2791 2623 2849 2679 S.
2874 2621 3186 2695 Dionysium
3203 2624 3464 2694 Areopag.
3485 2621 3798 2690 Galliarum,

2202 2716 2421 2786 Papiam
2470 2716 2927 2787 Hierapolitanum
2982 2715 3311 2786 Episcopos;
3365 2715 3652 2787 Agrippam
3677 2712 3805 2770 Cas-

2206 2816 2383 2864 torem
2412 2848 2428 2874 ,
2460 2808 2777 2880 Dionysium
2805 2805 3206 2862 Corinthiorum
3228 2847 3244 2871 ,
3300 2805 3551 2861 Plinitum
3581 2820 3644 2860 ac
3671 2805 3800 2861 Plii-

2198 2899 2407 2972 lippum
2427 2899 2715 2956 Cretenses
2735 2897 3068 2969 Episcopos;
3099 2897 3376 2952 Musanum
3395 2938 3411 2963 ,
3466 2895 3762 2952 Modestum
3786 2937 3803 2964 ,

2207 2993 2546 3050 Panthenum
2612 2989 3066 3055 Alexandrinum,
3141 2988 3453 3044 Rhodonem
3509 2988 3805 3053 Asianum,

513 3071 701 3143 gratia.
733 3068 938 3124 Hebrai
967 3078 1124 3133 retro,
1145 3068 1231 3137 qui
1255 3082 1389 3120 nunc
1424 3062 1620 3119 Judai.
1655 3063 1824 3157 Igitur
1849 3074 1897 3118 et
1922 3063 2103 3118 littera
2134 3138 2175 3157 ﬂ
2202 3085 2554 3157 Serapionem
2585 3091 2639 3139 ει
2661 3082 2939 3138 procum,"
2966 3080 3250 3152 quemdam
3279 3123 3294 3147 ’
3325 3096 3486 3152 quem
3511 3091 3666 3136 voca,
3699 3080 3808 3135 ειο,

504 3138 760 3228 ἱιεὺτωω,
778 3169 826 3217 et
841 3160 1115 3247 eloquium.
1141 3159 1247 3215 Sed
1271 3175 1335 3213 ne
1355 3158 1536 3213 notitia
1559 3166 1781 3220 vacaret,
1806 3156 1899 3239 hoc
1912 3171 2099 3227 quoque

2211 3138 2429 3249 quenlia
2456 3174 2759 3232 Christiana
2786 3138 3116 3244 dignitalem,
3162 3172 3231 3227 de
3256 3138 3363 3244 quo
3391 3185 3575 3245 postea
3601 3172 3760 3241 latius
3785 3188 3800 3239 ;
3898 3152 3903 3159 ί

508 3254 791 3311 Ptolemao
813 3270 846 3306 a
860 3253 892 3306 J
902 3242 1062 3307 udais
1080 3249 1421 3321 subscriptum
1447 3260 1535 3311 est,
1552 3248 1890 3320 Septuaginta
1910 3247 2108 3301 duobus

511 3345 739 3417 Interpr.
764 3344 1001 3411 indultis;
1015 3360 1140 3414 quos
1172 3342 1499 3396 Menedemus
1520 3357 1718 3412 quoque
1753 3339 2108 3410 philosophus,

514 3436 860 3493 Providentia
893 3435 1077 3488 uindex
1115 3435 1177 3487 de
1211 3435 1471 3487 sententia
1487 3433 1838 3485 communione
1864 3432 2111 3502 suspexit.
2140 3472 2147 3475 ‹

510 3529 789 3599 Απὶνηιαυιι
806 3526 912 3580 hac
925 3525 1061 3580 vobis
1073 3526 1223 3578 etiam
1241 3521 1536 3578 AristaasJ
1545 3532 1595 3576 ta
1611 3524 1663 3576 in
1679 3521 1915 3577 Gracum
1927 3522 2115 3592 stylum

511 3638 577 3679 ea:
604 3629 781 3689 aperto
821 3632 1146 3672 monumenta
1181 3618 1401 3686 reliquit.
1437 3615 1608 3669 Hodie
1650 3615 1788 3686 apud
1818 3615 2117 3683 Serapaum

514 3712 784 3769 Ptolemai
812 3708 1140 3764 Bibliotheca
1158 3724 1274 3761 cum
1309 3708 1435 3778 ipsis
1472 3704 1736 3759 Hebraicis
1752 3704 1958 3760 Litteris
1984 3705 2124 3760 exhi-

513 3805 712 3859 bentur.
744 3804 876 3869 Qure
926 3799 1084 3871 paulo
1110 3798 1369 3868 prolixius
1400 3797 1703 3859 citavimus,
1739 3797 1996 3850 adversus
2025 3810 2126 3850 eos

512 3895 604 3966 qui
625 3894 998 3948 auctoritatem
1027 3888 1116 3944 70.
1145 3887 1347 3958 lnterp.
1369 3887 1581 3942 eleVare
1609 3903 1713 3941 non
1735 3895 1988 3941 verentur
2014 3884 2116 3957 (l).

520 3986 581 4042 In
610 3984 761 4041 Novo
780 3998 912 4039 vero
936 3981 1284 4037 Testamento
1311 3994 1419 4033 non
1439 3990 1543 4033 tam
1570 3977 1776 4034 Latinis
1800 3977 2119 4044 Translatis,

516 4091 677 4149 quam
719 4073 924 4131 Gracis
965 4073 1231 4127 veteribus
1277 4071 1553 4126 codicibus
1588 4085 1740 4125 osum
1791 4073 2115 4138 Auctorem,

511 4166 703 4225 Graece
750 4165 1158 4228 doctissimum,
1196 4177 1265 4217 ex
1308 4164 1553 4217 versione
1597 4161 1714 4232 ejus
1755 4161 2118 4232 peculiari,-ab

515 4260 639 4315 aliis
662 4258 913 4315 omnibus
940 4256 1164 4310 multum
1205 4253 1434 4309 subinde
1477 4253 1687 4308 diversa
1708 4294 1725 4319 ,
1771 4252 2115 4309 manifestum

519 4351 616 4419 ﬁt;
645 4363 807 4422 quam
844 4340 981 4402 adeo
1006 4346 1421 4416 discrepantiam
1469 4345 1522 4400 in
1572 4345 1796 4415 gratiam
1843 4336 2121 4403 Professo.

517 4458 644 4500 rum
720 4452 994 4498 sacrarum
1046 4438 1369 4493 Litterarum
1441 4438 1640 4508 ubique
1716 4439 2113 4491 aunotavimns.

523 4537 696 4608 Quam
713 4536 824 4608 jam
853 4535 980 4590 olim
1020 4535 1181 4590 etiam
1231 4531 1482 4588 indicavit
1528 4531 1588 4586 Β.
1618 4532 1805 4587 Ambr.
1826 4533 1941 4587 sive
1969 4532 2115 4602 quis-

524 4634 647 4703 quis
673 4633 876 4688 Auctor
921 4638 1003 4685 cst
1047 4628 1350 4684 Comment.
1393 4628 1446 4680 in
1482 4624 1653 4695 Epist.
1683 4623 1831 4679 Pauli
1871 4624 1937 4677 ad
1967 4638 2017 4679 c.
2064 4623 2123 4679 5.

530 4723 693 4779 Rom.
727 4741 745 4775 ι
774 4721 1230 4798 Constat(inquit)
1257 4718 1516 4790 quosdam
1539 4716 1761 4774 Latinos
1788 4717 1917 4772 olim
1939 4716 2007 4773 de
2036 4731 2130 4772 ve-

2211 3271 2436 3328 Sextum
2463 3268 2693 3338 denique
2725 3268 3043 3338 Appionem,
3086 3265 3384 3321 Candidum
3409 3308 3425 3333 ,
3455 3265 3805 3330 Arabianum,

2215 3365 2525 3429 Maximum,
2551 3372 2605 3418 et
2627 3362 2972 3434 Heraclitum.
2997 3359 3203 3430 Quibus
3223 3359 3420 3431 adjicio
3448 3361 3651 3430 primos
3682 3357 3803 3414 illos

2218 3466 2463 3512 cmteros.
2487 3456 2639 3512 Pont.
2674 3456 2832 3509 Ro’m.
2878 3454 2933 3508 in
2975 3453 3116 3509 Petri
3164 3453 3407 3507 cathedra
3458 3468 3814 3519 successores,

2221 3564 2452 3621 quorum
2501 3555 2686 3603 extant
2742 3544 3082 3611 Decretalcs,
3135 3560 3470 3615 quorumque
3524 3560 3640 3597 cum
3684 3541 3815 3599 Lino

2220 3654 2270 3698 et
2294 3642 2434 3699 Cleto
2488 3643 2691 3696 Auctor
2746 3639 3031 3706 meminit,
3087 3638 3423 3700 Anacletum,
3481 3635 3812 3704 Evaristum,

2225 3733 2594 3797 Alexandrum,
2630 3732 2856 3798 Sixtum,
2887 3730 3285 3797 Telesphorum,
3321 3727 3605 3800 Hyginum,
3638 3724 3811 3791 Pium,

2224 3828 2508 3892 Anicetum,
2528 3822 2773 3882 Soterem
2804 3826 2928 3878 item
2945 3824 3145 3893 (quem.
3169 3820 3311 3893 quod
3333 3821 3557 3895 occasio
3575 3834 3696 3877 sese
3713 3825 3818 3876 noli

2225 3919 2464 3983 oﬂ'erret,
2496 3915 2933 3987 pr:etermisit)et
2955 3912 3289 3968 Eleutherum
3313 3954 3329 3979 ,
3359 3927 3518 3981 quem
3558 3909 3810 3967 Benediw

2226 4021 2334 4064 tum
2361 4018 2652 4077 nuncupat.
2676 4008 2821 4074 Quos
2847 4019 3037 4061 omnes
3061 4004 3248 4061 Grmce
3273 4004 3554 4075 scripsisse
3572 4044 3589 4070 ,
3631 4018 3697 4058 ex
3724 4018 3821 4058 eo-

2226 4102 2348 4157 dem
2371 4100 2510 4172 stylo
2557 4098 2777 4164 Latino,
2804 4097 2895 4168 qui
2923 4097 3229 4165 interpretis
3276 4095 3517 4166 ejusdem
3576 4093 3820 4157 videtur,

2226 4208 2459 4257 censeo;
2492 4199 2552 4245 ut
2578 4202 2703 4261 pote
2726 4229 2742 4256 ,
2773 4188 2866 4259 qui
2896 4188 3086 4243 melius
3120 4187 3307 4243 Gra‘ce
3355 4185 3635 4250 noverint,
3684 4187 3823 4240 sicut

2230 4266 2391 4341 etiam
2408 4283 2466 4341 S.
2503 4282 2642 4338 lren.
2674 4292 2832 4351 quam
2864 4279 3069 4336 Latine.
3100 4279 3218 4347 Quo
3242 4280 3318 4343 lit,
3353 4286 3408 4333 ut
3430 4277 3536 4348 {vel
3558 4276 3825 4333 Rhenano

2231 4377 2556 4447 annotanle)
2584 4390 2741 4430 nemo
2766 4373 2946 4427 mirari
2974 4362 3435 4427 debeat'Gracam
3466 4367 3713 4423 Auctoris
3740 4366 3826 4422 lo-

2141 4496 2200 4558 D
2232 4471 2431 4544 quendi
2451 4467 2916 4526 consuetudinem.
2939 4480 3102 4537 quum
3125 4464 3285 4518 etiam
3305 4463 3348 4516 si
3375 4462 3466 4532 qui
3494 4461 3546 4516 in
3579 4460 3824 4516 Latinam

2239 4566 2471 4633 linguam
2502 4560 2740 4616 translati
2772 4566 2956 4614 essent
2983 4598 2998 4622 ,
3032 4556 3212 4611 mallet
3241 4569 3307 4611 ex
3355 4552 3594 4611 fontibus
3643 4554 3828 4610 bibere

2237 4653 2418 4726 (quod
2445 4652 2802 4723 aiuntjquam
2835 4665 2899 4704 cx
2950 4649 3176 4703 lacunis.
3233 4647 3393 4718 Atqui
3446 4645 3550 4701 hoc
3594 4647 3824 4717 primum

2229 4764 2376 4805 anno
2411 4745 2626 4815 quidam
2656 4743 2895 4799 scribunt
2941 4740 3076 4796 Idib.
3103 4739 3223 4795 Maii
3246 4739 3333 4796 die
3361 4739 3612 4796 Natalitio
3640 4739 3786 4809 lmpe
3804 4770 3818 4781 η

2233 4841 2352 4898 riia
2376 4838 2577 4896 Severo
2606 4836 2738 4907 Imp;
2796 4834 3123 4905 appellatum
3146 4833 3411 4889 Casarem
3472 4835 3609 4903 Aug.
3665 4830 3831 4886 lilium

590 4919 665 4987 (Ι)
688 4919 1108 5007 IPisserta‘tignt'em
1136 4918 1212 5007 de1
1237 4917 1459 5007 variaiet
1484 4919 1671 5007 incerta
1703 4915 1870 4966 Indole
1893 4915 2110 5007 libi-ori":

2233 4936 2353 5007 ejus
2383 4933 2710 4989 Antoninum
2736 4928 2879 5001 apud
2901 4927 3267 4989 Viminalium,
3301 4925 3608 4997 priusquam
3640 4924 3691 4978 in
3714 4922 3834 4978 bel-

526 4982 817 5036 Te'rt'ulliani
836 4982 947 5031 Job.
966 4982 1159 5031 Salomo
1181 4982 1397 5041 Semler,
1418 4983 1491 5030 vir
1522 4982 1761 5043 tantisper
1772 4982 1957 5030 consilii
1974 4982 2132 5043 audax

523 5061 581 5099 ac
603 5050 734 5097 trita:
757 5047 848 5095 via:
871 5058 968 5093 non
990 5043 1109 5093 nihil
1132 5045 1409 5105 impatiens,
1430 5046 1487 5092 ad
1504 5042 1689 5093 calcem
1711 5054 1814 5091 sua:
1838 5042 2065 5105 editionis
2086 5052 2137 5097 in

524 5109 692 5160 lucem
717 5106 936 5172 protulit,
976 5118 1033 5172 ac
1068 5104 1306 5168 imprimis
1339 5106 1617 5172 videret-st
1644 5116 1743 5168 quo
1776 5104 2135 5172 animi-impetu

528 5174 637 5223 haec
659 5162 881 5221 statuere
921 5162 1117 5225 audeat,
1138 5162 1320 5229 nempe
1343 5162 1699 5229 'ljertullianur'n
1738 5178 1826 5215 nec
1862 5162 2142 5224 adhibuisse

529 5247 717 5300 gracos
727 5233 937 5300 codices,
954 5243 1041 5287 nec
1061 5224 1295 5300 adlabere
1310 5224 1709 5300 voluisse;_totu_m
1726 5241 1845 5277 vero
1869 5243 1927 5300 In
1940 5241 2002 5277 eo
2023 5245 2136 5286 esse

527 5291 585 5347 iit
610 5308 746 5345 suam
786 5291 984 5358 latinam
1008 5291 1218 5358 cuilibet
1255 5300 1508 5358 extranea
1544 5292 1809 5358 lectionem
1852 5298 2138 5358 anteponat,

524 5359 666 5423 quasi
692 5358 844 5421 graci
865 5355 974 5423 libri
999 5356 1086 5423 isto
1099 5352 1218 5423 jam
1230 5360 1439 5423 tempore
1453 5351 1631 5418 fuerim
1651 5366 1740 5416 iter
1762 5351 2140 5423 itareticos__de;

529 5415 744 5483 pravat't;
761 5432 919 5482 eoque
937 5415 1126 5468 facilius
1143 5418 1188 5466 id
1210 5418 1260 5465 in
1280 5415 1537 5483 latinorum
1560 5415 1746 5483 mente
1761 5415 1992 5483 laesisset
2004 5416 2144 5473 libris

526 5478 708 5547 herupe
731 5478 893 5531 latinis
914 5483 1154 5547 accedere
1188 5481 1480 5547 praecipuam
1502 5478 1828 5547 praestantiam
1856 5491 1868 5536 ;
1896 5478 2137 5547 potiorem

527 5538 856 5605 vetustatem,
886 5543 1013 5606 quod
1039 5538 1353 5603 exemjdaria'
1379 5538 1528 5606 latina
1570 5538 1820 5606 antiquius
1855 5538 1946 5594 sua
1979 5544 2141 5606 prima

526 5610 737 5668 habeant
777 5602 919 5660 initia
958 5614 1002 5659 et
1040 5602 1253 5658 recentia
1294 5602 1604 5668 rudimenta;
1634 5604 1729 5652 imo
1778 5608 1832 5652 et
1870 5602 2143 5667 supéresse

527 5666 688 5728 varias
720 5684 868 5721 novas
897 5669 1436 5736 interpretationeshet
1480 5666 1915 5736 glossasuquarum
1934 5666 2143 5736 primus

526 5724 588 5794 ὀὶ
621 5742 793 5785 certus
848 5724 1136 5787 auctor'est
1168 5724 1525 5790 Tertullinus,
1552 5729 1615 5779 ab
1651 5724 1835 5799 illoque
1882 5732 1933 5783 in
1956 5724 2145 5793 “omne;

2239 5029 2348 5084 lum
2393 5034 2578 5082 contra
2630 5023 2882 5079 Albinum
2929 5021 3385 5093 proﬁcisceretur.
3449 5017 3834 5072 Verumtamen

2238 5122 2402 5177 etiam
2446 5119 2514 5173 ab
2553 5117 2704 5172 initio
2731 5118 3029 5185 Augustum
3067 5113 3195 5168 olint
3226 5113 3387 5167 luisse
3429 5120 3828 5182 nuncupatum,

2241 5235 2436 5287 codices
2455 5232 2635 5282 latinos
2654 5229 2998 5281 dimanavisse.
3017 5227 3082 5277 Ut
3101 5235 3156 5278 ut
3172 5228 3254 5285 sit,
3278 5225 3452 5276 sedulo
3473 5224 3742 5276 cavendum
3762 5231 3839 5276 est

2240 5296 2469 5360 aduplici
2504 5309 2652 5358 queui
2688 5293 2780 5360 sibi
2823 5290 3047 5360 proponit
3072 5298 3250 5360 (auctor
3273 5291 3369 5360 iste
3394 5300 3558 5352 scepo,
3594 5288 3839 5360 vulgatam

2241 5349 2422 5421 nempe
2444 5349 2688 5407 sacrorum
2725 5349 2955 5421 libroruin
2988 5352 3251 5421 lectionem
3274 5349 3547 5421 dili‘amatfe,
3572 5349 3839 5421 praterea-

2241 5434 2339 5486 que
2360 5411 2594 5486 asserere
2620 5431 2683 5466 ex
2699 5430 2805 5486 _una
2827 5415 3102 5486 eademque
3126 5411 3838 5486 omeinanquosdam'prodiisse

2244 5434 2339 5486 que
2366 5432 2594 5471 asserere
2620 5431 2683 5466 ex
2707 5430 2805 5465 una
2827 5428 3102 5525 eademque
3126 5428 3567 5527 orueinarquosoam
3602 5428 3838 5483 promisse

2244 5490 2466 5533 veterum
2503 5481 2674 5538 libros,
2699 5478 2876 5528 Irenzei
2910 5477 3021 5527 vide
3045 5477 3163 5533 lcet,
3198 5484 3282 5525 aut
3371 5476 3707 5531 ementismee
3736 5485 3838 5538 jam

2242 5554 2359 5596 satis
2398 5557 2511 5594 esse
2544 5536 2703 5593 causa:
2742 5553 2830 5591 cur
2875 5553 2964 5590 eos
2999 5540 3212 5589 diversis
3245 5540 3527 5589 auctoribus
3547 5542 3755 5599 ,utpote
3780 5536 3842 5585 ab

2242 5621 2341 5658 uno
2361 5607 2622 5666 conlectos,
2649 5604 2870 5654 dividere
2888 5604 3106 5666 amplius,
3130 5613 3529 5666 perseveremus.
3549 5597 3554 5599 ’
3571 5598 3678 5666 Viti.
3710 5597 3843 5666 :ljer-

2233 5672 2351 5730 ~tuli.
2376 5681 2530 5734 Opera
2551 5661 2749 5727 recens.
2775 5661 2994 5728 Semler,
3017 5661 3172 5726 ﬁala,
3201 5663 3339 5725 1828,
3363 5669 3400 5714 t.
3425 5669 3573 5786 vtpb
3589 5661 3811 5716 185-2“.

3488 5744 3541 5782 ,ο
3580 5760 3590 5776 ε

3488 5743 3590 5782 ιω.

3858 2866 3879 2907 l’
