4242 6266
309 373 383 433 5.7
1577 336 1580 337 ί
1638 352 2107 432 TERTULLIANI
2144 353 2326 413 vrrs.
3540 344 3615 410 ss

310 496 464 562 patet
489 502 552 544 es
585 483 876 555 Rescriptis
905 479 1340 554 'prrccedentium
1383 489 1649 534 annorum
1689 473 1912 530 nomine
1944 475 1994 534 Α
2030 471 2108 527 til‘.
2133 473 2250 541 ejus
2279 471 2699 542 designavimus,
2731 469 2976 529 maxime
2994 467 3134 543 quod
3157 468 3219 525 Β.
3247 466 3531 525 Damasius
3557 445 3609 524 in

313 581 500 640 Severi
526 587 580 634 et
607 576 873 634 Antonini
905 577 1071 646 Augg.
1107 570 1538 640 Conspirationis
1581 566 1794 631 interim
1825 564 1914 619 Al-

312 675 429 732 bini
451 673 710 732 adversus
735 671 992 728 Severum
1018 669 1120 723 IIOC
1144 682 1285 721 anno
1313 665 1466 720 facta:
1487 660 1726 716 meminit
1750 658 1912 714 etiam

316 772 520 825 Auctor
546 767 598 824 in
631 766 745 821 lucc
773 763 956 827 verba,
986 760 1133 816 Unde
1164 758 1336 823 Cossi,
1374 753 1547 826 Nigri,
1575 761 1621 806 et
1651 750 1839 806 Albini.

829 901 985 955 Anno
1007 895 1220 952 Domini
1242 907 1458 950 cxcvul.

391 1018 422 1090 §
482 1014 628 1072 VIII.
679 1012 1040 1080 Quondonam,
1061 1020 1108 1065 et
1156 1009 1210 1063 in
1253 1024 1355 1080 qua
1402 1021 1571 1061 rerum
1625 1009 1919 1072 tempestate

322 1111 555 1167 carmina
581 1107 820 1179 quadam
871 1103 1118 1158 libaverit.
1160 1131 1236 1143 —
1273 1100 1361 1155 15.
1391 1097 1454 1153 Τ.
1512 1093 1764 1151 8ΕΧΤ10
1805 1091 1918 1146 LA-

326 1200 612 1259 TERANO
656 1197 745 1255 ET
797 1198 866 1254 Μ.
907 1193 1132 1252 MARIO
1158 1193 1225 1248 Μ.
1264 1191 1327 1247 F.
1383 1188 1630 1246 CUSPlO
1661 1184 1917 1243 RUFINO

309 1295 506 1353 COSS.
553 1295 613 1351 S.
662 1291 897 1348 Victoris
968 1288 1126 1343 noun.
1190 1283 1381 1340 Pontif.
1437 1295 1579 1337 anno
1612 1279 1701 1335 12.
1752 1279 1918 1334 Seve-

308 1390 364 1446 ri
411 1389 548 1459 Imp.
597 1404 652 1442 v.
683 1379 1224 1442 'I‘ERTULLIANUII
1266 1376 1555 1433 verisimile
1584 1383 1667 1430 est
1712 1387 1917 1427 memo-

304 1481 416 1538 ria:
465 1476 787 1537 exercendae
853 1475 1019 1546 gratia
1070 1470 1450 1542 conscripsisse
1499 1466 1750 1523 Carmine
1800 1463 1920 1519 GEo

317 1573 535 1630 NESIM
603 1572 690 1628 ET
727 1566 1087 1631 SODOIIAM,
1151 1567 1255 1619 imo
1303 1578 1421 1618 mea
1469 1561 1737 1616 sententia
1781 1559 1920 1613 inte.

301 1681 474 1738 gram
531 1677 806 1719 sacrorum
852 1659 1138 1714 Bibliorum
1182 1656 1393 1712 Veteris
1438 1651 1769 1708 Tesmmenti
1802 1650 1917 1703 bis-

302 1760 546 1825 toriam;
572 1767 628 1812 ut
651 1764 774 1828 pote
798 1767 956 1823 quum
982 1761 1036 1806 et
1065 1751 1215 1820 prius
1235 1748 1450 1803 illorum
1474 1746 1718 1799 mutilum
1741 1743 1830 1808 sit,
1863 1749 1919 1796 et

2020 565 2177 620 Point.
2213 564 2420 622 sedisse
2453 565 2722 643 Victorem
2747 564 2948 621 scribat
2976 579 3006 617 a
3032 562 3326 618 Consulatu
3354 562 3609 617 Commo-

2019 656 2147 710 div.
2174 667 2229 712 et
2254 655 2558 713 Glabrionis
2591 657 2837 730 (quibus
2864 657 3020 711 Coss.
3053 670 3160 710 sul.
3189 654 3308 710 Kal.
3345 657 3477 722 Aug.
3511 652 3611 708 da-

2019 759 2070 804 ta
2097 760 2174 805 est
2195 751 2344 820 prior
2365 751 2483 820 ejus
2515 749 2678 821 Epist.
2706 750 2794 811 ad.
2817 748 3062 820 'I‘lieopb.
3100 748 3359 802 Alesaud.
3381 746 3424 818 ),
3445 760 3612 816 usque

2019 840 2084 895 ad
2105 841 2426 897 Lateranum
2452 854 2505 897 et
2531 841 2803 897 Ruliuum.
2830 845 2870 897 Α
2923 843 3041 897 Kal.
3075 850 3252 895 autem
3282 839 3454 895 .Iuniis
3482 837 3612 893 dicti

2019 934 2348 997 consulatus,
2380 949 2486 1004 quo
2528 933 2615 988 die
2644 945 2855 990 creatus
2886 933 3041 987 Pont.
3075 947 3243 1003 usque
3290 930 3354 985 ad
3387 946 3440 984 v.
3487 928 3607 984 Kal.

2021 1026 2241 1096 Augusti
2273 1025 2398 1079 anui
2417 1026 2714 1096 sequentis,
2745 1024 3104 1079 conﬁciuntur
3129 1023 3254 1078 anni
3290 1021 3378 1076 ιε.
3409 1021 3609 1076 mensis

2022 1117 2074 1172 I.
2107 1117 2223 1172 dies
2250 1116 2343 1171 28.
2375 1118 2422 1171 Is
2448 1118 2587 1171 dicta
2614 1117 2668 1170 2.
2705 1116 2875 1186 Epist.
2908 1115 3328 1186 discrepantiam
3361 1113 3612 1168 Afrorum

2022 1207 2074 1262 in
2107 1206 2465 1263 Sacramentis
2491 1207 2807 1278 increpans,
2844 1207 2973 1262 milii
3005 1207 3217 1262 videtur
3238 1207 3303 1260 ad
3326 1204 3612 1260 celebrita-

2026 1306 2135 1352 tem
2165 1297 2267 1352 diei
2297 1297 2518 1352 Pasclue
2550 1299 2790 1353 alludere
2822 1297 3013 1370 (quam
3043 1297 3285 1368 Epistola
3331 1296 3494 1366 priori
3526 1294 3616 1350 die

2025 1390 2300 1445 Dominica
2323 1391 2583 1446 celebrari
2607 1391 2825 1450 debere.
2854 1392 3002 1461 juxta
3035 1390 3179 1462 quod
3224 1402 3278 1445 et
3309 1389 3608 1459 praedeces-

2022 1498 2172 1538 sores
2196 1485 2276 1537 sui
2299 1492 2620 1550 statuerunt,
2651 1483 3017 1548 mandaverat,
3038 1498 3387 1554 qumcumque
3418 1482 3618 1536 incide-

2022 1584 2106 1629 ret
2133 1589 2161 1628 a
2194 1589 2298 1628 xlv.
2347 1573 2492 1628 Luna
2525 1574 2679 1644 primi
2712 1574 2948 1640 mensis,
3005 1589 3172 1644 usque
3198 1573 3262 1627 ad
3291 1589 3399 1628 xxi.
3432 1575 3484 1626 in
3512 1587 3619 1644 quo

2023 1667 2268 1724 l'ortaSSis
2312 1668 2466 1723 initio
2515 1667 2626 1724 Μ’τί
2669 1669 2883 1740 quidam
2927 1684 3048 1724 eum
3096 1668 3377 1738 Polycrate
3421 1668 3620 1720 Asiauo

2023 1760 2351 1816 contrariam
2387 1761 2754 1830 sequebantur
2782 1760 3222 1814 consuetudinem
3250 1800 3265 1823 ,
3314 1773 3618 1829 quanquam

306 1869 380 1910 ex
412 1852 566 1907 initio
608 1848 924 1920 posterioris
950 1845 1082 1899 satis
1107 1844 1355 1898 videatur
1380 1842 1540 1895 etiam
1567 1837 1918 1906 descripsisse

2029 1862 2205 1923 postea
2249 1853 2300 1906 in
2333 1869 2496 1907 unum
2518 1854 2908 1908 Consenserint.
2940 1852 3073 1908 Nam
3101 1852 3168 1907 de
3191 1853 3370 1906 Blasto
3401 1853 3618 1908 lucreti-

307 1947 466 2004 Orbis
495 1945 728 2000 universi
777 1926 1074 2000 diluvium:
1107 1949 1266 2009 atque
1317 1937 1451 1990 adeo
1499 1936 1658 1990 etiam
1691 1931 1919 1988 Carmen

308 2039 448 2097 iIlud
521 2038 614 2094 AD
650 2031 1078 2092 SENATOREM
1268 2025 1680 2084 CIIBISTIANA
1767 2023 1921 2079 FIDE

311 2134 412 2188 AD
477 2128 828 2186 IDOLOIIUM
893 2122 1341 2182 SI‘ZIIVITUTEM
1410 2117 1828 2186 REVERSUM,
1868 2130 1923 2173 et

309 2226 491 2282 libros
542 2225 777 2295 quinque
827 2218 1087 2276 ADVER.
1144 2215 1355 2273 MARE.
1401 2214 1664 2279 carmine,
1704 2227 1768 2267 ac
1831 2211 1917 2266 DE

309 2317 585 2374 JUDICIO
612 2313 842 2370 DOMINI
875 2313 1092 2366 librum.
1117 2310 1229 2366 IIoc
1253 2323 1549 2364 vero-anno
1589 2305 1654 2361 ad
1705 2304 1917 2362 XLKaI.

302 2407 539 2464 Martias
603 2405 737 2475 Imp.
798 2403 939 2459 Caes.
1005 2403 1064 2458 Ι).
1110 2399 1366 2456 Claudius
1423 2397 1713 2467 Septimius
1769 2395 1918 2450 Albi-

311 2516 422 2557 nus
452 2502 722 2570 Augustus
753 2498 938 2569 prtelio
963 2497 1030 2551 ab
1057 2494 1192 2566 Imp.
1212 2495 1414 2550 Severo
1440 2492 1613 2548 victus
1639 2501 1694 2546 et
1709 2491 1922 2546 occisus

307 2599 401 2648 est
424 2633 442 2658 ,
472 2590 632 2663 idque
659 2589 800 2660 apud
849 2588 1196 2658 Lugdunum;
1229 2601 1349 2657 quin
1393 2583 1535 2656 quod
1569 2583 1719 2637 illum
1763 2591 1919 2638 antea

308 2685 620 2755 recepisset
649 2682 980 2756 (llerodiano
1009 2679 1165 2753 teste)
1190 2688 1243 2734 et
1269 2678 1474 2748 direpta
1498 2686 1550 2732 et
1571 2677 1785 2731 incensa
1805 2684 1918 2742 est;

311 2776 366 2832 in
389 2791 501 2847 qua
541 2775 913 2845 expeditione.
945 2772 1018 2826 uti
1062 2788 1124 2827 ex
1175 2771 1336 2825 variis
1379 2769 1630 2836 Inscript.
1682 2776 1914 2833 constat,

276 2911 292 2924 .
311 2869 457 2940 Imp.
489 2884 603 2923 vni.
624 2884 702 2923 Ix.
723 2877 774 2922 et
822 2883 885 2921 ιι.
914 2865 1210 2937 appellatus
1236 2872 1337 2918 est.
1365 2859 1719 2934 Quujamjam
1748 2875 1919 2929 evpu-

313 2971 524 3034 gnato,
565 2975 756 3016 omnes
811 2959 1075 3028 imprimis
1125 2957 1457 3022 Galliarum,
1507 2953 1920 3024 Hispaniarum,

315 3054 721 3125 Britanniasque
765 3065 1018 3123 proceres
1061 3050 1149 3120 qtti
1209 3048 1358 3104 illum
1393 3049 1677 3116 juverunt,
1728 3044 1924 3100 deinde

315 3145 550 3201 Romam
602 3160 852 3200 reversus
885 3144 1090 3198 amicos
1119 3141 1234 3212 ejus
1271 3140 1508 3210 undique
1551 3138 1918 3208 conquisitos,

2024 1959 2090 2000 co
2119 1944 2628 2015 quartodecimano,
2683 1945 2760 1999 sic
2817 1947 3058 1998 Auctor:
3107 1942 3200 1996 Est
3252 1952 3494 2014 prwterea
3543 1943 3620 1997 his

2025 2036 2257 2089 omnibus
2284 2036 2434 2088 etiam
2476 2033 2684 2090 Blastus
2723 2037 2968 2090 accedens
2991 2077 3006 2100 ,
3035 2036 3123 2105 qui
3167 2034 3378 2090 latenter
3405 2033 3621 2088 Judais-

2024 2144 2162 2182 nmm
2188 2129 2292 2182 vult
2339 2129 2698 2194 introducere;
2743 2127 2948 2183 Pascha
2990 2130 3124 2182 enim
3159 2129 3281 2182 dicit
3326 2145 3427 2182 non
3472 2129 3622 2182 aliter

2024 2224 2439 2289 custodiendum,
2473 2224 2570 2278 nisi
2601 2224 2878 2278 secundum
2909 2224 3067 2294 legem
3097 2223 3266 2294 Moysi
3301 2223 3384 2278 ιι.
3414 2223 3620 2276 mensis.

2028 2317 2155 2383 Quis
2177 2328 2344 2372 autem
2373 2319 2584 2380 nesciat,
2619 2318 2857 2387 quoniam
2892 2317 3198 2388 lit-angelica
3225 2318 3390 2387 gratio
3417 2332 3623 2370 evacua-

2025 2419 2138 2476 tur,
2163 2410 2207 2463 si
2263 2410 2331 2462 ad
2358 2410 2516 2480 legem
2542 2409 2798 2463 Christum
2825 2409 3008 2480 redigit
3034 2408 3160 2479 γυ..
3190 2410 3252 2462 de
3284 2406 3474 2462 Pra’sc.
3501 2409 3617 2462 adr.

2025 2501 2152 2555 liter.
2176 2517 2222 2554 c.
2245 2501 2334 2565 5'5,
2362 2503 2486 2555 hwr.
2506 2501 2596 2555 2'2.
2629 2501 2665 2555 ι.
2696 2501 2758 2555 de
2784 2501 2961 2573 Jejun.
2992 2518 3038 2556 c.
3067 2502 3152 2556 Η.
3181 2500 3261 2555 Ib.
3289 2517 3334 2554 c.
3372 2501 3490 2570 15.)
3542 2501 3624 2556 Ad

2025 2593 2269 2648 eamdem
2293 2593 2722 2648 observationem
2756 2594 2991 2662 pertinet
3021 2593 3148 2646 illud
3173 2592 3451 2662 ejusdem:
3496 2591 3626 2647 Pas-

2023 2685 2122 2739 cha
2167 2685 2475 2763 celebramus
2522 2702 2692 2738 annuo
2739 2684 2953 2752 circulo,
2982 2701 3150 2738 mense
3195 2694 3446 2753 t;atque
3489 2683 3626 2739 adeo

2024 2778 2186 2833 etiam
2215 2778 2346 2832 illud
2377 2795 2390 2832 :
2422 2778 2657 2846 Aguntur
2682 2786 2926 2849 prwterea
2954 2793 3042 2847 per
3072 2775 3296 2831 Grrecias
3324 2776 3443 2830 illas
3469 2778 3620 2831 certis

2023 2871 2077 2922 in
2108 2869 2230 2924 locis
2267 2869 2497 2926 Concilio
2541 2886 2603 2924 ea:
2645 2869 2888 2924 universis
2920 2868 3183 2923 Ecclesiis.
3224 2869 3279 2924 Id
3324 2870 3468 2924 enim
3523 2871 3626 2925 etsi

2025 2964 2624 3034 generatim-loquatur,
2648 2965 3019 3019 existimamus
3040 2962 3376 3033 potissimum
3402 2962 3626 3032 intelligi

2027 3053 2094 3108 de
2119 3053 2376 3110 Couciliis
2405 3057 2560 3124 paulo
2601 3064 2725 3110 aute
2753 3056 3039 3111 celebratis
3070 3054 3356 3108 Palestina:
3389 3069 3417 3105 a
3445 3053 3628 3107 Theo-

2029 3147 2190 3218 piiylo
2214 3146 2552 3211 CmSariensi,
2589 3147 2741 3201 Ponti
2771 3163 2801 3201 a
2830 3147 3034 3210 Palma,
3062 3144 3350 3200 Corinthio
3370 3161 3398 3198 a
3420 3145 3627 3218 Baclty-

313 3248 376 3294 et
413 3239 554 3294 inter
598 3253 692 3294 eos
715 3237 1006 3294 Senatores
1051 3235 1140 3292 £0.
1190 3235 1425 3290 Severus
1477 3233 1706 3288 interﬁci
1731 3231 1920 3301 jussit,
1949 3223 1993 3285 C
2029 3239 2114 3302 lo,
2167 3248 2222 3293 et
2279 3238 2641 3294 Ecclesiarum
2692 3238 2831 3307 apud
2873 3239 3205 3304 Osroenum,
3264 3236 3627 3292 Alexandrino

315 3339 446 3384 tum
477 3339 532 3384 et
551 3345 647 3384 eos
672 3345 860 3384 omnes
883 3332 972 3400 qni
1005 3329 1056 3383 in
1089 3328 1420 3382 Pertinacem
1459 3325 1921 3394 conspiravcrant:

318 3412 482 3487 Quos
525 3421 661 3474 adeo
690 3425 886 3475 Auctor
916 3421 1213 3474 Albinianos
1260 3418 1497 3488 appellat
1544 3415 1721 3471 verbis
1766 3428 1923 3484 supra

317 3513 534 3570 citatis.
566 3514 642 3567 Ad
668 3529 794 3568 ann.
816 3513 1018 3567 Domini
1037 3513 1160 3568 I95.
1187 3521 1236 3567 et
1264 3527 1361 3582 per
1380 3511 1585 3579 aliquot
1605 3523 1775 3562 annos
1805 3523 1928 3577 per-

317 3606 556 3661 durasse
583 3603 718 3659 hanc
748 3605 955 3659 illorum
987 3604 1385 3674 inquisitionem
1413 3600 1682 3671 signiﬁcat
1708 3617 1720 3653 :
1747 3599 1854 3654 Sed
1878 3608 1926 3652 et

310 3699 413 3769 qui
434 3715 593 3762 nunc,
636 3697 825 3768 inquit,
852 3697 1176 3752 scelestarum
1209 3695 1427 3767 partium
1453 3693 1576 3747 socii
1601 3701 1690 3745 aut
1721 3692 1928 3761 plauso-

307 3807 403 3846 res
423 3790 648 3860 quotidie
682 3789 1005 3856 revelantur,
1040 3799 1152 3858 post
1194 3785 1498 3841 vindemiam
1550 3784 1926 3855 parricidarum

315 3886 605 3939 racematio
642 3895 942 3954 superstes;
982 3898 1203 3953 nenipe,
1253 3889 1512 3952 quantum
1566 3887 1816 3948 apparet,
1859 3875 1925 3931 ad

321 3975 663 4045 triumphum
692 3989 863 4044 usque
886 3975 1216 4035 Parthicum,
1250 3983 1412 4043 atque
1437 3970 1574 4025 adeo
1602 3984 1800 4024 novum
1831 3968 1928 4023 Se-

312 4072 436 4126 veri
465 4085 688 4134 annum,
713 4067 1165 4138 quemadmodum
1199 4066 1268 4122 ibi
1297 4067 1476 4120 latius.
1507 4063 1645 4118 Alibi
1679 4063 1836 4117 etiam
1861 4060 1927 4116 ad

307 4160 628 4217 Senatores
672 4162 884 4215 occisos
911 4160 1136 4214 alludit:
1172 4158 1336 4212 Nemo
1367 4175 1467 4210 non
1490 4198 1504 4221 ,
1546 4155 1747 4226 inquit,
1779 4155 1928 4208 etiam

306 4254 551 4308 hominis
576 4270 733 4308 causa
763 4253 870 4324 pati
924 4262 1086 4323 potest
1143 4255 1278 4322 quod
1305 4251 1356 4304 in
1380 4265 1534 4304 causa
1566 4248 1661 4303 Dei
1691 4249 1795 4317 poti
1825 4247 1926 4300 du-

315 4343 471 4397 bitat.
508 4345 590 4397 Ad
625 4344 719 4398 hoc
744 4345 946 4415 quidem
972 4343 1051 4397 vel
1088 4344 1358 4412 praesentia
1385 4341 1528 4395 nobis
1576 4351 1802 4410 tempora
1831 4340 1929 4392 do-

311 4446 567 4490 cumenta
593 4437 734 4500 sint;
779 4448 1005 4505 quantte,
1039 4438 1312 4507 qualesque
1344 4450 1574 4505 persona:
1600 4434 1892 4504 inopinatos
1911 4476 1926 4500 ,

319 4513 618 4584 Natalibus
637 4541 681 4585 et
714 4530 1062 4602 Dignitatibus
1092 4541 1136 4585 et
1149 4529 1477 4599 Corporibus,
1505 4539 1551 4582 et
1571 4531 1802 4584 aetatibus
1827 4529 1931 4583 suis

320 4624 503 4678 exitus
528 4627 774 4694 referunt,
805 4625 1022 4678 hominis
1073 4641 1236 4677 causa
1267 4641 1284 4678 :
1314 4635 1402 4676 aut
1431 4622 1492 4676 ab
1515 4623 1650 4692 ipso,
1684 4622 1729 4675 si
1753 4633 1932 4675 contra

314 4731 443 4768 eum
475 4716 705 4786 fecerint,
735 4726 823 4770 aut
852 4716 915 4769 ab
941 4716 1244 4770 adversariis
1267 4716 1376 4783 ejus
1406 4715 1449 4768 si
1480 4731 1571 4783 pro
1591 4730 1651 4768 eo
1678 4715 1928 4769 steterint.

317 4809 464 4878 (Ad.
505 4808 598 4864 Sc.
631 4825 678 4864 c.
708 4810 763 4864 2.
796 4810 1014 4879 Apolog.
1048 4827 1094 4863 c.
1119 4810 1208 4865 55.
1254 4810 1290 4863 ι.
1322 4809 1408 4861 ad.
1437 4806 1603 4864 Marc.
1651 4823 1767 4877 cap.
1808 4807 1932 4877 ult.)

301 4900 455 4957 Fuit
485 4912 665 4957 autem
694 4902 960 4957 dictorum
989 4903 1270 4957 eonsnlum
1316 4902 1452 4955 alter
1482 4901 1782 4956 Lateranus
1809 4910 1932 4954 tau-

317 5007 526 5069 topere
545 4998 750 5053 amicus
779 4996 981 5053 Severo
1011 4996 1146 5066 Imp.
1175 5005 1230 5050 nt
1258 4997 1330 5050 illi
1371 4995 1934 5066 magniﬁcentissimos

313 5091 478 5145 mdes
530 5089 716 5145 Roma:
745 5090 1126 5154 :edilicaverit,
1170 5103 1303 5160 quas
1331 5088 1625 5144 etiamnum
1675 5086 1931 5141 Palatium

310 5185 703 5242 Lateranense
730 5186 1083 5255 appellamus,
1107 5199 1265 5255 quem
1296 5193 1479 5253 postea
1496 5180 1686 5236 scribit
1717 5180 1778 5234 Β.
1804 5179 1933 5233 Ilie-

312 5292 498 5348 rony.
550 5276 832 5347 Epitaphio
883 5277 1153 5336 Fabiolze.
1200 5275 1505 5330 Cmsariano
1558 5274 1933 5327 obtruncatum

311 5368 537 5440 gladio,
564 5367 800 5424 fortaSsis
831 5369 1084 5422 Antonini
1115 5366 1424 5429 Caraeallte,
1458 5365 1547 5435 qui
1573 5366 1624 5419 in
1649 5364 1936 5434 pleroSque

313 5465 544 5516 amicos
565 5463 728 5530 patris
765 5462 847 5515 sui
875 5461 1277 5515 animadvertit.
1319 5459 1475 5528 Atqui
1516 5473 1638 5512 eum
1673 5456 1755 5510 IIIS
1774 5455 1930 5510 Coss.

285 5553 535 5622 scripta
563 5553 630 5608 sit
659 5553 830 5623 Epist.
860 5569 917 5608 ιι.
951 5554 1009 5607 S.
1043 5552 1276 5607 Victoris
1301 5549 1457 5605 Rom.
1484 5549 1638 5604 Pont.
1685 5546 1753 5602 ad
1779 5548 1934 5602 Afros

317 5645 635 5715 Episcopos
662 5645 785 5700 data
806 5644 922 5700 Kal.
956 5644 1233 5714 Septemb.
1263 5653 1318 5698 et
1345 5643 1517 5713 Epist.
1544 5643 1605 5697 S.
1637 5639 1930 5696 Eleutlierii

317 5735 651 5792 Decessoris
679 5735 815 5806 ejus.
843 5752 893 5790 v.
920 5735 996 5791 Id.
1023 5736 1150 5791 Julii
1178 5735 1415 5791 Materno
1436 5743 1492 5790 et
1538 5734 1747 5789 Bradua
1773 5732 1930 5788 Coss.

313 5827 647 5888 necessario
679 5828 819 5885 hunc
845 5844 1068 5902 annum,
1100 5844 1204 5885 non
1231 5827 1622 5905 pr.rccdeutem
1653 5843 1747 5886 xu.
1785 5826 1930 5884 Pon-

2029 3322 2241 3400 quoque
2268 3344 2295 3382 a
2326 3328 2656 3398 Theopltilo,
2706 3330 2935 3400 denique
2964 3331 3194 3396 Asiano,
3229 3330 3280 3384 in
3311 3345 3416 3401 quo
3441 3331 3628 3387 scribit

2028 3420 2252 3490 Niceph.
2299 3422 2426 3476 bist.
2473 3420 2619 3476 Eccl.
2652 3423 2689 3476 l.
2720 3423 2774 3490 4.
2827 3437 2876 3477 c.
2905 3422 3004 3477 ult.
3041 3421 3226 3478 Patres
3257 3423 3455 3477 dictam
3499 3410 3626 3479 scn-

2030 3516 2250 3569 tentiam
2300 3514 2360 3568 B.
2409 3507 2638 3568 Victoris
2677 3515 2884 3570 Concil.
2932 3516 3157 3570 Romani
3206 3527 3420 3571 secutos
3465 3532 3622 3586 esse,
3725 3556 3740 3561 -

2029 3607 2117 3662 cui
2145 3607 2306 3662 etiam
2333 3611 2601 3668 consentit
2624 3608 2831 3663 Concil.
2859 3607 3153 3664 Galliarum
3185 3611 3284 3666 sub
3322 3610 3547 3669 Irenaro.

2513 3749 2671 3802 Anno
2700 3746 2907 3802 Domini
2939 3761 3125 3803 cxcrx.

2105 3886 2133 3959 ς
2164 3885 2256 3942 IX.
2303 3885 2380 3940 De
2407 3887 2549 3941 libris
2579 3887 2818 3940 adversus
2843 3886 3055 3941 Indicos
3079 3885 3131 3939 in
3161 3886 3320 3940 lucem
3353 3885 3514 3939 editis.
3561 3914 3631 3925 —

2034 3980 2124 4039 16.
2154 3980 2212 4035 Τ,
2244 3979 2553 4035 HATVBIO
2576 3981 2636 4035 T.
2671 3979 2731 4034 F.
2777 3978 3156 4042 SATURNIO,
3211 3977 3299 4032 ET
3327 3978 3390 4033 C.
3424 3976 3631 4032 ANNIO

2034 4073 2184 4149 APP.
2231 4073 2290 4126 Ρ.
2334 4071 2769 4127 τιιιςιιοκιςυιυ
2808 4072 3037 4127 GALLO
3065 4069 3264 4148 coss.
3311 4071 3368 4125 s.
3423 4071 3634 4140 Zephy-

2033 4166 2134 4221 rini
2161 4165 2316 4234 Papte
2347 4165 2538 4219 Rumie
2558 4181 2592 4218 ι.
2626 4178 2690 4219 ac
2716 4163 2902 4219 Severi
2926 4163 3059 4232 Imp.
3087 4179 3159 4217 vt.
3212 4161 3428 4216 videtur
3477 4161 3632 4214 nobis

2033 4258 2322 4328 contigisse
2349 4256 2672 4327 discrepatio
2699 4255 2784 4309 illa
2808 4252 3273 4310 TERTULLIANI
3294 4269 3416 4308 cum
3447 4251 3632 4308 ,Ιυάωο

2035 4349 2270 4420 quodam
2295 4390 2309 4409 .
2343 4349 2496 4419 cujus
2529 4347 2816 4402 occasione
2860 4347 3142 4416 scripsisse
3167 4361 3226 4400 se
3271 4344 3534 4415 signiﬁcnt
3571 4345 3635 4397 li—

2028 4441 2487 4497 brumADVER.
2530 4425 2838 4498 JUDJSDS.
2884 4438 3130 4493 Proxime
3186 4438 3393 4496 accidit,
3426 4435 3631 4504 inquit,

2036 4535 2099 4606 (ι.
2129 4538 2216 4589 ad.
2243 4534 2370 4589 Iud.
2423 4553 2470 4590 c.
2499 4551 2538 4590 ι.
2568 4543 2612 4605 ),
2647 4535 2923 4602 disputatio
2973 4533 3143 4585 habito
3166 4541 3239 4585 est
3279 4528 3568 4583 Christiano
3587 4534 3633 4577 et

2043 4625 2311 4698 Proselyto
2371 4627 2580 4682 Judazo.
2647 4625 2871 4679 Alternis
2922 4623 3109 4676 vicibus
3159 4618 3470 4693 contentiosa
3514 4615 3636 4684 fune

2039 4728 2250 4786 uterque
2276 4718 2411 4770 diem
2447 4719 2501 4770 in
2555 4732 2815 4784 vesperam
2874 4718 3159 4766 traxerunt.
3215 4707 3636 4774 Obstrepentibus

2036 4809 2187 4862 etiam
2216 4808 2514 4876 quibusdam
2539 4807 2876 4875 spectantibus
2898 4845 2912 4866 ,
2943 4801 3280 4870 singulorum.
3307 4798 3477 4852 nubilo
3498 4815 3628 4869 quo-

2039 4899 2158 4952 dant
2189 4898 2372 4952 veritas
2397 4897 2810 4951 obumbrabatur.
2842 4893 3052 4948 Placuit
3075 4892 3365 4964 ergo,quod
3396 4909 3484 4962 per
3509 4909 3636 4946 con-

2037 5001 2238 5047 centum
2287 4991 2646 5061 disputationis
2675 4989 2842 5042 minus
2873 4988 3019 5056 plene
3043 4988 3206 5056 potuit
3236 4986 3503 5050 elucidari,
3551 4987 3635 5038 in-

2038 5086 2164 5156 spici
2203 5087 2453 5138 curiosius
2478 5127 2491 5146 ,
2527 5094 2572 5136 et
2604 5067 2835 5139 lectionis
2859 5083 2990 5154 stylo
3016 5082 3313 5152 quatstiones
3340 5088 3638 5134 retractatas

2038 5181 2332 5234 terminare.
2390 5179 2444 5233 In
2477 5194 2584 5249 quo
2633 5179 2773 5233 inter
2813 5189 3009 5233 exetcra
3049 5177 3414 5232 annotandum
3447 5175 3630 5238 venit,

2039 5276 2177 5344 quod
2207 5275 2272 5328 de
2313 5273 2627 5328 dilatatioue
2659 5273 2778 5327 lidei
2827 5290 2921 5344 per
2952 5273 3259 5326 universum
3287 5283 3424 5338 pene
3449 5268 3637 5322 orbem

2032 5367 2141 5438 jam
2174 5368 2241 5421 ab
2270 5382 2331 5422 ea
2361 5377 2518 5420 :elatc
2543 5366 2764 5434 pulchre
2795 5365 3031 5421 deducit.
3068 5363 3129 5416 In
3165 5379 3309 5433 quem
3339 5363 3473 5415 enim
3494 5400 3508 5423 ,
3556 5360 3640 5414 in-

2038 5462 2173 5533 quit,
2203 5461 2362 5514 alium
2385 5460 2634 5514 universa:
2663 5468 2830 5530 gentes
2856 5459 3212 5521 crediderunt,
3241 5456 3340 5509 nisi
3378 5455 3638 5509 Christum

2037 5555 2123 5624 qui
2144 5555 2252 5623 jam
2295 5554 2421 5606 venit
2440 5553 2532 5606 .9...
2570 5551 2783 5616 Part/ii,
2811 5551 2989 5615 Medi,
3019 5549 3284 5613 Elamitaz,
3318 5560 3428 5603 etc.
3463 5547 3636 5620 (ibid.,

2037 5664 2084 5702 c.
2114 5649 2216 5717 7.),
2249 5647 2402 5700 sicuti
2435 5647 2628 5716 legitur
2652 5647 2770 5700 Act.
2801 5644 2856 5697 2.
2882 5654 2927 5697 et
2954 5654 3149 5697 caetera:
3176 5651 3345 5712 gentes
3365 5681 3380 5705 ,
3427 5648 3482 5693 ut
3522 5641 3638 5711 jam

2039 5737 2337 5794 Getulorum
2367 5740 2654 5806 varietates,
2687 5747 2731 5792 et
2755 5735 3062 5791 Maurorum
3089 5735 3235 5789 multi
3258 5735 3406 5798 fines,
3435 5731 3632 5804 Ilispa-
3652 5746 3666 5754 '

2038 5831 2236 5886 uiarum
2268 5849 2440 5903 omnes
2466 5832 2684 5903 termini,
2720 5841 2766 5887 et
2812 5830 3099 5904 Galliarum
3143 5829 3352 5884 dircrstc
3379 5827 3626 5906 nationes,
