4242 6266
601 363 692 476 se
936 441 944 449 -
1639 402 1697 470 i"

1891 399 2355 472 TERTULLIHA‘NI
2391 408 2574 474 VITA.
3857 417 3932 482 60

624 543 672 592 et
721 529 1086 589 Britannorum
1122 529 1382 586 inaccessa
1419 525 1664 586 Romanis
1700 527 1834 593 loca,
1878 526 2078 584 Christo
2115 545 2232 584 vero
2258 525 2312 590 Α
2335 537 2387 585 et
2413 528 2664 600 Imperat.
2697 525 2982 600 Congiaria
3005 529 3197 587 iterum
3223 529 3420 603 populo
3439 530 3564 589 dato
3584 538 3638 590 et
3665 532 3930 592 Donativo

627 627 849 689 subdita,
875 635 919 680 et
937 623 1312 688 Sarmatarum,
1344 631 1391 678 et
1418 620 1678 677 Dacorum
1703 631 1749 675 et
1767 619 2158 688 Germanorum,
2183 629 2232 675 et

627 718 964 790 Scytharum,
997 726 1044 770 et
1075 716 1360 770 abditarum
1387 717 1662 770 multarum
1691 717 1939 788 gentium,
1958 725 2003 769 et
2011 715 2232 786 ,provin-

625 810 822 864 ciarum
851 818 898 862 et
928 809 1212 863 insularum
1243 809 1518 862 multarum
1548 807 1689 862 nobis
1719 809 2026 878 ignotarum,
2047 816 2232 876 etquo:

583 957 585 960 .
627 918 925 957 enumerare
954 901 1123 956 minus
1161 916 1468 970 possumus;
1519 901 1572 954 in
1623 899 1803 970 quibus
1831 898 2061 953 omnibus
2105 898 2230 952 locis

628 992 817 1050 Christi
845 1010 1026 1048 nomen
1049 993 1137 1059 qui
1152 994 1266 1063 jam
1287 993 1416 1047 venit
1436 992 1654 1064 regnat?
1678 991 1774 1046 Est
1801 1000 1855 1046 et
1877 990 2004 1045 illud
2032 989 2099 1045 de
2120 989 2209 1044 lini

628 1085 731 1142 bus
769 1085 982 1156 Imperii
1023 1085 1176 1139 Rom.
1223 1093 1334 1138 tum
1367 1084 1622 1154 temporis
1664 1083 1924 1138 memoria
1961 1081 2179 1152 dignum
2213 1098 2225 1133 :

634 1177 874 1234 Germani
898 1178 1066 1232 adhuc
1105 1193 1261 1246 usque
1288 1177 1471 1230 limites
1509 1175 1795 1246 transgredi
1833 1190 1934 1228 non
1969 1174 2225 1228 sinuntur.

631 1270 912 1325 Britannia:
937 1270 1074 1324 intra
1104 1266 1296 1322 Oceani
1321 1267 1564 1321 ambitum
1581 1236 1830 1320 concliati:
1856 1275 1990 1318 sunt.
2017 1263 2229 1317 Mauro-

632 1380 744 1416 rum
764 1379 906 1432 geus,
929 1371 974 1415 et
997 1359 1288 1415 Getulorum
1309 1359 1564 1413 barbaries
1586 1375 1618 1412 'a
1641 1356 1886 1411 Romanis
1914 1356 2224 1421 obsidentur,

634 1470 696 1508 ne
712 1453 1191 1524 regionumsuarum
1212 1452 1335 1520 ﬁnes
1360 1449 1773 1516 excedantﬂuid
1798 1448 1860 1502 de
1883 1446 2129 1502 Romanis
2150 1448 2233 1501 di-

632 1564 764 1608 cam,
796 1547 882 1615 qui
911 1546 974 1598 de
1001 1546 1258 1616 legionum
1274 1560 1483 1598 suarum
1507 1542 1758 1614 prwsidiis
1775 1540 2056 1612 Imperium
2082 1557 2231 1596 suum

632 1641 886 1704 muniunt,
903 1655 992 1693 nec
1023 1648 1167 1692 trans
1195 1638 1318 1692 istas
1345 1647 1514 1707 gentes
1541 1636 1800 1705 porrigere
1823 1637 1951 1688 vires
1979 1635 2122 1704 regni
2151 1633 2232 1687 sui

634 1730 1037 1805 possunt?Quod
1059 1731 1229 1800 ipsum
1253 1730 1463 1799 attingit
1483 1728 1550 1782 de
1569 1726 1851 1783 Germanis
1876 1718 2228 1793 Herodianus,

633 1824 759 1878 bist.
795 1824 830 1877 l.
863 1821 918 1876 2.
951 1820 1078 1876 dum
1114 1820 1371 1876 Severum
1424 1819 1654 1874 electum
1682 1819 1811 1874 dicit
1841 1833 1935 1888 per
1963 1817 2232 1875 exercitus

2335 622 2612 689 militibus,
2638 622 2689 677 in
2718 623 3012 678 secundum
3041 624 3240 679 bellum
3272 626 3580 691 Arabicum,
3614 627 3927 686 Parthicum

2333 723 2383 769 et
2414 713 2798 769 Adiabenicum
2829 714 3066 786 profecto
3091 716 3111 784 (
3139 715 3208 770 de
3235 733 3340 784 quo
3368 732 3528 786 supra
3569 718 3727 773 latius
3755 720 3772 788 )
3811 721 3929 776 An-

2337 806 2531 862 tistites
2599 807 2826 863 Romani
2879 809 3300 879 'Sacrorumquc
3372 809 3527 864 Pont.
3610 811 3926 881 religionem

2333 897 2688 953 Christianam
2715 898 2868 955 initio
2891 909 3106 969 sumpto
3135 915 3164 952 a
3192 898 3249 956 S.
3284 899 3496 956 Victore
3533 901 3691 957 Pont.
3737 919 3926 973 perse-

2331 991 2422 1061 qui
2477 1001 2800 1062 pergerent,
2858 990 3393 1050 TERTULLIANUS
3447 993 3514 1048 ad
3569 995 3927 1054 imitationem

2327 1083 2558 1138 aliorum
2587 1083 2680 1154 qui
2705 1093 2830 1139 ante
2857 1099 2916 1139 se
2945 1084 2997 1139 id
3027 1084 3287 1151 fecerant,
3314 1095 3369 1140 et
3387 1088 3681 1154 praesertim
3710 1089 3769 1143 Β.
3795 1089 3923 1144 Jus-

2331 1177 2429 1231 tini
2475 1177 2630 1232 Mart.
2689 1176 3225 1234 APOLOGLTICUM
3298 1178 3434 1235 PRO
3491 1180 3926 1239 CHRISTIANIS

2329 1268 2560 1324 Romam
2579 1269 2744 1332 misit,
2771 1271 2823 1325 in
2851 1285 2978 1339 quo,
3010 1270 3093 1326 vel
3121 1271 3400 1326 Lactantio
3425 1281 3580 1337 teste,
3604 1274 3759 1342 plene
3791 1275 3927 1330 hanc

2333 1376 2550 1418 causam
2579 1363 2869 1432 peroravit.
2912 1362 3031 1418 Jam
3060 1373 3186 1419 ante
3231 1372 3409 1419 tamen
3440 1364 3736 1421 discessum
3769 1382 3925 1422 suum

2333 1454 2530 1510 multas
2562 1453 2730 1525 Leges
2749 1469 2779 1508 a
2799 1453 3000 1510 Severo
3027 1466 3080 1510 et
3105 1459 3416 1511 emendatas
3445 1465 3500 1513 et
3527 1458 3820 1531 publicatas
3841 1461 3926 1515 vel

2329 1546 2452 1617 ipse
2476 1557 2662 1603 auctor
2691 1547 2887 1603 indicat
2921 1566 2933 1600 :
2967 1547 3174 1614 Nonne,
3199 1549 3398 1618 inquit,
3426 1558 3475 1603 et
3496 1563 3582 1604 vos
3599 1551 3821 1618 quotidie
3837 1567 3927 1606 ea;-

2324 1639 2621 1708 perimentis
2649 1638 3057 1706 illuminantibus
3096 1642 3323 1696 tenebras
3371 1643 3687 1711 antiquitatis
3711 1684 3727 1710 ,
3766 1654 3924 1700 totam

2331 1729 2479 1782 illam
2503 1741 2712 1784 veterem
2733 1740 2778 1786 et
2800 1733 3110 1802 squalentem
3139 1733 3332 1803 syloam
3358 1732 3554 1804 Legum
3592 1736 3734 1788 novis
3768 1734 3924 1791 Prin-

2333 1821 2577 1890 cipalium
2599 1821 2979 1889 lieseriptorum
3006 1833 3052 1876 et
3083 1822 3378 1877 Edictorunt
3409 1824 3667 1878 st-curibus
3684 1829 3927 1883 truncatis

631 1931 840 1982 omnes,
865 1915 954 1986 qui
978 1931 1075 1985 pro
1093 1914 1221 1982 ripis
1245 1912 1468 1968 Danubii
1493 1911 1771 1981 libellique
1789 1910 2100 1965 coercendis
2117 1909 2234 1964 bur-
2259 1896 2309 1964 B
2332 1922 2382 1966 et
2407 1912 2600 1965 creditis
2623 1911 2648 1964 ?
2695 1910 2880 1966 Nonne
2925 1914 3226 1967 vanissimas
3269 1913 3464 1986 Papias
3492 1913 3650 1986 Leges
3679 1918 3694 1987 (
3719 1917 3808 1970 ubi
3845 1919 3927 1972 al-

631 2007 778 2064 baris
808 2008 1140 2062 excubantes
1177 2003 1332 2059 Rom.
1367 2005 1650 2058 tuebantur
1680 2003 1810 2072 lmp.
1844 2001 1911 2056 Et
1942 2017 2068 2056 vero
2092 2002 2234 2057 hunc

632 2116 830 2154 annum
875 2103 926 2152 l.
958 2097 1287 2152 collocamus
1327 2094 1526 2150 Pontif.
1562 2094 1620 2149 S.
1650 2093 1912 2148 Habuttdii
1945 2091 2234 2163 Zepltyrini

633 2190 896 2246 llabundii
926 2188 989 2244 F.
1020 2189 1235 2243 natione
1271 2188 1519 2254 Romani,
1550 2187 1692 2257 quod
1721 2185 1974 2242 defuncto
2013 2185 2071 2240 S.
2110 2184 2233 2240 Vic-

637 2294 773 2349 tore,
806 2292 1087 2352 postquam
1113 2281 1270 2336 sedes
1296 2290 1535 2335 vacasset
1557 2279 1746 2334 diebus
1770 2275 1856 2334 12.
1888 2278 2003 2348 ipse
2021 2290 2236 2336 creatus

638 2375 799 2432 fuerit
827 2369 1042 2430 4.'Idus
1084 2375 1347 2445 Augusti,
1387 2374 1469 2428 bis
1515 2372 1643 2444 ipsis
1689 2372 1843 2428 CUSs.
1879 2374 1962 2428 vel
2008 2372 2238 2428 Damaso

640 2478 777 2526 teste
803 2510 818 2536 ,
852 2469 943 2539 qui
970 2467 1178 2524 sedisse
1207 2481 1330 2522 eum
1359 2465 1548 2522 scribit
1577 2464 1907 2535 temporibus
1963 2465 2150 2522 Severi
2183 2473 2240 2522 et

636 2562 926 2629 Antonini,
958 2577 988 2616 a
1015 2559 1306 2616 Consulatu
1340 2559 1620 2618 Saturnini
1673 2569 1728 2614 et
1755 2557 1891 2615 Galli
1913 2597 1930 2625 ,
1966 2572 2135 2628 usque
2169 2556 2238 2613 ad

637 2657 964 2714 Praesentem
985 2664 1039 2709 ct
1063 2653 1390 2708 Extricatum
1419 2649 1702 2708 Consules.
1719 2651 1998 2719 Quomodo
2023 2649 2240 2706 interim

637 2748 876 2815 nondum
923 2749 1152 2816 incoepta
1184 2747 1560 2816 persecutione
1597 2745 2023 2799 Christianorum
2052 2743 2237 2813 quinta

638 2845 781 2900 inter
805 2841 1070 2912 Martyres
1097 2839 1155 2905 S.
1185 2839 1366 2897 Victor
1408 2839 1705 2896 collocetur
1729 2879 1744 2904 ,
1779 2835 2092 2894 difﬁcultate
2126 2854 2235 2895 non

637 2947 809 3006 caret,
841 2954 960 3009 quae
987 2947 1043 2994 et
1065 2938 1353 2994 Eusebium
1400 2947 1453 2993 ct
1479 2938 1612 2994 alios
1633 2936 2089 3008 Cbronographos
2115 2952 2236 2992 mo-

639 3035 715 3090 vit
744 3075 760 3102 ,
786 3042 843 3089 ut
871 3035 925 3088 in
953 3048 1154 3088 annum
1183 3031 1236 3088 8.
1266 3043 1319 3088 et
1345 3031 1395 3088 9.
1422 3041 1540 3086 aut.
1575 3031 1662 3087 10.
1691 3032 1876 3088 Severi
1904 3031 2018 3101 ejus
2045 3031 2233 3085 Ponti-

640 3127 853 3183 ficatum
885 3126 1226 3199 protendant.
1262 3126 1459 3182 Verum
1496 3124 1636 3181 dicta
1665 3139 1783 3181 mea
1819 3136 1876 3180 et
1911 3124 1968 3180 S.
2022 3123 2236 3179 Damasi

637 3220 706 3276 de
755 3222 1034 3290 utriusque
1065 3220 1394 3290 temporibus
1435 3221 1700 3275 sententia
1742 3217 2092 3274 conﬁrmatur
2141 3232 2238 3287 per

638 3313 812 3383 Epist.
847 3313 1058 3370 Decret.
1091 3313 1380 3385 Zephyriui
1407 3313 1560 3368 datas
1589 3313 1672 3368 bis
1698 3312 1828 3383 ipsis
1865 3312 2156 3366 Saturnino
2183 3319 2237 3366 et

639 3406 794 3462 Gallo
820 3405 976 3461 Coss.
1014 3407 1244 3474 priorem
1286 3404 1372 3460 12.
1406 3405 1525 3460 Kal.
1557 3403 1750 3460 Octob.
1795 3404 2148 3474 posteriorem
2180 3404 2235 3459 7.

639 3496 763 3550 ldus
784 3495 1043 3551 Novemb.
1073 3503 1128 3550 et
1156 3496 1208 3550 in
1239 3496 1502 3565 primitiva
1533 3497 1677 3552 Eccl.
1709 3512 1816 3550 non
1834 3495 1938 3551 fuit
1964 3497 2240 3552 insolitum

643 3592 1072 3660 persecutionem
1092 3603 1122 3643 a
1147 3591 1345 3659 populo
1370 3589 1530 3645 Rom.
1547 3599 1640 3646 aut
1662 3590 1926 3660 prmfectis
1946 3590 2106 3647 Urbis
2133 3589 2239 3644 ini-

646 3681 775 3736 tium
799 3695 1034 3738 sumere.
1059 3679 1242 3748 Quid?
1267 3682 1410 3751 quod
1437 3681 1502 3736 de
1530 3681 1631 3737 hoc
1662 3692 1904 3752 tempore
1935 3682 1985 3736 id
2024 3681 2242 3739 disertis

646 3773 821 3830 verbis
833 3775 1034 3828 Auctor
1061 3773 1284 3829 asserit:
1316 3773 1422 3828 Sed
1439 3783 1484 3830 et
1515 3775 1847 3843 clarissimas,
1871 3775 2061 3846 inquit,
2084 3776 2243 3846 fanti-

643 3882 738 3920 nas
761 3874 807 3920 et
831 3866 1140 3925 clarissimos
1163 3866 1296 3920 viros
1326 3865 1542 3921 Severus
1570 3869 1733 3924 sciens
1746 3869 1898 3936 huius
1926 3880 2076 3924 sectae
2098 3885 2205 3924 esse
2223 3911 2240 3939 ,

654 3975 756 4014 non
788 3957 939 4012 modo
965 3974 1069 4012 non
1099 3957 1250 4021 (lusit,
1284 3973 1456 4028 verum
1484 3969 1531 4014 et
1571 3962 1857 4016 testimonio
1883 3963 2166 4028 exornavit,
2194 3970 2243 4016 et

645 4053 835 4126 populo
860 4055 1049 4127 furenti
1075 4056 1129 4110 in
1151 4073 1207 4111 os
1236 4055 1410 4126 palam
1430 4057 1610 4112 restitit
1629 4057 1735 4127 (Ad
1757 4059 1916 4128 Scep.
1940 4075 1986 4113 c.
2005 4057 2060 4113 4.
2083 4057 2238 4129 Apol.

645 4165 690 4202 c.
727 4149 778 4202 l.
803 4145 908 4220 2.).
932 4147 1095 4219 Atqui
1127 4159 1252 4204 ante
1279 4165 1480 4206 annum
1507 4161 1820 4223 sequentem
1845 4162 2058 4224 Oportet
2080 4153 2242 4210 latam

646 4239 812 4298 fuisse
840 4242 1012 4315 legem
1056 4244 1320 4301 Divorum
1350 4244 1541 4302 Severi
1591 4255 1647 4302 et
1671 4248 1966 4316 Antonini,
2006 4263 2076 4302 ne
2123 4250 2243 4318 quis

649 4334 844 4390 absens
863 4335 1134 4405 puniatur,
1163 4337 1316 4408 cujus
1335 4336 1392 4394 lit
1421 4339 1622 4396 mentio
1649 4338 1741 4394 lib.
1774 4342 1824 4394 Ι.
1851 4339 1910 4395 if.
1929 4340 1998 4394 de
2017 4339 2241 4410 Requir.

650 4429 793 4494 reis;
827 4443 950 4486 nam
977 4430 1044 4486 ad
1088 4444 1204 4485 eam
1233 4430 1375 4486 haud
1419 4430 1581 4488 dubie
1603 4432 1789 4487 alludit
1835 4431 1886 4485 in
1917 4430 2035 4486 baro
2084 4431 2245 4487 verba

647 4527 881 4592 Auctor;
917 4525 1064 4594 Quid
1090 4527 1174 4582 hic
1195 4567 1212 4594 ,
1245 4527 1458 4598 inquit,
1505 4527 1722 4599 Legibus
1755 4528 1950 4598 deperit
1977 4528 2030 4581 in
2050 4544 2143 4583 suo
2167 4543 2248 4582 re-

2339 2003 2476 2058 tudit
2524 2003 2589 2058 ad
2616 2003 2812 2074 Legem
2840 2004 3056 2073 Papiam
3097 2006 3382 2076 Popptcam
3402 2048 3415 2070 ,
3437 2007 3510 2060 ita
3534 2009 3729 2061 dictam
3763 2023 3789 2060 a
3819 2009 3930 2066 suis

2339 2093 2600 2166 latpribus
2627 2093 2698 2148 Μ.
2738 2094 2902 2162 Papio
2935 2094 3002 2148 M.
3035 2094 3096 2149 F.
3123 2095 3192 2148 Μ.
3224 2095 3289 2150 Ν.
3320 2097 3504 2150 Mutilo
3538 2109 3590 2152 et
3616 2099 3930 2168 Q.P0ppa:o

2335 2185 2404 2252 ρ.
2437 2184 2500 2238 F.
2529 2185 2592 2252 ρ.
2610 2182 2676 2238 Ν.
2705 2184 3009 2240 Secundino
3031 2185 3364 2256 (2055.),qua:
3390 2197 3508 2241 ante
3538 2188 3718 2244 liberos
3737 2183 3930 2259 suscipi

2338 2285 2541 2359 cogunt,
2575 2291 2729 2344 quam
2755 2275 2912 2328 Julite
2934 2276 3310 2330 matrimonium
3335 2278 3568 2330 contrahi
3593 2320 3607 2344 ,
3636 2290 3747 2349 post
3772 2290 3928 2335 tanta

2339 2367 2657 2421 auctoritatis
2698 2378 3041 2446 senectutem,
3089 2368 3195 2421 heri
3247 2366 3466 2425 Severus
3494 2373 3932 2429 constantissimus

2341 2459 2602 2515 (imarum
2631 2461 2870 2515 exclusit?
2895 2459 3069 2532 (Apol.
3099 2477 3146 2515 ε.
3174 2461 3277 2532 4.).
3311 2462 3440 2529 Qua:
3467 2464 3730 2519 dictarunt
3753 2466 3929 2535 legum

2339 2552 2559 2608 abolitio
2587 2553 2858 2623 quomodo
2906 2554 3108 2609 Severo
3149 2555 3316 2625 possit
3382 2557 3598 2611 attribui
3654 2566 3711 2612 et
3753 2569 3933 2624 tamen

2336 2652 2528 2716 postea
2554 2643 2909 2699 Constantino
2932 2644 3126 2716 lmpcr.
3158 2647 3449 2712 tribuatur,
3483 2648 3642 2704 latius
3667 2650 3718 2704 iu
3751 2654 3935 2706 Anno-

2345 2747 2440 2793 tat.
2472 2737 2540 2792 ad
2567 2738 2712 2794 hunc
2739 2737 2916 2794 locum
2945 2739 3145 2794 nostris
3175 2744 3562 2809 tractavimus;
3591 2744 3644 2798 iu
3665 2743 3858 2814 quibus
3885 2745 3933 2800 si

2340 2833 2550 2902 placeat
2597 2833 2907 2920 conjecturp
2936 2841 3123 2888 nostra
3151 2833 3221 2889 de
3272 2833 3309 2888 Ι.
3340 2849 3378 2889 ι.
3429 2834 3492 2889 D.
3521 2834 3590 2890 de
3642 2837 3839 2906 Stupro
3879 2844 3964 2900 et,

2342 2923 2510 2980 adult.
2541 2939 2644 2996 qua
2671 2924 2923 2980 delinitur
2945 2925 3110 2980 etiam
3143 2926 3195 2980 in
3224 2939 3420 2996 sponsa
3444 2936 3689 2997 stuprum
3710 2938 3763 2982 et
3784 2927 3934 2983 adul-

2343 3018 2540 3072 terium
2567 3016 2814 3072 accusari
2843 3025 2900 3071 et
2949 3015 3210 3072 vindicari
3256 3032 3459 3088 posse,
3501 3019 3770 3088 oportebit
3814 3033 3933 3073 eam
4019 3040 4026 3043 ’

2341 3107 2538 3179 Lesem
2564 3107 2648 3162 his
2676 3108 2830 3164 Coss.
2859 3107 3021 3163 latam
3073 3105 3260 3162 fuisse.
3299 3107 3365 3162 Et
3391 3123 3518 3163 vero
3548 3124 3643 3178 pro
3675 3109 3815 3164 bello
3843 3123 3933 3164 se-

2341 3202 2518 3257 cuttdo
2540 3199 2789 3256 Parthico
2830 3204 3067 3254 nondum
3097 3200 3365 3268 completo
3419 3199 3602 3271 (quod
3645 3199 3727 3256 bis
3777 3200 3933 3256 Coss.

2264 3262 2309 3334 C
2342 3292 2724 3351 Cassiodorum
2777 3295 2938 3348 etiam
2981 3262 3275 3362 incoeptum
3319 3262 3668 3362 tradit-)facit
3708 3293 3932 3360 Auctor,

2340 3388 2472 3444 dum
2492 3388 2631 3443 inter
2662 3386 2845 3442 hostes
2875 3385 3069 3456 lmper.
3090 3383 3315 3440 Romani
3341 3394 3620 3440 enumerat
3649 3383 3858 3439 Mauros
3884 3392 3935 3439 et

2342 3481 2764 3546 Marcomannos,
2802 3481 3035 3550 ipsosque
3072 3479 3293 3532 Parthos
3315 3477 3477 3548 (Ibid.
3502 3493 3547 3533 c.
3576 3476 3714 3548 57.).
3737 3477 3936 3532 lterum

2343 3589 2473 3630 vero
2489 3574 2812 3630 Christianae
2827 3573 2950 3627 tidci
2970 3571 3334 3626 dilatatiouem
3355 3571 3437 3625 bis
3457 3570 3633 3626 verbis
3655 3570 3893 3625 celebrat
3913 3587 3927 3625 :

2345 3670 2564 3725 hesterni
2606 3685 2808 3735 sumus,
2839 3679 2886 3722 et
2915 3677 3084 3722 vestra
3119 3667 3292 3721 omnia
3339 3665 3723 3734 complevimus,
3754 3664 3900 3719 urbes
3919 3703 3936 3735 ,

2341 3766 2564 3832 insulas,
2607 3765 2839 3830 castella,
2869 3762 3172 3832 municipia,
3205 3758 3560 3825 conciliabula,
3594 3767 3765 3812 castra
3787 3759 3938 3828 ipsa,

2341 3863 2528 3930 tribus,
2557 3861 2808 3925 decurias,
2835 3859 3114 3926 palatium,
3143 3857 3412 3920 Senatum,
3444 3851 3674 3916 Forum;
3699 3863 3754 3906 et
3783 3852 3942 3923 paulo

2345 3965 2494 4021 ante,
2517 3953 2658 4025 quod
2684 3969 2823 4008 anno
2845 3950 3169 4023 praecedenti
3193 3939 3426 4004 diximus
3453 3947 3522 4003 de
3550 3947 3788 4017 populari
3820 3961 3943 4016 per-

2345 4050 2626 4106 secutione
2666 4048 2989 4106 confirmat:
3019 4045 3248 4114 Quoties,
3273 4043 3466 4113 inquit,
3487 4042 3637 4096 etiam
3666 4041 3944 4110 praeteritos

2341 4161 2379 4199 α
2406 4143 2564 4208 vobis,
2586 4159 2680 4198 suo
2700 4143 2820 4213 jure
2847 4157 2939 4196 nos
2962 4140 3222 4194 inimicum
3265 4125 3447 4209 uulgus
3467 4135 3661 4191 invadit
3688 4135 3944 4205 lapidibus

2345 4250 2393 4296 et
2417 4236 2841 4307 incendiis?lpsis
2865 4233 3264 4290 Bacchanalium
3283 4233 3452 4304 furtis,
3475 4246 3568 4284 nec
3589 4232 3800 4283 mortuis
3819 4243 3946 4298 par-

2343 4343 2468 4386 cunt
2487 4331 2790 4386 Christianis
2806 4369 2822 4394 ,
2851 4330 2972 4397 quin
2989 4329 3108 4382 illos
3130 4327 3192 4380 de
3212 4325 3380 4396 requie
3401 4323 3693 4392 sepultura,
3719 4321 3781 4375 de
3801 4321 3947 4391 asylo

2347 4425 2570 4498 quodam
2593 4424 2785 4491 mortis,
2806 4425 2921 4494 jam
2941 4423 3089 4485 alios.
3105 4422 3217 4491 jam
3235 4435 3323 4474 nec
3344 4427 3496 4482 totos,
3518 4415 3758 4479 avellant,
3781 4415 3946 4470 disse-

2351 4529 2486 4584 cent,
2510 4517 2797 4572 distrahant
2827 4514 2933 4584 (Ib.
2953 4529 2999 4568 c.
3027 4512 3160 4584 57.).
3186 4509 3388 4566 Eodem
3419 4509 3649 4577 pertinet
3677 4507 3836 4563 illud:
3859 4521 3947 4560 nec

645 4635 746 4690 gno
772 4620 1152 4676 dominantibus
1173 4661 1188 4688 ,
1216 4620 1262 4674 si
1288 4621 1574 4676 audiatur?
1602 4622 1680 4674 An
1706 4621 1801 4674 hoc
1823 4619 1985 4690 magis
2005 4620 2246 4691 gloriabi-
2269 4639 2324 4703 Β
2351 4613 2446 4668 ulli
2467 4612 2627 4684 magis
2651 4609 3053 4681 depostulatores
3073 4605 3480 4703 Christianorum
3503 4602 3871 4703 quamvvlgus,

648 4722 732 4766 tur
758 4720 978 4782 potestas
998 4728 1196 4777 earum,
1228 4713 1272 4767 si
1300 4713 1588 4767 inauditam
1609 4711 1919 4766 damnabunt
1949 4712 2246 4766 veritatem?

649 4814 701 4860 et
728 4821 940 4860 rursum
975 4824 988 4861 :
1018 4805 1224 4872 quando
1270 4821 1361 4862 nec
1388 4805 1540 4862 liceat
1565 4804 1856 4876 indefensos
1893 4812 1942 4860 et
1990 4804 2246 4859 inauditos

656 4897 860 4952 omnino
889 4896 1146 4955 damnari.

1190 5035 1348 5092 Anno
1377 5034 1590 5093 Domini
1622 5047 1708 5094 cc.

724 5171 752 5245 ᾗ
793 5164 866 5226 X.
927 5169 1003 5225 De
1048 5169 1392 5243 Apologetico,
1427 5168 1732 5224 Testimonio
1782 5167 1967 5224 animae
1995 5177 2039 5224 et
2086 5166 2244 5236 Fato,

649 5265 893 5320 adversus
938 5272 1128 5337 gentes,
1172 5281 1231 5318 ac
1275 5263 1337 5317 de
1395 5261 1765 5320 Tcnruauaut
1813 5262 2132 5324 sacerdotio,
2177 5262 2246 5316 li-

651 5357 850 5426 brisque
887 5356 1007 5410 inde
1031 5355 1217 5410 obortis
1243 5355 1306 5409 de
1335 5353 1660 5422 Ptenitentia,
1687 5355 1750 5408 de
1774 5353 2032 5416 Oratione,
2053 5354 2117 5407 de
2141 5351 2249 5408 Cir-

652 5449 987 5516 cumeisione,
1012 5449 1075 5502 de
1106 5447 1334 5504 Vestibus
1359 5449 1551 5513 Aaron,
1577 5449 1640 5502 de
1667 5447 1719 5501 Μ
1729 5426 1878 5502 ιιηάὶἇ
1905 5457 1950 5501 et
1973 5444 2249 5500 imnumdis

653 5541 973 5603 animalibus,
992 5543 1054 5596 de
1068 5539 1334 5607 Trinitate,
1351 5541 1413 5596 de
1428 5540 1790 5618 Baptisnto.-—\-
1809 5541 1874 5596 Π
1885 5576 1899 5592 .
1911 5539 1971 5594 Ρ.
1986 5539 2168 5595 CORN
2179 5539 2249 5594 E-

653 5636 765 5693 LlO
793 5633 1138 5691 ANULLINO
1164 5634 1223 5690 ll.
1240 5633 1326 5688 ET
1353 5633 1421 5688 Μ.
1446 5631 1740 5688 AUFlDlO.
1766 5631 1834 5686 M.
1853 5632 1913 5687 F.
1937 5632 2248 5690 FRONTO-

654 5725 746 5781 NE
795 5725 978 5786 COSS.
1029 5724 1086 5781 S.
1113 5724 1398 5797 Zepltyriui
1421 5725 1575 5781 Rom.
1607 5725 1765 5783 Pout.
1791 5739 1933 5780 anno
1965 5741 2022 5781 tt.
2052 5725 2245 5782 Severi

657 5818 790 5890 Imp.
821 5833 920 5883 vn.
941 5832 1125 5888 quum,
1151 5815 1282 5889 Imp.
1301 5832 1424 5874 cum
1454 5817 1578 5874 ﬁliis
1598 5819 1709 5874 suis
1733 5818 2002 5874 Antonino
2026 5827 2080 5874 et
2107 5817 2244 5875 Geta

659 5923 780 5972 ante
806 5911 1102 5974 discessum
1143 5926 1299 5973 suum
1332 5910 1614 5970 declaratis
1650 5910 1951 5971 Caesaribus
1979 5910 2244 5982 Augustis

2351 4707 2507 4762 toties
2527 4706 2686 4759 citata
2707 4705 2776 4758 ab
2798 4704 2951 4758 Auct.
2982 4699 3254 4770 popularis
3270 4713 3376 4753 vox
3401 4697 3491 4752 illa
3516 4715 3529 4752 :
3554 4696 3867 4753 Christianos
3881 4694 3949 4747 ad

2348 4799 2564 4854 leonem.
2603 4796 2894 4866 Complura
2919 4803 3044 4848 sunt
3069 4793 3170 4847 alia
3200 4792 3252 4846 in
3280 4791 3624 4862 Apologetico
3651 4797 3950 4844 memoratu

2347 4893 2544 4964 digna;
2573 4891 2666 4946 sed
2696 4905 2762 4944 ne
2783 4890 2871 4944 hic
2897 4888 3216 4957 prolixiores
3241 4887 3428 4948 simus.
3451 4885 3517 4938 ad
3543 4885 3796 4939 Aunotat.
3825 4896 3951 4937 nos-

2351 4995 2462 5040 tras
2490 4983 2766 5040 hectorem
2793 4981 3136 5037 remittimus.
3163 4979 3259 5034 llic
3279 4977 3536 5033 duntaxat
3560 4974 3820 5028 addemus
3857 4987 3952 5028 oc-

2348 5079 2618 5135 casionem
2644 5077 3032 5148 persecutionis
3047 5085 3218 5130 ortam
3240 5087 3305 5127 ex
3331 5071 3478 5124 falsis
3494 5066 3794 5130 calumniis,
3813 5082 3952 5137 quas

2350 5170 2710 5242 pulcherrime
2754 5168 2967 5234 refutat,
3010 5165 3341 5238 potissimum
3399 5161 3567 5215 tribus
3610 5159 3948 5228 infanticidii,

2349 5261 2624 5333 sattguinis
2652 5259 2868 5315 humani
2900 5256 3097 5328 pabuli,
3129 5263 3185 5309 et
3211 5251 3396 5307 incesti
3422 5269 3433 5304 :
3465 5249 3718 5318 Dicimur,
3752 5250 3946 5320 inquit,

2345 5354 2720 5412 sceleratissimi
2750 5360 2811 5406 de
2841 5365 3057 5405 sacram.
3083 5344 3415 5415 infanticidii,
3443 5354 3487 5399 et
3519 5344 3706 5416 pabulo
3736 5343 3872 5408 inde,
3903 5351 3952 5397 et

2351 5459 2464 5522 post
2485 5449 2765 5504 convivium
2794 5446 3015 5508 incesto;
3055 5441 3191 5512 quod
3219 5455 3472 5494 eversores
3501 5438 3747 5492 luminum
3773 5451 3949 5501 canes,

2351 5543 2554 5598 lenones
2591 5536 3136 5600 scilicettenebrarum,
3173 5543 3277 5588 tum
3304 5543 3351 5587 et
3379 5530 3646 5586 libidinum
3677 5527 3954 5598 impiarum

2351 5632 2758 5692 inuerecundiam
2787 5627 3264 5703 procurent(lbid.,
3288 5642 3336 5681 c.
3372 5623 3474 5698 7.).

2888 5767 3044 5823 Anno
3066 5763 3276 5822 Domini
3305 5777 3410 5820 εει.

2354 5961 2366 5969 .
2413 5909 2500 5966 18.
2525 5905 2612 5965 Tl.
2645 5903 2943 5964 CLAUDIO
2974 5899 3249 5963 SEVERO
3276 5897 3405 5970 (non
3423 5891 3948 5964 autemscverotmp.
