4242 6266
612 368 696 452 .95

1904 354 2368 417 TERTULLIANI
2407 355 2591 439 VITA.

3848 359 3922 421 64

626 440 828 548 Abbas;
861 477 986 536 inde
1014 475 1144 534 mihi
1171 474 1402 542 videtur,
1434 473 1578 546 quod
1618 473 1681 532 Β.
1721 470 2018 546 Cyprianus
2043 469 2216 540 Epist.
2246 470 2300 530 A
2325 470 2463 526 inter
2493 469 2876 543 Prolegomena
2903 469 3083 528 latius.
3104 467 3272 529 Porro
3295 469 3400 529 hoc
3413 482 3558 529 anno
3575 470 3736 529 etiam
3759 448 3920 544 0pm:-

627 572 699 632 70
733 573 799 628 ad
829 571 1049 629 Ianuar.
1095 585 1161 625 ex
1214 567 1648 625 antecessoribus
1707 566 1818 622 suis
1866 563 2219 635 Agrippinum

2327 570 2401 617 tet
2429 563 2737 635 contigisse,
2770 563 2910 636 quod
2939 564 3154 637 scripsit
3182 564 3277 621 lib.
3328 564 3396 620 ad
3441 563 3729 636 Scapulam
3776 580 3921 622 anno

630 664 794 721 fuisse
820 661 1102 733 signiﬁcet,
1140 669 1196 717 et
1228 661 1290 717 Β.
1321 660 1646 732 Augustinus
1683 658 1777 713 lib.
1807 657 1862 712 2.
1893 665 2079 712 contra
2111 656 2221 710 Do-
2324 672 2439 725 seq.
2468 655 2715 712 Cteterum
2742 666 2789 711 et
2817 656 2975 712 imbre
2998 657 3122 712 anni
3137 657 3399 730 praeteriti,
3428 656 3554 728 quid
3571 659 3924 713 commerucrit

631 764 815 813 natum
856 769 977 827 cap.
1030 753 1084 809 7.
1138 754 1311 827 ipsum
1362 752 1424 811 Β.
1470 750 1723 825 Cypriani
1767 747 2217 821 prmdecessorcm

631 858 921 916 nuncupet.
950 844 1176 901 Maxime
1203 861 1325 901 cum
1363 844 1464 898 alia
1492 850 1637 899 esset
1684 842 1752 897 ab
1797 834 2223 911 Alrica'iEgypti

633 938 931 1012 provincia,
959 939 1013 994 in
1040 954 1144 1004 qua
1174 936 1568 994 Alexandrinus
1594 936 1684 992 ille
1708 934 2075 1005 episcopatum
2103 946 2228 1002 age-

633 1030 746 1098 bat,
765 1040 822 1087 et
843 1029 903 1085 Β.
925 1028 1086 1102 Cypr.
1111 1027 1381 1099 Epist.7l.
1397 1027 1463 1083 ad
1483 1027 1734 1096 Quintum
1757 1026 1958 1081 scribat
1978 1023 2229 1095 Agrippi-

636 1129 768 1180 nu'm
794 1124 946 1179 bonae
972 1125 1245 1178 memoria:
1259 1122 1429 1177 virum
1443 1136 1564 1176 cum
1588 1121 1700 1176 suis
1717 1119 2049 1190 coepiscopis
2069 1118 2230 1189 (quos

635 1217 797 1273 etiam
828 1224 1199 1271 antecessores
1227 1228 1355 1269 suos
1376 1219 1649 1284 nuncupat
1676 1211 1849 1281 Epist.
1872 1208 2013 1279 70.),
2035 1208 2230 1265 decre-

638 1314 753 1364 tum
792 1306 860 1363 de
891 1305 1160 1361 ltmreticis
1184 1304 1517 1376 baptizandis
1557 1302 1771 1360 fecisse.
1800 1303 1865 1358 Et
1892 1316 2022 1359 vero
2049 1301 2231 1355 statim

637 1406 861 1469 accepto
888 1397 1187 1454 sacerdotio
1213 1397 1543 1454 continuisse
1568 1398 1857 1453 Auctorem
1895 1409 1923 1449 a
1953 1394 2232 1450 matrimo-

642 1491 716 1547 nii
738 1505 834 1545 usu
856 1492 967 1562 pari
984 1505 1249 1545 consensu
1266 1504 1386 1545 eum
1410 1503 1504 1543 sna
1526 1488 1776 1560 conjuge,
1800 1486 1929 1541 mihi
1960 1486 2018 1540 ﬁt
2043 1484 2234 1541 verisi-

643 1584 772 1639 mile
805 1598 870 1639 ex
897 1581 1285 1638 conSuetudiue
1329 1580 1588 1638 Ecclesia:
1632 1579 1834 1644 latinae,
1877 1578 1986 1648 jam
2037 1577 2161 1633 inde
2203 1590 2235 1631 a

643 1674 863 1731 decreto
881 1675 939 1731 S.
963 1674 1255 1731 Clementis
1281 1674 1644 1729 PP.nuaxime
1668 1687 1788 1728 cum
1814 1672 2150 1742 propendere
2166 1683 2233 1725 eo

638 1767 927 1823 videantur
955 1766 1069 1822 brec
1106 1767 1224 1837 ejus
1250 1766 1317 1821 ad
1363 1765 1599 1823 Uxorem
1638 1766 1800 1821 verba
1834 1782 1849 1818 :
1886 1762 1968 1819 Ne
1992 1780 2071 1817 me
2096 1770 2239 1833 putes

2326 766 2482 821 genus
2507 749 2785 804 huntanunt
2812 749 3093 821 apparuit;
3116 750 3479 821 cataclysmum
3501 748 3693 804 scilicet
3717 758 3768 805 et
3790 759 3926 806 retro
3943 797 3960 820 κ

2330 846 2490 917 fuisse
2537 853 2743 914 propter
2793 844 3171 899 incredulitates
3220 854 3266 899 et
3319 844 3609 914 iniquitates
3637 844 3922 901 hominum.

2335 926 2599 994 Fortassis
2618 946 2672 992 et
2700 936 2868 995 illud:
2901 936 2969 991 Et
2996 939 3136 1010 ignes
3162 938 3248 1009 qui
3275 954 3427 1007 super
3448 936 3633 992 mania
3649 935 3925 1009 Carthagi-

2333 1031 2411 1086 nis
2438 1029 2668 1100 proxime
2692 1028 3035 1101 pependerunt
3064 1046 3153 1099 per
3181 1038 3399 1093 noctem,
3430 1028 3554 1099 quid
3582 1029 3762 1084 minati
3787 1032 3889 1086 sint
3907 1071 3928 1097 ,

2334 1123 2498 1179 sciunt
2526 1122 2611 1193 qui
2636 1122 2886 1190 viderunt,
2930 1131 2977 1176 et
3009 1122 3219 1191 pristina
3246 1122 3470 1177 tonitrua
3510 1121 3635 1192 quid
3661 1122 3930 1190 sonorint,

2334 1217 2607 1289 sciuntqui
2630 1215 2995 1271 obduruerunt.
3020 1215 3206 1273 Omnia
3228 1216 3337 1270 lucc
3357 1216 3503 1286 signa
3519 1225 3637 1269 sunt
3658 1216 3929 1274 imminen-

2337 1310 2400 1364 tis
2428 1309 2522 1365 ira:
2548 1308 2661 1373 Dei,
2692 1325 2846 1381 quam
2875 1318 3074 1363 necesse
3092 1317 3187 1375 est,
3216 1324 3417 1379 quoquo
3439 1307 3588 1362 modo
3623 1324 3893 1378 possumus
3911 1346 3928 1374 ,

2337 1410 2393 1455 ut
2432 1409 2480 1455 et
2523 1401 2881 1455 annuntiemus
2918 1408 2967 1455 et
3005 1400 3357 1472 praedicemus,
3394 1409 3439 1453 et
3481 1399 3811 1470 deprecemur
3850 1399 3933 1453 lo-

2336 1494 2499 1550 colem
2525 1509 2651 1549 esse.
2688 1492 3036 1549 Universalcm
3078 1492 3212 1548 enim
3250 1500 3297 1547 et
3338 1507 3627 1563 supremam
3665 1507 3760 1545 suo
3802 1499 3933 1546 tem-

2339 1602 2463 1660 pore
2486 1586 2718 1653 sentient,
2765 1585 2852 1657 qui
2900 1584 3132 1656 exempla
3168 1585 3280 1657 ejus
3319 1583 3468 1640 aliter
3514 1582 3935 1656 interpretantur.

2867 1721 3022 1801 Anno
3044 1716 3258 1774 Domini
3284 1733 3409 1775 ccu.

643 1871 855 1933 propter
894 1861 1064 1916 carnis
1111 1828 1211 1915 tua:
1237 1859 1574 1932 integritatem
1605 1859 1730 1912 mihi
1775 1828 2131 1912 reservandum
2175 1853 2240 1910 de
2264 1841 2314 1903 Β
2419 1856 2448 1930 §
2490 1855 2582 1913 XI.
2628 1853 2708 1912 De
2746 1855 2862 1912 aliis
2921 1855 3053 1911 bona
3103 1855 3206 1925 fide
3252 1854 3455 1927 scriptis
3519 1855 3588 1910 ad
3636 1828 3939 1927 Scapulam,

645 1954 966 2010 contumelia:
1005 1953 1181 2007 dolore
1223 1963 1532 2023 suspectum,
1562 1950 1826 2006 insinuare
1854 1950 1961 2016 iant
2002 1948 2122 2003 hinc
2151 1946 2244 2002 tibi

646 2045 910 2101 uiduitatis
937 2045 1205 2100 consilium
1233 2061 1252 2109 ;
1278 2046 1402 2099 item
1429 2060 1444 2099 :
1475 2042 1720 2115 Tempus,
1744 2041 1933 2114 inquit,
1956 2042 2009 2096 in
2031 2040 2244 2095 collecto

649 2146 766 2203 est;
808 2145 1034 2208 superest
1077 2145 1131 2190 ut
1171 2137 1258 2208 qui
1285 2135 1609 2190 matrimonia
1634 2134 1838 2196 habent,
1872 2143 2113 2204 tanquam
2141 2148 2245 2187 non

651 2230 888 2285 habentes
934 2238 1109 2301 agant.
1142 2227 1293 2298 Quod
1338 2228 1380 2281 si
1424 2227 1682 2284 habentes.
1725 2225 2031 2279 oblitterare'
2065 2224 2247 2278 debent

640 2320 787 2393 quod
814 2321 1015 2388 habent,
1046 2329 1235 2391 quanto
1280 2319 1442 2390 magis
1488 2334 1591 2373 non
1617 2318 1856 2372 habentes
1880 2318 1907 2371 ?
1948 2315 2051 2388 (Ad
2081 2314 2243 2370 Uxor.

651 2428 700 2468 c.
733 2414 784 2469 Ι.
822 2428 868 2466 c.
897 2412 953 2466 5.
993 2419 1042 2466 et
1067 2411 1150 2485 6.)
1208 2410 1368 2465 Certe
1408 2408 1458 2464 id
1502 2409 1686 2463 multis
1721 2422 1789 2463 eo
1814 2417 2055 2476 tempore
2085 2405 2250 2462 fuisse

654 2505 911 2560 usitatum
941 2503 1138 2560 ibidem
1162 2501 1357 2558 iudicat
1382 2519 1395 2557 :
1429 2501 1563 2570 Quot
1592 2501 1724 2555 enim
1751 2509 1901 2568 sunt,
1930 2499 2131 2570 inquit,
2161 2499 2251 2570 qui

654 2596 828 2652 statim
861 2612 893 2650 a
937 2596 1138 2651 lavacro
1178 2610 1381 2650 carnem
1419 2610 1566 2648 suam
1609 2592 1918 2665 obsignant?
1946 2592 2081 2659 Quot
2108 2592 2249 2661 item,

656 2689 741 2759 qui
809 2703 1058 2743 consensu
1117 2688 1307 2758 pariter
1369 2687 1503 2741 inter
1544 2702 1599 2741 se
1659 2686 1970 2740 matrimonii
2032 2684 2253 2739 debitum

651 2778 876 2833 tollunt?
930 2777 1624 2850 Voluntariisispadonibus,
1672 2794 1765 2848 pro
1819 2776 2096 2849 cupiditate
2143 2792 2250 2832 ete-

657 2871 790 2939 lesti,
818 2873 959 2928 salvo
1002 2872 1360 2941 matrimonio’,
1388 2870 1690 2927 abstinentia
1711 2871 1956 2926 toleratur
1980 2869 2000 2941 (
2010 2869 2081 2926 De
2097 2869 2251 2941 Bapt.

656 2981 703 3020 c.
751 2966 833 3023 15.
868 2974 907 3022 t.
942 2965 980 3022 I.
1011 2965 1080 3019 ad
1120 2964 1282 3036 Scap.
1321 2982 1371 3019 c.
1402 2965 1455 3020 3.
1477 2964 1496 3035 )
1522 2963 1623 3035 (l).
1653 2963 1770 3019 Iam
1798 2978 1927 3020 vero
1966 2963 2256 3036 Presbyter

657 3059 850 3125 factus,
904 3058 1185 3128 potestatis
1229 3057 1330 3113 sibi
1380 3070 1653 3112 concessa:
1705 3066 1759 3112 et
1803 3055 1871 3112 de
1913 3053 2257 3111 absolvendis

661 3150 1071 3211 Pmnitentibus.
1102 3158 1158 3206 et
1185 3148 1254 3206 de
1278 3147 1555 3204 sacriﬁciis
1577 3135 1864 3204 olferendis
1892 3146 2032 3201 haud
2063 3147 2255 3203 imme-

2347 1951 2416 2005 ad
2460 1959 2738 2021 martyras,
2780 1948 2844 2003 de
2892 1946 3166 2014 Patientiti,
3200 1947 3264 2002 de
3314 1945 3794 2019 Prwscriptionibus
3842 1947 3941 2001 ad-

2345 2059 2518 2125 uersus
2563 2044 2845 2098 hwreticos.
2894 2072 2965 2115 τ-
3014 2041 3101 2098 19.
3194 2040 3258 2097 L.
3330 2040 3538 2097 ANNIO
3622 2041 3941 2109 FABIANO,

2348 2133 2441 2190 ET
2489 2134 2562 2190 Μ.
2612 2132 2822 2191 NONIO
2863 2132 2934 2190 Μ.
3004 2133 3067 2189 F.
3109 2131 3420 2191 MUTIANO
3479 2132 3667 2191 COSS.
3730 2133 3790 2192 S.
3848 2134 3948 2190 Ze-

2352 2226 2565 2301 phyrini
2626 2225 2903 2284 Pontificis
2960 2226 3187 2282 Romani
3267 2240 3411 2282 anno
3461 2241 3542 2283 ut.
3595 2227 3782 2284 Severi
3842 2227 3949 2283 lm-

2351 2333 2466 2389 pcr.
2532 2327 2608 2374 tx‘.
2672 2334 2836 2390 quum
2884 2318 3111 2389 Scapula
3182 2319 3265 2373 vir
3333 2316 3644 2374 Consularis
3695 2317 3948 2386 Ordinis,

2353 2412 2563 2468 Prtescs
2603 2410 3078 2488 Carthaginishet
3107 2410 3333 2480 proinde
3376 2408 3572 2466 Africa:
3620 2410 3949 2480 Proconsul,

2355 2496 2593 2561 nondum
2633 2503 2809 2560 adhuc
2835 2503 3051 2559 decreta
3079 2503 3150 2559 ab
3177 2503 3505 2576 Imperatorc
3530 2505 3912 2573 persecutione
3930 2544 3947 2571 ,

2357 2598 2466 2652 imo
2540 2595 2782 2651 fortassis
2838 2595 3024 2651 Romae
3079 2593 3347 2664 prohibita
3381 2634 3395 2657 ,
3447 2594 3717 2650 crudelius
3773 2602 3952 2650 tamen

2357 2689 2570 2746 cwteris
2588 2688 2912 2759 Carthagine
2931 2697 3266 2759 grassaretur
3295 2688 3347 2742 in
3374 2686 3729 2755 Christianos,
3757 2687 3954 2744 librum

2359 2797 2429 2837 so
2468 2780 2753 2838 SCAPULAI!
2780 2780 2997 2852 scripsit
3029 2779 3444 2835 Tauruuusuus
3474 2777 3597 2852 (Ad
3624 2778 3787 2851 Scap.
3818 2795 3865 2835 c.
3892 2777 3952 2835 2.

2355 2874 2495 2948 _Ibid.
2545 2889 2592 2929 c.
2650 2873 2702 2930 3.
2753 2872 2891 2929 Ibid.
2920 2889 2967 2928 c.
2999 2873 3106 2942 4.).
3159 2870 3215 2927 1η
3253 2885 3360 2943 quo
3401 2870 3665 2942 imprimis
3715 2860 3953 2927 benevo-

2357 2968 2579 3024 lentiam
2606 2975 2785 3038 captat
2824 2981 2853 3020 a
2898 2965 3321 3021 Christianorum
3370 2963 3708 3028 innocentia,
3749 2971 3805 3019 et
3848 2975 3955 3019 non

2360 3061 2535 3118 solum
2583 3061 2862 3127 oratione,
2909 3060 3002 3114 sed
3046 3068 3101 3114 et
3147 3057 3433 3115 sacriﬁciis
3485 3057 3598 3113 suis
3640 3071 3739 3128 pro
3782 3057 3958 3113 salute

2363 3153 2731 3226 lmperatorls,
2754 3167 2820 3209 ex
2842 3166 2951 3223 quo
2974 3152 3084 3222 jam
3115 3151 3495 3223 Presbyterum
3526 3149 3693 3205 fuisse
3718 3157 3957 3208 constat.

658 3260 797 3311 mor,
830 3244 999 3301 libros
1048 3259 1117 3300 ne
1145 3240 1497 3299 PCENITBN'I‘IA
1519 3257 1586 3299 ετ
1601 3257 1669 3297 ne
1685 3240 1967 3298 ORATIONE
1984 3239 2261 3310 eonscrip-
2285 3230 2331 3296 C
2358 3247 2571 3305 Deinde
2618 3246 2895 3318 sanguinis
2935 3244 3224 3303 Christiani
3255 3244 3504 3301 eﬁ‘usioni
3556 3245 3782 3316 ίιηρυιςιι
3836 3260 3964 3314 ρον.

658 3339 751 3406 sit,
782 3339 979 3409 quibus
1003 3345 1061 3392 et
1090 3336 1384 3409 ptnnitendi
1413 3335 1631 3391 modum
1662 3345 1777 3389 tum
1808 3332 2221 3404 Catechumenis
2240 3375 2256 3399 ,

661 3439 772 3486 tum
799 3427 1114 3484 Christianis
1142 3428 1351 3499 Lapsis,
1381 3438 1437 3484 et
1461 3443 1598 3499 quos
1627 3427 1762 3483 ritus
1781 3440 2001 3483 servare
2028 3426 2261 3483 debeant

664 3522 718 3576 in
747 3519 1009 3576 sacriﬁcio
1031 3518 1238 3584 ﬁdeles,
1268 3518 1586 3591 praescribit.
1617 3518 2090 3573 Possuntetiamin
2120 3517 2262 3572 hunc

662 3627 860 3668 annum
888 3611 1037 3681 rejici
1062 3612 1278 3682 scripta,
1305 3627 1531 3682 quorum
1556 3611 1619 3665 Β.
1654 3611 1870 3666 Hieron.
1899 3610 2143 3666 meminit
2167 3611 2264 3666 bo-

664 3707 756 3762 die
770 3704 1071 3762 desiderata
1092 3722 1109 3760 :
1134 3705 1209 3760 De
1233 3705 1665 3769 Cincunmstoue,
1693 3720 1761 3759 ne
1775 3702 2037 3760 Vesrtnus
2054 3706 2264 3772 Amos,

662 3816 733 3857 ne
758 3799 962 3869 bluuots
990 3814 1059 3855 er
1084 3797 1338 3855 quoum's
1377 3800 1731 3862 ANIMALIBUS;
1758 3797 1993 3867 denique
2038 3797 2106 3852 de
2135 3797 2262 3852 Tut-

666 3907 903 3957 NITATE;
937 3890 1183 3946 fortassis
1224 3890 1389 3946 etiam
1422 3890 1555 3945 liber
1592 3905 1662 3945 ne
1707 3889 1974 3946 BAP’I‘ISIO
2019 3904 2264 3960 graecus;

671 3995 862 4056 utpote
887 3985 975 4056 qui
993 3984 1238 4038 videatur
1256 3983 1589 4053 conscriptus
1617 3993 1736 4053 post
1756 3982 2052 4038 Concilium
2075 3983 2269 4053 Agrip-

672 4079 803 4150 pini.
831 4076 964 4134 Nam
994 4076 1235 4147 ejusdem
1261 4074 1426 4132 fuisse
1453 4076 1751 4147 argumenti
1782 4077 1982 4130 Auctor
2012 4074 2213 4129 indicat
2251 4091 2265 4126 :

674 4170 783 4226 Sed
824 4169 963 4225 circa
1013 4168 1274 4223 htcreticos
1301 4184 1445 4234 sane,
1478 4167 1672 4238 inquit,
1714 4167 1837 4239 quid
1883 4166 2269 4239 custodiendum

670 4266 756 4326 sit.
796 4264 948 4336 digne
969 4263 1080 4335 quis
1105 4270 1360 4317 retractet.
1391 4261 1472 4314 Ad
1503 4277 1596 4315 nos
1616 4262 1750 4315 enim
1779 4260 1966 4315 editum
2007 4270 2101 4316 est.
2148 4258 2272 4314 Ηαξο

671 4356 815 4410 retici
847 4366 1015 4410 autem
1043 4355 1242 4409 nullum
1282 4354 1467 4408 habent
1496 4354 1806 4409 consortium
1831 4362 2018 4408 nostra:
2043 4352 2272 4424 discipli-

672 4465 784 4516 καθ,
815 4458 921 4505 etc.
951 4447 1060 4505 Sed
1084 4448 1149 4503 de
1170 4449 1267 4502 isto
1306 4448 1505 4519 plenius
1542 4452 1659 4517 jam
1692 4448 1745 4502 in
1798 4446 1976 4501 Gra’co
2023 4447 2271 4517 digestum

674 4550 767 4597 est.
807 4540 1002 4596 Verum
1033 4539 1102 4594 de
1129 4540 1230 4594 hoc
1249 4550 1304 4595 et
1338 4538 1633 4610 Agrippini,
1681 4549 1738 4595 et
1783 4539 1950 4607 ipsius
1995 4533 2273 4593 I’araddxo

735 4632 824 4698 (l)
849 4629 1135 4698 Tertulliani
1153 4631 1509 4698 Matrimonium
1526 4642 1671 4698 supra
1686 4631 2039 4698 dubitationem
2064 4631 2273 4693 positum
2297 4623 2351 4684 D

672 4691 768 4746 est.
791 4691 916 4745 Rem
933 4695 1211 4747 coniiciunt.
1233 4694 1300 4744 uti
1320 4693 1419 4754 jam
1442 4691 1673 4752 diximus,
1693 4691 1805 4741 libri
1830 4694 1939 4753 ejus
1960 4692 2017 4740 ad
2043 4691 2267 4753 uxorem,

670 4772 830 4820 usque
856 4757 937 4820 ad_
955 4757 1080 4806 hanc
1102 4764 1298 4807 aetatem
1320 4756 1615 4805 conservati.
1657 4755 1733 4805 An
1771 4761 1936 4820 autem
1966 4754 2275 4820 Sacerdotali

671 4816 881 4869 tnn'nere
918 4818 1211 4881 fungeretur
1247 4831 1309 4868 co
1346 4826 1571 4881 tempore
1591 4851 1606 4875 ,
1631 4831 1729 4881 quo
1768 4817 1829 4881 ad
1850 4816 2198 4881 continentiam
2224 4819 2274 4865 in

674 4880 912 4930 viduitate
952 4878 1239 4931 servandam
1277 4882 1336 4929 iis
1361 4878 1501 4928 libris
1534 4878 1740 4931 uxorem
1778 4879 2000 4928 hortatus
2023 4884 2118 4937 est,
2144 4879 2274 4928 inter

671 4955 731 4993 se
754 4945 1016 5004 scriptores
1050 4943 1305 4992 dissident.
1332 4944 1375 4991 Α
1398 4939 1604 4990 maritali
1644 4949 1808 5004 autem
1832 4941 2138 5004 ollicio_eum
2162 4947 2276 4989 tunc

673 4999 870 5053 omnino
894 5016 989 5053 oon
1015 5004 1359 5063 abhorruisse,
1386 5004 1491 5053 bare
1515 5006 1661 5063 verba
1703 5003 1913 5053 indicant
1939 5014 1950 5050 :
1978 4999 2279 5052 Facultutem

674 5063 999 5131 cotuittetttiag,
1021 5071 1248 5131 quantum
1270 5062 1519 5131 pomarius
1536 5100 1551 5125 ,
1575 5062 1881 5131 diligamus:
1903 5076 2048 5130 quam
2068 5064 2279 5131 primum

674 5079 999 5135 commentum.
1021 5079 1248 5177 animum
1270 5079 1519 5131 posstunus
1536 5100 1551 5125 ,
1575 5079 1835 5127 aurgamus
1864 5079 1881 5114 :
1903 5079 2048 5130 quam
2068 5079 2274 5124 primum

672 5126 1022 5198 obverterttJm
1062 5125 1271 5198 'bamus._
1284 5126 1483 5198 utquod
1502 5125 1551 5198 in
1580 5123 2274 5198 Matrinwtrio‘nqnvuluinuts,

675 5204 726 5241 ut
748 5188 982 5241 uiduitate
1000 5196 1238 5251 sectemur
1255 5188 1319 5251 (ι.Δ
1336 5188 1383 5238 I'.
1409 5188 1474 5251 ad
1502 5192 1735 5242 Uxorem.
1750 5202 1796 5251 _c.
1822 5189 1870 5238 7.
1894 5192 1928 5251 ).
1956 5188 2016 5238 Et
2036 5201 2158 5238 sane
2183 5203 2279 5239 non

674 5254 886 5304 dixisset
910 5267 922 5301 :
950 5251 1079 5319 quod
1089 5248 1155 5319 _in
1177 5247 1602 5319 ttttttritttouio_n01t
1631 5249 1866 5319 valuimus
1885 5247 1901 5307 ζ
1923 5252 1966 5301 si
1988 5259 2279 5319 perpetuam

679 5329 727 5364 Ill
751 5328 810 5377 eo
834 5311 1182 5377 continentiam
1204 5315 1298 5364 sibi
1325 5312 1651 5377 injunxissent
1668 5351 1681 5373 ,
1707 5321 1765 5377 ut_
1801 5315 1932 5364 bene
1956 5311 2279 5377 observata.

677 5374 875 5442 Samuel
894 5376 1164 5442 Basnagius
1201 5371 1414 5442 (Annal.
1442 5371 1832 5439 politiae-eccm.
1849 5381 1929 5442 ,‘t.
1956 5374 2020 5442 II.
2050 5387 2096 5442 p_.
2122 5375 2279 5439 2l5.).

678 5438 840 5502 Quare
879 5436 1210 5502 continentia;
1241 5436 1477 5502 vinculis,
1518 5444 1635 5502 tunc
1678 5438 1917 5502 temporis
1957 5436 2284 5502 Presbyter03

677 5500 889 5551 nondum
914 5501 1171 5551 adstrictos
1192 5500 1360 5561 fuisse,
1391 5500 1609 5550 nonnulli
1634 5499 1965 5550 contendunt:
1996 5499 2086 5548 sed
2111 5499 2283 5561 (luam-

676 5563 756 5612 vis
778 5562 827 5612 id
851 5576 1030 5626 verum
1045 5570 1182 5626 esset
1201 5602 1215 5619 .
1237 5563 1370 5626 quod
1394 5562 1551 5613 adhuc
1585 5575 1684 5626 non
1719 5569 1942 5626 constat;
1967 5561 2183 5611 inaniter
2202 5570 2283 5626 Ata-

675 5638 793 5696 meo
825 5621 1113 5696 Tertulliani
1136 5621 1369 5696 exegitplo
1386 5638 1496 5696 eum
1518 5623 1704 5696 pallam
1727 5623 1999 5696 Novatorgs
2022 5623 2286 5696 triumpha-

677 5691 827 5748 rent,
852 5685 1105 5736 catbolicze
1143 5685 1385 5748 Ecclesia:
1420 5686 1743 5744 insultantes,
1771 5686 1898 5747 quod
1939 5685 2288 5735 Sacerdotibus

677 5747 1029 5811 continentiam
1052 5749 1320 5811 praecipiat.
1347 5747 1469 5811 Nam
1499 5758 1609 5811 cum
1635 5748 1852 5811 moribus
1875 5750 2060 5809 magis,
2084 5754 2137 5797 et
2156 5760 2247 5797 usu
2267 5786 2281 5810 ,

679 5821 830 5875 quam
859 5808 1066 5873 legibus
1085 5808 1401 5875 continentiae
1439 5809 1693 5875 disciplina
1724 5810 1921 5859 inducta
1946 5808 2087 5859 fuerit
2108 5847 2122 5865 ,
2150 5808 2285 5875 uno,

680 5877 764 5924 aut
786 5869 945 5922 altero
966 5874 1074 5935 eius
1093 5874 1252 5925 aetatis
1275 5869 1507 5941 exemplo
1526 5869 1809 5923 nullatenus
1833 5880 2159 5944 impugnantur.

2365 3349 2503 3397 tenta
2543 3341 2662 3411 ejus
2689 3339 2947 3410 temporis
2973 3348 3020 3393 et
3062 3340 3271 3394 exitium
3312 3337 3683 3410 Byzantium»,
3732 3352 3961 3409 quorum

2363 3443 2489 3490 ante
2536 3422 2864 3491 mentionem
2935 3432 3193 3498 fecimus,
3241 3441 3299 3488 et
3363 3431 3607 3503 exempla
3670 3431 3964 3504 punitionis

2367 3525 2559 3590 affert,
2610 3535 2720 3581 tum
2781 3524 2950 3597 Valgii
2996 3525 3299 3590 Saturnini,
3352 3523 3647 3588 llilariani,
3690 3535 3745 3581 et
3791 3523 3962 3594 ipsius

2371 3617 2619 3688 Scapula:
2647 3617 2700 3672 in
2733 3617 2949 3688 Africa;
2991 3628 3100 3684 tum
3146 3614 3351 3673 Claudii
3394 3615 3713 3670 Herminiani
3749 3615 3803 3670 in
3830 3612 3968 3686 Cap-

2374 3711 2626 3782 padocia,
2672 3710 3085 3767 Persecutorum
3138 3709 3258 3765 lidei
3304 3707 3644 3765 Christianae.
3695 3708 3824 3764 Post
3854 3707 3970 3764 huc

2372 3802 2621 3858 hortatur
2664 3801 2732 3857 ad
2774 3803 3255 3858 dissimulationem
3297 3802 3365 3857 ab
3405 3800 3708 3873 bnjusmodi
3754 3801 3966 3866 causis,

2371 3894 2634 3965 exemplis
2661 3902 2770 3949 tum
2810 3894 2988 3973 Severi
3016 3905 3062 3948 et
3101 3894 3343 3948 Antonini
3371 3893 3538 3964 Impp.
3569 3908 3730 3964 supra
3768 3892 3969 3949 adduc-

2372 3988 2441 4043 tis
2462 4029 2476 4052 ,
2521 3987 2598 4043 Μ.
2630 3988 2806 4043 Aurel.
2839 3987 2981 4060 Imp.
3028 3989 3081 4042 in
3120 3987 3439 4059 expeditione
3471 3987 3812 4052 Germanica;
3857 3995 3969 4042 tum

2371 4080 2670 4137 Praesidium
2714 4092 2770 4138 et
2823 4083 3208 4138 Proconsulum
3270 4082 3474 4137 Servilii
3542 4080 3818 4143 Prudentis
3869 4080 3970 4137 sub

2374 4176 2647 4232 Antonino
2699 4175 2838 4232 Vero
2887 4175 3022 4246 Imp.
3084 4174 3346 4247 Vespronii
3398 4173 3619 4231 Candidi
3682 4176 3784 4231 sub
3832 4174 3971 4247 Imp.

2372 4265 2703 4334 Commodo,
2735 4265 2901 4323 Cincii
2930 4250 3136 4332 Severi
3170 4268 3260 4336 qui
3305 4266 3644 4336 postmodum
3687 4281 3719 4320 a
3768 4266 3973 4323 Severo

2377 4365 2511 4435 Imp.
2560 4360 2874 4419 interfectus
2920 4353 3035 4429 est:
3074 4362 3203 4432 Apri
3244 4375 3458 4432 quoque
3494 4369 3541 4415 et
3582 4360 3694 4414 Arii
3732 4360 3979 4416 Antonini

2377 4457 2502 4529 (hic
2529 4474 2561 4514 a
2603 4456 2914 4529 Lampridio
2961 4456 3156 4520 Arius,
3186 4453 3254 4508 ab
3305 4452 3425 4508 aliis
3490 4450 3712 4507 Brusius
3767 4450 3979 4509 Praeses

2378 4547 2710 4621 appellatur)
2744 4551 2831 4618 qui
2863 4548 2963 4603 sub
2984 4549 3181 4602 Anton.
3212 4545 3410 4613 lmper.
3441 4541 3705 4599 Consules
3735 4541 3976 4599 luerunt.

2380 4643 2616 4710 Denique
2635 4640 2982 4711 conqueritur
3009 4635 3174 4709 quod,
3191 4651 3352 4706 quum
3390 4650 3420 4689 a
3459 4634 3741 4706 primordio
3762 4634 3979 4690 munda-

2376 4747 2483 4790 tum
2513 4737 2579 4790 sit
2607 4733 2779 4806 gladio
2821 4743 2965 4786 tenus
3009 4727 3377 4796 animaduerti,
3399 4737 3456 4784 et
3506 4727 3559 4784 id
3590 4729 3972 4785 observaretur

2375 4845 2403 4883 a
2428 4828 2743 4884 Pra'sidibus
2759 4825 2996 4898 Legionis
3024 4834 3069 4880 et
3096 4822 3452 4888 Mauritaniae,
3474 4821 3626 4892 jussu
3653 4821 3820 4893 ipsius
3843 4820 3979 4877 Sca-

2379 4923 2516 4994 pula:
2553 4920 2715 4976 etiam
2763 4928 3111 4973 cremarentur
3136 4914 3449 4972 Christiani.
3482 4916 3600 4980 Quo
3646 4914 3878 4984 pertinet
3924 4920 3981 4968 et

2380 5015 2511 5072 illud
2560 5013 2787 5084 Apolog.
2847 5012 3201 5068 Sarmentitios
3250 5020 3296 5064 et
3351 5008 3620 5063 Semaxios
3667 5005 3976 5077 appellatis,

2378 5112 2499 5183 quia
2552 5109 2620 5163 ad
2671 5109 2894 5179 stipitem
2945 5105 3144 5160 dimidii
3186 5104 3301 5158 axis
3347 5102 3558 5156 revincti
3610 5110 3983 5154 sarmentorum

2381 5201 2571 5256 ambitu
2601 5200 2881 5255 exurimur.
2914 5197 3012 5254 Ubi
3039 5196 3201 5252 etiam
3233 5197 3492 5249 recenset
3522 5191 3656 5247 illud
3683 5190 3986 5246 damnatio-

2384 5296 2467 5351 nis
2481 5308 2675 5365 gcnus,
2699 5290 2838 5361 quod
2857 5288 2922 5344 ad
2942 5288 3194 5342 Lenonem
3210 5286 3455 5339 dantnata
3482 5284 3577 5357 fuit
3606 5283 3798 5341 Christ.
3818 5285 3985 5354 potius

2384 5403 2538 5459 quant
2576 5384 2645 5438 ad
2675 5385 2871 5439 leonem
2916 5380 3112 5451 (Apol.
3147 5395 3266 5445 cap.
3314 5377 3462 5449 ult.).
3514 5376 3657 5434 Idem
3717 5377 3854 5432 libro
3895 5378 3988 5433 AD

2385 5478 2761 5540 MARTYRAS
2813 5478 2866 5532 in
2910 5488 3134 5531 carcere
3176 5471 3532 5536 constitutos,
3582 5484 3742 5540 quem
3793 5468 3985 5526 eadem

2389 5582 2707 5647 tempestate
2731 5566 3087 5641 conscripsit,
3132 5575 3329 5638 prurter
3358 5563 3603 5637 gladium
3647 5569 3694 5618 et
3734 5577 3989 5616 summam

2390 5670 2581 5742 ignium
2604 5681 2823 5738 poenam,
2846 5661 2996 5718 addit
3021 5661 3181 5715 etiam
3212 5677 3225 5714 :
3259 5668 3451 5714 trucem
3475 5656 3667 5711 rabiem
3686 5654 3987 5720 bestiarum,

2392 5775 2438 5820 et
2489 5776 2637 5818 onme
2682 5756 2941 5827 carniﬁcis
2985 5752 3249 5827 ingenium
3290 5752 3343 5806 in
3407 5749 3669 5806 tormentis
3726 5746 3864 5819 (Lib.
3917 5747 3988 5802 ad

2393 5858 2554 5917 Mart.
2579 5870 2630 5913 c.
2664 5851 2768 5924 4.).
2792 5850 2894 5910 Ubi
2923 5849 3087 5910 etiam
3130 5843 3374 5914 meminit
3417 5839 3847 5913 consuetudinis,
3878 5853 3986 5917 qua
