4242 6266
304 349 372 412 65
1630 347 2095 416 TERTULLIANI
2138 343 2292 406 YITA
2306 391 2322 416 .-

3532 307 3604 422 ei

302 490 483 547 pacem
533 475 587 530 in
631 473 862 531 Ecclesia
904 490 1006 532 non
1062 475 1328 542 habentes,
1380 483 1440 531 ut
1471 482 1598 547 pote
1645 475 1812 548 lapsi,
1867 493 1899 529 ιι
1928 468 2242 534 Aimitatus
2277 509 2292 534 ,
2347 445 2650 540 quanquam
2715 467 2903 528 ordine
2953 477 3252 544 temporum
3313 489 3422 534 non
3469 478 3602 534 satis

306 567 623 640 Martyribus
676 570 729 624 in
779 586 982 626 carcere
1037 586 1247 626 exorare
1274 579 1640 625 consueverunt
1695 572 1761 640 (c.
1797 570 1896 638 1.),

303 677 460 733 quam
488 664 589 718 ctsi
617 663 718 719 sub
755 663 914 720 linem
941 665 1062 720 vita:
1083 665 1195 734 jam
1224 664 1511 720 haereticus
1540 680 1645 719 non
1673 662 1898 734 probet,

303 757 355 811 in
380 757 620 813 Ecclesia
647 758 942 828 permansit
967 773 1133 828 usque
1161 757 1225 812 ad
1257 757 1318 812 B.
1348 757 1602 828 Cypriani
1635 766 1898 824 tempora,

297 847 449 918 juxta
489 848 631 918 quod
678 848 1025 903 tractavimus
1050 850 1102 903 in
1136 849 1253 903 \‘ita
1297 847 1440 903 illius
1483 847 1662 902 latius.
1696 845 1898 901 Eadem

303 944 484 994 nmina
538 940 836 1013 Martyrum
884 941 1143 1011 supplicia
1200 942 1393 1012 repetit
1456 941 1594 997 libro
1643 939 1731 996 DE
1781 940 1898 994 PA-

301 1031 577 1088 TIENTIA
625 1033 644 1102 (
671 1032 732 1087 L.
783 1035 846 1088 de
878 1033 1103 1088 Patient.
1137 1051 1183 1088 c.
1215 1035 1305 1089 15.
1333 1036 1372 1088 l.
1405 1034 1474 1087 ad
1523 1034 1684 1103 Scap.
1716 1049 1762 1087 c.
1803 1035 1856 1089 5.
1882 1075 1897 1099 ,

299 1126 340 1180 ι.
367 1127 430 1180 de
451 1126 579 1181 lucr.
616 1126 765 1182 mult.
796 1145 843 1181 c.
865 1129 980 1197 7.),
1008 1141 1169 1198 quem
1199 1129 1358 1182 etiam
1391 1126 1545 1197 hujus
1575 1126 1902 1196 persecutio-

298 1220 388 1276 nis
415 1222 697 1278 occasione
733 1222 1079 1292 conscripsit.
1111 1219 1212 1277 Ubi
1257 1221 1428 1292 fugam
1453 1235 1664 1290 quoque
1693 1220 1743 1273 in
1777 1235 1901 1289 per-

297 1315 581 1370 secutione
629 1314 900 1384 patientia:
935 1313 1078 1372 bono
1106 1313 1358 1383 imputat,
1399 1320 1558 1382 atque
1599 1310 1735 1366 adeo
1765 1327 1900 1366 non-

298 1402 434 1459 dum
476 1403 1089 1467 Montanistis_addictus
1127 1403 1223 1458 fuit
1242 1445 1256 1471 ,
1285 1419 1348 1458 cx
1377 1417 1605 1474 quorum
1634 1404 1898 1458 sententia

295 1495 499 1552 librum
527 1496 595 1552 de
626 1495 772 1566 Fuga
803 1497 855 1550 in
901 1494 1270 1567 persecutione
1296 1495 1624 1549 contrarium
1680 1503 1896 1564 postea,

289 1587 396 1643 sed
441 1571 638 1643 fruSlra
665 1589 896 1658 scripsit.
939 1587 1005 1641 Et
1047 1601 1172 1643 vero
1197 1587 1296 1641 sub
1336 1585 1567 1656 Scapula
1597 1587 1899 1640 damnatum

288 1676 473 1735 fuisse
517 1679 586 1734 ad
615 1681 793 1734 bestias
823 1679 883 1734 S.
916 1677 1187 1733 Manilium
1236 1678 1616 1733 Adrumeticum
1637 1722 1650 1743 ,
1684 1678 1899 1735 disertis

288 1773 486 1828 verbis
532 1781 813 1829 attestatur
871 1777 1090 1828 Auctor.
1148 1773 1315 1828 Porro
1365 1773 1552 1828 Roma:
1601 1774 1706 1828 hoc
1756 1789 1899 1828 anno

2002 564 2324 632 observato,
2375 579 2533 634 quem
2580 579 2678 620 nos
2728 565 2900 638 adeo,
2944 578 3200 638 quantum
3236 569 3351 627 ﬁeri
3393 572 3597 642 potuit,

2003 657 2388 728 expressimus.
2419 656 2688 728 Imprimis
2726 658 2985 715 Judaismi
3032 679 3068 716 ι.
3115 664 3469 719 hereticorum
3503 659 3600 736 g'e-

2003 765 2131 805 nera
2160 759 2391 831 quatuor
2410 791 2425 815 ,
2457 747 2757 805 Dositheum
2787 751 3172 809 Samaritanum
3196 797 3211 822 ,
3249 755 3599 826 Sadducwos,

2004 839 2297 896 Phariswas
2331 853 2378 896 et
2426 841 2767 898 Herodianos.
2805 845 3008 902 Deinde
3031 863 3127 902 eos
3151 847 3205 902 2.
3230 849 3314 920 qui
3343 867 3405 904 ex
3427 849 3603 905 Euan-

2001 933 2136 1004 gelio
2155 936 2376 989 lueretici
2392 951 2498 990 esse
2513 936 2776 990 voluerunt
2804 937 2884 1008 (t3.
2922 940 3009 994 16.
3043 941 3167 994 hwr.
3198 941 3248 997 I.
3268 940 3322 994 2.
3345 942 3398 997 5.
3435 943 3524 1000 10.
3555 953 3604 1004 et

2005 1027 2130 1098 Il),
2175 1028 2227 1082 in
2252 1027 2558 1083 universum
2591 1045 2819 1085 numero
2868 1047 3004 1088 xxv.
3054 1033 3317 1090 Simonem
3352 1034 3598 1108 Magum,

2010 1119 2374 1188 Menandrum,
2402 1120 2993 1187 Nicolaum,Cerinthum
3023 1135 3067 1180 et
3091 1124 3367 1182 Hebionem
3393 1128 3478 1199 (C.
3510 1127 3600 1186 46.

2005 1213 2132 1270 hcer.
2163 1215 2216 1268 5.
2249 1224 2296 1267 et
2321 1214 2374 1270 4.
2400 1223 2445 1268 et
2466 1231 2582 1284 cap.
2612 1215 2845 1271 47.luer.
2871 1215 2924 1270 6.
2944 1217 3071 1273 7.8.
3097 1227 3208 1272 etc.
3228 1218 3316 1274 48.
3337 1221 3465 1276 ἡαπ.
3495 1221 3602 1292 6.),

2005 1308 2094 1378 qui
2149 1307 2248 1362 snb
2293 1307 2563 1378 Apostolis
2604 1323 2727 1363 snas
2758 1320 3070 1380 sparserunt
3108 1311 3396 1381 Increseis,
3445 1325 3606 1385 atque

2002 1402 2139 1459 adeo
2193 1401 2292 1457 sub
2337 1402 2587 1468 Tiberio,
2639 1402 2894 1470 Claudio,
2945 1403 3193 1469 Nerone,
3249 1417 3304 1461 et
3349 1406 3604 1476 Trojano.

2004 1494 2137 1550 Item
2195 1496 2248 1551 5.
2281 1495 2618 1550 Saturninum
2645 1505 2690 1549 et
2725 1494 3035 1564 Basilidem,
3069 1497 3316 1568 Ophitas,
3359 1497 3604 1566 Caineos,

2004 1589 2284 1650 Sethoitas,
2316 1598 2363 1642 et
2387 1587 2770 1658 Carpocratem,
2794 1589 2894 1644 sub
2921 1591 3299 1660 Apostolorum
3324 1590 3603 1664 discipulis

2005 1680 2246 1752 usquead
2269 1679 2592 1735 Hadrianum
2609 1679 3013 1750 Imperatorem.
3037 1683 3089 1738 4.
3111 1681 3430 1738 Valentinum
3455 1684 3608 1739 dein-

2005 1788 2132 1843 ceps
2160 1816 2176 1841 ,
2233 1773 2456 1844 ejusque
2495 1773 2728 1828 asschas
2789 1773 3129 1829 Ptolomccmn
3173 1793 3232 1829 ac
3273 1775 3606 1844 Secundum,

290 1864 465 1921 fuisse
508 1865 794 1920 Auctorem
834 1880 897 1920 ex
931 1859 1037 1920 illis
1067 1864 1242 1920 verbis
1264 1877 1487 1935 apparet
1525 1883 1538 1918 :
1575 1863 1899 1918 Gemntarum
1930 1869 1976 1928 B
2008 1862 2410 1929 Heracleonem,
2467 1873 2513 1917 et
2570 1863 2806 1918 Marcum
2859 1883 2919 1919 ac
2961 1865 3330 1932 Colorbasutn,
3377 1883 3606 1938 quorum

289 1977 493 2032 quoque
514 1961 822 2015 nobilitatem
851 1960 1068 2015 vidimus
1110 1958 1290 2014 Romae
1308 2001 1323 2023 ,
1357 1960 1418 2012 de
1445 1960 1655 2028 fastidia
1683 1958 1905 2014 Partho-

291 2070 419 2108 rum
467 2063 512 2108 et
566 2051 890 2119 Medorum,
944 2063 1342 2123 cwterorumque
1380 2054 1643 2124 gentilium
1695 2069 1901 2107 suorum

293 2161 478 2202 coram
506 2148 748 2203 matronis
793 2149 1194 2214 erubescentem,
1224 2148 1322 2202 nisi
1351 2148 1489 2218 quod
1516 2165 1605 2201 nec
1643 2149 1712 2202 ad
1738 2159 1905 2204 osten-

295 2242 497 2296 sionem
536 2245 634 2312 fere
674 2242 942 2296 habentur.
993 2241 1174 2296 Latent
1201 2243 1254 2296 in
1279 2243 1495 2314 singulis
1531 2243 1826 2314 smaragdi,
1856 2253 1902 2297 et

294 2335 563 2406 cylindros
604 2337 797 2405 uagina:
825 2351 932 2390 sua:
969 2335 1109 2390 solus
1137 2335 1341 2407 gladius
1367 2337 1460 2389 sub
1497 2338 1612 2390 sinu
1658 2337 1820 2399 norit,
1857 2345 1903 2390 et

296 2431 359 2485 in
406 2431 677 2501 peronibus
708 2431 918 2485 uniones
960 2446 1212 2500 emergere
1237 2428 1300 2482 de
1337 2430 1444 2483 luto
1468 2430 1698 2500 cupiunt.
1747 2429 1899 2497 Quod

295 2525 502 2580 factum
544 2524 962 2594 interpretamur
988 2523 1040 2578 in
1084 2522 1353 2591 triumpho
1382 2522 1566 2579 Severi
1601 2523 1793 2592 Imper.
1835 2523 1902 2579 de

294 2633 411 2689 quo
440 2619 493 2672 in
519 2616 706 2672 Fastos
728 2618 1052 2672 Consulares
1083 2617 1243 2686 hujus
1283 2617 1406 2671 anni
1453 2618 1530 2671 sic
1562 2618 1786 2671 relatum
1818 2619 1893 2671 in-

298 2712 551 2765 venimus
579 2728 593 2766 :
623 2709 756 2765 I.\IP.
787 2708 960 2765 CASS.
992 2710 1053 2764 L.
1081 2707 1449 2765 SEPTIMIUS
1487 2709 1556 2764 Μ.
1591 2709 1650 2764 F.
1696 2709 1902 2764 SEVE-

297 2803 478 2870 IIUS,
520 2803 708 2870 PIUS,
736 2803 938 2858 PERT.
984 2801 1144 2858 AUG.
1178 2801 1552 2866 ARABICUS,
1610 2800 1903 2857 ADIABE-

299 2896 540 2962 NICUS,
597 2894 1017 2956 PAIITIIICUS,
1073 2894 1412 2955 MAXIMUS,
1472 2893 1666 2948 I‘ONT.
1733 2891 1899 2948 M.\X.

302 2991 487 3046 Tiilll.
521 2989 668 3045 POT.
705 2988 840 3044 VIII.
874 2989 1014 3044 COS.
1052 2987 1113 3042 II.
1142 2987 1198 3042 I‘.
1234 2988 1288 3040 I’.
1325 2985 1600 3042 I‘ROCOS.
1628 2985 1762 3041 IllP.
1808 2985 1900 3039 ΧΙ.

304 3081 399 3138 ΕΤ
442 3081 572 3136 IMP.
599 3080 772 3136 CASS.
808 3079 875 3134 Μ.
910 3078 1286 3141 AURELIUS,
1318 3078 1470 3134 SEV.
1503 3078 1662 3135 ΑΗΘ.
1697 3078 1759 3132 F.
1791 3076 1903 3131 ΛΝ-

303 3174 638 3238 TOXLNUS,
687 3173 841 3229 I’IUS
887 3171 1127 3240 FELIX,
1179 3170 1341 3228 AUC.
1387 3171 1565 3226 TRIB.
1617 3171 1766 3225 POT.
1813 3168 1899 3223 IlI.

2004 1958 2348 2030 coryphtcum
2379 1959 2526 2014 Illum
2549 1958 2601 2012 in
2628 1957 2944 2014 Catholicam
2969 1962 3130 2024 primo
3152 1962 3440 2016 doctrinam
3465 1963 3608 2032 apud

2005 2052 2352 2108 Romaneuses
2396 2053 2670 2107 credidisse
2715 2053 2806 2108 sub
2859 2053 3066 2124 Hygino
3126 2054 3310 2124 Papa,
3367 2056 3610 2110 Antonini

2003 2147 2109 2218 fere
2157 2148 2460 2219 Principum
2512 2149 2671 2204 tradit
2724 2152 2962 2217 Auctor,
3034 2163 3081 2206 et
3137 2153 3228 2207 sub
3289 2151 3608 2223 Episcopatu

2005 2238 2272 2295 Eleutheri
2311 2243 2373 2296 ob
2401 2242 2678 2313 inquietam
2717 2260 2913 2313 semper
2940 2246 3316 2314 curiositatem,
3351 2265 3452 2301 una
3493 2265 3608 2303 cum

2008 2332 2271 2388 Marciane
2324 2336 2477 2389 semel
2522 2347 2567 2389 et
2612 2336 2793 2390 iterum
2841 2339 3057 2408 ejectum
3111 2355 3218 2394 esse
3261 2341 3323 2393 ab
3378 2339 3609 2396 Ecclesia

2009 2424 2188 2497 (Ibid.
2223 2442 2269 2480 c.
2302 2427 2390 2482 50.
2443 2444 2489 2481 c.
2541 2427 2635 2482 49.
2689 2427 2814 2481 liter.
2853 2429 2937 2483 I2.
2991 2430 3078 2484 15.
3128 2429 3330 2486 H.310.
3361 2432 3484 2486 liter.
3519 2433 3605 2488 15.

2006 2513 2146 2572 Ibid.
2202 2535 2246 2572 c.
2281 2518 2368 2574 51.
2402 2518 2530 2572 luer.
2566 2520 2653 2576 16.
2691 2520 2774 2576 17.
2813 2521 2895 2577 18.
2923 2531 2969 2575 et
3004 2523 3090 2578 I9.
3120 2521 3173 2578 6.
3233 2521 3371 2579 Ibid.
3420 2543 3466 2580 c.
3514 2524 3606 2581 52.

2005 2613 2133 2666 Ita’r.
2160 2611 2250 2668 20.
2280 2613 2330 2667 7.
2353 2611 2436 2667 Ib.
2461 2613 2587 2668 hwr.
2615 2614 2706 2670 2I.
2733 2631 2779 2670 ε.
2804 2616 2892 2671 55.
2923 2616 3047 2670 luer.
3067 2617 3160 2672 22.
3183 2618 3272 2674 2'5.
3299 2619 3390 2672 2i.
3413 2636 3473 2673 ac
3513 2619 3607 2676 25.

2006 2703 2058 2759 9.
2097 2703 2176 2757 Ib.
2206 2721 2251 2758 c.
2285 2704 2336 2759 5.
2372 2705 2456 2760 10.
2488 2705 2566 2760 Ib.
2604 2724 2651 2760 c.
2684 2707 2773 2763 50.
2805 2709 2868 2763 de
2899 2709 3072 2778 Spect.
3106 2727 3151 2764 c.
3175 2709 3265 2764 27.
3299 2709 3434 2766 Ibid.
3467 2714 3504 2767 ι.
3547 2713 3611 2768 de

2008 2794 2150 2851 Idol.
2183 2814 2231 2851 τ.
2265 2796 2407 2869 25.);
2441 2806 2736 2854 sectatores
2767 2816 2896 2854 vero
2925 2803 3043 2870 t-jus
3079 2801 3179 2857 sub
3220 2803 3326 2858 I’iis
3359 2804 3512 2858 Pont.
3555 2813 3612 2860 et

2007 2887 2203 2959 Imper.
2237 2889 2291 2945 5.
2326 2890 2606 2945 Cerdonem
2633 2891 2827 2947 deinde
2859 2894 3083 2963 ejusque
3123 2895 3416 2950 discentem
3463 2894 3611 2949 Mar-

2008 2983 2233 3047 ciouem,
2270 2983 2519 3054 illiusque
2550 2999 2616 3040 ex
2667 2983 2943 3056 discipulis
2972 2988 3255 3057 magistros
3277 2987 3540 3042 Lucanum
3562 2997 3610 3043 et

2008 3076 2272 3146 Appellem
2295 3119 2309 3141 ,
2343 3094 2568 3145 quorum
2599 3078 2748 3147 prior
2776 3095 2899 3134 cum
2935 3079 3220 3135 Valentino
3247 3081 3442 3149 cmpit,
3467 3082 3609 3136 Mar-

2008 3167 2129 3222 cion
2158 3177 2211 3222 et
2252 3168 2342 3222 alii
2373 3169 2472 3222 sub
2499 3171 2745 3234 Aniceto,
2773 3171 2984 3233 Sotere,
3011 3181 3064 3225 et
3098 3172 3406 3238 Eleuthero,
3439 3172 3609 3241 Impe-

303 3266 459 3323 COS.
515 3265 936 3321 DESIGNATUS
991 3263 1122 3320 I.\II‘.
1176 3263 1310 3319 IINA
1381 3263 1470 3318 DE
1527 3260 1900 3323 ARABIBUS,
1932 3256 1976 3318 C
2008 3259 2249 3312 fantibus
2272 3257 2434 3313 Pioct
2465 3261 2704 3314 Aurelio.
2735 3259 2785 3314 6-
2824 3259 3098 3315 Tatianum
3130 3275 3247 3330 post
3279 3263 3412 3331 haec,
3443 3280 3604 3336 quem

308 3357 680 3422 PARTIIEIS,
712 3355 1070 3411 ADIBENEIS
1113 3357 1177 3423 ρ.
1212 3356 1299 3411 ΕΤ
1330 3339 1516 3410 REGIS
1548 3351 1902 3418 AIITBANO,

308 3449 882 3510 'IRIUMI’IIAIIUN'I‘.
931 3449 1096 3522 Cujus
1145 3451 1396 3520 triumphi
1437 3449 1597 3504 etiam
1651 3447 1905 3502 memine-

309 3557 442 3603 runt
473 3543 787 3615 Spartianus
812 3555 863 3599 et
901 3543 1255 3599 Ilerodianus.
1298 3541 1444 3596 Facit
1474 3557 1569 3611 pro
1593 3539 1692 3594 hac
1723 3549 1901 3594 nostra

308 3639 616 3702 sententia,
651 3637 789 3708 quod
836 3637 996 3692 etiam
1041 3652 1244 3691 morem
1295 3637 1346 3690 in
1389 3634 1694 3706 'I‘riumphis
1747 3635 1909 3688 usita-

310 3741 424 3788 tmn
487 3731 760 3787 describat
815 3733 1018 3786 Auctor
1067 3739 1316 3800 tanquam
1379 3729 1528 3783 testis
1593 3727 1834 3781 oculatus
1891 3743 1903 3779 :

311 3824 622 3888 Hominem,
678 3825 882 3895 inquit,
931 3840 986 3879 se
1031 3840 1137 3879 esse
1175 3824 1325 3877 etiam
1369 3822 1690 3887 triumphans
1731 3822 1783 3874 in
1817 3820 1907 3875 illo

309 3921 674 3977 sublimissimo
708 3937 882 3982 curru,
915 3920 1235 3973 admonetur.
1271 3918 1577 3990 Suggeritur
1621 3918 1752 3973 enim
1787 3918 1832 3972 ei
1877 3935 1908 3971 a

311 4024 454 4086 tergo
485 4031 503 4068 :
536 4013 745 4086 Respice
776 4023 886 4084 post
913 4022 980 4079 te,
1012 4012 1266 4067 Itaminem
1292 4021 1337 4066 te
1359 4020 1603 4065 memento
1639 4009 1728 4080 (L.
1757 4010 1906 4081 Apol.

311 4125 359 4163 ι.
379 4107 520 4179 55.).

815 4240 973 4296 Anno
1007 4237 1217 4293 Domini
1268 4251 1412 4294 ccut.
1449 4237 1463 4250 ⁸

383 4373 478 4430 20.
524 4371 660 4429 IMP.
697 4372 869 4430 CIES.
916 4374 977 4428 L.
1025 4371 1220 4428 SEPT.
1262 4371 1415 4428 ΜΕ.
1455 4371 1908 4429 AR.\B.ADIAB.

314 4463 521 4521 PART.
552 4466 636 4520 III.
671 4464 760 4520 ET
788 4465 924 4520 IMP.
965 4463 1134 4520 CJES.
1167 4464 1236 4519 Μ.
1265 4463 1519 4522 AUIIEL.
1552 4463 1703 4518 SI'JV.
1750 4462 1910 4519 AVG.

316 4555 381 4610 Ρ.
415 4556 732 4612 ANTONIN.
785 4557 946 4613 AVG.
993 4555 1138 4612 COS.
1189 4555 1369 4612 Sancti
1417 4556 1704 4628 Zephyrini
1755 4556 1914 4626 Papa:

316 4647 548 4703 Romani
592 4664 736 4704 anno
764 4663 835 4704 tv.
870 4649 1035 4719 ipsius
1059 4647 1244 4705 Severi
1272 4647 1465 4719 Imper.
1524 4665 1580 4702 χ.
1629 4657 1718 4702 aut
1769 4657 1915 4703 certe

318 4741 668 4809 prarcedenti,
691 4742 802 4810 jam
827 4741 1194 4812 grassantibus
1218 4756 1323 4796 non
1345 4742 1516 4796 solum
1545 4741 1796 4810 antiquis,
1821 4739 1916 4796 sed

319 4841 376 4886 et
400 4833 789 4888 recentioribus
809 4834 1011 4903 aliquot
1047 4833 1337 4889 haeresibus
1357 4834 1437 4888 vel
1493 4833 1544 4888 in
1573 4834 1686 4902 ipsa
1715 4832 1916 4898 Africa,

320 4923 496 4979 edidit
518 4923 1053 4981 'I‘ERTULIJANUS
1091 4940 1217 4980 vero
1245 4940 1466 4984 aureum
1492 4925 1636 4980 'illud
1665 4909 1801 4997 opus
1832 4924 1918 4980 DE

321 5016 745 5073 PRESCRIP'I‘.
779 5018 1073 5074 ADVERS.
1099 5015 1528 5084 IIERETICOS,
1563 5028 1748 5089 utpote
1777 5018 1918 5088 quod

321 5120 446 5166 ante
468 5111 606 5166 alios
630 5127 816 5168 omnes
837 5116 1093 5181 scriptum
1119 5111 1358 5182 ejusdem
1381 5113 1682 5179 argumenti
1721 5113 1886 5168 libros
1902 5155 1916 5181 ,

323 5219 392 5260 ex
422 5205 506 5260 his
532 5206 780 5260 Auctoris
813 5207 991 5261 verbis
1019 5214 1232 5261 constat
1262 5222 1275 5258 :
1302 5204 1410 5260 Sed
1440 5222 1574 5259 nunc
1597 5206 1797 5275 quidem
1828 5222 1919 5277 ge-

325 5297 567 5351 neraliter
607 5308 774 5352 actum
815 5309 887 5352 est
916 5315 946 5352 a
974 5299 1116 5354 nobis
1152 5298 1394 5353 adversus
1431 5297 1664 5352 Itwreseis
1693 5301 1882 5352 omucis
1901 5339 1917 5365 ,

324 5391 475 5444 certis
503 5399 546 5444 et
559 5392 715 5462 justis
735 5399 778 5445 et
797 5392 1090 5446 necessariis
1114 5389 1581 5461 prtescriptionibus
1605 5392 1922 5460 repellendas

325 5498 360 5536 α
387 5484 659 5538 collatione
707 5485 1100 5554 scripturarum.
1151 5482 1228 5537 De
1274 5483 1468 5553 reliquo
1492 5523 1507 5549 ,
1539 5483 1582 5537 si
1622 5481 1717 5537 Dei
1755 5484 1922 5552 gratia

326 5576 584 5640 annuerit,
627 5576 776 5630 etiam
817 5577 1105 5646 specialiter
1129 5576 1429 5648 quibusdam
1473 5577 1917 5647 respondebimus,

328 5663 487 5734 (L.de
513 5665 731 5723 Prtescr.
752 5668 870 5724 adv.
893 5669 1020 5723 heer.
1045 5685 1093 5722 c.
1113 5669 1203 5723 45.
1224 5684 1277 5723 n.
1294 5667 1402 5724 295
1425 5679 1468 5721 et
1483 5667 1725 5736 294.).In
1743 5685 1808 5724 co
1824 5673 1924 5728 sub

329 5757 829 5833 ﬁnemCatalognm
871 5761 1246 5818 hmreticorum
1285 5772 1566 5830 recenset,
1616 5764 1706 5837 qui
1754 5765 1821 5820 ad
1869 5767 1920 5823 id

327 5854 588 5926 temporis
627 5855 928 5915 Ecclesiam
964 5856 1362 5927 dilacerarunt,
1395 5856 1615 5917 Beatum
1657 5856 1920 5919 Irenaeum

2010 3351 2170 3406 etiam
2209 3351 2449 3406 scholam
2501 3367 2652 3407 suam
2691 3355 2928 3410 erexisse
2967 3356 3154 3410 scribit
3185 3355 3438 3414 Clemens
3485 3359 3610 3414 Ale-

2012 3442 2170 3497 xand.
2202 3444 2302 3498 sub
2331 3460 2528 3500 annum
2556 3461 2646 3500 xu.
2669 3446 2926 3502 Antonini
2957 3447 3056 3502 Pii.
3087 3448 3425 3521 Quid?quod
3458 3448 3610 3504 Cata-

2012 3537 2236 3608 phrygas
2265 3553 2480 3609 quoque
2501 3579 2518 3606 ,
2549 3541 2599 3594 in
2623 3557 2847 3611 quorum
2882 3543 3127 3599 lucresim
3151 3555 3334 3614 postea
3365 3546 3609 3603 incautus

2011 3631 2218 3697 incidit,
2265 3633 2528 3689 hwreticos
2585 3636 2899 3693 nominatim
2952 3641 3223 3710 appellet,
3283 3641 3336 3695 7.
3393 3658 3609 3713 quormu

2010 3727 2218 3796 quidam
2257 3728 2495 3781 dicuntur
2528 3736 2652 3784 κατὰ
2672 3741 2674 3743 ’
2693 3728 2937 3786 Proclum
2965 3732 3067 3806 (de
3097 3749 3202 3804 quo
3230 3733 3364 3789 infra
3389 3734 3546 3791 latius
3563 3735 3606 3808 ),

2010 3821 2102 3874 alii
2127 3823 2400 3876 secundum
2427 3821 2752 3891 rEschinem,
2783 3826 2976 3896 quibus
3006 3843 3112 3882 non
3144 3828 3303 3882 modo
3332 3828 3605 3894 hmresim,

2013 3912 2106 3968 sed
2137 3923 2182 3967 et
2203 3913 2568 3984 blasphemiam
2597 3917 2862 3987 impingit,
2891 3935 2992 3988 qua
3019 3921 3070 3972 in
3091 3919 3350 3989 Apostolis
3381 3921 3611 3974 dicebant

2014 4003 2267 4074 Spiritum
2303 4015 2532 4059 sanctum
2585 4007 2777 4076 fuisse;
2810 4005 3140 4064 Paracletum
3189 4028 3289 4066 non
3329 4015 3518 4082 fuisse,
3565 4021 3613 4066 et

2015 4092 2354 4149 Paracletum.
2375 4097 2555 4166 plura,
2581 4098 2792 4152 meliora
2842 4109 2990 4170 atque
3033 4102 3233 4173 majora
3260 4103 3312 4156 in
3361 4102 3610 4158 Montano

2017 4187 2238 4252 dixisse,
2282 4206 2434 4258 quant
2483 4190 2739 4246 Christum
2782 4195 2834 4246 in
2868 4191 3145 4265 Evangelia
3187 4198 3492 4266 protulisse,
3543 4198 3613 4254 de

2015 4279 2170 4349 cujus
2213 4283 2543 4350 temporibus
2589 4301 2712 4339 mox
2776 4285 2940 4342 latius
2989 4287 3042 4344 8.
3077 4287 3306 4344 Blastum
3345 4290 3611 4362 denique.

2017 4373 2084 4431 de
2126 4392 2232 4446 quo
2269 4392 2460 4448 snpra;
2494 4377 2812 4435 Theodotum
2850 4379 3158 4454 Byzantium
3197 4401 3258 4440 ac
3294 4383 3615 4441 Theodotum

2017 4467 2303 4525 Coriarium
2355 4469 2900 4528 Melchisedechiannm
2946 4475 3047 4531 sub
3086 4477 3144 4531 S.
3175 4474 3392 4532 Victore
3434 4477 3616 4532 Ponti-

2022 4561 2151 4628 ﬁco,
2184 4575 2235 4619 et
2275 4565 2576 4642 Commodo
2615 4566 2940 4638 Imperatore
2963 4610 2978 4633 ,
3027 4579 3082 4624 et
3126 4566 3384 4623 Praxeam
3413 4567 3482 4622 de
3509 4581 3616 4638 quo

2022 4666 2227 4725 po..tea,
2260 4672 2323 4712 ac
2358 4657 2633 4712 Victoriam
2680 4660 2770 4728 qui
2799 4658 2942 4714 illius
2982 4658 3210 4714 hmresin
3261 4657 3616 4713 corroborare

2019 4759 2245 4804 conatus
2273 4759 2375 4804 est.
2409 4751 2492 4804 Fit
2530 4749 2718 4804 eodem
2760 4751 2854 4806 lib.
2881 4751 3040 4807 etiam
3085 4749 3286 4805 mentio
3328 4764 3394 4804 ex
3423 4751 3614 4817 Apost.

2022 4839 2188 4898 Paulo
2233 4841 2458 4895 aliorum
2517 4841 2928 4905 Iucreticorum,
2967 4855 3160 4910 nempe
3203 4839 3256 4894 9.
3301 4839 3541 4917 Phygelli
3570 4850 3618 4898 et

2029 4932 2395 5004 Hermogenis,
2445 4933 2713 5006 Ilymenwi
2753 4944 2799 4988 et
2845 4933 3053 4989 Phileti.
3083 4931 3211 4990 Item
3254 4936 3338 4992 10.
3377 4935 3616 5008 Nigidii,

2023 5025 2188 5080 nescio
2217 5025 2401 5094 cujus,
2453 5035 2500 5078 et
2565 5022 2919 5096 Hermogenis.
2973 5024 3079 5081 Sed
3134 5025 3201 5082 de
3255 5025 3358 5083 hoc
3404 5042 3619 5099 quoque

2024 5117 2183 5187 paulo
2237 5125 2358 5187 post
2409 5117 2587 5171 latius.
2643 5116 2812 5174 Porro
2846 5117 2914 5173 ad
2955 5117 3147 5174 eodem
3194 5119 3618 5173 annoindictam

2025 5211 2457 5282 persecutionem
2489 5209 2914 5267 Christianorum
2944 5227 2974 5266 a
3001 5212 3202 5268 Severo
3245 5210 3379 5280 Imp.
3431 5208 3620 5265 alludit

2024 5305 2226 5360 Auctor
2277 5306 2330 5360 in
2384 5305 2500 5360 haec
2549 5306 2712 5361 verba
2761 5306 2829 5362 de
2871 5305 3283 5377 Amphitheatre
3327 5305 3554 5374 loquens
3601 5321 3618 5358 :

2025 5398 2117 5454 η.
2160 5399 2279 5454 Illic
2312 5401 2597 5468 quotidiani
2646 5400 2698 5454 in
2738 5417 2826 5456 nos
2857 5400 3025 5454 leones
3069 5397 3474 5467 expostulantur,
3504 5398 3623 5454 inde

2029 5494 2400 5562 persecutiones
2424 5495 2781 5559 decernuntur,
2817 5492 2935 5546 inde
2979 5491 3274 5545 tentationes
3301 5490 3616 5544 emittuntur.

2027 5583 2156 5641 Item
2198 5585 2325 5640 illud
2357 5604 2370 5641 :
2402 5584 2547 5639 Scire
2573 5587 2743 5641 volunt
2769 5586 2956 5639 scilicet
2991 5595 3186 5654 tempus
3225 5585 3621 5655 persecutionis,

2025 5688 2072 5734 et
2115 5680 2280 5733 locum
2331 5679 2632 5746 tribunalis,
2676 5688 2723 5733 et
2767 5695 3038 5750 personam
3091 5678 3341 5748 praesidis.
3399 5677 3623 5749 Aliaque

2026 5769 2304 5840 complura
2336 5771 2387 5825 in
2416 5771 2510 5826 lib.
2543 5787 2678 5842 quos
2728 5769 2863 5827 infra
2894 5772 3315 5828 recensebimus.
3357 5771 3454 5828 Ilic
3483 5769 3623 5827 dun-

2027 5869 2174 5919 taxat
2199 5860 2580 5935 probavimus,
2622 5863 2811 5922 nonin
2855 5879 3055 5924 annum
3085 5879 3177 5922 vn.
3212 5873 3304 5922 aut
3332 5879 3407 5921 si.
3437 5862 3532 5921 sed
3569 5863 3622 5920 in
