4238 6262
570 296 642 359 67
1924 282 2108 345 TER'I‘
2116 277 2385 345 ULIJANI
2421 278 2605 341 VITA.
3811 276 3889 338 68

571 413 724 481 hunc,
759 417 938 489 potius
989 429 1043 471 x.
1095 410 1307 484 imperii
1353 409 1541 469 Severi
1586 420 1791 466 annum
1826 404 2169 465 referendum
2205 405 2260 467 Α
2358 366 2621 461 Excursus
2673 404 2734 474 [it
2768 403 2824 462 in
2869 397 3684 475 Montanisnntm"quem'scriptis
3714 399 3887 473 primo.

572 508 732 566 dicta:
786 505 1173 578 persecutionis
1228 502 1460 559 initium.
1512 500 1784 572 Imprimis
1834 498 1897 555 Β.
1952 496 2173 554 IIieron.

572 600 691 657 Cat.
722 600 915 670 Script.
950 595 1156 654 Eccles.
1190 595 1241 649 in
1269 594 1501 667 Origene
1527 603 1582 649 et
1620 602 1741 664 post
1779 607 1902 648 eum
1931 588 2175 660 Sophro-

576 695 699 750 nius
723 708 785 748 ac
810 691 1144 761 Nieephorus
1175 687 1397 745 Graecus
1420 686 1662 744 scribunt
1685 729 1702 755 ,
1730 703 1786 742 x.
1835 683 2019 742 Severi
2050 681 2179 738 Per-

578 786 769 842 tinacis
798 799 940 839 anno
977 782 1237 841 adversus
1262 779 1603 836 Christianos
1630 778 2004 852 persecutione
2029 789 2185 830 coms

576 889 749 946 mota,
777 878 1069 937 Leonidem
1100 877 1267 949 ipsius
1291 876 1502 933 Patrem
1526 917 1542 942 ,
1568 872 1783 930 Christi
1810 869 2068 948 martyrio
2089 881 2182 924 co-

575 985 826 1030 ronatum
852 989 867 1039 ;
902 971 991 1029 ille
1020 986 1147 1027 vero
1168 968 1535 1040 iuter’primos
1566 977 1835 1039 martyras
1860 972 2183 1023 recensetur

577 1065 646 1123 ab
684 1063 922 1121 Eusebio
966 1062 1095 1120 hist.
1123 1063 1332 1123 Eccles.
1365 1062 1456 1118 lib.
1490 1062 1546 1118 5.
1578 1059 1669 1132 qui
1698 1058 2059 1124 Alexandrina,
2089 1054 2181 1111 ubi

579 1160 817 1215 maxime
840 1158 1143 1230 persecutio
1160 1155 1417 1219 abundat,
1444 1155 1586 1224 passi
1614 1161 1759 1209 sunt.
1787 1149 1990 1207 Deinde
2016 1146 2187 1205 Judas

580 1250 649 1307 ad
691 1250 833 1306 hunc
882 1266 1049 1322 usque
1092 1264 1292 1305 annum
1344 1245 1841 1319 Chronographiam
1894 1241 2178 1315 perduxit;

578 1347 722 1419 quod
753 1347 954 1405 instare
983 1353 1196 1415 putaret
1237 1343 1525 1399 adventum
1570 1339 1888 1417 Antichristi
1933 1336 2003 1393 ob
2044 1337 2183 1392 hanc

579 1439 1011 1511 persecutionem
1055 1437 1444 1509 gravissimam.
1475 1435 1714 1505 Denique
1754 1431 1970 1489 disertis
2000 1429 2189 1487 verbis

580 1530 900 1601 Spartianus
926 1524 1212 1602 signiﬁcat,
1257 1545 1363 1586 non
1406 1529 1508 1584 nisi
1536 1536 1658 1598 post
1681 1525 2030 1583 Consulatum
2059 1539 2189 1583 cum

582 1622 696 1679 ﬁlio
741 1624 795 1679 in
825 1624 979 1697 Syria
1022 1623 1208 1677 inittnn
1246 1621 1381 1694 (qui
1428 1621 1481 1676 in
1533 1621 1675 1675 hunc
1717 1633 1917 1677 annum
1960 1616 2183 1688 incidit)

584 1713 967 1771 Alexandriam
1007 1712 1329 1783 profectum,
1373 1711 1804 1785 peregrinatione
1833 1724 1894 1766 ea
1935 1717 2183 1778 suscepta

583 1817 803 1880 propter
848 1774 1160 1878 religionem
1198 1806 1289 1861 Dei
1318 1774 1603 1876 vserapivdis
1636 1821 1647 1858 :
1681 1805 1731 1857 in
1782 1818 1889 1871 quo
1942 1774 2186 1874 (inquit)
2213 1774 2261 1834 Β

598 1902 821 1965 itinere,
855 1898 1070 1953 Iudaeos
1114 1898 1232 1953 fieri
1272 1898 1372 1953 sub
1417 1897 1563 1970 gravi
1613 1910 1771 1967 paena
1797 1893 1995 1959 vetuit;
2043 1893 2185 1951 idem

586 1991 747 2054 etiam
779 1991 846 2046 de
874 1989 1195 2047 Christianis
1236 1994 1432 2046 sanxit.
1479 1989 1594 2057 Qua
1625 1987 1999 2058 persecutione
2042 1986 2188 2057 passi

586 2095 711 2141 sunt
742 2100 902 2156 quain
932 2083 1143 2154 plurimi
1195 2094 1462 2154 martyres
1510 2079 1847 2137 Alexandria:
1900 2078 2001 2134 sub
2040 2078 2188 2134 Lieto

594 2178 884 2250 prteleeto;
918 2191 981 2231 ac
1029 2176 1082 2231 in
1137 2174 1400 2247 IEgypto,
1456 2172 1621 2246 Libya
1668 2182 1723 2229 et
1770 2171 2045 2228 Thebaide
2087 2172 2188 2228 sub

587 2269 780 2340 Aquila
815 2280 1061 2343 tyranno,
1098 2268 1149 2322 in
1177 2265 1365 2323 Galliis
1394 2264 1627 2336 denique
1655 2263 1752 2319 SS.
1783 2261 2015 2320 Irenzeus
2036 2303 2051 2330 ,
2075 2266 2186 2319 An~

586 2360 808 2425 deuius,
834 2360 1124 2432 Benignus.
1160 2357 1562 2425 Andochianus,
1595 2366 1650 2413 et
1676 2349 1901 2430 Tyrsus.
1930 2356 2099 2423 Porro
2119 2355 2191 2414 ad

590 2454 734 2510 hunc
772 2469 971 2509 annum
1006 2451 1242 2509 referunt
1272 2450 1516 2523 plerique
1562 2450 1965 2523 inscriptionem
1998 2450 2142 2504 illam
2170 2467 2184 2504 :

591 2545 665 2601 Μ.
713 2543 1006 2601 AGRIPPA
1053 2543 1115 2599 Ι...
1145 2542 1209 2597 It‘.
1239 2541 1386 2599 COS.
1426 2540 1515 2596 III.
1559 2540 1793 2608 FECIT,
1840 2540 1977 2597 IMP.
2009 2541 2185 2598 CJES.

588 2637 661 2695 Μ.
693 2638 854 2695 AUR.
889 2636 1136 2693 ANTON.
1162 2636 1313 2692 COS.
1355 2634 1744 2691 PANTHEON.
1773 2632 2187 2691 VETUSTATE

580 2730 1012 2791 CORRUP'I‘UM
1028 2728 1170 2786 CUM
1194 2728 1357 2786 OMNI
1374 2727 1600 2786 CULTU
1625 2726 2188 2785 RESTITUERUNT.

490 2826 495 2835 ‘
596 2825 747 2894 Quod
797 2841 939 2881 nunc
988 2822 1365 2881 adducendum
1410 2821 1714 2895 putavimus
1760 2822 1830 2879 ad
1873 2821 2191 2880 memoriam

594 2915 876 2973 Ecclesia).

1125 3056 1284 3113 Anno
1303 3054 1513 3113 Domini
1539 3069 1680 3115 CCIV.

2281 495 2479 553 lacessit
2562 494 2999 555 Ten'rumsnus.
3029 527 3100 540 -—
3134 496 3228 554 22.
3279 494 3455 569 Pagus
3482 493 3700 566 quidam
3762 506 3884 551 esse

2278 590 2476 648 dicitur
2514 591 2567 647 in
2591 591 2759 665 Mysia
2781 591 3050 665 Phrygiae,
3068 607 3189 664 quae
3216 597 3553 662 nuncupatur
3585 585 3887 656 Ardabam,

2281 684 2369 741 ubi
2442 686 2618 744 lerunt
2704 688 2991 758 quemdam
3079 686 3385 749 Montanum
3452 686 3670 744 nomine
3739 683 3880 758 (Lib.

2283 780 2353 847 de,
2387 779 2613 839 Prascr.
2644 783 2764 843 adu.
2797 784 2926 843 liter.
2965 800 3017 839 c.
3080 782 3173 841 52.
3230 784 3360 841 har.
3406 783 3522 857 21),
3572 783 3662 856 qui
3713 796 3891 854 nuper

2283 873 2351 928 ad
2397 873 2558 930 tidem
2609 886 2851 941 venerat,
2917 876 3084 934 Grato
3136 885 3250 934 tum
3304 876 3634 934 Proconsule
3679 866 3821 931 Asiai
3865 914 3885 943 ,

2283 968 2514 1040 primum
2583 969 2872 1029 insatiabili
2952 970 3185 1044 quadam
3259 971 3424 1028 animi
3487 967 3779 1042 cupiditate
3830 967 3886 1024 in

2284 1061 2519 1133 primatu
2564 1063 2853 1121 ambiendo
2896 1064 3216 1130 incensum,
3258 1064 3418 1120 simul
3476 1074 3638 1137 atque
3680 1061 3887 1120 aditum

2284 1154 2500 1213 diabolo
2528 1155 2598 1213 ad
2638 1171 2699 1214 se
2746 1155 3095 1229 patefecerat,
3136 1157 3332 1228 spiritu
3372 1155 3607 1229 quodam
3650 1155 3887 1226 maligno

2284 1249 2567 1320 abreptum
2601 1289 2617 1315 ,
2658 1257 2713 1306 et
2752 1250 2821 1307 de
2869 1259 3091 1325 repente
3119 1251 3297 1309 lurore
3336 1259 3392 1306 et
3441 1249 3638 1307 mentis
3684 1249 3891 1307 insania

2284 1338 2632 1415 exagitatum,
2657 1340 2970 1413 peregrinas
3016 1340 3276 1413 quasdam
3322 1354 3485 1397 voces
3531 1338 3783 1407 fundere,
3833 1347 3891 1397 et

2287 1442 2474 1490 contra
2524 1448 2685 1505 quam
2733 1434 2991 1494 Ecclesiae
3038 1434 3374 1493 consuetudo
3398 1452 3467 1493 ex
3501 1435 3789 1492 traditione
3834 1444 3893 1501 et

2286 1526 2632 1585 successione
2660 1528 3046 1599 Apostolorum
3115 1529 3354 1586 derivata
3404 1527 3711 1601 postulabat
3757 1544 3885 1601 pro-

2261 1618 2511 1704 phetare
2544 1620 2794 1693 coepisse.
2829 1621 2972 1691 Quas
3001 1622 3101 1679 etsi
3128 1622 3461 1679 adulterinas
3487 1637 3647 1679 voces
3666 1621 3885 1695 quidam

2288 1721 2640 1789 agnoscentes
2664 1754 2680 1780 ,
2737 1728 2807 1769 ne
2843 1714 3095 1787 deinceps
3125 1714 3195 1770 ita
3221 1714 3467 1787 garriret,
3494 1716 3834 1784 increparent
3864 1755 3881 1782 ,

2289 1805 2429 1861 inter
2462 1821 2597 1877 quos
2640 1805 2887 1877 Episcopi
2916 1806 3132 1863 Zoticus
3158 1806 3409 1864 Cumana:
3438 1808 3552 1863 sive
3589 1806 3888 1875 Ostrenus,

2290 1906 2345 1954 et
2371 1896 2614 1956 Julianus
2645 1898 2920 1970 Apamea,
2966 1910 3023 1955 et
3049 1899 3307 1972 Martyres
3357 1915 3573 1972 quoque
3625 1899 3792 1971 Cajus
3833 1909 3891 1956 et

2290 1989 2597 2047 Alexander
2646 2006 2769 2048 cum
2820 1990 2912 2047 illo
2960 2004 3124 2049 sensu
3165 1991 3389 2063 ejusque
3437 1991 3641 2048 insanis
3677 1991 3895 2048 vatibus

2294 2080 2588 2137 Maximilla
2600 2092 2647 2139 et
2658 2081 3055 2154 Priscilla,quas
3070 2092 3227 2139 antea
3242 2083 3554 2141 meretrices
3567 2082 3760 2141 eodem
3781 2083 3892 2153 spi-

2291 2176 2395 2231 ritu
2415 2175 2627 2232 daemon
2668 2176 3002 2247 impleverat,
3027 2176 3095 2233 ad
3119 2185 3419 2233 extremum
3441 2191 3610 2248 usque
3637 2174 3884 2246 spiritum

2291 2268 2688 2324 communicare
2714 2278 3029 2324 recusarent
3057 2285 3070 2322 :
3096 2271 3247 2340 pauci
3280 2277 3457 2324 tamen
3493 2284 3560 2324 ex
3590 2268 3890 2340 Phrygibus

2292 2357 2371 2415 illi
2401 2368 2676 2431 coeperunt
2729 2358 3030 2427 adhaerere,
3086 2368 3141 2416 et
3163 2359 3504 2417 -Theodotus
3534 2359 3646 2427 ille,
3684 2358 3753 2415 de
3781 2372 3892 2427 quo

2292 2470 2474 2527 supra,
2524 2454 2639 2526 ejus
2690 2455 3074 2511 commentitia:
3106 2453 3410 2525 Prophetire
3439 2452 3592 2524 quasi
3636 2466 3899 2523 procura-

2294 2549 2492 2604 tionem
2541 2548 2795 2617 suscepit.
2827 2545 2927 2615 Qui
2975 2545 3099 2603 inde
3140 2545 3197 2605 in
3240 2544 3523 2612 Galatiam,
3558 2543 3789 2600 Pontum
3839 2551 3894 2601 et

2293 2639 2499 2704 Asiam,
2528 2639 2822 2710 progressi,
2868 2639 3031 2694 etiam
3061 2637 3426 2695 Alexandrum
3455 2636 3744 2708 quemdam
3790 2634 3899 2695 sibi

2293 2732 2655 2802 adjunxerunt
2700 2730 2954 2787 convivio
2983 2730 3322 2789 familiariter
3356 2746 3387 2786 a
3418 2730 3701 2787 Maximilla
3720 2727 3896 2801 excipi

2292 2823 2534 2893 solitum,
2562 2822 2891 2879 Alcibiadem
2934 2821 3218 2894 quemdam
3254 2832 3310 2879 et
3335 2820 3758 2887 Themisionem,
3800 2819 3895 2892 qui

2295 2917 2431 2973 falso
2456 2931 2515 2974 se
2554 2916 2894 2973 confessores
2937 2925 2993 2973 et
3025 2914 3291 2987 Martyras
3334 2914 3533 2970 Christi
3558 2913 3895 2983 jactitabant.

2172 3050 2177 3051 κ
2298 3008 2618 3080 ldque(vel
2663 3007 2725 3062 B.
2771 3007 2991 3062 llieron.
3030 3021 3154 3063 cum
3207 3004 3314 3061 illis
3351 3002 3745 3074 consentiente)
3795 3002 3901 3060 sub

2299 3100 2531 3173 Imperio
2573 3101 2643 3157 Μ.
2694 3084 2897 3163 Aurelii
2944 3098 3285 3170 Imperatoris
3337 3094 3489 3152 initio
3546 3095 3899 3153 Pontiﬁcatus

667 3191 695 3268 §
724 3190 839 3251 Xll‘.
875 3190 950 3250 De
972 3156 1238 3264 Baptismo
1269 3193 1508 3251 adversus
1540 3192 1865 3261 Quintillam.
1899 3219 1973 3235 -—
1997 3190 2093 3247 21.
2127 3191 2191 3247 Ρ.
2219 3162 2269 3231 C
2300 3156 2360 3251 S.
2381 3156 2701 3251 Eleutherii.
2733 3191 2866 3247 Nam
2901 3156 3133 3249 adit-unc
3152 3204 3218 3247 ex
3249 3188 3434 3247 Galliis
3463 3189 3671 3244 litteras
3702 3187 3900 3245 tulerat

590 3283 914 3342 SEPTIMIO
980 3285 1050 3341 Μ.
1126 3284 1187 3342 F.
1267 3285 1451 3343 GETA
1495 3328 1510 3353 ,
1587 3285 1675 3341 ET
1741 3284 1804 3343 L.
1877 3284 2197 3371 SEPTIMlO

592 3378 987 3435 PLAUTIANO
1006 3377 1074 3433 II.
1093 3378 1277 3437 COSS.
1294 3379 1349 3435 S.
1366 3377 1653 3454 Zephyrini
1676 3378 1949 3435 Pontiﬁcis
1966 3379 2199 3453 Romtuti

591 3485 736 3527 anno
767 3487 816 3524 v.
850 3471 1037 3527 Severi
1086 3472 1279 3542 lmper.
1323 3487 1403 3526 xt.
1451 3472 1552 3526 etsi
1582 3475 1953 3540 persecutione
1976 3472 2086 3541 jam
2117 3472 2195 3526 vi-
2226 3496 2234 3503 -

594 3573 791 3635 gente,
826 3579 932 3619 non
960 3574 1137 3619 tamen
1181 3564 1388 3619 destitit
1424 3563 1956 3624 TERTULLIANUS
1986 3580 2017 3620 a
2062 3566 2199 3622 scri-

595 3655 785 3712 bendis
826 3656 1084 3711 adversus
1153 3656 1409 3713 haereseis
1457 3658 1627 3715 libris.
1671 3657 1817 3714 Inter
1858 3675 1994 3731 quos
2019 3661 2196 3728 primo

536 3756 551 3761 '
595 3748 715 3805 loco
742 3747 1114 3803 collocandum
1136 3761 1419 3804 censemus
1440 3748 1529 3803 DE
1553 3748 1890 3806 BAPTISMO
1927 3750 2196 3807 ADVEIt-

597 3840 725 3898 SUS
761 3839 1207 3909 QUINTILLAM,
1237 3849 1423 3910 utpote
1472 3857 1631 3913 quem
1671 3843 1929 3913 scriptum
1984 3853 2199 3905 constat

595 3941 886 4005 antequam
937 3934 1119 4004 aliquo
1164 3932 1325 3988 modo
1354 3933 1420 3989 ad
1448 3933 1697 3990 hasresim
1727 3935 2197 4008 propenderectn-

598 4026 783 4097 pisset,
837 4041 901 4081 ex
943 4041 1009 4082 eo
1052 4024 1195 4098 quod
1252 4023 1500 4081 factionis
1546 4024 1707 4083 fuerit
1748 4027 2197 4093 Montanistarutn

602 4116 886 4184 Quintilio,
917 4132 948 4172 a
986 4134 1089 4189 qua
1153 4117 1325 4175 dictos
1367 4117 1747 4188 Quintillianos
1783 4136 1849 4177 ex
1894 4121 2196 4193 Epiphanio

597 4213 705 4268 illic
754 4212 1091 4269 deduximus.
1126 4213 1207 4269 An
1259 4212 1402 4270 aliud
1444 4212 1570 4285 quid
1621 4214 1862 4271 adversus
1888 4213 2195 4272 Montanum

597 4303 773 4376 ipsum
817 4306 1089 4377 scripserit
1134 4308 1355 4375 Auctor,
1387 4323 1494 4362 non
1543 4322 1697 4379 aeque
1738 4309 1951 4380 probari
1992 4319 2194 4382 potest,

596 4397 692 4453 sed
738 4398 1028 4457 verisimile
1067 4398 1154 4465 lit,
1188 4409 1299 4455 tum
1324 4415 1389 4455 ex
1422 4401 1562 4456 illius
1587 4401 1646 4456 Β.
1681 4401 1964 4474 AuguStini
2015 4402 2199 4459 verbis

597 4490 691 4547 lib.
721 4491 789 4547 de
818 4490 990 4548 haeres
1027 4510 1039 4547 :
1075 4511 1094 4547 ι
1121 4492 1200 4547 Ad
1228 4493 1591 4567 Cataphrygas
1625 4496 1852 4562 transiit,
1882 4511 2017 4568 quos
2050 4509 2199 4567 ante.

598 4586 896 4662 destruxit,
928 4607 948 4642 ι
982 4597 1090 4643 tum
1121 4586 1356 4644 maxime
1383 4605 1447 4644 ex
1482 4588 1703 4662 Niceph.
1748 4587 1843 4649 lib.
1872 4589 1929 4647 4.
1952 4607 2070 4662 cap.
2098 4592 2190 4649 3-5.

598 4679 690 4750 qui
722 4680 883 4735 tradit
921 4681 1209 4736 Auctorem
1252 4679 1319 4736 ad
1360 4689 1555 4734 statam
1602 4680 1941 4751 mediamque
1980 4691 2196 4739 aetatem

600 4774 653 4828 in
699 4772 942 4831 Ecclesia
983 4771 1256 4830 Catholica
1314 4774 1691 4849 Presbyterum
1734 4774 1888 4845 plura
1937 4776 2199 4836 adversus

602 4862 840 4919 Montani
877 4864 1068 4937 dogma
1095 4866 1502 4936 conscripsisse,
1533 4875 1717 4938 postea
1766 4882 1894 4923 vero
1942 4867 1996 4924 in
2053 4868 2195 4931 illius

600 4955 878 5026 delapsum
935 4971 1173 5013 errorem
1210 5000 1227 5026 ,
1279 4957 1462 5028 plures
1514 4972 1702 5015 rursus
1752 4958 1916 5015 libros
1962 4975 2059 5031 pro
2104 4961 2196 5017 illo

599 5049 988 5119 composuisse.
1018 5048 1117 5118 Qui
1154 5065 1315 5121 quum
1354 5049 1591 5117 Montani
1618 5050 1888 5109 haereseos
1917 5051 2196 5110 historiam

599 5144 693 5200 lib.
709 5144 950 5229 ejusdem
976 5160 1025 5201 c.
1055 5146 1144 5202 18.
1168 5144 1259 5204 20.
1288 5146 1379 5203 22.
1411 5147 1504 5203 25.
1536 5148 1628 5204 24.
1653 5151 1817 5208 8125.
1843 5152 1947 5208 late
1970 5142 2199 5219 tractet,

600 5249 665 5291 ex
696 5236 991 5307 Apollinari
1024 5236 1444 5311 Ilierapolitano,
1476 5240 1759 5311 Rhodone,
1790 5244 2050 5311 Miltiade,
2088 5245 2193 5301 Sen

600 5328 820 5397 rapione
864 5338 920 5385 et
970 5329 1277 5401 Apollonio,
1322 5332 1412 5403 qui
1462 5333 1717 5390 adversus
1769 5334 1919 5391 illum
1983 5336 2199 5408 scriptis

601 5419 713 5474 suis
742 5420 1094 5492 disputarem,
1126 5434 1344 5482 secutus
1370 5424 1565 5483 Euseb.
1590 5427 1683 5485 lib.
1708 5426 1766 5483 5.
1790 5443 1909 5500 cap.
1932 5428 1987 5484 5.
2010 5426 2067 5483 4.
2099 5428 2186 5487 14.

603 5510 815 5569 15.16.
852 5516 935 5570 17.
965 5527 1020 5572 et
1065 5517 1155 5572 18.
1205 5533 1301 5575 nos
1343 5520 1566 5592 (praeter
1604 5535 1669 5575 ea
1712 5536 1831 5590 quae
1875 5520 1941 5576 ad
2001 5520 2095 5577 lib.
2122 5520 2195 5578 de

599 5604 907 5679 Praescript.
940 5608 1145 5667 advers.
1182 5610 1368 5668 haeret.
1392 5612 1939 5686 annOtavimus)eam,
1970 5616 2043 5668 uti
2073 5628 2195 5683 pro-

599 5704 778 5760 missis
803 5704 1213 5776 satisfaciamus,
1245 5707 1297 5763 in
1324 5707 1701 5782 compendium
1724 5708 1814 5773 hic
1835 5709 2017 5789 redige
2029 5709 2192 5774 udam

597 5797 900 5869 putavimus
926 5796 1064 5871 (Lib.
1091 5798 1154 5859 de
1180 5797 1377 5875 Baptis.
1410 5817 1467 5859 η.
1497 5802 1604 5874 2.).

2301 3287 2359 3343 Β.
2394 3285 2651 3353 Ιτθηωυε,
2682 3300 2712 3340 a
2739 3283 3191 3355 Lugdunensibus
3237 3295 3358 3337 cum
3391 3280 3582 3336 litteris
3600 3278 3659 3336 S.
3690 3279 3897 3347 Attali,

2300 3381 2639 3449 aliorumque
2689 3376 2981 3448 Martyrum
3013 3385 3124 3430 tum
3154 3372 3328 3430 adhuc
3355 3386 3574 3430 carcere
3602 3370 3902 3427 concluso-

2298 3488 2417 3528 rum
2445 3513 2457 3538 ,
2488 3473 2540 3526 in
2568 3469 2749 3524 Asiam
2777 3476 2833 3525 et
2859 3468 3143 3541 Phrygiam
3171 3467 3387 3533 missus,
3414 3465 3489 3523 uti
3507 3463 3768 3536 judicium
3789 3462 3896 3519 Ec-

2300 3566 2478 3623 clesia:
2525 3562 2818 3621 Gallicana:
2869 3562 2938 3619 de
2989 3560 3489 3632 PseudOprophetia
3558 3558 3769 3615 illorum
3828 3571 3897 3614 eo

2300 3661 2579 3732 perferret.
2615 3656 2762 3714 Idem
2791 3658 2976 3723 etiam,
3018 3669 3137 3711 mea
3160 3654 3376 3726 quidem
3400 3649 3896 3721 sententia,Roma-

2299 3771 2397 3811 nus
2434 3753 2723 3825 Episcopus
2772 3752 2969 3807 litteras
3010 3751 3169 3822 pacis,
3202 3748 3637 3820 pmch
3687 3759 3909 3801 meum

2300 3848 2604 3904 auctoritate
2656 3849 2830 3915 nixus,
2888 3845 2992 3901 illis
3047 3843 3296 3900 recusauit
3354 3840 3528 3914 (Tom.
3578 3839 3635 3896 ’5.
3693 3837 3782 3894 lib.
3828 3837 3899 3892 ad

2308 3941 2585 4000 Praxeam.
2607 3937 2777 4009 ε.1.).
2812 3939 2892 3993 An
2919 3936 2987 3993 ad
3012 3936 3113 3992 hoc
3140 3944 3457 4004 cooperatus
3477 3931 3637 3987 fuerit
3666 3930 3897 3987 Praxeas

2300 4045 2425 4090 tunc
2478 4033 2654 4089 adhuc
2697 4030 3030 4097 Catbolicus,
3062 4042 3232 4100 penes
3260 4036 3534 4082 auctorem
3583 4024 3719 4080 ﬁdes
3755 4033 3896 4079 esto.

2298 4126 2459 4184 Certe
2480 4142 2584 4182 non
2612 4125 2783 4181 solum
2814 4123 3001 4179 Roma:
3028 4131 3083 4179 et
3125 4122 3178 4176 in
3233 4119 3419 4176 Galliis
3457 4117 3707 4189 Episcopi
3736 4157 3752 4184 ,
3799 4113 3898 4171 sed

2299 4224 2459 4278 etiam
2495 4219 2588 4292 qui
2632 4206 2815 4275 Asiam
2872 4216 3181 4273 incolebant
3231 4227 3606 4286 saepenumero
3652 4221 3707 4268 et
3759 4208 3897 4266 mul-

2298 4314 2368 4369 tis
2410 4313 2462 4368 in
2516 4312 2650 4368 locis
2713 4311 2768 4367 in
2838 4324 3001 4367 unum
3053 4308 3473 4375 convenientes,
3553 4302 3898 4374 Prophetiam

2298 4404 2511 4464 illorum
2552 4403 2738 4461 falsam
2793 4402 3162 4473 explorarunt,
3214 4399 3586 4457 detestabilem
3643 4393 3903 4453 ostendes

2298 4507 2463 4565 runt,
2527 4504 2581 4552 et
2635 4494 2985 4553 Montanistas
3044 4489 3426 4549 communione
3477 4490 3775 4559 privarunt.
3828 4483 3900 4542 Et

2299 4603 2426 4645 vero
2453 4587 2732 4645 Montanus
2778 4590 3084 4655 insanteque
3133 4583 3250 4655 ejus
3285 4580 3631 4654 prophetides
3658 4578 3713 4640 in
3743 4576 3900 4635 Iuda

2300 4692 2532 4738 mortem
2587 4678 2877 4750 suspendio
2930 4676 3289 4743 interierunt,
3336 4689 3445 4730 non
3492 4671 3787 4743 Martyrio;
3841 4677 3902 4727 et

2298 4773 2603 4833 Alexander
2628 4772 2715 4827 ille
2745 4770 2942 4841 Ephesi
2964 4769 3031 4829 ab
3051 4768 3272 4825 Emilio
3293 4765 3554 4824 Frontino
3570 4764 3903 4831 Proconsule

2296 4880 2516 4943 propter
2570 4867 2847 4924 latrocinia
2906 4865 2961 4925 in
3011 4865 3215 4938 judicio
3262 4863 3671 4929 condemnatus,
3728 4873 3901 4931 quum

2298 4965 2431 5022 falso
2457 4979 2517 5020 se
2547 4961 2831 5033 Martyrem
2875 4959 3285 5032 praetexuisset,
3316 4970 3385 5012 ne
3424 4970 3455 5011 a
3492 4955 3606 5011 suis
3631 4950 3849 5026 quidem
3872 4988 3895 5019 ,

2299 5056 2388 5128 qui
2421 5057 2575 5121 latro,
2605 5062 2857 5124 receptus
2894 5063 2997 5111 est.
3038 5052 3279 5123 Denique
3314 5048 3626 5105 Theodotus
3647 5046 3739 5103 ille
3761 5045 3896 5102 sub-

2298 5148 2440 5205 limis
2462 5146 2514 5202 in
2532 5146 2727 5204 coelum
2753 5160 2783 5200 a
2808 5146 3056 5201 daemone
3080 5128 3525 5207 elatus,Sitnonis'
3544 5133 3681 5210 Magi
3702 5137 3899 5205 instar,

2302 5243 2370 5299 de
2397 5250 2617 5311 repente
2645 5253 2885 5311 praeceps
2909 5236 3183 5308 delapsus,
3212 5233 3281 5289 ita
3310 5233 3511 5290 misere
3540 5231 3706 5287 vitam
3736 5228 3895 5286 liniit.

2301 5335 2461 5409 Atqui
2495 5333 2563 5390 de
2601 5332 2873 5391 erroribus
2920 5328 3174 5396 Montani,
3211 5327 3261 5383 in
3292 5342 3427 5398 quos
3475 5333 3663 5397 postea
3692 5326 3903 5379 Auctor.

2301 5430 2529 5496 incidit,
2561 5429 2697 5486 inter
2728 5425 3000 5500 paradoxa
3036 5424 3153 5496 ejus
3192 5421 3370 5477 latius.
3409 5419 3579 5476 Porro
3616 5417 3719 5473 hoc
3748 5428 3897 5471 anno

2300 5532 2424 5580 ante
2448 5520 2715 5578 Kalendas
2735 5518 2940 5583 Junias,
2980 5516 3047 5573 ad
3084 5530 3217 5588 quas
3264 5512 3555 5584 incipiebat
3612 5524 3785 5564 annus
3814 5522 3897 5564 ιι.

2298 5615 2483 5673 Severi
2506 5628 2700 5671 censeo
2728 5595 2987 5667 accidisse
3009 5608 3151 5681 quod
3181 5606 3365 5664 scribit
3390 5607 3597 5660 Auctor
3638 5619 3652 5657 :
3683 5600 3895 5673 Agonas

2294 5708 2419 5766 istos
2445 5749 2462 5776 ,
2510 5705 2821 5779 contentiosa
2859 5701 3107 5759 solemnia
3130 5710 3179 5758 et
3220 5698 3577 5770 superstitiosa
3606 5695 3895 5751 certamina

2295 5798 2595 5868 Grecorum
2630 5806 2680 5864 at
2719 5795 3025 5872 religionum
3055 5802 3106 5860 st
3148 5792 3465 5867 voluptatum
3485 5798 3693 5867 quanto
3719 5786 3893 5866 σηπία
