4242 6266
296 270 368 341 69

297 474 661 556 Carthagine»:
685 485 901 555 singulas
920 484 1141 541 civitates
1163 483 1475 558 gratulando
1494 482 1777 554 inquietant
1802 482 1901 538 do-

300 572 477 630 natam
506 574 723 648 Pgthico
752 592 915 648 agone
955 587 1070 648 post
1099 576 1256 631 stadii
1278 584 1580 631 senectutem
1604 572 1767 647 (Ibid.
1806 573 1896 629 lib.

298 659 369 722 ad
395 667 572 722 Gnost.
598 685 645 722 c.
669 666 777 741 6.).
802 668 934 724 Nam
962 684 1028 725 eo
1045 670 1315 740 pertinere
1338 668 1548 724 videtur
1573 667 1661 721 illa
1690 663 1898 727 nummi

298 768 455 815 vetus
494 760 771 831 inscriptio
796 776 816 816 :
846 760 1096 818 SEVER.
1130 760 1284 819 PIUS
1317 760 1479 818 AUG.
1505 758 1705 815 PONT.
1724 757 1898 815 MAX.

300 844 486 907 TRlll.
518 851 668 910 POT.
705 851 773 907 Χ.
798 854 913 910 sive
942 871 955 908 :
981 851 1235 908 ANTON.
1278 852 1456 922 PIUS,
1494 868 1598 908 una
1629 869 1694 908 ex
1726 863 1896 922 parte,

300 953 359 999 et
382 960 447 999 ex
478 944 641 1001 altera
670 962 683 998 :
710 943 1169 1002 INDULGENTIA
1196 944 1358 1003 AUG.
1377 946 1477 1002 SC.
1501 945 1567 1001 IN
1585 945 1899 1002 CARTIIA-

299 1034 500 1103 GINE;
536 1038 660 1093 item
714 1049 769 1093 et
819 1038 1009 1095 Grtcca
1065 1039 1156 1093 illa
1201 1057 1213 1094 :
1259 1045 1359 1094 ΔΥ.
1414 1045 1526 1094 ιω
1572 1045 1898 1102 zeompos

295 1139 491 1187 IIEP'I‘.
521 1139 774 1187 ΚΛΡΤΔΙ*
797 1141 1284 1201 ΜΗΤΡΟΠΟΛῙΟΣ;
1308 1142 1488 1204 utpote
1513 1148 1614 1204 qua
1638 1133 1901 1205 signitice-

299 1231 389 1278 tur
415 1225 686 1281 institutos
714 1224 870 1283 ludos
897 1225 1022 1281 illos
1046 1223 1372 1298 Carthagine
1398 1240 1428 1285 a
1452 1225 1657 1283 Severo
1681 1232 1737 1282 et
1779 1224 1893 1282 Au-

296 1317 488 1374 touino
514 1316 685 1391 lmpp.

839 1457 998 1514 Auno
1029 1454 1239 1512 Domini
1265 1469 1381 1513 ccv.

288 1588 296 1593 “
376 1583 406 1658 ς
487 1584 626 1643 XIII.
708 1585 785 1642 De
840 1586 1137 1658 quibusdam
1214 1585 1448 1642 sublest
1521 1585 1643 1657 ﬁdei
1713 1584 1855 1642 libris
1878 1628 1893 1655 ,

286 1679 366 1735 de
394 1679 748 1750 Spectaculis,
781 1680 843 1735 de
886 1679 1209 1748 Idololatria,
1249 1679 1312 1735 de
1344 1679 1538 1735 Habitu
1573 1681 1804 1743 muliebri
1847 1689 1896 1735 et

372 330 375 331 ν
1457 264 1465 273 ’
1619 259 2082 333 TERTULIJANI
2121 264 2303 335 VITA.

293 366 432 448 istud
481 391 724 449 steculum
757 392 997 459 celebret,
1045 393 1197 449 etiam
1255 391 1442 463 Africa:
1481 391 1646 463 liquit.
1706 390 1889 445 Adhuc
1914 389 2116 457 Alibri
2150 391 2243 448 AD
2267 389 2577 453 UXOREM
2610 393 2740 452 duo.
2795 392 2929 450 Nam
2974 406 3139 467 quum
3202 393 3367 466 priori
3419 406 3448 447 a
3494 407 3606 465 nu-_

3528 274 3611 347 70,

1999 480 2128 553 ptiis
2157 484 2407 539 secundis
2436 492 2639 540 tantum
2658 478 2991 553 dehortetur,
3020 494 3073 543 et
3100 485 3383 558 posmriori
3403 483 3597 539 saltem

2000 574 2214 646 nuptias
2239 590 2361 631 cum
2388 576 2692 635 Gentilibus
2724 578 3007 635 interdicat
3032 619 3048 643 ,
3078 588 3300 650 apparet
3337 592 3432 635 eos
3469 592 3600 634 con-

2000 668 2232 739 scriptos
2258 680 2382 725 ante
2409 669 2638 726 lucresiu
2668 670 2940 739 Auctoris,
2975 669 3220 729 fortassis
3250 668 3467 736 Romae,
3491 682 3599 740 quo

2000 753 2313 827 frequenter
2358 759 2664 816 discurrere
2708 760 2848 816 solet
2880 764 3072 819 saltem
3099 760 3166 816 ad
3197 761 3474 817 absentem
3499 799 3515 825 ,
3545 765 3602 815 et

2000 860 2256 920 quantum
2288 861 2514 925 apparet
2540 869 2570 908 a
2604 853 3009 921 valetudinario,
3033 855 3228 927 quippe
3249 855 3337 926 qui
3366 853 3600 924 priorem

2000 941 2420 1000 admonitionem
2465 954 2715 1018 tanquam
2755 945 2868 1017 jam
2920 947 3215 1005 moriturus
3253 944 3504 1021 Legatum
3539 961 3600 1001 ac

2000 1032 2152 1093 Fidei
2170 1038 2492 1095 commissum
2518 1048 2809 1112 nuncupat.

2515 1173 2668 1233 Amo
2708 1175 2903 1233 Dorum
2937 1189 3077 1233 ccvs.

2070 1306 2163 1365 24.
2220 1308 2357 1366 IMP.
2389 1309 2562 1369 CASS.
2588 1313 2657 1368 Μ.
2684 1311 2846 1371 AUR.
2881 1313 3209 1371 BASSIANO
3246 1313 3397 1371 SEV.
3432 1304 3612 1372 ΑΒΕ(

1998 1402 2062 1459 F.
2109 1404 2456 1461 ANTONINO
2502 1406 2671 1464 AUG.
2708 1406 2771 1463 ΙΙ.
2809 1407 2897 1464 ΕΤ
2925 1408 2985 1463 Ρ.
3018 1408 3213 1465 SEPT;
3237 1407 3387 1464 SEV.
3432 1409 3613 1487 AUG.’

1999 1494 2062 1550 ιτ.
2093 1494 2274 1552 GETA
2316 1491 2501 1554 COSS.
2526 1500 2584 1555 S.
2615 1498 2901 1572 Zephyrini
2932 1499 3158 1555 Romani
3185 1500 3463 1557 Pontilicis
3499 1500 3613 1561 vus

1998 1584 2183 1643 Severi
2203 1588 2276 1643 Im
2287 1604 2692 1662 pcr.xut.quuut
2712 1590 2947 1647 hau-eses
2972 1591 3132 1647 varia:
3152 1602 3525 1664 grassarentur
3543 1593 3599 1649 in

1998 1678 2180 1735 Africa
2202 1681 2268 1736 ad
2298 1682 2643 1740 scribendum
2669 1683 2926 1742 adversus
2954 1699 3050 1741 eos
3079 1686 3224 1742 serio
3258 1700 3318 1742 se
3346 1687 3593 1742 contulit.

287 1772 367 1826 de
409 1773 550 1825 cultu
592 1772 899 1843 [carinarum
927 1815 942 1838 ,
988 1771 1185 1833 duobus
1230 1772 1298 1825 ad
1329 1771 1550 1827 Uxorem
1578 1814 1594 1841 ,
1652 1772 1895 1829 adversus
1923 1766 1973 1828 Β
1998 1770 2143 1826 Inter
2168 1787 2303 1842 quos
2334 1774 2537 1843 primus
2558 1775 2795 1830 occurrit
2820 1775 2956 1831 liber
2981 1775 3344 1833 ADVERSUS
3380 1775 3594 1833 APEL-

287 1865 645 1933 Apelletiauos
669 1907 684 1928 ,
737 1865 977 1921 adversus
1035 1864 1408 1941 Hermogenem
1435 1909 1451 1934 ,
1543 1865 1606 1921 de
1661 1864 1896 1922 Materia

288 1958 410 2014 Deo
457 1969 732 2025 cowterna,
760 1959 823 2013 de
858 1958 1023 2014 Censu
1048 1960 1234 2014 anima:
1259 1976 1322 2015 ea:
1345 1960 1519 2014 eadem
1541 1960 1773 2027 materia,
1797 1960 1893 2014 ad-

288 2068 468 2106 versus
518 2050 919 2119 Valentinianos,
950 2053 1015 2111 de
1041 2054 1249 2119 Anima,
1286 2054 1350 2108 de
1377 2053 1485 2125 Spe
1524 2054 1779 2120 ﬁdelium.
1825 2084 1896 2095 —

288 2143 391 2200 25.
418 2144 480 2200 1..
508 2142 713 2200 FABIO
748 2147 814 2202 Μ.
844 2145 904 2199 F.
928 2144 1348 2203 SEPTIMIANO
1372 2145 1436 2201 ll.
1464 2146 1552 2203 ET
1581 2147 1650 2202 Μ.
1680 2146 1898 2204 ANNIO

289 2237 370 2294 Μ.
388 2238 450 2293 F.
466 2238 707 2294 LIBONE
726 2239 914 2296 COSS.
932 2240 991 2297 S.
1019 2239 1308 2314 Zephyrini
1331 2242 1490 2313 Papae
1512 2243 1735 2299 Romani
1754 2259 1897 2301 anno

292 2345 375 2385 τι.
406 2329 587 2386 Severi
613 2330 805 2403 Imper.
829 2391 832 2394 ,
860 2348 958 2388 xu.
997 2333 1189 2402 partim
1221 2335 1504 2391 occasione
1525 2336 1650 2392 dicti
1685 2336 1897 2423 Pythici

263 2416 508 2493 'agonis,
539 2423 872 2494 aliorumque
894 2426 1246 2481 certaminum
1281 2424 1603 2498 Carthagine
1624 2416 1896 2485 exhibito-

292 2529 441 2578 rutn,
484 2515 677 2583 partim
716 2515 859 2586 quod
894 2516 1006 2587 jam
1044 2515 1231 2572 indicti
1280 2529 1462 2574 essent
1519 2519 1653 2575 Ludi
1722 2521 1895 2578 Secu-

294 2605 439 2660 lares
465 2604 675 2673 Romzc,
704 2607 770 2662 ad
815 2622 951 2678 quos
980 2623 1073 2679 per
1109 2623 1389 2680 prmcones
1433 2625 1732 2669 convocare
1754 2615 1897 2672 sole-

292 2697 430 2754 bant
472 2715 687 2767 omnes,
733 2708 918 2771 utpote
945 2703 1033 2771 qui
1066 2717 1166 2758 nec
1209 2704 1431 2773 speetati
1482 2702 1894 2776 nec'spcctaudi

295 2793 494 2849 iterum
534 2792 736 2861 forent,
767 2804 823 2850 ut
869 2794 1205 2851 Christianos
1244 2796 1314 2851 ab
1342 2812 1404 2852 ea
1433 2797 1761 2868 profectione
1802 2799 1899 2856 de-

296 2894 567 2951 terreret,
596 2887 812 2957 scripsit
835 2886 1181 2943 TERTULL.
1214 2897 1267 2944 et
1296 2887 1485 2945 Graece
1512 2900 1565 2946 et
1597 2890 1783 2947 Latine
1811 2892 1895 2947 in-

297 2980 507 3052 signem
561 2980 713 3036 illum
757 2980 949 3036 librum
991 2981 1079 3036 DE
1119 2979 1588 3041 SPECTACULIS
1626 2983 1647 3058 (
1680 2984 1794 3041 Lib.
1834 2986 1899 3044 de

299 3070 479 3144 Spect.
527 3089 583 3127 ιι.
616 3073 642 3129 1
686 3082 735 3128 et
771 3072 1075 3146 deinceps.),
1107 3090 1215 3146 quo
1238 3076 1600 3145 pulcherrime
1637 3077 1894 3145 deducit,

1941 1895 1957 1909 .
2000 1865 2357 1932 LETIANOS,
2404 1867 2504 1924 etsi
2554 1868 2713 1925 hodie
2785 1868 3143 1936 desideratus,
3202 1868 3253 1923 id
3294 1878 3396 1937 est,
3442 1845 3611 1940 spat!

2001 1958 2064 2014 lis
2093 1960 2332 2032 discipuli
2364 1959 2647 2017 Marcionis
2675 1972 2965 2029 sectatores,
3019 1961 3087 2018 de
3127 1962 3326 2033 quibus
3355 1964 3595 2018 Auctor:

1997 2050 2219 2120 Adhuc,
2253 2052 2460 2124 inquit,
2503 2054 2554 2109 in
2594 2055 2764 2109 seculo
2809 2062 3102 2125 supersunt,
3146 2056 3230 2126 qui
3280 2056 3600 2112 meminerint

1998 2161 2195 2209 eorum,
2243 2146 2397 2201 etiam
2434 2147 2634 2218 proprii
2663 2147 2909 2203 discentes
2934 2156 2981 2203 et
3006 2163 3316 2205 successores
3344 2148 3596 2218 ipsorum;

1999 2258 2062 2297 ne
2089 2243 2391 2313 posteriores
2414 2258 2597 2315 negare
2622 2243 2836 2312 possint.
2863 2241 3067 2297 Eodem
3089 2256 3234 2298 anno
3262 2242 3615 2316 conscriptos.

2000 2340 2248 2403 putamus
2290 2332 2458 2387 libros
2504 2329 2873 2388 ADVERSUS
2920 2331 3395 2389 IIERMOGENEM
3438 2332 3597 2401 duos,

2002 2423 2093 2479 DE
2124 2422 2436 2479 MATERIA
2465 2423 2601 2479 Ι)Εο
2629 2421 3020 2480 COASTERNA
3044 2441 3229 2490 unum,
3257 2424 3344 2479 DE
3373 2423 3594 2482 CENSU

2001 2516 2236 2572 ANIM/E
2276 2515 2369 2571 EX
2412 2515 2647 2571 EADEM
2697 2514 3012 2571 MATERIA
3063 2516 3311 2572 alterum.
3350 2516 3450 2584 Qui
3492 2504 3613 2588 quoi

2003 2616 2244 2679 tempore
2278 2607 2635 2664 disseminare
2682 2620 2808 2662 suas
2871 2607 3126 2687 ltmrcseis
3186 2608 3447 2678 carpet-it,
3492 2622 3615 2687 non.

2002 2701 2072 2758 ita
2102 2710 2352 2768 constat;
2380 2711 2619 2757 attamen
2649 2716 2716 2757 ex
2755 2712 2906 2773 parte
2943 2702 2995 2757 id
3040 2686 3343 2773 signiﬁcare
3390 2701 3600 2759 videtur

2001 2794 2063 2851 Β.
2096 2794 2313 2852 Hieron.
2345 2792 2518 2851 Catal.
2552 2794 2751 2866 Script.
2784 2793 2992 2852 Eccies.
3024 2794 3152 2850 dum
3180 2803 3366 2851 contra
3413 2791 3617 2873 litaret

2001 2889 2080 2944 sin
2113 2888 2449 2961 Hermogenis
2472 2890 2702 2960 primum
2733 2889 3016 2960 scripsisse
3044 2888 3203 2944 tradit
3234 2887 3595 2959 Theophilum

2002 2981 2418 3040 Autiochenutn.
2445 2982 2570 3052 Qui,
2610 2981 2710 3039 etsi
2756 2983 2855 3038 sub
2897 2981 3092 3053 Imper.
3130 2982 3273 3040 Vero
3318 2980 3599 3050 ﬂoruerit,

2003 3073 2177 3130 eidem
2209 3082 2385 3130 tamen
2430 3074 2813 3145 supervixisse,
2844 3089 2910 3130 ex
2936 3074 3053 3145 ejus
3079 3074 3172 3128 lib.
3197 3074 3253 3140 5,
3283 3073 3351 3129 ad
3372 3072 3602 3143 Autoly.

305 3164 563 3236 quidquid
604 3164 673 3221 ad
722 3164 781 3219 4.
829 3165 1266 3235 Spectaculorum
1319 3183 1516 3239 genera
1548 3170 1797 3241 pertinet,
1831 3171 1899 3227 ab
1924 3160 1979 3233 Ο,
2002 3180 2123 3220 cum
2164 3162 2566 3235 comprobatur,
2610 3164 2698 3218 ubi
2739 3178 2908 3219 annos
2941 3172 2997 3221 et
3029 3162 3235 3230 mundi,
3277 3172 3331 3217 et
3375 3154 3622 3218 Romani

300 3256 609 3313 Idololatria
637 3272 789 3313 suam
819 3256 1021 3314 habere
1063 3260 1343 3331 originem,
1374 3275 1533 3332 atque
1573 3261 1709 3317 adeo
1746 3260 1904 3318 Chri-

303 3349 498 3425 etiauis
545 3349 845 3405 interdicta.
889 3349 1048 3405 Certe
1078 3350 1182 3407 hoc
1210 3366 1353 3407 anno
1378 3362 1688 3407 octavorum
1717 3352 1899 3408 Ludo-

305 3454 431 3494 rum
466 3439 785 3495 secularium
832 3455 862 3494 a
905 3440 1107 3498 Seuero
1148 3442 1544 3499 celebratorum
1586 3458 1693 3498 non
1738 3444 1902 3500 modo

305 3533 675 3589 meminerunt
731 3534 1055 3593 Censorinus
1102 3537 1197 3592 lib.
1232 3536 1299 3593 de
1328 3539 1422 3592 Die
1467 3537 1650 3604 natali,
1684 3547 1740 3594 et
1764 3539 1898 3595 Dion

304 3638 364 3684 et
392 3627 745 3693 Herodianus,
775 3645 998 3700 quorum
1024 3628 1112 3686 hic
1139 3645 1235 3685 eos
1260 3630 1459 3688 vidisse
1482 3647 1541 3687 se
1570 3631 1774 3699 scribit,
1804 3629 1904 3689 sed

308 3721 494 3785 etiam,
526 3721 752 3777 testibus
774 3721 947 3778 Fastis
983 3724 1370 3781 Consularibus
1409 3743 1421 3779 :
1465 3724 1627 3782 LUDI
1664 3724 1901 3782 SAECU-

304 3812 536 3871 LARES
565 3813 817 3871 OCTAVI
864 3816 981 3872 EX.
1017 3818 1118 3873 SC.
1154 3816 1376 3882 FACTI,
1403 3826 1457 3874 et
1488 3818 1755 3874 invenitur
1787 3818 1902 3875 hanc

304 3909 510 3965 nummi
532 3909 849 3981 inscriptio:
879 3909 949 3966 Μ.
977 3910 1139 3967 AUR.
1165 3910 1549 3968 ANTONINUS
1565 3910 1716 3968 PIUS
1738 3910 1900 3968 AUG.

304 3999 723 4058 SECULARIA
765 4001 990 4059 SACRA
1039 4003 1139 4060 SC.
1173 4004 1493 4060 Existimant
1517 4005 1678 4060 etiam
1704 4006 1904 4060 Arcum

303 4092 493 4152 Severi
524 4095 925 4166 triumphalem.
958 4096 1048 4167 qui
1077 4098 1368 4154 etiamnum
1422 4106 1589 4164 extat,
1637 4112 1700 4154 ea
1747 4113 1904 4155 occa-

305 4188 463 4243 sione
513 4188 616 4244 hoc
654 4204 798 4243 anno
842 4197 1117 4258 erectum,
1169 4190 1465 4247 Politianus
1490 4201 1543 4248 et
1568 4190 1903 4263 Ouuphrius,

304 4278 463 4351 cujus
508 4281 911 4353 inscriptionem
964 4281 1129 4340 habes
1178 4298 1359 4354 supra,
1405 4299 1634 4356 quorum
1682 4297 1907 4356 uterque

307 4370 569 4430 latissime
593 4384 647 4429 et
665 4375 929 4446 originem
955 4384 1010 4430 et
1031 4391 1221 4432 omnes
1247 4378 1382 4433 ritus
1410 4376 1758 4433 Smcnlarium
1791 4376 1902 4433 Lu-

305 4462 503 4521 dorum
541 4469 908 4539 prosequitur.
934 4465 1005 4523 Et
1029 4485 1159 4525 vero
1182 4480 1287 4525 tam
1310 4469 1415 4527 late
1436 4470 1503 4527 de
1524 4472 1773 4528 omnibus
1798 4472 1903 4530 Lua

307 4554 504 4612 dorum
542 4531 875 4628 Spectaculis
923 4560 975 4615 in
1026 4560 1135 4616 illis
1179 4560 1420 4618 exhiberi
1475 4563 1651 4620 solitis
1701 4531 1984 4620 AuctorD

308 4658 527 4715 tractat,
554 4660 614 4707 ut
649 4652 758 4707 alio
794 4652 1194 4710 Commentario
1219 4655 1433 4712 Lectori
1467 4657 1683 4715 curioso
1707 4672 1811 4715 non
1838 4657 1910 4714 sit

306 4754 487 4810 Opus,
522 4744 757 4801 maxime
786 4745 842 4800 si
868 4746 1115 4802 consulat
1152 4757 1207 4803 et
1249 4750 1638 4807 Annotationes
1668 4760 1905 4809 nostras.

306 4838 514 4895 Eodem
562 4857 699 4910 pene
754 4852 996 4915 tempore
1050 4844 1412 4917 conscriptum
1453 4854 1663 4901 constat
1711 4846 1909 4902 librum

307 4931 404 4988 DE
428 4931 889 4992 lDOLOLA‘I‘RIA
912 4978 929 5007 ,
959 4947 1144 5008 utpote
1194 4939 1245 4993 in
1282 4955 1389 5009 quo
1418 4948 1471 4995 et
1503 4939 1657 5011 hujus
1697 4940 1817 4995 libri
1848 4956 1908 4996 ac

307 5031 673 5102 persecutionis
700 5032 1003 5088 memincrit
1029 5031 1170 5103 (Lib.
1192 5032 1248 5088 2.
1281 5034 1343 5088 de
1368 5032 1508 5088 ldol.
1535 5049 1581 5089 c.
1602 5034 1691 5089 15.
1709 5050 1762 5088 n.
1780 5032 1911 5095 I64.

309 5123 402 5179 lib.
433 5125 487 5181 1.
517 5126 586 5179 ad
610 5124 775 5181 Uxor.
808 5142 855 5181 c.
884 5126 937 5180 7.
970 5144 1025 5183 η.
1057 5128 1143 5183 44.
1176 5127 1213 5182 l.
1256 5125 1311 5180 2.
1342 5127 1413 5180 ad
1451 5124 1615 5182 Uxor.
1645 5142 1691 5179 c.
1725 5124 1825 5198 1.),
1857 5133 1912 5183 ct

310 5215 581 5272 Sotemnia
620 5218 878 5275 Ca’s'rrum
905 5218 972 5274 ad
1000 5218 1363 5275 Itlololatriam
1391 5218 1662 5290 pertinere
1690 5216 1903 5286 astruit,

308 5308 473 5363 sicuti
517 5309 675 5364 etiam
724 5310 888 5365 multa
922 5312 1043 5377 alia,
1076 5310 1131 5365 in
1171 5311 1364 5382 quibus
1415 5310 1620 5367 directe
1666 5310 1908 5367 consistit

310 5398 582 5456 [dolorum
623 5403 817 5458 cultus.
851 5402 911 5459 In
942 5404 1189 5460 eumdem
1235 5420 1449 5475 quoque
1478 5419 1678 5459 annum
1722 5403 1909 5459 referi-

310 5508 435 5548 mus
474 5486 765 5559 Iibros,DE
814 5494 1070 5553 HABITU
1105 5495 1433 5554 MULIEBRI
1465 5505 1520 5552 et
1548 5496 1633 5551 DE
1670 5494 1908 5554 CULTU

312 5584 749 5655 FESIINARUM,
800 5603 1028 5659 quorum
1060 5588 1225 5659 priori
1257 5589 1478 5643 nimium
1506 5598 1775 5653 ornatum,
1810 5605 1912 5660 po-

313 5679 535 5732 Stcriori
565 5679 734 5751 magis
777 5679 956 5751 Capilli
1013 5688 1068 5736 et
1133 5680 1271 5736 cutis
1340 5694 1522 5737 curam
1586 5679 1912 5752 superﬂuam

314 5771 682 5844 reprehendit.
717 5773 983 5841 Videntur
1008 5762 1201 5843 eadem
1235 5787 1379 5843 anno
1420 5775 1584 5839 etiam
1622 5772 1915 5848 conscripti

2003 3256 2348 3325 Consulatus,
2374 3267 2428 3312 et
2452 3255 2725 3315 Cazsarum
2750 3270 2919 3326 usque
2940 3255 3006 3309 ad
3028 3254 3229 3311 obitqu
3259 3254 3378 3312 Veri
3403 3252 3617 3329 Imper..

2002 3360 2297 3422 computat.
2331 3349 2564 3405 Proinde
2593 3348 2694 3404 sub
2720 3347 3023 3405 Commodo
3053 3347 3232 3419 potius
3259 3346 3455 3419 Imper.
3510 3340 3617 3403 cr-I

2010 3460 2164 3501 rores
2216 3444 2374 3500 illum
2416 3458 2542 3516 suos
2584 3443 2849 3515 sparsisse
2902 3457 3224 3510 censoruus;
3278 3443 3372 3515 qui
3422 3453 3601 3498 tamen

2004 3549 2164 3597 (etate
2200 3538 2451 3601 Auctoris
2491 3538 2666 3594 adhuc
2695 3538 2930 3604 vixerit,
2978 3537 3063 3592 vel
3104 3551 3170 3593 eo
3206 3546 3345 3593 teste
3385 3538 3438 3594 in
3486 3535 3604 3593 lucc

2004 3634 2170 3691 verba
2201 3653 2215 3688 :
2248 3631 2360 3689 Hos
2387 3632 2581 3707 (inquit
2605 3632 2675 3688 de
2702 3632 2991 3696 Marciane,
3019 3630 3325 3699 Valentino,
3347 3632 3604 3703 etApclIe

2004 3728 2231 3800 loquens
2255 3728 2363 3799 jam
2393 3727 2669 3798 mortuis).
2702 3736 2758 3781 ut
2797 3727 3098 3799 insigniores
3151 3737 3198 3782 et
3241 3726 3604 3798 frequentiores

2005 3822 2267 3877 adulteros
2293 3821 2516 3878 veritatis
2535 3818 3131 3893 uomiuamus.therum
3151 3817 3417 3890 Nigidius,
3437 3818 3605 3872 nescio

2004 3913 2140 3984 quis,
2182 3921 2229 3967 et
2282 3910 2648 3991 llermogenes,
2682 3922 2727 3967 et
2776 3912 2923 3966 multi
2971 3911 3083 3977 alii,
3120 3910 3292 3965 adhuc
3343 3908 3607 3964 ambulant

2005 4006 2342 4062 subvertentes
2368 4007 2473 4061 uias
2506 4005 2711 4059 Domini
2739 4003 2828 4077 (L.
2863 4004 2925 4058 de
2960 4001 3184 4059 Prtescr.
3243 4002 3361 4057 adv.
3404 4002 3529 4057 liter.
3556 4017 3602 4055 c.

2008 4098 2151 4169 50.).
2186 4097 2252 4153 Et
2276 4114 2403 4153 vero
2434 4098 2487 4153 in
2519 4098 2695 4153 Africa
2754 4095 3119 4168 Hermogenem
3162 4094 3409 4152 ﬂoruisse
3457 4094 3608 4151 testis

2011 4203 2091 4249 est
2116 4192 2434 4247 Philastrius
2456 4192 2550 4247 lib.
2571 4191 2638 4246 de
2656 4190 2858 4246 Haeres.
2878 4191 2961 4246 cui
2981 4199 3170 4245 auctor
3189 4189 3336 4247 addit
3358 4200 3607 4263 tanquam

2010 4285 2317 4358 Magistrum
2347 4285 2584 4355 aliquem
2613 4282 2905 4355 Nigidium.
2937 4283 3114 4353 Quum
3156 4283 3318 4338 etiam
3352 4296 3609 4353 superes-

2009 4389 2131 4436 sent
2172 4378 2346 4433 adhuc
2405 4375 2878 4432 Valentinianorum
2925 4376 3278 4439 htereticorum
3331 4378 3623 4455 examina,

2012 4471 2237 4528 ducibus
2257 4480 2452 4542 prmter
2472 4471 2674 4543 primos
2699 4470 2817 4525 illos
2842 4484 2998 4540 supra
3027 4468 3290 4525 adductos
3319 4465 3607 4531 Theotimo,

1984 4562 2598 4629 ‘Axionico,Alexandro
2627 4572 2673 4615 et
2704 4558 2952 4627 Prodico,
2984 4560 3047 4614 Β.
3079 4561 3341 4616 Irena-um
3371 4557 3611 4610 imitatus

2010 4657 2076 4713 ad
2099 4657 2319 4712 verbum
2352 4672 2488 4726 pene
2511 4697 2529 4722 ,
2569 4654 2831 4713 LIBRUM
2875 4651 3198 4722 conscripsit
3248 4646 3612 4704 ADVERSUS

2010 4740 2588 4809 VALENTINIANOS.
2612 4746 2686 4802 De
2716 4744 2977 4816 prioribus
3006 4744 3086 4799 sic
3115 4746 3316 4799 Auctor
3344 4757 3358 4794 :
3389 4739 3612 4796 Multum

2011 4841 2145 4895 circa
2175 4833 2420 4910 imagines
2449 4837 2599 4909 Legis
2626 4836 2923 4892 Theotimus
2955 4844 3208 4905 operatus
3246 4844 3339 4891 est.
3369 4832 3396 4889 Ι
3406 4844 3456 4889 ια
3483 4850 3621 4890 nus-,

2010 4950 2164 5004 quam
2192 4931 2488 4987 Valentinus
2509 4949 2525 4986 :
2543 4941 2590 4986 et
2610 4932 2775 4985 tamen
2806 4928 3172 4997 Valentiniani,
3201 4930 3287 4998 qui
3307 4944 3395 5000 per
3421 4925 3612 4984 Valen-

2014 5028 2196 5082 tinum.
2228 5025 2388 5081 Solus
2413 5024 2481 5079 ad
2511 5023 2813 5078 hodiernum
2854 5021 3138 5078 Antiochia:
3177 5020 3456 5076 Axionicus
3502 5036 3612 5076 me-

2013 5122 2229 5176 moriam
2294 5118 2547 5174 Valentini
2596 5118 2797 5189 integra
2860 5118 3097 5174 custodia
3158 5118 3453 5188 regularum
3504 5114 3612 5184 ejus

2013 5212 2309 5268 consolatur
2334 5210 2419 5285 (T.
2447 5212 2502 5267 5.
2537 5210 2572 5264 ι.
2602 5210 2671 5265 ad
2713 5209 2911 5268 Valent.
2946 5227 2993 5265 c.
3020 5209 3077 5267 4.
3105 5227 3158 5264 η.
3193 5209 3282 5266 52.
3304 5208 3392 5264 55.
3433 5221 3491 5259 ac
3518 5203 3607 5258 54.

2014 5306 2153 5363 Ibid.
2188 5307 2226 5362 ι.
2259 5305 2323 5363 de
2345 5307 2492 5361 carit.
2543 5303 2739 5367 Christi
2771 5321 2818 5362 c.
2871 5305 2961 5363 15.
3008 5321 3064 5361 η.
3100 5303 3221 5358 I27.
3249 5299 3391 5355 Ibid.
3425 5314 3471 5353 c.
3514 5295 3603 5352 16.

2015 5419 2068 5458 n.
2088 5402 2180 5458 151
2196 5400 2259 5475 .).
2281 5399 2355 5455 De
2378 5399 2535 5455 tertio
2562 5399 2616 5454 in
2644 5398 2758 5453 hanc
2784 5397 2981 5454 verba:
3006 5394 3168 5463 Nam,
3197 5403 3251 5448 ut
3267 5408 3421 5464 penes
3439 5406 3615 5462 quem-

2015 5494 2135 5549 dam
2164 5510 2227 5550 ea:
2262 5491 2517 5548 Valentini
2545 5492 2764 5565 {actione
2789 5490 2910 5561 legi,
2940 5490 3103 5559 primo
3124 5503 3225 5541 non
3252 5494 3430 5556 putant
3456 5493 3617 5539 terre-

2015 5604 2135 5642 nam
2164 5597 2211 5643 et
2237 5587 2514 5643 humanam
2563 5582 2751 5638 Christi
2772 5580 3107 5637 substantiam
3145 5578 3473 5650 informatum
3501 5574 3613 5646 (Ib.

2015 5699 2064 5739 c.
2108 5683 2197 5740 17.
2238 5680 2386 5737 Tant.
2441 5677 2499 5739 5.
2531 5679 2569 5735 ι.
2616 5675 2947 5753 αάυηιὶιιοδι.
2977 5692 3025 5733 c.
3054 5675 3176 5743 ul.).
3221 5673 3299 5733 De
3333 5686 3441 5746 quo
3487 5684 3617 5729 vero

2014 5772 2263 5848 loquatur
2298 5768 2573 5847 subjecit:
2604 5766 2826 5851 lmuper
2862 5766 3255 5851 argumentandi
3301 5763 3511 5830 libidine
3545 5772 3632 5830 ss.
