4238 6262
596 329 658 396 7|
1907 311 2368 377 TERTULLIANI
2409 306 2589 373 \‘i'I‘A.
3822 295 3897 360 ἠ

598 452 765 520 forma
794 443 982 518 ingenii
1011 440 1233 498 hatretici
1259 440 1425 495 locttm
1471 437 1568 494 sibi
1620 436 1740 511 fecit
1759 434 2052 492 Alexander
2078 433 2185 488 ille.
2220 435 2268 492 A
2297 447 2416 487 mus
2443 429 2806 520 conscriptum
2847 424 3010 484 fuisse
3050 422 3334 484 occasione
3379 437 3606 520 eorum,
3655 435 3776 494 qua:
3808 423 3896 520 vi:

599 540 669 597 Et
710 555 921 596 rursum
964 555 979 592 :
1023 536 1130 592 Sed
1144 535 1350 590 remisso
1401 532 1693 592 Alexandro
1715 547 1834 594 eum
1877 529 1980 583 suis
2027 525 2190 598 syllo-

599 636 775 707 gismis
803 631 965 705 (Ibid.
999 630 1033 684 ι.
1063 632 1181 684 adv.
1211 627 1373 682 Prax.
1403 644 1446 680 ι’.
1469 627 1522 683 3.
1551 624 1688 680 Ibid.
1720 623 1758 678 ι.
1787 623 1849 677 de
1881 621 2042 675 I’ra's.
2072 623 2189 674 adv.

602 719 806 782 hwr.c.
850 724 989 795 2L).
1029 723 1266 794 Denique
1309 721 1376 776 de
1411 730 1686 791 postremo
1735 715 1841 774 duo
1867 721 2194 772 concurrunt

602 818 738 874 loci:
771 831 907 871 unus
939 835 950 868 ε
982 814 1130 883 Quod
1160 817 1201 870 si
1219 816 1333 886 jam
1356 825 1477 867 tunc
1502 811 1753 866 Prodicus
1771 819 1859 864 aut
1896 807 2194 862 Valentinus

601 909 866 965 adsisteret
891 923 911 974 ,°
934 909 1070 963 alter
1102 925 1114 961 :
1153 907 1324 975 Quum
1353 905 1484 958 alius
1527 902 1666 957 Dens
1706 902 1923 974 infertur
1951 899 2195 953 adrersus

602 1012 910 1067 creatorem,
941 1011 1058 1054 tunc
1099 1000 1232 1052 male
1251 1015 1403 1068 quum
1431 997 1621 1065 plures,
1650 994 1928 1050 secundum
1963 991 2195 1048 Valenti-

604 1111 696 1148 nos
731 1104 776 1147 et
807 1091 1053 1147 Prodicos
1083 1089 1255 1163 (Ib.'l.
1287 1090 1402 1143 adv.
1443 1086 1644 1143 Valent.
1669 1103 1716 1140 c.
1744 1086 1799 1142 5.
1850 1085 1985 1140 Ibid.
2015 1083 2102 1138 lib.
2134 1084 2199 1138 de

607 1184 777 1240 Prius.
799 1184 868 1237 ad
897 1185 1024 1240 hair.
1055 1199 1100 1237 c.
1131 1183 1184 1238 3.
1217 1180 1355 1235 Ibid.
1386 1197 1434 1236 c.
1458 1181 1546 1235 52.
1573 1181 1699 1234 liter.
1743 1177 1832 1234 5‘2.
1872 1195 1923 1232 ιι.
1958 1177 2080 1232 3‘27.
2106 1177 2200 1233 lib.

605 1278 668 1334 de
694 1279 876 1332 Anima
901 1294 1016 1347 cap.
1050 1275 1165 1347 55).
1182 1273 1365 1345 Neque
1392 1275 1535 1329 enim
1561 1272 1630 1328 ibi
1655 1273 1753 1342 legi
1779 1286 1938 1342 posse
1961 1268 2196 1337 Proclos,

605 1369 746 1440 quod
777 1381 890 1424 erat
939 1369 990 1422 in
1039 1363 1253 1423 excusis
1307 1366 1582 1421 codicibus
1610 1405 1627 1432 ,
1670 1374 2024 1434 praeterquam
2054 1362 2194 1433 quod

604 1475 704 1516 suo
726 1461 845 1516 loco
864 1459 1419 1530 comprobaverimus,
1473 1457 1556 1512 vel
1586 1472 1653 1511 eo
1690 1456 2026 1511 convincitur
2055 1453 2198 1526 quod

607 1551 826 1609 Proetus
877 1567 972 1609 seu
998 1550 1251 1607 Proculus
1288 1567 1392 1604 non
1420 1548 1823 1604 Valentinianus
1859 1546 2060 1614 fuerit,
2104 1547 2200 1602 sed

605 1644 944 1710 Montanista,
975 1661 1003 1698 a
1035 1661 1142 1714 quo
1176 1643 1305 1697 dicti
1337 1648 1462 1695 κατά
1498 1639 1740 1695 Proetum
1781 1639 2000 1711 quidam
2045 1637 2199 1693 Mon-

606 1742 717 1796 tani
761 1749 1090 1804 sectatores;
1131 1753 1294 1809 quum
1330 1747 1486 1792 antea
1519 1735 1694 1790 adhuc
1740 1733 2058 1789 Calliolictts
2101 1731 2199 1786 ad-

2296 523 2438 578 disse
2483 521 2669 577 scribit
2695 519 2754 577 S.
2789 519 3105 592 Perpetuam
3153 521 3206 574 in
3240 515 3506 588 paradiso.
3543 515 3608 570 Et
3649 529 3777 571 vero
3816 513 3894 571 uti

2297 615 2350 672 in
2380 614 2480 671 hac
2517 613 2942 670 Christianorum
2974 629 3066 684 per
3111 610 3346 667 Africam
3391 623 3604 682 quoque
3642 623 3895 679 persecu-

2297 709 2442 764 tione
2465 708 2675 763 animos
2698 707 2942 763 ﬁdelibus
2962 705 3203 773 adderet,
3227 719 3513 760 censemus
3539 703 3726 759 eodem
3755 717 3895 773 pene

2299 809 2540 872 tempore
2584 799 2841 869 scriptum
2898 798 3091 853 librqu
3124 812 3192 852 DE
3238 793 3341 852 Ser:
3385 793 3668 850 Fiosuuu.
3710 793 3896 862 Quan-

2297 907 2458 962 quam
2488 891 2700 946 iuterim
2730 889 3068 945 verissimum
3090 888 3484 959 comperiamus
3513 885 3640 941 illud
3664 883 3897 941 Prover-

2300 976 2400 1043 bii,
2450 975 2595 1047 ψιυό
2642 975 2810 1031 Error
2851 989 2989 1030 unus
3031 975 3195 1030 alimu
3243 972 3457 1040 trahat,
3505 983 3688 1043 utpote
3731 987 3898 1044 quum

2302 1067 2610 1136 paradoson
2632 1067 3002 1138 situtriusque
3044 1065 3165 1121 libri
3208 1065 3350 1120 illius
3401 1073 3812 1136 argumentum,
3841 1073 3900 1120 et

2305 1159 2444 1215 haud
2475 1174 2671 1230 paucas
2692 1170 2954 1230 prauerea
2979 1159 3216 1230 reperire
3243 1160 3312 1213 sit
3337 1157 3618 1229 opiniones
3641 1173 3745 1214 non
3769 1158 3900 1214 satis

2304 1265 2464 1307 sanas
2493 1251 2545 1306 in
2576 1250 2719 1307 dicto
2747 1251 2886 1307 libro
2909 1251 2978 1307 de
3008 1251 3231 1320 Anima,
3260 1249 3328 1307 (Ie
3357 1250 3548 1321 quibus
3575 1250 3714 1306 inter
3736 1249 3900 1306 Para-

2303 1343 2445 1399 doxa
2475 1344 2725 1399 Auctoris
2755 1359 2875 1398 cum
2922 1343 3180 1400 Antidota
3225 1343 3402 1399 latius.
3451 1342 3563 1398 Hoc
3608 1358 3775 1398 unum
3815 1341 3903 1399 hic

2303 1437 2587 1506 addimus,
2640 1438 2894 1508 scriptum
2937 1437 3089 1493 illum
3127 1437 3321 1494 librum
3351 1478 3366 1502 ,
3411 1437 3488 1493 De
3533 1437 3673 1494 Ouui
3716 1437 3900 1496 Suro
3952 1436 3954 1438 ’

2273 1530 2521 1595 ‘Aivnui,
2546 1528 2629 1585 vel
2669 1529 2787 1601 ipso
2826 1538 3000 1598 teste,
3041 1530 3131 1601 qui
3189 1530 3325 1586 adeo
3372 1531 3534 1586 etiam
3584 1531 3905 1587 Commenta-

2303 1622 2437 1676 riuni
2465 1621 2651 1676 anima:
2676 1632 2986 1692 nuncupat,
3020 1632 3204 1694 utpote
3231 1623 3284 1679 in
3315 1640 3421 1695 quo
3466 1634 3724 1680 tractetur
3749 1625 3905 1696 quid-

2300 1715 2436 1784 quid
2462 1714 2590 1770 olim
2629 1730 2660 1771 a
2709 1715 3051 1784 Philosoyhis
3089 1726 3144 1772 ct
3185 1716 3255 1772 ab
3295 1715 3564 1774 haereticis
3600 1717 3670 1774 de
3712 1717 3904 1774 Anima

606 1847 797 1888 versus
835 1806 1175 1885 Valentinum
1230 1828 1522 1898 scripserit.
1563 1826 1630 1881 Et
1671 1841 1800 1881 vero
1842 1841 2004 1896 quum
2047 1835 2201 1880 vocet

2307 1813 2592 1863 tractatum
2619 1807 2739 1874 fuit,
2767 1816 2823 1863 ut
2849 1823 3024 1878 neque
3050 1806 3392 1880 Philosophis
3418 1825 3591 1883 neque
3615 1809 3904 1883 Tlieologis

608 1923 759 1980 illiilli
781 1925 982 1979 Auctor
1008 1921 1220 1992 virginis
1247 1933 1460 1976 senectia
1488 1929 1534 1974 et
1562 1918 1868 1973 Christiania
1905 1915 2206 1989 eloquentia:

607 2015 926 2087 dignitatem,
975 2014 1217 2069 videmur
1274 2013 1431 2068 nobis
1502 2012 1740 2082 attigisse
1788 2011 2016 2082 pritumn
2061 2010 2204 2081 quod

607 2110 759 2164 aiunt
787 2107 1014 2180 lapidem
1041 2106 1374 2170 oﬂ‘eusionis,
1396 2106 1449 2160 in
1476 2121 1634 2176 quem
1665 2106 1780 2176 ipse
1808 2105 2048 2176 impegit,
2077 2104 2202 2159 dum

610 2203 850 2274 partibus
894 2200 1128 2257 Montani
1174 2200 1354 2256 favere
1401 2200 1564 2267 C(Bpit
1592 2215 1606 2265 ;
1639 2199 1914 2263 seductus,
1946 2209 2202 2268 quantum

607 2304 874 2364 apparet,
926 2292 1282 2349 admiratione
1316 2291 1544 2363 quadam
1591 2300 1699 2344 tum
1739 2291 1949 2361 virginis
1990 2298 2205 2346 senectia

611 2384 847 2454 Proculi,
879 2387 1036 2458 quem
1068 2396 1195 2442 tunc
1218 2403 1402 2442 senem
1434 2386 1596 2440 fuisse
1626 2387 1882 2454 oportuit,
1915 2395 2096 2455 utpote
2121 2385 2203 2441 vel

609 2477 804 2534 eodem
850 2488 984 2534 teste
1038 2476 1468 2549 contemporalem
1513 2476 1967 2531 literesiarcharum
2019 2475 2203 2532 Valen-

611 2570 944 2635 ttnianorum,
1003 2580 1112 2624 tum
1174 2569 1472 2640 eloquentia:
1534 2569 1871 2633 Christiania,
1943 2583 2104 2639 quam
2152 2569 2204 2624 in

609 2663 824 2732 scriptis
865 2664 981 2732 ejus
1009 2661 1358 2732 deprehendit
1394 2675 1408 2714 :
1443 2675 1630 2731 parum
1671 2675 1879 2715 memor
1903 2661 2065 2715 miser
2095 2661 2204 2728 ille,

611 2753 739 2823 quid
772 2762 928 2807 antea
963 2753 1288 2824 scripsisset,
1322 2751 1565 2808 fortassis
1595 2751 1752 2822 hujus
1787 2753 1917 2806 tanti
1962 2753 2060 2806 viri
2113 2769 2206 2808 oc-

611 2845 866 2901 cirsiOne:
899 2843 1099 2909 Solent,
1134 2844 1324 2914 inquit,
1376 2843 1611 2897 niiriones
1663 2843 1746 2896 isti
1793 2845 1944 2897 etiam
1991 2843 2054 2897 de
2088 2844 2204 2914 qni-

612 2937 825 2993 busdani
854 2939 1082 3008 personis
1108 2937 1168 2992 ob
1200 2939 1378 2992 Interest
1402 2937 1563 3008 captis
1605 2937 1852 3007 wdiﬁcari
1880 2941 1931 2991 in
1961 2938 2206 2993 ruinam:

616 3032 789 3102 Quare
815 3034 940 3099 illa,
967 3033 1044 3087 vel
1071 3033 1176 3096 ille,
1217 3032 1530 3102 ﬁdelissimi,
1565 3030 1949 3102 prudentissimi
1996 3042 2042 3084 et
2093 3032 2204 3085 usi-

613 3126 846 3180 tutissimi
871 3125 923 3179 in
947 3122 1201 3191 Ecclesia,
1235 3141 1285 3178 in
1312 3122 1456 3177 illam
1485 3136 1678 3194 partem
1706 3121 2053 3177 transierunt?
2080 3122 2207 3188 Quis

2310 1897 2418 1956 alio
2451 1897 2608 1955 hodie
2633 1899 3021 1957 commentario
3041 1900 3111 1956 sit
3139 1915 3295 1972 opus.

2806 2058 2964 2114 Anno
2991 2057 3202 2114 Domini
3229 2073 3415 2116 ccvm.

2380 2191 2407 2268 ς
2435 2193 2571 2252 XIV.
2607 2192 2685 2250 De
2711 2195 2852 2251 libris
2883 2194 3283 2251 Montanismum
3303 2197 3417 2269 jam
3454 2195 3815 2265 redolentibus,
3842 2199 3906 2256 de

2307 2286 2473 2346 Carne
2489 2289 2673 2344 Christi
2690 2289 2930 2344 adversus
2945 2285 3034 2344 IV.
3053 2289 3286 2357 haereses,
3307 2290 3370 2345 de
3385 2289 3770 2349 Rcsurrectione
3793 2310 3908 2349 car-

2308 2383 2407 2448 nis,
2433 2382 2673 2436 advcrsus
2695 2381 3088 2447 Marcianean,
3114 2383 3175 2436 de
3194 2383 3391 2438 Corona
3425 2383 3625 2450 Militis,
3659 2387 3907 2456 Scorpia-
3943 2407 3948 2410 ·

2308 2489 2424 2528 cuni
2440 2474 2676 2528 adversus
2701 2472 2988 2541 Gnostieos,
3003 2475 3243 2529 adversus
3261 2473 3703 2532 Mareotin—26.
3725 2481 3780 2533 5.
3808 2477 3906 2535 Ze-

2309 2567 2504 2639 phiriui
2532 2567 2761 2623 Romani
2786 2569 3059 2624 I’ontilicis
3081 2586 3157 2624 ix.
3177 2569 3362 2626 Severi
3385 2572 3515 2642 Imp.
3538 2587 3627 2626 xv.
3649 2570 3715 2627 Μ.
3749 2571 3910 2628 FLA-

2309 2659 2422 2716 VIO
2439 2660 2507 2715 Μ.
2535 2659 2595 2715 F.
2621 2661 2692 2718 M.
2717 2660 2778 2716 Ν.
2806 2661 2987 2716 AFIIO
3014 2661 3102 2716 ET
3123 2662 3186 2731 Q.
3214 2663 3419 2719 ALLIO
3434 2662 3905 2720 FABIOCATUL-

2308 2752 2468 2810 LINO
2499 2754 2767 2814 MAXIMO
2792 2754 2978 2812 COSS.
3007 2756 3262 2826 scriptum
3282 2759 3446 2814 fuisse
3474 2774 3504 2812 a
3523 2757 3906 2815 TERTULLIANO

2308 2847 2502 2903 librum
2535 2849 2765 2920 primum
2795 2852 3054 2905 adversus
3096 2850 3420 2907 Marcioncm
3457 2869 3522 2908 ex
3555 2852 3704 2909 hisce
3731 2853 3908 2909 verbis

2310 2951 2547 2996 Constat.
2583 2943 2646 2996 At
2676 2959 2811 2996 nunc
2839 2945 2991 3014 quale
3016 2956 3087 2998 est
3127 2956 3179 2998 ut
3225 2944 3468 3000 Dominus
3503 2963 3535 3000 a
3574 2963 3668 3002 xu.
3719 2947 3908 3003 Tiberii

2311 3029 2529 3087 Ca'saris
2558 3035 2807 3088 revelatus
2836 3035 2935 3102 sit,
2968 3035 3250 3090 substantia
3288 3053 3405 3090 vero
3432 3041 3500 3090 ad
3543 3053 3635 3092 xv.
3663 3040 3779 3110 jam
3806 3038 3907 3095 Se-

2312 3127 2412 3180 veri
2449 3123 2784 3197 Imperatoris
2837 3145 3029 3184 annum
3078 3129 3224 3184 nulla
3271 3139 3528 3201 comperta
3579 3131 3810 3201 sit?(L.
3845 3133 3910 3187 de

613 3219 708 3273 lioc
734 3219 926 3286 dicens,
955 3235 1056 3273 non
1081 3220 1189 3289 ipse
1233 3217 1328 3272 sibi
1368 3217 1676 3286 respondet:
1703 3233 1860 3287 neque
1885 3217 2154 3286 prudentes
2187 3258 2202 3283 ,
2232 3217 2278 3280 C
2315 3215 2498 3271 Resur.
2555 3235 2665 3274 car.
2710 3235 2758 3273 c.
2791 3220 2847 3273 2.
2879 3237 2994 3289 cap.
3052 3221 3141 3276 45.
3183 3221 3220 3274 ι.
3260 3238 3308 3276 c.
3351 3223 3468 3276 adv.
3500 3220 3651 3292 Mar.
3709 3223 3759 3277 1.
3814 3224 3905 3279 15.

613 3327 772 3381 neque
801 3302 998 3380 fideles,
1027 3326 1186 3381 neque
1225 3311 1433 3364 usitatos
1461 3309 1808 3374 wstimandos,
1839 3325 1965 3379 quos
1991 3311 2207 3362 luereses

613 3411 865 3473 potuerint
887 3401 1194 3455 immutare?
1225 3401 1360 3466 Quid
1386 3400 1564 3471 igitur,
1594 3401 1638 3454 si
1667 3399 1974 3470 Episcopus,
2000 3399 2046 3453 si
2080 3399 2204 3452 Dia-

613 3509 791 3556 conus,
824 3496 867 3547 si
893 3494 1074 3557 vidua,
1114 3494 1158 3547 si
1185 3495 1343 3563 virgo,
1378 3493 1423 3546 si
1466 3493 1673 3558 Doctor,
1728 3493 1769 3545 si
1819 3493 1968 3545 etiam
2001 3489 2207 3562 Martyr

614 3587 791 3657 lapsus
819 3604 850 3640 a
871 3587 1045 3657 regula
1076 3588 1262 3657 fuerit,
1290 3585 1403 3639 ideo
1430 3587 1643 3639 hwreses
1671 3585 1929 3639 veritatem
1954 3583 2202 3638 videbun-

615 3689 696 3734 tur
716 3681 936 3735 obtinere
959 3681 983 3734 ?
1009 3679 1091 3734 Ea:
1115 3681 1341 3750 personis
1366 3680 1631 3748 probemus
1659 3679 1809 3750 ﬁdem
1833 3721 1848 3746 ,
1888 3699 1954 3734 an
2000 3697 2063 3735 ea:
2108 3682 2208 3749 ﬁde

617 3772 919 3844 personam?
946 3772 1156 3843 Alioqui
1195 3787 1342 3827 certe
1391 3788 1495 3825 non
1545 3783 1625 3827 est
1672 3769 1963 3826 verisimile
2004 3772 2057 3826 in
2098 3781 2205 3827 tam

615 3865 900 3921 absurdam
925 3863 1153 3920 liairesin
1186 3864 1392 3934 lapsum
1415 3865 1476 3918 iri
1501 3866 1809 3928 Auctorem,
1856 3865 1955 3919 nisi
2000 3880 2066 3920 ex
2116 3866 2204 3919 tali

615 3956 862 4026 quapiam
889 3965 1192 4022 occasione,
1224 3956 1465 4012 fortassis
1492 3958 1652 4012 etiam
1676 3974 1739 4014 ex
1773 3956 2208 4028 frequentatione

617 4051 783 4122 ipsius
812 4053 1078 4114 familiari.
1106 4052 1234 4108 dum
1258 4051 1483 4108 subinde
1507 4052 1731 4108 Ruinam
1756 4054 2007 4108 inviseret
2034 4069 2049 4120 ;
2075 4069 2198 4108 nam

617 4143 803 4200 Roma:
833 4145 1356 4200 Proclumhabitasse
1388 4157 1567 4214 postea
1591 4145 1939 4210 deducemus,
1976 4148 2206 4201 maxime

615 4255 778 4307 quum
829 4252 986 4295 antea
1025 4239 1409 4309 blasphemiam
1439 4237 1653 4303 dixerit,
1693 4238 2018 4294 Paracletuni
2047 4257 2206 4311 quem

617 4330 860 4387 Christus
915 4331 1180 4404 promisit,
1224 4333 1274 4386 in
1326 4331 1576 4387 Montano
1619 4333 1846 4402 primum
1873 4334 2204 4403 apparuisse,

616 4436 670 4481 et
718 4437 894 4482 tamen
943 4429 996 4482 in
1045 4426 1394 4498 sequentibus
1439 4426 1654 4496 scriptis
1685 4442 1792 4482 non
1835 4437 2084 4484 vereatur
2133 4427 2208 4484 illi

559 4514 566 4519 ’
616 4534 814 4576 nomen
841 4517 1104 4579 Paracleti
1131 4519 1438 4592 frequenter
1461 4520 1750 4576 ascribere.

1116 4658 1274 4714 Auno
1327 4655 1538 4713 Domini
1579 4669 1762 4744 ccvu..

687 4791 778 4849 25.
802 4790 1067 4850 NUMMIO
1090 4791 1380 4850 SENECIO
1403 4791 1648 4849 ALBINO
1663 4791 1754 4848 ET
1770 4790 2022 4850 FULVIO
2039 4791 2213 4848 ᾹΞΜΙ-

617 4881 824 4940 LIANO
858 4885 1042 4942 COSS.
1065 4886 1123 4941 S.
1145 4885 1591 4958 ZepbiriuiPapJe
1625 4886 1853 4942 Ituinani
1889 4888 2210 4945 vut.Severi

616 4971 752 5046 Imp.
786 4993 892 5044 xiv,
920 4979 1158 5049 plerique
1185 4995 1368 5049 passas
1393 4977 1634 5035 scribunt
1659 4980 1975 5051 Perpetuam
1992 4989 2046 5036 et
2065 4979 2207 5036 Feli-

615 5067 856 5135 citatem,
879 5069 1035 5138 idque
1046 5068 1196 5138 juxta
1213 5069 1546 5124 Ven.Bedam
1564 5071 1650 5127 die
1667 5070 2209 5141 uataliSeveri,quem

615 5159 890 5229 assignant
938 5158 1312 5231 Martyrologia
1341 5159 1567 5216 Usuardi
1597 5170 1651 5217 et
1681 5162 1987 5218 Romanum
2035 5161 2204 5218 Nonis

616 5249 842 5319 Martiis,
875 5251 979 5307 illis
1007 5262 1266 5322 praeterea
1291 5258 1698 5310 annumerantia
1725 5255 2077 5321 Revocatom,
2110 5255 2212 5313 Sa-

616 5344 887 5400 turninum
917 5356 968 5400 et
996 5345 1378 5401 Secundiolum
1403 5386 1420 5412 ,
1455 5345 1615 5401 simul
1642 5363 1828 5419 passos
1873 5349 1925 5402 in
1953 5346 2207 5402 Maurita-

616 5434 702 5488 nia
728 5437 942 5491 civitate
961 5435 1510 5493 Thuburbitanurum.
1534 5438 1711 5506 Quum
1734 5451 1912 5494 autem
1941 5439 2212 5511 Perpetua:

615 5526 906 5597 fortissim
935 5527 1177 5602 Martyris
1205 5546 1270 5588 eo
1290 5530 1432 5588 libro
1458 5533 1764 5588 meminerit
1790 5539 2013 5602 Auctor,
2042 5549 2203 5605 opor.

617 5627 693 5674 tet
719 5636 826 5675 non
851 5631 976 5677 ante
1003 5622 1259 5694 scriptum
1287 5622 1452 5680 fuisse
1485 5625 1676 5680 librum
1700 5641 1768 5680 ut:
1805 5627 1982 5682 ANIIA
2007 5667 2024 5694 ,
2045 5643 2209 5697 quem

614 5710 829 5780 scripsit
862 5713 1144 5769 Auvensus
1175 5713 1536 5772 PuiLosornos
1558 5732 1624 5771 ετ
1644 5716 1992 5775 Ilasusricos.
2024 5720 2078 5775 In
2103 5736 2210 5792 quo

615 5801 778 5858 etiam
805 5802 995 5862 alludit
1033 5804 1103 5863 ad
1134 5805 1331 5864 librum
1367 5822 1436 5867 os
1474 5807 1760 5868 Psnsoiso.
1790 5814 1960 5878 Quem
1988 5813 2212 5886 conjici-

2314 3307 2408 3364 To.
2441 3310 2496 3365 ‘5.
2529 3311 2618 3364 tib.
2667 3311 2730 3364 de
2768 3329 2876 3365 car.
2919 3311 3144 3377 Christi,
3197 3328 3244 3368 c.
3274 3311 3376 3383 7.)
3421 3317 3595 3384 Atque
3641 3312 3777 3368 adeo
3802 3311 3908 3368 hoc

2313 3410 2555 3472 tempore
2581 3403 2742 3457 simul
2768 3404 2941 3456 editos
2971 3402 3133 3458 fuisse
3162 3413 3372 3473 oportet
3419 3403 3587 3459 libros
3613 3419 3681 3458 os
3724 3404 3907 3460 CARNE

2310 3495 2531 3550 Cumsri
2585 3500 2871 3550 onsnsus
2919 3510 2988 3550 tv.
3037 3495 3297 3550 ".EBESES
3344 3511 3411 3551 or.
3463 3496 3907 3553 Ilesunuscnone

2311 3586 2542 3654 CARNIS,
2594 3603 2661 3642 ετ
2713 3604 2980 3643 Αιιγειιευς
3009 3587 3328 3645 ΜΑιιειοιιειι
3376 3592 3610 3662 quinque
3640 3588 3790 3659 (Lib.
3844 3589 3906 3643 dc

2312 3674 2431 3732 Res.
2465 3695 2571 3732 car.
2612 3695 2659 3732 c.
2691 3677 2745 3732 2.
2778 3677 2889 3733 Lib.
2923 3679 2975 3735 5.
3011 3682 3097 3733 ad.
3133 3678 3300 3734 Marc.
3331 3696 3377 3735 c.
3407 3681 3492 3736 10.
3527 3700 3579 3734 ιι.
3615 3680 3741 3736 150.
3773 3680 3812 3735 l.
3843 3679 3907 3736 de

2311 3769 2432 3824 Cor.
2457 3773 2603 3826 niilit.
2617 3788 2662 3826 c.
2675 3773 2766 3826 ult.
2780 3777 2820 3841 ),
2846 3782 3028 3844 utpote
3048 3772 3238 3828 eodem
3259 3773 3488 3843 scriptos
3503 3785 3761 3843 tempore.
3777 3771 3908 3827 Nam

2313 3864 2451 3918 sicut
2479 3853 2639 3919 etiam
2671 3865 2796 3920 alibi
2820 3867 3054 3922 diximus
3073 3909 3088 3932 ,
3120 3867 3256 3921 libro
3283 3871 3350 3921 de
3386 3867 3563 3922 Carne
3590 3867 3789 3923 Christi
3832 3867 3910 3921 ci-

2319 3966 2460 4012 tatur
2487 3959 2621 4012 liber
2641 3970 2861 4028 quartus
2888 3959 3143 4015 adVersus
3172 3959 3493 4014 lllareiuuem
3513 4000 3531 4028 ,
3559 3959 3695 4014 libro
3719 3957 3788 4014 de
3806 3958 3911 4015 Re-

2313 4051 2644 4106 surreetioue
2663 4051 2839 4106 carnis
2866 4067 2924 4106 ιι.
2947 4062 3000 4107 et
3017 4066 3094 4107 ιιι.
3118 4053 3240 4108 adv.
3259 4052 3421 4108 Marc.
3443 4063 3496 4108 et
3515 4051 3908 4112 l.-I.adv..'ilarc.

2313 4142 2724 4213 allegaturliber
2745 4143 2813 4198 de
2846 4144 3151 4200 Ilesurrect.
3181 4149 3358 4200 carnis
3377 4186 3392 4212 ,
3422 4160 3531 4216 quo
3561 4145 3618 4199 lit
3643 4145 3908 4200 utexisti-

2314 4249 2455 4290 mem
2477 4238 2705 4305 primum
2729 4237 2960 4306 scriptos
2995 4237 3255 4293 adversus
3275 4237 3598 4294 Marciunem
3635 4247 3906 4310 quatuor;

2315 4328 2664 4385 intermedios
2690 4329 2885 4387 deinde
2911 4331 3048 4387 duos
3079 4332 3234 4398 illos;
3267 4343 3321 4389 et
3351 4343 3621 4403 postremo
3647 4334 3906 4388 adversus

2317 4420 2638 4478 Marciuneui
2655 4425 2920 4494 quintum.
2943 4423 3109 4479 Porro
3135 4426 3180 4478 si
3203 4424 3304 4479 hoc
3325 4439 3488 4491 anno,
3509 4423 3584 4479 uti
3602 4422 3909 4493 Onupbrius

2317 4515 2497 4580 tradit,
2510 4516 2778 4572 celebrata
2792 4518 2897 4572 sint
2913 4517 3231 4574 Decennalia
3251 4519 3505 4573 Antonini
3522 4516 3908 4589 Impcr.Severi

2234 4575 2291 4641 Β
2319 4609 2413 4663 lilii
2444 4649 2460 4676 ,
2503 4609 2745 4664 fortassis
2770 4620 3141 4680 praeoccupato
3180 4624 3323 4662 anno
3362 4610 3571 4680 integro
3603 4575 3678 4664 ob
3702 4609 3909 4664 disces-

2315 4714 2432 4756 sum
2473 4701 2526 4756 iti
2568 4701 2765 4756 bellum
2807 4700 3190 4767 Britannicum,
3235 4715 3396 4772 quem
3432 4699 3784 4757 Cassiodorus
3825 4699 3908 4755 liis

2315 4794 2466 4849 Coss.
2499 4794 2757 4850 accidisse
2784 4793 3005 4861 scribit;
3037 4795 3140 4850 hoc
3179 4795 3340 4851 etiam
3386 4811 3530 4852 anno
3566 4797 3796 4867 scriptus
3825 4803 3910 4850 est

2319 4885 2487 4941 Lmen
2514 4902 2581 4942 ne
2627 4887 2842 4942 Conoss
2887 4886 3140 4954 MILITIS;
3188 4889 3271 4944 sin
3300 4903 3443 4944 anno
3471 4892 3712 4960 sequenti
3749 4887 3910 4962 (quod

2317 4977 2446 5034 mihi
2479 4977 2646 5048 magis
2672 4980 2734 5033 tit
2763 4978 3056 5036 verisimile
3099 4995 3164 5036 ex
3214 4980 3301 5036 illa
3335 4981 3535 5036 nummi
3565 4982 3912 5052 inscriptione

2316 5071 2622 5126 Asrosiuvs
2663 5069 2787 5125 Pius
2824 5073 2961 5127 Avo.
3012 5071 3138 5130 Cos.
3186 5087 3292 5127 ιιι.
3328 5070 3475 5127 Von
3523 5072 3732 5128 Sow'rt
3774 5071 3910 5142 Deo)

2317 5173 2603 5235 utrumque
2647 5165 2972 5233 contigerit,
3018 5165 3144 5220 illuc
3182 5165 3388 5220 referre
3434 5166 3628 5235 poterit
3673 5164 3906 5231 Lector,

2316 5256 2612 5312 dummodo
2636 5257 2912 5315 nobiseum
2939 5258 3132 5314 sentiat
3158 5299 3174 5325 ,
3201 5267 3328 5314 ante
3365 5257 3763 5330 expeditionem
3795 5258 3912 5314 Bri-

2318 5352 2610 5406 tannicam.
2656 5352 2737 5407 Ad
2764 5368 2922 5420 quam
2966 5354 3196 5422 pertinet
3240 5353 3404 5408 etiam
3445 5353 3726 5423 inscriptio
3749 5367 3910 5423 supra

2319 5444 2515 5512 posita,
2570 5459 2693 5499 cum
2724 5443 2898 5514 efﬁgie
2941 5444 3148 5514 Equitis
3183 5459 3344 5498 manu
3371 5445 3607 5514 jaculum
3638 5448 3907 5499 tenentis:

2320 5535 2625 5591 l’norscrto
2653 5539 2828 5593 Avcc.
2883 5552 3004 5592 nam
3037 5546 3322 5608 utrumque
3353 5538 3515 5602 lilium
3551 5551 3732 5592 secum
3758 5535 3914 5593 duxit

2318 5626 2551 5684 Severus
2578 5669 2594 5694 ,
2626 5643 2656 5683 a
2686 5644 2793 5699 quo
2835 5644 2996 5698 quum
3029 5627 3090 5684 P.
3120 5629 3411 5700 Septimius
3453 5628 3587 5684 Geta
3628 5643 3770 5685 anno
3800 5628 3912 5702 pri-

2319 5737 2465 5777 nium
2495 5722 2741 5793 sequenti
2785 5720 2984 5792 Imper.
3027 5721 3166 5778 Cius.
3209 5723 3346 5794 Aug.
3400 5721 3472 5780 sit
3523 5725 3821 5794 appellatus
3859 5730 3915 5780 et

2315 5814 2675 5877 Tribunitiatn
2716 5813 3040 5888 potestatem
3090 5814 3394 5887 acceperit,
3444 5813 3602 5874 sicuti
3645 5813 3790 5875 Fasti
3815 5812 3915 5874 ha-
