4242 6266
347 395 423 456 τε
1648 398 2108 462 ramentum
2129 447 2133 450 .
2153 404 2334 464 rm.
3098 430 3109 437 ·
3427 407 3436 417 ’
3587 421 3656 479 74

353 511 481 568 bent
505 510 845 577 Consulares,
868 510 1214 569 conﬁrmatur
1232 511 1376 569 dicta
1400 521 1583 569 nostra
1612 517 1941 587 conjectura.
1977 520 2030 579 Α
2058 519 2228 573 cribat
2255 537 2274 574 :
2313 519 2378 575 In
2426 522 2812 593 prmsentiarum
2860 533 2931 579 est
2976 527 3169 597 inertius
3208 530 3401 597 ardor,
3430 533 3542 596 ipsa
3568 551 3657 588 ca-

308 656 315 663 .
350 604 633 661 Conciliari
663 606 879 677 quidem
907 614 1130 676 possunt
1158 607 1546 679 inscriptiones
1592 619 1643 665 et
1676 608 1795 665 fasti
1821 625 1950 676 eon-

348 695 706 756 sulares‘cum
745 698 1019 771 Otiupbrio
1058 710 1113 757 et
1139 702 1306 757 altera
1336 700 1567 773 quadam
1597 701 1948 772 lnscriptione

346 792 438 848 ubi
485 793 785 864 appellatur
834 795 1136 852 Antoninus
1179 797 1318 867 Aug.
1377 795 1528 851 Trib.
1561 796 1678 851 Pot.
1728 814 1783 853 χ,
1816 798 1943 856 Cos.

349 900 451 941 ιιι.
481 884 652 957 desig.
687 894 746 941 ut
771 886 981 942 dicatur
1006 897 1219 959 emptus
1248 888 1574 958 ejns‘annus
1600 905 1652 943 ιι.
1688 888 1771 943 bis
1788 886 1943 945 Coss.

346 979 414 1034 ad
442 978 569 1035 Kal.
608 979 802 1047 Maias,
829 977 907 1036 ‘et
948 977 1129 1036 ﬁnitus
1157 997 1302 1037 anno
1327 983 1571 1053 sequenti
1597 981 1717 1037 Kal.
1751 982 1900 1039 Maiis
1928 1001 1942 1038 :

346 1069 441 1125 scd
472 1084 571 1126 nos
599 1071 665 1126 ad
694 1087 892 1127 anntnn
923 1083 1241 1144 sequentem
1276 1073 1477 1130 referre
1517 1074 1804 1130 maluimus
1826 1114 1842 1141 ,
1878 1089 1946 1131 ne

346 1160 434 1219 hic
460 1162 781 1235 prolixiores
808 1164 1003 1220 simus.

857 1299 1014 1352 Auno
1046 1294 1427 1375 Dominil'ccnx.
1456 1370 1459 1377 _

414 1433 505 1490 27.
526 1432 587 1491 S.
608 1434 883 1506 Zepbirini
903 1434 1061 1505 Papae
1083 1433 1304 1489 Romani
1334 1449 1389 1487 ι.
1410 1432 1591 1488 Severi
1611 1432 1807 1503 Imper.
1825 1449 1939 1490 xvr.

345 1525 1011 1596 Imp.CrES.M.AUREL.
1040 1524 1290 1581 SEVERI
1331 1523 1491 1581 AUC.
1519 1524 1579 1580 F.
1600 1524 1945 1581 ANTONINO

342 1616 510 1674 AUG.
540 1617 630 1673 ιιι.
652 1617 742 1677 ΕΤ
769 1618 827 1673 Ρ.
860 1616 1172 1674 SEPTIMIO
1199 1614 1447 1673 SEVER.
1472 1615 1633 1672 AUG.
1663 1616 1727 1671 F.
1755 1615 1941 1673 GETA

342 1708 526 1767 COSS.
537 1710 935 1767 Postcelcbrata
955 1710 1272 1766 Deecnnalia
1288 1711 1540 1765 Antonini
1563 1710 1745 1765 Rome
1761 1727 1789 1763 a
1803 1711 1945 1765 Ten-

340 1815 606 1857 wutsuo
620 1802 875 1874 scriptum
890 1816 1174 1871 censemus
1186 1801 1380 1856 librum
1402 1817 1469 1856 ns
1481 1801 1696 1858 CORONA
1713 1801 1943 1857 Mterts.‘

2055 610 2226 664 nicula
2274 614 2636 681 persecutionis
2679 613 2743 667 ab
2788 615 2883 669 isto
2928 616 3117 670 scilicet
3163 609 3505 691 cgnocrphalo
3535 624 3653 694 (ubi

2055 710 2145 753 aut
2175 699 2438 773 Severum
2461 702 2843 781 Imperatorem
2874 748 2891 773 ,
2922 715 3012 761 aut
3044 709 3221 778 potius
3268 712 3416 771 urbis
3466 713 3652 773 Romae

2054 790 2367 869 praelectum
2400 796 2452 848 in
2484 794 2726 851 absentia
2761 797 2902 851 illius
2923 798 3034 869 jam
3065 782 3479 859 inBritanniam
3511 822 3652 877 pro—

2050 880 2175 938 fecti
2195 926 2209 948 ,
2243 883 2549 959 intelligit);
2574 886 2705 943 alios
2726 890 2879 960 ignis,
2913 892 3043 946 alios
3068 894 3294 965 gladius,
3324 896 3457 957 alios
3480 897 3655 955 bestia:

2051 976 2371 1033 Christianos
2442 981 2815 1049 probaverunt,
2861 984 2979 1038 aliis
3041 987 3259 1057 fustibus
3331 972 3571 1061 insuper
3600 1003 3655 1048 et

2050 1071 2259 1139 ungulis
2333 1073 2627 1143 degustato'
2673 1076 2917 1147 martyrio
2944 1118 2959 1143 ,
3008 1079 3062 1131 in
3124 1095 3325 1135 carcere
3393 1084 3646 1140 esuriant.

2050 1161 2219 1219 Porro
2267 1163 2553 1223 Severum.
2585 1170 3207 1242 proptereaabsentem
3265 1174 3317 1228 in
3372 1175 3649 1235 Britannia

2049 1255 2318 1323 diximus,
2369 1259 2511 1329 quod
2557 1261 2915 1331 espeditionis
2957 1262 3279 1320 Britannica:
3316 1265 3420 1321 hoc
3460 1283 3645 1338 anno,

2050 1351 2125 1404 uti
2170 1361 2325 1431 antea
2357 1353 2704 1424 probavimus
2726 1397 2740 1422 ,
2788 1354 2943 1417 facta:
2987 1358 3330 1414 meminerint
3361 1361 3558 1418 Euseb.
3595 1364 3650 1418 in

2049 1439 2303 1519 Chronic.
2329 1442 2487 1499 Oros.
2512 1443 2605 1499 lib.
2636 1445 2688 1499 7.
2714 1461 2833 1518 cap.
2864 1462 2932 1502 ιι.
2962 1447 3156 1504 Paulus
3186 1449 3447 1507 Diaconus
3468 1453 3559 1508 lib.
3590 1454 3645 1509 8.

2049 1548 2168 1604 cap.
2198 1551 2236 1591 ι.
2276 1545 2402 1592 ante
2441 1553 2537 1593 eos
2576 1541 2929 1611 Spartianus,
2973 1542 3304 1599 llerodianus
3329 1587 3342 1610 ,
3385 1558 3438 1601 et
3470 1547 3567 1603 Dio
3595 1548 3649 1605 in

2050 1623 2270 1682 Severo.
2303 1627 2553 1683 Nondum
2578 1629 2721 1685 enim
2750 1630 3081 1687 Britanniam
3124 1635 3378 1700 Romanis
3406 1639 3649 1708 paruisse

2050 1719 2115 1773 ad
2149 1720 2198 1775 id
2231 1734 2398 1792 usque
2441 1725 2701 1793 temporis
2728 1767 2742 1790 ,
2790 1727 2950 1779 etiam
2997 1726 3111 1797 ipse
3150 1729 3336 1785 't‘erbis
3365 1730 3446 1785 his
3486 1746 3647 1802 supra

2051 1812 2227 1869 citatis
2272 1814 2470 1871 indicat
2512 1835 2525 1870 :
2574 1826 2621 1872 et
2676 1815 3038 1873 Britannorum
3087 1821 3344 1877 inaccessa
3399 1822 3650 1882 Romanis

340 1891 524 1948 Roma:
543 1893 685 1973 enim
706 1896 961 1964 scriptum
985 1900 1207 1964 apparet
1226 1908 1291 1948 ex
1305 1892 1489 1949 verbis
1505 1893 1612 1947 illis
1628 1911 1641 1948 :
1660 1893 1940 1948 Erubescitc

2051 1903 2183 1970 loca,
2224 1904 2426 1961 Christo
2464 1923 2580 1963 vero
2608 1908 2809 1962 subdita
2857 1910 2917 1982 (Ι.
2950 1910 3068 1966 adv.
3096 1910 3223 1966 Iud.
3259 1930 3305 1968 c.
3341 1915 3420 1985 7),
3464 1926 3649 1986 utpote

343 1985 562 2041 Ronum‘
575 1985 944 2041 commilitones
963 1988 1096 2058 ejus,
1126 1996 1179 2041 et
1197 1985 1262 2041 ad
1285 1985 1605 2063 Derennalia
1624 1984 1841 2063 videtur
1861 2001 1945 2041 re-

343 2079 617 2140 ferendum
649 2078 779 2135 illud
805 2078 926 2134 libri
957 2076 1350 2150 lrontispicium
1386 2094 1400 2130 :
1434 2076 1685 2137 Proxime
1703 2082 1842 2150 facta
1866 2086 1944 2133 est

342 2172 692 2230 LtBBllALI‘l’AS
710 2171 1264 2242 Prtestautissimorum
1277 2169 1684 2236 lurenuonuu;
1713 2171 1798 2226 cui
1816 2171 1943 2227 sub-

337 2265 570 2338 jicienda
605 2266 914 2336 putavimus
957 2279 1077 2335 qua:
1106 2272 1439 2333 sequuntur,
1486 2276 1553 2318 eo
1591 2262 1733 2333 quod
1777 2277 1940 2317 occa-

342 2359 550 2414 sionem
597 2359 780 2431 scripti
821 2357 981 2428 bujus
1029 2358 1148 2413 libri
1200 2356 1466 2421 indicent,
1498 2366 1682 2427 utpote
1710 2356 1761 2410 in
1790 2370 1897 2427 quo
1923 2397 1937 2424 ,

340 2462 691 2522 contraquam
754 2450 845 2506 alii
904 2448 1261 2506 mussitabant
1289 2458 1315 2514 ,‘
1355 2436 1675 2508 CliriStianis
1724 2462 1942 2504 corona:

340 2559 499 2600 usum
543 2542 907 2599 interdictum
930 2541 1168 2598 deducit.
1203 2540 1683 2613 Expungebantur,
1716 2540 1887 2612 inquit
1921 2584 1938 2613 ,

338 2639 393 2693 in
421 2631 613 2691 castris
637 2634 830 2691 Milites
849 2636 1109 2703 laureati.
1152 2635 1441 2689 Adhibetur
1460 2635 1665 2705 quidam
1695 2635 1802 2689 illic
1826 2651 1938 2689 ma-

339 2732 419 2803 gis
465 2728 562 2785 Dei
608 2728 802 2794 Miles;
845 2727 1003 2783 solus
1029 2727 1186 2783 libero
1212 2728 1393 2807 (capite
1415 2768 1431 2794 ,
1482 2738 1841 2783 coronamento
1886 2728 1940 2782 in

340 2840 496 2879 ntanu
553 2822 737 2877 otioso.
788 2819 998 2893 Singuli
1027 2809 1327 2892 designare,
1355 2819 1558 2877 eludere
1588 2812 1784 2874 eminus
1813 2859 1829 2885 ,
1868 2820 1942 2874 in-

341 2916 574 2990 frendere
646 2915 894 2969 cominus.
976 2911 1215 2967 Murmur
1288 2910 1485 2966 tribuno
1526 2910 1812 2983 defertur,
1889 2919 1939 2965 et

343 3024 559 3080 persona
584 3009 703 3079 jam
767 3023 831 3062 ea:
869 3006 1051 3061 ordine
1085 3014 1382 3061 accesserat.
1431 3004 1620 3060 Statim
1659 3005 1891 3060 tribunus
1918 3022 1938 3060 :

343 3099 445 3159 Cur
488 3098 731 3175 [inquit]
777 3111 883 3154 tant
927 3098 1155 3153 diversus
1193 3094 1656 3168 Itabitu?.Negavit
1684 3098 1773 3151 ille
1816 3114 1932 3151 cum

342 3192 535 3248 elaterii
550 3193 645 3247 sibi
658 3192 828 3259 licere.
847 3189 1066 3245 Caussas
1085 3189 1452 3260 expostulalus,
1472 3187 1792 3244 Christianus
1803 3205 1937 3255 sum,

342 3286 625 3357 respondit.
657 3282 925 3355 Sulfragia
977 3282 1192 3348 exinde,
1243 3291 1289 3336 et
1334 3297 1418 3336 res
1446 3282 1718 3352 ampliata,
1750 3292 1794 3335 et
1823 3298 1941 3337 reus

346 3380 417 3434 ad
449 3377 746 3448 Prtefectos.
776 3376 969 3431 Ibidem
991 3375 1202 3445 pe'nulus
1230 3375 1422 3449 posuit,
1455 3374 1850 3444 speculatoria»:
1879 3374 1943 3429 de

348 3470 565 3543 pedibus
593 3470 803 3524 absolvit
822 3510 838 3535 ,
866 3469 1091 3541 gladium
1118 3467 1341 3523 reddidit
1365 3466 1512 3540 (nam
1542 3466 1793 3522 militaria
1820 3480 1941 3531 omo,

345 3564 437 3618 nia
466 3562 692 3633 insignia
713 3561 765 3617 in
785 3561 1187 3634 exautoratione
1212 3560 1441 3615 militum
1472 3560 1593 3615 exui
1625 3559 1823 3639 solere,
1854 3559 1939 3615 vel

342 3670 409 3731 es
443 3653 747 3710 Herodiano
775 3653 868 3709 lib.
899 3653 952 3707 2.
986 3651 1330 3713 manifestum
1358 3663 1441 3707 est
1471 3693 1486 3719 ,
1539 3651 1687 3731 initio
1714 3650 1929 3723 Imperii

340 3728 574 3819 severi).
608 3745 677 3801 Et
705 3761 841 3800 nunc
856 3751 1092 3800 rus'satus
1117 3743 1380 3815 sanguinis
1407 3742 1488 3799 sui
1513 3728 1623 3815 spe,
1646 3743 1938 3798 donativum

340 3840 531 3896 Christi
592 3839 645 3893 in
695 3840 916 3893 carcere
939 3844 1191 3909 expectat,
1238 3835 1442 3890 Exinde
1485 3835 1744 3890 sententite
1786 3851 1939 3905 super

337 3935 430 3990 illo
452 3975 467 3999 ,
495 3933 665 3989 nescio
688 3949 757 3985 an
796 3929 1199 3986 Christianorum
1243 3929 1371 3998 (non
1399 3928 1678 4015 enimmlite
1714 3928 1941 3984 ethnico—

339 4025 477 4096 rum)
505 4067 521 4093 ,
560 4035 615 4079 ut
654 4024 717 4078 de
756 4022 974 4089 abrupto
1012 4032 1056 4076 et
1087 4021 1340 4092 ιιι·ωεὶρίιὶ
1383 4031 1428 4074 et
1455 4021 1585 4074 mori
1615 4021 1823 4089 cupido,
1852 4022 1937 4091 qui

341 4117 405 4172 de
431 4117 610 4171 habitu
660 4098 1029 4187 interrogatus}
1061 4111 1276 4167 Nemini
1318 4112 1572 4182 negotium
1602 4111 1795 4182 fecerit.
1828 4107 1938 4167 Nec

339 4225 469 4266 vero
511 4205 1035 4271 omittendumillud
1084 4223 1096 4258 :
1147 4203 1311 4259 Plane
1363 4216 1629 4274 superest,
1683 4212 1735 4256 ut
1784 4203 1936 4258 etiam

302 4302 589 4375 ‘ntartyria
631 4314 867 4355 recusare
910 4298 1256 4377 meditenturr
1280 4294 1556 4350 Mussitant
1596 4294 1808 4364 denique
1832 4304 1935 4348 tam

341 4394 525 4449 bonum
565 4392 858 4462 et'longant
896 4388 997 4442 sibi
1037 4404 1212 4458 pacem
1263 4386 1559 4456 periclitari.
1609 4383 1720 4438 Nec
1764 4385 1937 4438 dubito

340 4487 593 4561 quosdam
625 4486 907 4556 scripturas
931 4482 1201 4553 emigrare,
1232 4479 1461 4534 sarcinas
1487 4477 1755 4548 expedire,
1801 4479 1941 4549 fuga:

2048 1993 2215 2050 Lucio
2240 1995 2631 2054 Britanniarum
2659 1998 2803 2070 Rege
2828 2002 2986 2071 paulo
3012 2013 3150 2076 ante.
3166 2019 3267 2075 ope
3292 2004 3352 2084 S.
3374 2004 3647 2065 Eleutlteri

2048 2086 2208 2157 Papae
2230 2088 2297 2143 ad
2324 2088 2485 2145 Iidem
2516 2105 2801 2157 converso,
2837 2093 2962 2148 item
2993 2094 3155 2151 etiam
3187 2096 3290 2153 illis
3322 2115 3334 2151 :
3363 2095 3648 2155 Britannia:

2046 2180 2181 2234 intra
2208 2178 2398 2236 Oceani
2417 2181 2545 2263 lines
2576 2184 2829 2239 conclusa:
2856 2195 2993 2239 sunt.

2564 2316 2721 2372 Anno
2761 2316 2969 2373 Domini
3008 2334 3129 2375 ccx.

2105 2447 2195 2503 98.
2213 2447 2271 2504 S.
2290 2435 2581 2522 Zepliyrini
2597 2435 2825 2507 Romani
2846 2452 3118 2510 Pontiﬁcis
3139 2470 3211 2509 ιιι.
3234 2454 3418 2511 Severi
3448 2456 3644 2527 Imper.

2043 2554 2172 2595 xvu.
2200 2539 2270 2595 M.
2298 2541 2602 2598 AURELIO
2616 2542 2917 2600 CLAUDIO
2940 2545 3009 2600 Μ.
3032 2545 3092 2599 F.
3125 2544 3534 2611 POMPEIANO.
3556 2549 3646 2604 ET

2042 2629 2384 2689 LOLLIANO
2406 2633 2613 2690 AVITO
2629 2635 2812 2692 COSS.
2838 2636 3024 2691 Romae
3047 2637 3221 2694 adhuc
3237 2640 3480 2696 existens
3506 2640 3647 2695 Ten-

2044 2738 2358 2789 TULLIANUS.
2383 2727 2666 2798 scripsisse
2691 2728 2822 2783 mihi
2842 2728 3051 2799 videtur
3075 2730 3265 2786 librum
3292 2748 3358 2788 ne
3378 2731 3649 2789 VELANDIS

2044 2813 2352 2889 Vinctumus
2375 2859 2389 2882 ,
2429 2834 2588 2888 quem
2616 2818 2816 2893 Graece
2854 2836 3065 2895 quoque
3103 2824 3360 2893 scriptum
3393 2840 3519 2897 esse.
3560 2826 3646 2883 bis

2044 2907 2240 2965 fatetur
2281 2911 2461 2967 verbis
2494 2930 2506 2964 :
2542 2910 2825 2984 Proprium
2862 2914 2972 2983 iam
3012 2917 3268 2987 negotium
3311 2934 3491 2986 passus
3521 2935 3645 2975 mea:

2043 3001 2335 3069 opinionis,
2386 3001 2571 3058 Latine
2620 3020 2821 3076 quoque
2869 3007 3132 3062 ostendam
3175 3009 3392 3079 virgines
3444 3022 3645 3066 nostras

2045 3093 2202 3147 velari
2220 3102 2472 3164 oportere.
2499 3094 2636 3163 (Lib.
2669 3096 2733 3150 de
2757 3094 2873 3152 Vel.
2903 3099 3093 3168 rirg.c.
3127 3114 3143 3152 ι
3174 3099 3210 3167 ).
3249 3099 3322 3153 De
3348 3115 3454 3169 quo
3482 3115 3644 3172 argu-

2046 3193 2230 3239 mento
2255 3200 2401 3240 anno
2425 3186 2670 3254 sequenti
2716 3186 2895 3241 latius.
2941 3188 3231 3255 Scripsisse
3256 3190 3417 3244 etiam
3448 3192 3641 3247 verisi-

2044 3276 2171 3331 mile
2213 3284 2297 3330 est
2343 3275 2506 3343 paulo
2561 3285 2715 3345 post,
2775 3276 2883 3346 jam
2929 3275 3305 3347 Carthaginem
3339 3295 3641 3351 reversum,

2044 3366 2239 3422 librum
2296 3364 2658 3441 ADVERSUS
2705 3366 3071 3435 PltAXEAN,
3120 3370 3186 3424 de
3234 3386 3344 3442 quo
3395 3375 3639 3431 Auctor:

2044 3455 2154 3531 Iste
2176 3499 2192 3525 ,
2243 3456 2453 3529 inquit,
2488 3459 2681 3529 primus
2707 3476 2770 3514 ea:
2798 3461 2922 3515 Asia
2960 3461 3055 3516 hoc
3093 3478 3251 3531 genus
3298 3445 3642 3535 perversitatis

2043 3550 2213 3605 intulit
2243 3549 2463 3616 Romte;
2512 3552 2663 3608 homo
2712 3565 2759 3608 et
2813 3552 2948 3609 alias
2995 3555 3285 3625 inquietus,
3341 3540 3549 3630 insuper
3595 3574 3645 3618 et

2044 3644 2108 3697 de
2133 3644 2419 3714 jactatione
2446 3643 2691 3717 Marlgrii
2731 3647 2940 3717 inﬂatus
2976 3650 3038 3702 ob
3074 3652 3238 3704 solum
3267 3661 3313 3705 et
3339 3654 3560 3724 simplex
3595 3667 3644 3710 et

2044 3737 2189 3791 breve
2214 3739 2431 3793 carceris
2456 3738 2683 3793 taedium.
2717 3738 3133 3797 Fructiravernnt
3156 3761 3327 3800 avena:
3358 3746 3643 3806 Praxeante

2046 3831 2129 3885 hic
2153 3848 2350 3902 quoque
2374 3832 2593 3905 (nempe
2622 3834 2673 3888 in
2704 3833 2905 3906 Africa)
2930 3839 3364 3907 superseminatte,
3395 3843 3643 3898 traducta:

2042 3923 2227 3977 dehinc
2252 3940 2343 3994 per
2378 3940 2527 3995 quem
2557 3923 2698 3980 Deus
2723 3928 2878 3981 voluit
2923 3927 3203 3999 (quantum
3246 3919 3499 4003 apparet,
3543 3935 3645 3991 Ze-

2042 4016 2317 4087 phyrinum
2355 4017 2555 4088 Papam
2579 4060 2593 4083 ,
2637 4028 2819 4090 utpote
2845 4018 2913 4075 de
2941 4036 3047 4090 quo
3088 4022 3192 4078 tale
3232 4025 3321 4094 qui
3355 4026 3529 4097 tradat
3575 4029 3639 4084 Β.

2041 4105 2397 4177 Opt.Milevit.
2426 4109 2464 4163 Ι.
2485 4125 2522 4164 ι.
2547 4119 2731 4164 contra
2760 4110 3147 4186 Parmenian.),
3176 4115 3327 4169 etiam
3350 4119 3536 4173 evulsa:
3562 4122 3639 4174 vi-

2041 4199 2305 4253 debantur.
2355 4199 2586 4273 Denique
2625 4211 2826 4256 caverat
2864 4203 3133 4270 pristinum
3172 4205 3351 4259 doctor
3378 4208 3441 4262 de
3464 4226 3639 4264 emen-

1997 4289 2009 4297 ’
2042 4288 2248 4345 datione
2270 4308 2392 4358 sua,
2425 4302 2474 4347 et
2504 4302 2671 4347 manet
2695 4294 3093 4364 chirographum
3127 4296 3270 4366 apud
3313 4297 3593 4370 I’sychicos
3615 4344 3630 4368 ,

2041 4385 2181 4455 apud
2206 4401 2330 4455 quos
2351 4395 2468 4439 tunc
2500 4403 2580 4440 res
2600 4397 2740 4459 gesta
2769 4397 2841 4442 est
2864 4429 2880 4454 ,
2926 4389 3107 4449 exinde
3134 4389 3412 4445 silentium.
3458 4395 3642 4449 Avente

2041 4492 2159 4531 vero
2185 4476 2291 4532 illa:
2319 4478 2502 4550 ubique
2528 4489 2645 4535 tunc
2667 4497 2835 4535 semen
2857 4494 3201 4538 excusserant.
3231 4484 3312 4538 Ita
3339 4486 3639 4557 aliquandiu

343 4581 541 4652 accingi
569 4579 632 4633 de
660 4578 861 4633 civitate
886 4577 939 4630 in
976 4575 1247 4629 civitatem.
1273 4570 1410 4626 Novi
1434 4583 1479 4626 et
1509 4583 1737 4642 pastores
1762 4587 1936 4624 eorum
1961 4603 2016 4665 Β
2046 4587 2136 4642 per
2151 4571 2442 4643 hypocrisin
2469 4574 2683 4629 subdola
2710 4576 2974 4629 vivacitate
2999 4578 3236 4642 latitavit,
3256 4590 3301 4631 et
3322 4595 3455 4631 nunc
3472 4580 3638 4635 denuo

344 4674 401 4726 in
428 4688 556 4743 pace
580 4671 781 4737 leones,
828 4671 884 4724 in
912 4669 1089 4738 praelia
1120 4683 1310 4722 cervos.
1341 4664 1448 4721 Sed
1487 4665 1549 4719 de
1577 4666 1939 4731 qua’stionibus

342 4764 720 4836 confessionum
762 4761 885 4817 alibi
916 4760 1226 4816 docebimus.
1276 4759 1502 4814 Detuitat
1545 4757 1687 4813 enim
1734 4756 1807 4811 ibi
1848 4767 1940 4811 aut

343 4860 540 4916 librum
564 4857 631 4912 de
656 4856 798 4928 Fuga
830 4856 882 4911 in
914 4854 1312 4923 persecutione,
1343 4862 1436 4907 aut
1464 4850 1606 4922 quod
1638 4852 1807 4922 magis
1836 4852 1941 4922 pla-

345 4961 450 5017 cet,
466 4955 1090 5015 Sconrt‘scouanreasus
1109 4946 1424 5003 Guosrtcos.
1446 4942 1590 5015 (Lib.
1610 4946 1711 4999 adv
1755 4941 1936 4998 Guast.

345 5055 390 5121 et
416 5061 464 5099 c.
492 5046 555 5111 ι),
578 5059 770 5112 nempe
793 5041 1071 5117 Prodicum
1102 5040 1446 5108 Scorpianunt
1471 5047 1519 5091 et
1548 5038 1682 5091 alios
1722 5035 1942 5113 Valenti-

344 5139 529 5193 nianos
556 5135 922 5207 Martyriorum
949 5138 1320 5207 refragatores,
1348 5134 1435 5203 qui
1466 5135 1577 5200 jam
1608 5131 1659 5185 in
1708 5130 1938 5185 Africam

346 5228 645 5296 irrumpere
669 5238 973 5297 (inperant:
999 5225 1087 5298 (de
1116 5225 1308 5295 quibus
1327 5223 1503 5277 videat
1523 5221 1717 5277 Lector
1738 5223 1937 5291 Annot.

347 5316 756 5391 nostrasﬂlbid.
786 5334 832 5373 c.
859 5315 946 5390 ι.].
980 5317 1243 5373 Fortassis
1264 5316 1424 5371 etiam
1442 5314 1624 5367 [toruae
1655 5315 1933 5383 scriptum.

347 5410 405 5467 In
421 5426 488 5467 eo
503 5413 646 5467 enim
663 5420 717 5467 et
731 5410 794 5465 de
809 5410 1166 5480 qurestionibus
1185 5406 1579 5478 confessionum,
1602 5403 1651 5457 id
1672 5415 1776 5468 est,
1799 5403 1939 5473 quod

344 5504 588 5560 conﬁteri
615 5502 891 5559 Christum
933 5517 1155 5557 necesse
1183 5500 1292 5563 sit,
1319 5498 1578 5552 latissime
1610 5497 1856 5559 deducit.
1888 5505 1945 5551 et

349 5597 775 5672 persecutionem
805 5595 1044 5650 omnium
1074 5592 1441 5663 gravissimam
1466 5630 1483 5653 ,
1529 5605 1648 5659 qua:
1679 5588 1818 5643 dicta
1848 5604 1941 5649 oc:

349 5688 566 5744 casione
610 5697 735 5760 post
776 5687 988 5758 longam
1023 5699 1208 5756 pacem
1239 5684 1444 5756 (utpote
1473 5696 1636 5752 quum
1672 5680 1852 5734 Romzc
1883 5688 1938 5734 et

350 5781 409 5837 in
436 5780 612 5837 Africa
632 5783 700 5837 ad
727 5781 780 5837 id
824 5791 1080 5852 temporis
1124 5779 1278 5851 pauci
1313 5778 1561 5848 leguntur
1591 5774 1690 5828 sub
1737 5773 1940 5830 Severo

349 5875 494 5948 passi
540 5876 826 5949 martyres)
855 5873 1193 5930 reci-induisse
1223 5871 1462 5945 videtur,
1497 5869 1579 5927 bis
1608 5867 1786 5925 verbis
1814 5868 1939 5924 des-

710 5968 1145 6029 Temenum
1165 6023 1171 6031 ,
1189 5964 1240 6026 Ι.

2043 4665 2205 4733 erupit
2232 4665 2372 4735 (adv.
2410 4664 2601 4730 Prax.,
2626 4682 2654 4720 c
2710 4665 2810 4736 1.).
2847 4666 2923 4720 Ex
2953 4667 3148 4736 quibus
3167 4667 3341 4721 verbis
3370 4671 3499 4723 satis
3542 4687 3645 4741 pas,

2045 4764 2157 4821 tet,
2187 4765 2239 4809 et
2283 4772 2566 4812 revocasse
2609 4774 2760 4812 suam
2794 4759 3023 4812 Itaaresin
3066 4758 3353 4827 aliquando
3399 4760 3640 4819 Praxcan

2044 4846 2407 4917 disputatione
2436 4848 2662 4916 alicujus
2685 4848 3025 4903 emendatum
3055 4890 3069 4911 ,
3110 4848 3204 4904 sed
3234 4838 3429 4907 iternnf
3463 4854 3640 4931 relap-

2044 4952 2162 4991 sum
2189 4938 2366 4991 denuo
2392 4939 2636 5007 erupis-e
2662 4978 2676 5000 ,
2720 4949 2772 4992 et
2811 4938 2935 4992 dum
2978 4939 3065 4995 bic
3112 4940 3247 4997 liber
3271 4946 3597 5004 scriberetur
3622 4990 3641 5011 .

2043 5031 2219 5087 adhuc
2243 5033 2622 5101 supervixisse.
2650 5031 2963 5102 Quanquam
3004 5034 3217 5090 interim
3243 5078 3258 5101 ,
3286 5040 3327 5091 si
3358 5054 3541 5094 verum
3571 5041 3645 5094 sit

2043 5122 2184 5194 quod
2209 5121 2353 5177 addit
2386 5121 2454 5177 de
2480 5121 2715 5178 Montani
2755 5122 3032 5195 prOplictia
3064 5126 3181 5195 ejus
3222 5143 3325 5196 ope
3370 5130 3595 5197 expulsa
3622 5171 3639 5196 ,

2043 5215 2473 5286 quandoquidem
2497 5215 2642 5270 illnnt
2666 5215 2913 5273 ﬂoruisse
2934 5229 3139 5273 constet
3165 5219 3264 5273 sub
3282 5219 3643 5275 S.Eteutliero

2047 5308 2187 5378 Papa
2211 5348 2226 5375 ,
2258 5317 2502 5379 oporteat
2522 5308 2631 5377 jam
2663 5325 2846 5365 senem
2880 5308 3041 5365 fuisse
3073 5311 3332 5365 I’raxean.
3365 5310 3471 5365 Nos
3489 5320 3641 5366 certe

2046 5400 2261 5456 vixdum
2291 5400 2343 5455 in
2380 5418 2445 5456 eo
2474 5402 2617 5472 quod
2665 5392 2867 5457 dictum
2895 5411 2979 5457 est
3004 5444 3018 5469 ,
3049 5403 3266 5457 Auctori
3298 5402 3456 5458 ﬁdem
3484 5404 3641 5461 adbi-

2047 5492 2276 5548 bcndam
2307 5503 2592 5562 putamus;
2627 5502 2734 5547 tum
2772 5493 2914 5562 quod
2953 5491 3011 5548 S.
3045 5492 3305 5547 Pacianus
3352 5492 3468 5550 hinc
3508 5510 3636 5551 vera
3714 5542 3721 5546 .

2047 5587 2245 5642 scribat
2283 5586 2351 5641 de
2390 5585 2666 5641 haereticis
2706 5586 3123 5656 catapbrygibus
3163 5603 3175 5638 :
3225 5604 3242 5637 ι
3284 5586 3351 5641 Et
3408 5589 3643 5658 primum

2049 5680 2100 5734 lii
2126 5680 2364 5747 pluribus
2393 5678 2634 5733 nituntur
2679 5677 3035 5742 Auctoribus;
3084 5693 3203 5731 nam
3255 5689 3379 5748 puta
3424 5678 3644 5737 Grazcus

2048 5771 2262 5826 Blastus
2300 5770 2537 5842 ipsorum
2565 5777 2687 5835 est;
2722 5768 3030 5825 'l‘lteodotus
3059 5784 3273 5841 quoque
3314 5781 3367 5825 et
3414 5770 3644 5829 I’raxeas

2051 5858 2265 5921 vestr'os
2294 5860 2579 5936 aliquando
2606 5861 2939 5919 docuerunt:
2983 5882 2999 5914 ι
3034 5873 3165 5928 ttnn,
3196 5863 3338 5935 quod
3388 5864 3501 5936 ipse
3530 5865 3644 5920 Au-

2950 5953 3203 6035 (Trois.)
