4242 6266
335 323 404 380 ’Π
1635 320 2098 386 TERTULLIANI
2142 321 2320 384 \‘ITA.

3581 311 3666 389 78‘

340 441 483 512 quod
515 442 584 498 ob
607 440 873 513 repulsam
909 439 1273 511 Episcopatus
1315 437 1474 501 Rom.
1515 440 1567 498 in
1617 441 1850 499 scbisma
1889 445 1946 498 ut
1971 439 2023 508 Α
2055 440 2290 510 opposita
2339 439 2699 512 delinquimus.
2760 440 2868 515 (ι.
2893 443 2977 497 de
3018 443 3195 514 Jejun.
3251 461 3299 501 c.
3355 446 3445 504 13.
3493 448 3531 504 l.
3579 451 3651 514 de

343 533 590 590 bmresim
657 533 908 590 inciderit
968 533 1317 592 Novatianus.
1391 534 1557 591 Porro
1611 533 1656 590 si
1717 544 1938 592 βιαιως

343 627 644 682 munieatus
675 626 846 684 fuerat
861 626 1175 697 justissimis
1192 625 1433 697 proiecto
1453 627 1518 684 de.
1535 625 1760 689 caussis,
1779 625 1940 688 etiam

341 718 587 776 fortassis
642 719 694 774 in
737 719 1011 775 absentem
1060 734 1180 776 eam
1227 719 1346 782 tulit
1373 720 1696 778 sententiam
1739 717 1797 775 Β.
1842 715 1944 772 Ze~

342 812 604 884 pltyrinus
651 811 918 868 Pontifex.
969 812 1203 870 Primum
1258 813 1400 870 enim
1454 813 1505 867 in
1560 813 1654 868 lib.
1691 810 1945 869 omnibus

344 905 555 974 scriptis
602 904 734 959 citra
797 904 883 960 Η.
911 904 1116 974 imperii
1166 905 1351 961 Severi
1394 907 1641 972 Annum,
1691 902 1947 958 Paracleti

343 1013 485 1052 nocte
545 997 825 1067 prepltetire
888 997 1171 1069 frequenter
1198 1041 1212 1066 ,
1281 999 1511 1070 Spiritus
1565 1001 1729 1056 sancti
1783 998 1946 1054 etiam

341 1089 575 1150 Montani
606 1091 782 1148 verbis
809 1092 917 1160 jam
948 1094 1123 1156 citatis
1150 1094 1413 1158 meminit,
1463 1094 1618 1150 sicuti
1638 1094 1800 1150 etiam
1833 1109 1945 1147 mus

342 1182 478 1238 lieris
496 1180 827 1252 Prop/tendis
849 1183 1101 1249 subinde,
1125 1184 1288 1240 modo
1308 1184 1620 1248 Priscillam.
1643 1185 1805 1240 modo
1823 1181 1944 1240 Ala-

341 1275 590 1334 xnniltam
615 1275 954 1344 signiﬁcans;
980 1286 1036 1332 et
1073 1277 1320 1334 similiter
1349 1277 1416 1334 de
1439 1276 1622 1335 Επιαή
1657 1277 1817 1332 habet
1839 1290 1947 1334 non

343 1380 533 1436 pauca,
583 1366 714 1421 locis
743 1366 923 1422 citatis
969 1367 1110 1423 inter
1141 1367 1412 1426 Paradoxa
1439 1369 1689 1432 Aucterls
1715 1367 1736 1440 (
1759 1367 1820 1422 ι.
1879 1369 1948 1426 ad

345 1455 510 1512 Prax.
543 1474 591 1512 c.
623 1458 700 1527 I).
753 1457 959 1514 Deinde
1005 1457 1281 1530 Psyclticos
1326 1476 1561 1532 quoque,
1609 1460 1660 1515 id
1707 1471 1792 1516 est
1838 1461 1950 1514 ani»

344 1553 502 1607 mules
528 1553 804 1622 appellare
841 1552 1002 1622 cmpit
1045 1552 1368 1618 Catltolieos,
1406 1563 1518 1610 tum
1536 1553 1752 1613 advers.
1781 1552 1946 1616 Marc.

343 1655 458 1704 tum
491 1645 702 1702 advers.
744 1644 981 1700 Praxean
1001 1688 1014 1710 ,
1041 1646 1196 1702 sicuti
1227 1647 1388 1706 etiam
1417 1647 1488 1700 ibi
1520 1646 1696 1707 latius.
1733 1645 1948 1701 Postreq

343 1753 438 1796 ttto
475 1738 652 1796 omnia
695 1737 783 1792 illa
828 1737 982 1793 simul
1013 1736 1347 1807 conjungens
1375 1738 1466 1792 lib.
1499 1738 1622 1792 adv.
1657 1738 1906 1801 I’raxeatt
1929 1777 1947 1802 ,

2048 530 2198 602 Fuga
2225 532 2278 590 in
2309 549 2500 603 persae.
2545 550 2591 590 c.
2643 534 2741 604 5.)
2788 534 2939 596 IIune
2987 552 3152 608 quum
3205 547 3394 596 contra
3449 540 3642 600 Eccle-

2047 623 2179 680 siant
2215 624 2474 695 scriptum
2513 636 2776 694 asserunt,
2810 627 2899 686 ubi
2945 642 3125 699 supra,
3166 629 3226 684 Β.
3268 630 3644 704 Hieronymus,

2047 713 2376 784 Sophronias
2393 727 2442 772 et
2472 717 2823 788 Nieepborus,
2846 719 3133 778 verisimile
3165 721 3224 778 lit
3256 720 3474 786 Fabium
3495 725 3643 784 illum

2049 807 2349 868 Romanum
2377 810 2539 866 fuisse
2559 810 2957 883 Presbyterum.
2990 812 3149 877 Certe
3172 815 3314 886 quod
3339 816 3519 889 aliquo
3548 819 3647 876 miv

2051 900 2276 962 nisterio
2305 902 2680 960 Ecclesiastico
2702 904 2915 961 functus
2946 949 2960 970 ,
3005 906 3258 979 colligere
3278 917 3449 968 estex
3473 891 3648 968 verbis

2051 991 2156 1050 illis
2188 1012 2200 1050 :
2234 994 2342 1050 Sed
2371 1012 2527 1066 quum
2555 997 2654 1066 ipsi
2695 997 2940 1056 Auctores
2964 1041 2977 1063 ,
3009 999 3064 1054 id
3084 1009 3154 1056 est
3176 1043 3191 1066 ,
3228 999 3461 1068 Diaconi,
3495 999 3650 1066 Press

2051 1085 2212 1157 byteri
2237 1098 2283 1146 et
2316 1086 2576 1160 EpiscOpi,
2602 1089 2822 1160 fugiunt,
2869 1091 3121 1161 quomodo
3163 1091 3323 1148 laicus
3371 1093 3650 1165 intelligere

2054 1179 2232 1247 poterit
2261 1178 2513 1246 ?Quibus
2547 1179 2762 1236 interim
2806 1182 3021 1252 quando
3064 1182 3083 1253 (
3108 1192 3454 1254 contraqnam
3485 1186 3651 1251 sentit

2053 1272 2294 1342 Auctor)
2325 1271 2506 1343 lugere
2533 1272 2690 1330 liceat
2713 1316 2726 1340 ,
2786 1275 2840 1330 in
2869 1275 3317 1341 Annmationibus
3343 1279 3543 1343 nostris
3567 1279 3650 1338 lao

2057 1366 2181 1424 tius.
2213 1365 2454 1424 Meminit
2485 1367 2537 1425 in
2563 1382 2630 1426 eo
2649 1369 2809 1426 etiam
2841 1368 3024 1429 Rutilii
3052 1372 3360 1427 sanctissimi
3381 1371 3652 1444 Martyris:

2054 1475 2214 1530 porro
2240 1471 2294 1516 et
2326 1460 2425 1516 sub
2451 1460 2651 1518 Severo
2679 1461 2818 1519 baud
2859 1464 3021 1520 dubie
3051 1463 3236 1528 referri
3263 1464 3422 1522 debet
3449 1510 3465 1534 ,
3510 1465 3655 1537 quod

2053 1553 2296 1610 scribunt
2323 1552 2514 1610 Euseb.
2547 1562 2601 1608 et
2631 1551 2917 1624 Niccpltor.
2952 1554 3020 1610 de
3051 1555 3295 1626 Origenis
3328 1556 3497 1626 prima
3529 1571 3653 1626 perv

2055 1645 2329 1700 secutione
2355 1645 2585 1706 maxima
2610 1645 2750 1715 apud
2779 1645 3156 1704 Alexandriam
3173 1690 3187 1713 ,
3217 1657 3503 1717 antequam
3529 1663 3652 1713 sese

2057 1739 2171 1807 ipse
2197 1745 2475 1793 castraret.
2530 1737 2686 1807 Atqui
2720 1736 2794 1811 ad
2845 1737 3174 1794 intellectum
3206 1739 3453 1798 Auctoris
3493 1737 3652 1809 facit,

342 1830 634 1888 Rotnmtum
665 1829 998 1900 Episcopum,
1031 1842 1292 1900 quantum
1322 1841 1566 1901 apparet,
1601 1830 1953 1887 Eleutlteri-utu
1982 1854 2028 1913 Β
2059 1829 2145 1886 ιιιιί
2172 1830 2331 1886 dicit:
2363 1829 2693 1886 Maledictum
2720 1847 2823 1886 esse
2848 1841 2964 1891 ante
3012 1834 3272 1886 éwsos’mw
3332 1831 3494 1890 Deum
3545 1830 3658 1888 Cato

344 1924 729 1988 ealumttiatur,
767 1933 1018 1993 tanquam
1048 1926 1140 1995 qui
1186 1940 1482 1994 agnoscens
1504 1925 1613 1994 jam
1645 1923 1952 1994 l’ropltetias

350 2014 608 2079 .llontani,
647 2013 841 2070 Prisrte
867 2026 914 2070 et
945 2015 1270 2081 Maximilla,
1295 2033 1358 2072 ea:
1387 2033 1448 2072 ca
1492 2018 1752 2089 agnitione
1782 2033 1957 2088 pacem

345 2106 590 2168 Ecclesiis
619 2107 755 2162 Asite
778 2118 826 2162 et
865 2107 1110 2180 Phrygia
1156 2109 1346 2179 inferre
1375 2120 1587 2179 paratus
1624 2111 1796 2180 fuerit,
1852 2110 1955 2168 nisi

356 2197 584 2256 Praxeas
610 2199 742 2269 falsa
767 2201 1072 2269 (perperam
1104 2197 1320 2271 inquit)‘
1345 2201 1407 2255 de
1435 2201 1561 2271 ipsis
1596 2194 1868 2269 Propltetis
1906 2210 1955 2256 et

356 2291 594 2348 Ecclesiis
619 2309 795 2348 eorum
823 2295 1184 2358 asseveruudo,
1213 2294 1453 2364 coegisset
1487 2295 1681 2348 litteras
1708 2294 1846 2360 pacis
1873 2310 1954 2348 rec.

349 2399 528 2438 vocare
539 2385 654 2454 jam
678 2384 912 2446 emissas,
954 2393 1002 2440 et
1037 2401 1070 2438 a
1096 2385 1356 2456 proposito
1398 2384 1802 2455 recipiendorum
1831 2385 1955 2439 cltu-

347 2476 612 2534 rismatum
641 2492 953 2532 concessure.
988 2476 1051 2532 Et
1073 2476 1295 2546 insuper
1323 2477 1516 2532 diaboli
1552 2477 1809 2548 negotium
1831 2492 1952 2546 prae

249 2597 256 2604 -
351 2583 553 2622 curasse
580 2566 758 2631 dicit,
805 2568 893 2636 qui
946 2567 1266 2638 prophetiam
1309 2568 1527 2637 expulit,
1567 2578 1612 2624 et
1643 2568 1958 2638 put-ueletiam

351 2661 564 2733 fugavit.
589 2659 745 2716 Certe
767 2661 881 2731 ipse
904 2663 1103 2716 Auctor
1125 2660 1749 2719 Excommunieationem
1771 2662 1822 2716 in
1848 2661 1958 2716 lun-

350 2752 547 2807 reticos
598 2752 858 2823 approbat
910 2768 1017 2808 non
1082 2769 1187 2808 uno
1253 2752 1308 2809 in
1376 2754 1494 2810 loco
1549 2753 1773 2826 (Scerp.
1830 2753 1952 2816 adu.

356 2844 534 2902 (inest.
561 2862 608 2900 c.
646 2847 668 2901 I
693 2845 755 2917 .).

855 2981 1013 3035 Anno
1041 2979 1250 3036 Domini
1281 2995 1443 3036 ccxtt.

425 3113 453 3188 ᾗ
500 3114 639 3170 XVI.
706 3113 786 3169 De
835 3116 1028 3170 ultimis
1083 3115 1384 3170 Tertulliani
1437 3114 1760 3176 montanisue
1791 3115 1956 3188 libris,

354 3224 418 3266 ne
467 3206 616 3278 Fuga
667 3208 719 3262 iu
762 3208 1127 3278 persecutione,
1163 3209 1226 3263 de
1278 3207 1645 3270 Ezhortutioue
1690 3208 1957 3275 castitatis,

355 3300 418 3354 de
449 3297 799 3370 Honogamia,
828 3301 892 3356 de
909 3299 1133 3371 Jejuniis
1161 3300 1400 3363 adversus
1429 3299 1728 3372 Psyeln'cos,
1761 3300 1824 3356 de
1853 3299 1961 3358 Pu-

363 3392 537 3444 dicitia
564 3432 579 3457 ,
609 3393 670 3445 de
699 3390 898 3458 Extasi,
931 3392 1170 3456 adversus
1198 3394 1529 3464 Apollonium
1550 3393 1858 3464 Septimum.
1888 3424 1960 3438 —-

362 3484 454 3538 51.
489 3483 546 3539 S.
577 3482 861 3556 Zepltyrini
891 3485 1046 3557 Papa:
1073 3487 1298 3547 Romani
1321 3505 1432 3544 xm.
1457 3487 1528 3546 Μ.
1562 3489 1765 3548 Aurelii
1795 3491 1962 3546 Anto-

361 3577 475 3632 nini
509 3576 746 3632 Bassiani
775 3577 851 3633 Pii
894 3579 1090 3636 Felicis
1118 3582 1345 3653 Augusti
1397 3580 1692 3638 Britannici
1738 3581 1963 3639 Germa-

360 3672 464 3726 nici
497 3671 715 3743 Imperii
751 3690 785 3728 ι.
819 3675 883 3745 ρ.
944 3677 1172 3733 Ειιιιιιο
1202 3678 1263 3734 L.
1307 3677 1368 3734 F.
1403 3678 1962 3737 RUFOLOLLIANO

357 3764 727 3834 GENTIANO,
761 3767 850 3824 ET
869 3767 1209 3826 POMPONIO
1227 3770 1441 3828 BASSO
1463 3770 1650 3829 COSS.
1684 3774 1960 3844 conscrip-

361 3866 470 3912 tum
531 3861 1327 3920 censemns'TERTULLIANl
1377 3864 1579 3922 librum
1641 3863 1729 3920 DE
1775 3863 1960 3921 FUGA

362 3951 428 4006 IN
469 3953 1020 4012 PEItSECUTIONE.
1075 3955 1236 4033 quue
1275 3970 1400 4014 ante
1453 3959 1730 4016 decessum
1759 3958 1957 4028 Imper.

361 4043 425 4099 L.
449 4045 596 4114 Sept.
621 4047 804 4103 Severi
829 4049 1031 4105 Pertin.
1056 4053 1276 4122 Augusti
1297 4053 1384 4124 qui
1409 4068 1472 4117 eo
1488 4069 1627 4108 anno
1653 4053 1819 4124 pridie
1849 4051 1958 4110 No-

363 4153 460 4195 nas
484 4137 648 4194 Febr.
682 4140 908 4197 Eboraci
939 4159 1174 4199 ntmret'e
1202 4146 1370 4215 magis
1394 4161 1550 4216 quant
1585 4144 1771 4200 morbo
1813 4159 1959 4199 mor-

364 4241 488 4287 tuus
513 4241 597 4288 est
636 4232 729 4304 (in
771 4232 871 4289 Itoc
895 4235 1029 4291 adeo
1073 4237 1288 4310 punitus
1317 4254 1344 4290 a
1379 4237 1487 4293 Deo
1529 4237 1678 4308 juxta
1710 4235 1960 4301 Oro'siutn

370 4323 464 4379 lib.
498 4325 550 4378 'l.
580 4339 697 4396 cap.
730 4329 811 4397 ιι.)
843 4327 1079 4382 nondum
1111 4329 1294 4400 elapso
1323 4344 1462 4384 anno
1504 4329 1715 4401 Imperii
1744 4330 1825 4386 sui
1873 4329 1959 4388 l8.

367 4423 424 4470 ut
455 4423 578 4486 pote
625 4432 786 4490 quum
815 4418 882 4474 ab
907 4418 1086 4475 Idibus
1118 4419 1266 4475 Maiis
1312 4422 1437 4476 anui
1470 4419 1678 4476 Domini
1711 4422 1836 4478 I9i.
1891 4421 1959 4477 ad

365 4507 568 4563 dictum
599 4526 765 4580 usque
789 4510 947 4581 hujus
970 4511 1094 4568 anni
1124 4511 1265 4568 diem
1287 4523 1662 4584 computantur
1700 4513 1966 4569 duntaxat

371 4599 496 4653 anni
525 4601 610 4655 Π.
642 4615 856 4658 menses
900 4603 952 4658 8.
982 4604 1098 4660 dies
1122 4604 1184 4659 21
1217 4623 1232 4674 ;
1287 4620 1390 4678 quo
1419 4604 1477 4659 ﬁt
1499 4614 1556 4659 ut
1580 4603 1721 4660 bunc
1747 4607 1892 4664 anni.
1925 4621 1963 4662 ι.

2059 1939 2221 1982 sarem
2243 1939 2537 1992 nuncupare
2570 1923 2630 1993 (ι.
2662 1923 2877 1994 ApoIOg.
2912 1939 2960 1978 c.
2990 1923 3131 1992 54.);
3164 1923 3215 1976 id
3245 1923 3386 1993 quod
3428 1923 3534 1983 late
3565 1939 3655 1984 re.

2057 2027 2247 2072 censet
2279 2015 2474 2075 Ilerod.
2512 2016 2604 2074 lib.
2639 2018 2795 2073 tertio
2823 2016 2893 2071 de
2938 2015 3045 2082 ritu
3093 2016 3378 2074 observato
3423 2017 3475 2074 in
3522 2016 3659 2072 rela-

2062 2111 2204 2166 tione
2232 2107 2420 2166 Severi
2451 2109 2645 2180 Intper.
2677 2118 2798 2180 post
2827 2117 3053 2166 mortem
3097 2108 3151 2165 in
3187 2109 3347 2164 Divos
3396 2124 3493 2180 per
3519 2111 3658 2170 tilias

2059 2202 2246 2258 Romae
2298 2203 2430 2259 laeta
2455 2245 2468 2269 ,
2521 2212 2800 2274 postquam
2826 2203 3036 2258 cineres
3061 2218 3127 2260 cx
3168 2203 3444 2260 Britannia
3470 2218 3656 2262 secum

2061 2296 2207 2354 allati
2256 2296 2308 2352 in
2353 2311 2482 2352 urna
2509 2295 2832 2352 alabastrina
2859 2295 3195 2364 juxtaillum,
3225 2307 3319 2354 aut
3345 2310 3482 2354 terea
3505 2295 3657 2365 juxta

2059 2387 2398 2459 Spartianum
2423 2431 2439 2457 ,
2471 2389 2523 2445 in
2549 2388 2848 2462 sepulcrum
2880 2390 3136 2464 Antonini
3181 2399 3304 2446 sunt
3355 2389 3505 2447 illati.
3559 2390 3659 2447 Ilio

2059 2492 2320 2552 praeterea
2353 2482 2786 2552 praetereundum
2806 2497 2911 2538 non
2945 2482 3251 2552 putavimus
3279 2523 3294 2550 ,
3325 2477 3658 2554 quodquam

2063 2573 2233 2643 pridie
2262 2572 2400 2632 Non.
2434 2571 2691 2628 Februar.
2727 2571 2946 2642 perierit
2993 2573 3247 2642 Severus,
3280 2573 3530 2643 castigari
3561 2573 3659 2635 de-

2063 2664 2252 2722 berent
2283 2664 2429 2735 leges
2453 2663 2574 2722 duae
2599 2662 2830 2729 Codieis,
2863 2664 3028 2722 altera
3055 2665 3146 2722 lib.
3179 2664 3231 2722 6.
3263 2663 3368 2728 Tit.
3402 2666 3489 2722 45.
3531 2665 3566 2720 l.
3602 2666 3657 2728 t.

2066 2767 2122 2813 ut
2152 2757 2358 2828 legatur
2385 2772 2438 2812 v.
2493 2755 2610 2816 Kal.
2640 2755 2915 2820 Februarii
2949 2800 2964 2824 ,
2995 2773 3092 2828 pro
3117 2800 3132 2824 ,
3175 2757 3412 2818 Januarii
3441 2775 3453 2812 :
3487 2758 3654 2816 altera

2061 2849 2302 2921 ejusdem
2351 2849 2389 2905 ι.
2421 2848 2524 2906 Tit.
2557 2850 2646 2906 37.
2687 2850 2780 2908 lib.
2829 2851 2884 2906 5.
2943 2852 3020 2908 ιιιί
3064 2851 3167 2910 soli
3201 2852 3474 2916 Antonino
3519 2853 3662 2924 Aug.

2060 2943 2395 3008 ascribatur,
2476 2957 2582 2999 non
2635 2942 2837 3002 Severo
2890 2953 2944 3000 et
2996 2945 3198 3004 Anton.
3256 2946 3425 3016 Augg.
3478 2955 3662 3016 utpote

2061 3051 2226 3106 quant
2268 3036 2372 3100 lata
2420 3035 2509 3096 sit.
2538 3052 2612 3094 vt.
2642 3035 2759 3096 Kal.
2791 3035 2910 3098 Maii
2932 3080 2946 3105 ,
2990 3037 3080 3094 diu
3106 3048 3228 3110 post
3253 3039 3393 3094 illius
3417 3038 3620 3095 obitum
3642 3079 3660 3106 ,

2061 3121 2296 3182 maxime
2352 3136 2514 3192 quum
2566 3129 2714 3180 extet
2760 3121 2844 3178 lex
2903 3123 3156 3179 Antonini
3206 3121 3371 3182 salius
3431 3122 3659 3180 Kalend.

2065 3213 2215 3270 Maiis
2245 3213 2370 3281 lata,
2403 3221 2456 3274 et
2481 3212 2600 3278 alia:
2626 3212 2907 3283 pluresltis
2931 3211 3083 3270 Coss.
3107 3215 3248 3274 latae.

2576 3348 2732 3409 Auno
2751 3349 2956 3408 Domini
2983 3364 3161 3407 cestu.

2136 3486 2226 3548 ὗε.
2277 3487 2334 3546 S.
2376 3486 2659 3560 Zephyrini
2695 3487 2917 3543 Romani
2938 3485 3213 3542 Pontificis
3257 3503 3366 3543 xtv.
3413 3487 3677 3546 Antonini.

2066 3581 2260 3652 lmper.
2284 3597 2340 3642 tt.
2371 3582 2438 3638 Μ.
2460 3581 2803 3639 POMPONIO
2829 3581 2897 3637 Μ.
2921 3581 2983 3637 F.
3017 3580 3238 3638 ΛΞΡΚο
3261 3580 3303 3637 II
3327 3582 3413 3638 ET
3443 3581 3667 3640 ASPRO

2065 3673 2256 3732 COSS.
2287 3676 2400 3733 sive
2426 3675 2638 3731 duobus
2655 3675 2862 3745 Aspris,
2892 3673 3084 3746 quibus
3115 3674 3269 3731 Coss.
3303 3674 3470 3746 Leges
3499 3676 3667 3731 Anto-

2066 3768 2177 3828 nini
2207 3770 2370 3826 varim
2399 3767 2538 3826 datae
2566 3769 2814 3839 leguntur
2837 3769 3083 3839 (quorum
3117 3769 3382 3823 seniorem
3414 3769 3669 3824 eumdem

2066 3859 2217 3916 illum
2241 3875 2524 3918 censemus
2545 3860 2612 3916 de
2639 3876 2744 3931 quo
2774 3875 2935 3931 supra
2967 3860 3031 3914 ad
3065 3875 3262 3916 annum
3300 3877 3404 3916 ecn
3433 3860 3472 3934 ),
3515 3862 3666 3918 solus

2067 3954 2416 4026 Antoninus(
2451 3954 2678 4010 teslilnts
2711 3952 3012 4008 lIerodi'tno
3053 3963 3107 4008 et
3139 3952 3194 4025 S;
3217 3955 3468 4024 artianu),
3503 3953 3667 4010 fratre

2067 4045 2198 4105 Geta
2227 4047 2290 4102 ad
2323 4055 2506 4116 pectus
2531 4063 2639 4101 sure
2663 4047 2848 4101 matris
2867 4046 3144 4101 interfecto
3189 4055 3463 4116 psstquant
3492 4047 3666 4116 impe-

2068 4141 2415 4198 ravitannutn
2451 4156 2640 4204 unum,
2671 4139 2788 4194 dies
2808 4122 2987 4208 ﬁliae
3008 4139 3219 4206 scpulto
3270 4139 3322 4192 in
3368 4138 3666 4208 septizonio

2069 4233 2236 4303 (quod
2282 4247 2311 4286 a
2373 4243 2578 4303 septem
2610 4233 2759 4287 zonis
2786 4230 2909 4286 coeli
2938 4229 3008 4284 ita
3039 4230 3238 4286 dictum
3272 4229 3503 4286 Severus
3536 4272 3550 4295 ,
3580 4228 3666 4285 vel

2071 4324 2269 4382 Euseb.
2296 4335 2452 4388 teste,
2481 4325 2841 4380 :edilicaverat
2871 4339 2933 4378 ac
2956 4323 3009 4378 in
3060 4324 3217 4380 Divos
3238 4322 3464 4394 relato),
3489 4323 3664 4392 impe-

2069 4420 2206 4475 rium
2233 4421 2528 4490 usurpavit.
2556 4420 2778 4490 Insuper
2803 4429 2856 4474 et
2876 4419 3013 4474 alios
3041 4419 3300 4491 plurimos
3326 4461 3340 4484 ,
3380 4429 3669 4488 quantum-

2072 4514 2153 4570 vis
2181 4516 2318 4586 patri
2345 4515 2554 4586 sibique
2577 4524 2732 4569 antea
2761 4513 3068 4569 carissimos
3093 4553 3108 4581 ,
3157 4512 3272 4567 neci
3303 4510 3437 4565 tradi
3464 4509 3664 4578 jussit,

2073 4608 2213 4663 inter
2254 4622 2388 4677 quos
2415 4604 2871 4663 eommemorandi
2908 4604 3129 4659 veniunt
3156 4603 3480 4672 Papinianus
3531 4597 3662 4661 ille,

369 4691 567 4747 Anton.
605 4692 892 4765 iaciamus,
935 4706 1026 4752 aut
1052 4698 1241 4754 saltem
1273 4706 1397 4754 ante
1437 4698 1666 4756 reditum
1715 4699 1948 4756 Antoniu
1981 4687 2037 4756 .D
2073 4703 2192 4773 ejus
2221 4717 2285 4758 ae
2307 4701 2506 4758 Juliani
2551 4710 2600 4756 et
2644 4698 2936 4772 'I‘ertyliani
2992 4695 3083 4752 JC.
3139 4703 3435 4765 praeceptor
3462 4733 3477 4760 ,
3526 4692 3672 4746 Juris

371 4801 434 4842 ex
459 4786 745 4845 Britanniis
767 4805 887 4846 cum
915 4789 1078 4846 fratre
1105 4780 1202 4847 suo
1232 4791 1292 4847 P.
1327 4791 1477 4864 Sept.
1507 4791 1640 4850 Geta
1667 4791 1827 4849 Felici
1859 4792 1966 4848 Au-

371 4890 527 4952 gusto
558 4882 864 4940 Britannico
918 4884 1130 4956 Imperii
1160 4895 1416 4942 consorte
1450 4929 1465 4954 ,
1511 4886 1687 4942 adltue
1741 4886 1970 4946 durante

377 4977 750 5042 persecutione
773 4977 860 5049 (L.
883 4977 1464 5052 ad.Scap.c.4.),quam
1486 4979 1600 5050 ipse
1615 4978 1825 5052 [utpote
1842 4980 1972 5034 lacte

375 5065 670 5123 Christiano
699 5069 954 5136 imbutus,
989 5071 1144 5126 sicuti
1175 5087 1335 5142 supra
1362 5088 1426 5126 ex
1450 5072 1686 5138 Auctore
1713 5067 1971 5147 diximus]

374 5162 458 5216 vel
476 5161 677 5218 Severo
693 5163 920 5236 Sulpitio
938 5174 1069 5222 teste
1091 5163 1293 5239 (Sacrae
1352 5162 1492 5218 Hist.
1526 5163 1610 5218 lib.
1641 5162 1725 5235 2),
1751 5177 1967 5224 cessare

357 5247 565 5310 ‘lccerit
583 5297 596 5321 ,
629 5267 815 5329 utpote
840 5259 930 5330 qui
953 5258 1152 5314 scribat
1180 5257 1247 5312 ab
1268 5256 1416 5312 obitu
1447 5255 1630 5312 Severi
1658 5255 1725 5310 ad
1752 5253 1974 5326 Decium

377 5361 549 5417 usque
589 5363 772 5417 pacem
826 5348 1086 5406 Ecelesiis
1132 5349 1334 5418 fuisse,
1385 5356 1740 5422 praeterquam
1774 5347 1918 5421 quod
1944 5361 1975 5408 a

379 5436 669 5495 Maximino
697 5441 749 5496 in
783 5441 1075 5514 Episc0pos
1111 5443 1352 5498 satvitunt
1397 5440 1589 5509 fuerit;
1633 5456 1793 5520 quam
1839 5439 1976 5505 adeo

376 5530 590 5602 longam
623 5548 804 5604 pacem
851 5535 1086 5606 appellat
1117 5535 1175 5589 Β.
1208 5534 1463 5606 Cyprian.
1521 5533 1614 5589 lib.
1649 5533 1716 5589 de
1766 5532 1973 5602 Lapsis.

2073 4793 2297 4864 Asylum
2321 4791 2724 4863 cognominatus
2760 4805 2790 4843 ει
2839 4787 3122 4858 Spartiano
3147 4828 3162 4854 ,
3210 4795 3260 4841 et
3299 4781 3674 4840 Sammonicus

2075 4885 2349 4950 Serenus,
2403 4882 2554 4952 cujus
2611 4881 2773 4935 libros
2824 4878 3082 4948 plurimus
3109 4884 3296 4932 extare
3329 4875 3418 4931 ille
3446 4874 3666 4938 scribit,

2076 4975 2328 5035 Gordiani
2360 4985 2541 5045 postea
2586 4971 2816 5028 CtDSOI'IS
2843 4969 3182 5040 patdagogus.
3214 4968 3271 5024 In
3301 4967 3441 5022 hunc
3471 4981 3674 5022 annum

2076 5070 2360 5128 referimus
2403 5068 2598 5122 librant
2637 5061 3103 5119 TER-TULLIANI
3161 5061 3251 5117 DE
3309 5058 3675 5115 EXIIORTA-

2078 5159 2284 5217 TIONE
2331 5153 2740 5215 CASTITATIS
2763 5197 2778 5220 ,
2806 5165 2990 5226 utpote
3017 5169 3174 5223 quem
3199 5151 3553 5221 Nicepltorus,
3573 5146 3668 5200 lib.

2078 5265 2290 5327 quarto,
2324 5253 2498 5323 capite
2525 5251 2614 5317 54,
2648 5249 2790 5305 inter
2815 5263 2910 5304 eos
2937 5255 3200 5311 recenset,
3243 5244 3332 5313 qui
3364 5249 3548 5296 contra
3571 5237 3674 5293 Ec-

2081 5346 2295 5403 clesiam
2319 5343 2640 5400 catholicam
2662 5341 2948 5410 conscripti
2975 5346 3100 5392 sunt
3131 5378 3145 5404 ,
3192 5345 3246 5390 et
3271 5335 3323 5388 in
3355 5349 3459 5403 quo
3479 5347 3546 5388 eo
3569 5330 3674 5386 de-

2082 5438 2297 5496 mentia:
2323 5436 2530 5492 videtur
2557 5434 2768 5489 venisse
2805 5473 2820 5499 ,
2849 5441 2904 5485 ut
2925 5430 3065 5500 apud
3088 5438 3186 5481 tres
3214 5427 3363 5480 etiam
3390 5425 3567 5488 laieos,
3594 5431 3681 5477 ιιι-ί

2085 5539 2210 5602 pote
2240 5527 2547 5584 Montanum
2568 5533 2623 5582 et
2658 5525 2873 5579 insanas
2898 5521 3014 5590 ejus
3055 5516 3405 5588 Prophetides
3435 5517 3676 5571 Priscam

380 5623 694 5697 Quanquam
735 5605 948 5684 interim
1005 5628 1176 5684 edicta
1225 5605 1409 5684 Severi
1467 5626 1640 5682 adhuc
1670 5624 1979 5696 aliquandiu
2085 5621 2502 5681 etllaximillam
2533 5660 2548 5682 ,
2599 5613 3037 5685 esselEcclesiam
3067 5612 3376 5676 existimet,
3416 5607 3678 5679 quemad-

383 5717 616 5786 viguisse
646 5734 710 5774 ex
743 5719 828 5775 bis
853 5721 1102 5778 Auctoris
1156 5720 1333 5775 verbis
1361 5718 1672 5774 videantur:
1708 5715 1828 5774 Nisi
1853 5719 1982 5788 forte
2087 5713 2306 5771 modum
2354 5712 2512 5768 latius
2537 5709 2765 5779 idipsum
2795 5705 2921 5761 alibi
2970 5703 3199 5760 inculcat
3228 5700 3364 5774 (Lib.
3384 5699 3447 5756 de
3468 5698 3669 5755 Exltor.

379 5806 436 5864 in
475 5807 926 5870 Senatusconsutta
964 5821 1010 5868 et
1053 5810 1350 5883 Principium
1386 5809 1629 5869 mandata
1685 5808 1982 5868 coitionibus
2090 5805 2253 5865 castit.
2283 5819 2329 5859 c.
2358 5803 2412 5859 7.
2437 5799 2550 5858 Lib.
2576 5799 2638 5855 de
2659 5799 2829 5872 pttdic.
2855 5813 2902 5852 c.
2923 5796 2983 5853 Ἥ
3001 5794 3202 5870 .)τΗιιὶο
3231 5795 3392 5854 etiam
3415 5809 3555 5851 anno
3575 5807 3674 5863 ape
