4238 6262
580 351 650 423 7,)
1876 323 2339 390 TElt'I‘ULLlANl
2380 321 2577 382 ma;
3809 315 3878 376 so

584 472 847 543 ptio-amns
872 460 1293 535 disputationem
1313 459 1458 515 illam
1507 454 1619 512 Caii
1650 449 1939 525 Scriptoris
1966 445 2172 519 ;Eccle-
2202 448 2256 507 Α
2278 442 2389 511 clx,
2413 455 2640 514 quorum
2655 438 2952 543 sententiae
2973 436 3319 543 accedimus:
3351 436 3443 494 sed
3474 436 3611 543 quit:
3646 436 3734 492 illc
3766 437 3878 543 prii-

581 538 782 618 siast‘ici
814 558 1071 613 adverSus
1099 551 1369 621 Proetum,
1402 548 1555 620 cujus
1577 544 1938 602 meminerunt
1967 538 2168 596 Euseb.

581 659 679 714 lib.
698 663 872 718 sexto,
891 642 1063 721 capite
1086 646 1295 703 decimo
1311 651 1502 715 quarto
1526 658 1540 696 ε
1568 639 1764 695 Beatus
1790 636 2170 720 Hieronymus,

581 753 636 806 in
661 732 1128 805 Catal.’scr.eccl.,
1152 737 1373 794 ctlatius
1394 736 1446 791 in
1476 733 1592 789 haec
1619 730 1781 789 verba
1803 726 2027 799 Niceph.
2056 726 2176 782 loco

574 830 687 915 jam
716 828 880 896 citato
913 854 924 890 :
964 856 983 888 ι
1019 834 1242 897 Flornit,
1267 828 1469 901 inquit,
1499 825 1602 882 sub
1653 822 1958 895 Zephyrino
1989 819 2174 915 Roma)

576 911 847 1007 Iépiscopo
869 929 1056 994 Caius,
1084 924 1357 981 Antonino
1373 919 1557 978 Severi
1591 917 1699 972 lilio
1735 915 2049 1007 imperante.
2079 929 2098 963 ι
2125 911 2175 966 Is

576 1004 837 1083 adversus
866 1019 1112 1077 Proetum
1161 1014 1395 1072 Montani
1438 1006 1888 1084 propugnatorem
1919 1004 2176 1060 dissertaa-

530 1154 535 1161 -
578 1105 783 1174 lienem
802 1100 1224 1186 copiosissimam
1249 1105 1436 1163 habuit
1460 1099 1849 1172 etcomposnil,
1872 1089 2173 1152 temerariae

578 1210 839 1274 audacitc,
866 1205 1007 1278 quod
1031 1218 1221 1260 novatn
1249 1196 1603 1255 introduxerit
1636 1190 2002 1263 Prophotiam,
2022 1188 2170 1243 illum

579 1294 908 1373 redarguens
933 1309 986 1355 et
1009 1293 1493 1359 confutans.Qnam
1520 1288 1734 1361 quidem
1764 1299 1862 1339 nos
1889 1279 2174 1353 aliquando

579 1388 1008 1451 existimavimus
1051 1401 1235 1444 ansam
1281 1384 1495 1441 dedisse
1542 1378 1767 1437 AuctOri
1820 1376 1888 1433 ad
1936 1375 2168 1430 Montani

577 1495 763 1558 partes
780 1479 1070 1539 deticiendi
1098 1496 1113 1546 ;
1140 1476 1282 1550 quod
1308 1458 1599 1530 verisimile
1626 1471 1687 1525 tit
1711 1470 1763 1525 in
1794 1466 2042 1523 Proetum
2072 1465 2171 1520 hac

579 1575 942 1646 disputatione
968 1571 1297 1633 convictum,
1327 1581 1426 1621 ncc
1455 1564 1880 1633 re-ipiscentcm,
1901 1575 1928 1611 a
1956 1558 2171 1629 Zephya

2278 549 2424 592 mum
2444 533 2706 604 martyrio
2732 531 2954 588 atl'cctus
2997 530 3097 585 fuit
3123 546 3242 586 cum
3276 528 3533 599 Apostolo
3575 528 3732 584 I’ctto
3765 528 3783 599 (
3802 528 3877 583 uti

2273 625 2383 698 jam
2406 624 2605 681 dictum
2630 621 2758 695 est),
2775 637 3059 679 censemus
3081 622 3147 677 ab
3168 636 3233 677 co
3250 618 3493 691 tempere
3518 621 3878 677 numerandos

2276 733 2384 790 quo
2400 717 2692 788 Epistulam
2710 715 2923 785 scripsit
2945 714 3180 786 priorem
3197 713 3263 768 ad
3284 711 3616 777 Corinthios,
3636 712 3704 767 ab
3727 710 3874 769 anno
3948 759 3952 763 ,

2279 824 2474 879 nempe
2504 808 2714 862 Domini
2770 808 2987 863 circiter
3017 823 3121 862 Ltv.
3155 805 3420 877 Imprimis
3445 799 3590 860 enim
3620 807 3876 877 scriptam

2278 899 2571 972 Epistulam
2597 910 2877 970 utramque
2901 898 2967 952 ad
2989 897 3314 961 Corinthios,
3353 905 3633 969 postquam
3660 896 3728 953 ab
3755 898 3873 969 ipso

2278 996 2344 1051 ad
2367 995 2524 1052 fidem
2547 1004 2729 1051 essent
2751 995 3018 1062 conversi,
3048 1009 3111 1049 ex
3147 991 3352 1049 eisdem
3381 997 3438 1046 Ilt
3484 989 3828 1050 manifestum
3855 1006 3871 1058 ;

2277 1088 2733 1159 qu:e,conversio
2757 1086 3049 1157 contigisse
3100 1092 3316 1156 putatur
3342 1098 3484 1138 anno
3527 1082 3736 1138 Domini
3778 1082 3873 1151 5t,

2277 1198 2439 1254 quum
2466 1183 2535 1237 ibi
2562 1182 2718 1237 h:csit
2759 1180 2827 1236 ad
2854 1196 3051 1235 annum
3079 1189 3133 1235 et
3173 1193 3388 1234 menses
3413 1192 3528 1232 sex.
3569 1174 3782 1253 Deinde
3827 1173 3875 1231 si

2280 1277 2477 1348 Ephesi
2517 1278 2715 1347 scripta
2762 1276 2832 1331 sit
2876 1274 3080 1346 (sicuti
3121 1272 3335 1344 quidam
3369 1281 3423 1328 et
3449 1270 3647 1326 rectius
3677 1269 3876 1326 habent

2274 1369 2449 1427 Grazci
2478 1368 2719 1440 codices)
2748 1383 2815 1425 ex
2836 1368 3074 1423 historiis
3098 1365 3550 1437 Peregrinationis
3574 1364 3721 1420 Pauli
3744 1363 3874 1418 satis

2276 1471 2421 1534 patet
2446 1462 2590 1516 dicto
2615 1476 2762 1519 anno.
2784 1502 2799 1526 ,
2832 1460 2924 1532 qui
2955 1458 3142 1513 incidit
3189 1458 3242 1512 in
3268 1447 3643 1512 duodecimum
3663 1454 3873 1511 Claudii

2276 1553 2638 1624 Imperatoris,
2660 1552 2856 1624 Ephesi
2883 1552 3031 1608 illum
3060 1551 3349 1617 habitasse.
3380 1551 3506 1607 Sive
3527 1565 3593 1606 ex
3608 1549 3871 1621 Philippis

577 1632 698 1727 rino
727 1632 1344 1724 Esconnnunirationem
1369 1660 1531 1714 latam
1552 1632 1738 1718 fuisse,
1759 1661 1813 1709 et
1838 1666 2029 1708 omnes
2055 1650 2172 1720 ejus
2279 1646 2298 1717 (
2329 1644 2469 1715 quod
2500 1645 2679 1715 plures
2704 1660 2813 1715 prae
2840 1659 2900 1700 se
2924 1645 3100 1700 ferunt
3123 1653 3176 1698 et
3224 1643 3396 1698 Latini
3439 1632 3489 1697 ct
3518 1641 3690 1698 Graeci
3716 1641 3871 1698 codi-

576 1761 834 1827 asset-las,
865 1761 1005 1815 inter
1024 1770 1159 1827 quos
1187 1753 1323 1809 haud
1353 1750 1515 1807 dubie
1540 1752 1740 1804 Auctor
1761 1788 1774 1813 ,
1805 1755 1988 1815 utpote
2020 1744 2168 1799 Mon-
2198 1820 2238 1827 ﬂ
2274 1742 2414 1808 ces),
2440 1746 2587 1794 certe
2613 1751 2753 1792 anno
2783 1737 2875 1793 55.
2910 1737 3008 1791 Per
3032 1735 3308 1805 Philippos
3338 1735 3443 1790 iter
3473 1733 3693 1801 fecisse,
3726 1742 3874 1804 post-

575 1820 893 1910 tanistarum
950 1820 1077 1904 κατᾷ
1130 1843 1373 1901 Proetum
1415 1850 1676 1906 sectator,
1725 1854 1832 1894 non
1862 1851 2047 1892 eorum
2078 1836 2166 1903 qui
2273 1846 2431 1902 quam
2458 1830 2674 1901 Epheso
2702 1830 3064 1894 discesserat,
3114 1828 3214 1883 sub
3244 1826 3439 1885 festum
3469 1826 3688 1882 Pascha:
3714 1868 3729 1892 ,
3763 1836 3871 1882 tes-

578 1943 876 2002 secundum
907 1941 1221 1999 Eschinem
1251 1936 1568 1993 dicebantur
1598 1972 1613 1999 ,
1662 1941 1851 1988 contra
1897 1943 2032 2002 quos
2061 1928 2169 2000 egit

576 2041 718 2096 libro
740 2038 998 2093 adversus
1047 2034 1306 2090 Praxean.
1343 2028 1538 2085 Verum
1572 2027 1681 2097 jam
1708 2034 1865 2081 antea
1891 2023 2037 2079 illum
2069 2020 2167 2077 de-

577 2133 743 2189 iicere
786 2129 1018 2200 coepisse
1054 2169 1070 2193 ,
1124 2126 1232 2180 into
1273 2131 1458 2179 contra
1505 2119 1798 2174 Ecclesium
1845 2113 2167 2185 scripsisse,

574 2240 641 2279 cx
672 2221 1040 2294 superioribus
1057 2216 1398 2274 manifestum
1454 2212 1533 2267 fit.
1574 2209 1843 2266 Fortassis
1877 2208 2038 2263 etiam
2067 2205 2170 2261 hoc

577 2325 823 2387 tempore
846 2311 1065 2383 contigit
1089 2307 1338 2379 Origenis
1358 2302 1603 2374 discipuli
1620 2301 1913 2358 Clementis
1927 2299 2171 2391 Alexan-

572 2407 715 2463 drini
744 2417 800 2462 et
828 2402 1098 2475 Ammonii
1129 2401 1370 2456 Romana
1405 2398 1506 2453 sub
1534 2394 1839 2467 Zephyrino
1866 2391 2165 2473 profectio,

573 2500 727 2572 cujus
767 2497 1125 2555 meminerunt
1152 2491 1416 2550 Eusebius
1442 2500 1495 2546 et
1523 2488 1857 2559 Nicephorus
1879 2525 1895 2550 ,
1940 2500 2166 2557 quorum

552 2594 668 2668 Oille
697 2591 791 2647 lib.
822 2590 877 2646 6.
932 2602 1054 2660 cap.
1083 2586 1171 2643 t2.
1204 2599 1419 2641 causam
1453 2584 1594 2639 illius
1618 2597 1736 2638 eam
1766 2581 1991 2647 scribit,
2020 2579 2164 2651 quod

572 2687 631 2743 in
657 2684 853 2757 Optatis
879 2682 956 2738 illi
1007 2689 1154 2738 esset
1191 2679 1615 2752 antiquissimam
1665 2676 1810 2732 illam
1867 2675 2167 2732 Ecclesiam

575 2764 834 2837 invisere.
864 2777 983 2846 Quo
1022 2786 1266 2846 tempore
1292 2774 1454 2829 etiam
1483 2771 1573 2827 alii
1609 2770 1969 2827 Ecclesiastici
1995 2769 2166 2839 scrip-

576 2881 724 2929 tores
747 2871 817 2926 ab
838 2871 1357 2934 illiscnumerantur,
1374 2865 1605 2922 Berillus
1621 2863 1831 2920 Arabia:
1853 2864 2166 2931 Bostrenus,

578 2965 901 3038 Hippolytus
928 2966 1080 3034 juxta
1095 2960 1353 3032 quosdam
1381 2957 1717 3023 Portuensis,
1742 2946 2045 3012 Alexander
2065 2956 2173 3026 pri-

478 3096 483 3103 -
575 3071 725 3114 tnum
738 3052 1312 3126 Cappadociamleinde
1330 3040 1822 3121 Hierosolymorum
1844 3040 2172 3128 EpiScopus,‘

575 3142 770 3215 quibus
799 3140 1071 3197 interserit
1111 3138 1172 3196 Β.
1204 3139 1352 3194 Hier.
1379 3138 1542 3194 etiam
1567 3134 1845 3190 Minatium
1885 3133 2122 3191 Felicem
2148 3177 2164 3202 ,

571 3234 664 3305 qui
689 3232 1095 3306 Apologeticum
1126 3231 1376 3288 Auctoris
1398 3245 1495 3302 per
1519 3215 1694 3286 multa
1724 3227 1966 3284 imitatus
1993 3237 2095 3284 est.

1090 3364 1249 3422 Anno
1272 3363 1479 3420 Domini
1506 3378 1607 3420 ccx
1632 3379 1683 3418 v.

583 3504 589 3509 ’
648 3500 740 3557 33.
790 3498 851 3555 S.
898 3496 1189 3571 Zephyrini
1250 3498 1409 3567 Papa:
1472 3496 1699 3553 Romani
1752 3513 1848 3554 xv.
1914 3498 2169 3555 Antonini

577 3588 775 3661 Itnper.
805 3604 884 3644 ιη.
907 3586 1042 3643 IMP.
1069 3586 1241 3642 CASS.
1270 3587 1339 3642 M.
1367 3585 1618 3643 AUREL.
1649 3587 1780 3643 DIVI
1800 3588 2078 3646 SEVERI.
2101 3589 2161 3645 F.

569 3678 1105 3738 ANTONINOAUG.
1135 3678 1409 3736 BRITAN.
1452 3678 1766 3738 GEIiMAN.
1818 3681 1924 3738 1111.
1966 3683 2053 3738 ΕΤ
2104 3683 2162 3738 1³.

570 3769 875 3840 ΟΕΙΛΟΡ.
898 3770 962 3826 F.
989 3769 1279 3827 BALBINO
1299 3770 1359 3825 11.
1384 3770 1692 3842 COSS.ipse
1711 3774 2010 3829 Antoninus
2033 3772 2164 3846 Imp.

575 3863 728 3922 Tcib.
760 3873 955 3934 potest.
977 3878 1089 3919 xvt.
1118 3863 1185 3918 de
1203 3863 1473 3919 Britannis
1500 3864 1863 3934 triumphavit.
1890 3866 2009 3933 Quo
2024 3882 2181 3923 anno

571 3972 603 4011 α
624 3954 969 4012 TEBTULL.
1015 3955 1271 4025 scriptum
1303 3956 1670 4011 existimamus
1722 3959 1882 4013 etiam
1909 3957 2168 4017 adversus

572 4046 871 4105 Ecclesiam
918 4047 1114 4103 librum
1158 4047 1245 4103 DE
1290 4046 1719 4105 MONOGAMIA.
1788 4050 1845 4104 In
1906 4067 1974 4108 eo
2027 4052 2169 4110 inter

570 4149 765 4195 cetera
819 4140 898 4194 sic
924 4139 1114 4210 legitur
1148 4156 1161 4192 :
1194 4126 1363 4207 Quum
1391 4143 1551 4212 magis
1576 4159 1709 4197 nunc
1755 4155 1951 4216 tempus
1979 4147 2031 4201 in
2054 4148 2163 4201 col-

571 4231 698 4286 lecto
724 4232 915 4302 factum
940 4234 1026 4299 sit,
1068 4234 1217 4288 annis
1247 4235 1443 4289 circiter
1471 4237 1556 4290 cla:
1579 4237 1761 4291 exinde
1795 4240 2054 4307 productis
2071 4238 2159 4312 (L.

569 4323 636 4378 de
660 4322 872 4394 Monog.
897 4340 945 4377 ο.
968 4324 1072 4395 5.).
1090 4323 1235 4391 Quos
1268 4325 1404 4395 quia
1425 4326 1678 4382 Passione
1702 4327 1911 4384 Domini
1942 4345 2159 4401 compu-

569 4413 763 4471 tandos
784 4416 1034 4482 voluerit,
1056 4426 1164 4472 tota
1183 4418 1264 4472 via
1286 4417 1538 4474 aberrare
1554 4434 1620 4473 ex
1649 4411 2013 4490 superioribus
2046 4423 2162 4493 plus

2192 3185 2241 3250 C

2275 1932 2455 1978 tantur
2479 1924 2611 1977 Acta
2637 1922 3017 1994 Apostolorum
3045 1921 3219 1992 capite
3245 1921 3523 1992 vigesimo.
3554 1920 3622 1976 Et
3643 1935 3771 1976 vero
3792 1921 3870 1977 sic

2273 2014 2497 2086 intelligi
2524 2015 2720 2070 debere
2752 2016 3039 2070 Auctorem
3065 2055 3080 2081 ,
3112 2017 3198 2069 vel
3229 2029 3294 2068 ex
3339 2014 3442 2069 illis
3485 2012 3645 2069 dictis
3691 2013 3871 2069 verbis

2273 2108 2674 2180 colligiturquae
2698 2108 2899 2180 legerat
2915 2107 3026 2163 fere
3052 2124 3090 2163 ι.
3126 2107 3253 2163 Cor.
3276 2106 3386 2172 VII,
3418 2106 3490 2163 29
3514 2124 3528 2164 ;
3548 2106 3717 2173 Quum
3739 2124 3871 2162 nunc

2273 2208 2470 2270 tempus
2508 2200 2561 2253 in
2610 2198 2819 2254 collecto
2847 2200 3037 2268 factum
3066 2200 3150 2253 sit.
3207 2200 3366 2269 Atqui
3396 2199 3447 2253 in
3503 2189 3644 2254 hunc
3668 2213 3867 2254 annum

2275 2288 2379 2345 hoc
2408 2290 2676 2354 incidere,
2728 2306 2834 2345 non
2868 2292 2918 2345 in
2949 2307 3017 2345 xv
3065 2290 3251 2346 Severi
3306 2290 3423 2362 (uti
3461 2289 3675 2361 quidam
3701 2290 3866 2346 etiam
3908 2275 3921 2283 1

2274 2382 2373 2436 viri
2409 2382 2602 2440 eruditi
2645 2382 3006 2453 conjecturam
3034 2381 3300 2452 faciunt),
3334 2395 3397 2436 ex
3429 2396 3497 2436 eo
3527 2380 3864 2452 perspicuum

2273 2483 2355 2531 est
2378 2515 2394 2541 ,
2418 2473 2560 2544 quod
2593 2474 2683 2529 ille
2708 2474 2848 2530 idem
2890 2474 3106 2530 sitcum
3133 2488 3276 2528 anno
3323 2473 3536 2528 Domini
3585 2488 3767 2536 ccvtn,
3798 2471 3867 2540 ad

2272 2582 2430 2640 quem
2450 2568 2673 2640 proinde
2694 2569 2760 2623 ab
2774 2584 2842 2625 eo
2861 2585 3018 2640 quem
3041 2568 3294 2633 diximus,
3339 2582 3444 2622 non
3468 2569 3568 2623 nisi
3593 2567 3718 2622 anui
3739 2581 3863 2622 ειν.

2272 2665 2655 2733 coniiciuntur,
2690 2662 3272 2724 neculterinsextendi
3305 2660 3705 2733 possunt,quod
3728 2675 3869 2716 anno

2271 2756 2511 2828 primum
2527 2757 2618 2812 51.
2659 2756 2780 2811 tidei
2809 2755 3090 2810 catholicae
3122 2754 3311 2808 initiati
3340 2753 3538 2808 fuerint
3580 2750 3866 2808 Corinthii.

2271 2846 2441 2903 Porro
2469 2847 2565 2901 fuit
2593 2847 2679 2902 hic
2704 2862 2877 2902 annus
2907 2846 3225 2901 nobilitatus
3247 2844 3540 2900 Consulatu
3571 2847 3732 2900 triunt
3759 2844 3868 2900 Im-

2273 2940 2529 3013 peratorii
2555 2938 2769 2996 Ordinis
2819 2938 3089 3024 virorum;
3139 2952 3259 2991 nam
3291 2946 3485 3019 praeter
3535 2937 3868 2992 Antoninum

2273 3039 2329 3087 ct
2353 3030 2655 3095 Balbinum,
2684 3031 2775 3102 qui
2805 3014 3027 3101 quartus
3049 3029 3116 3085 ab
3146 3029 3239 3083 illo
3271 3014 3555 3100 imperavit
3584 3044 3710 3083 cum
3762 3028 3869 3083 Pu-

2273 3124 2453 3195 pieno,
2469 3124 2628 3178 etiam
2654 3123 2913 3179 sutl'ectus
2938 3123 3037 3178 fuit
3064 3138 3128 3179 ex
3161 3123 3387 3179 Kalend.
3418 3106 3616 3177 Martiis
3649 3122 3718 3176 Μ.
3750 3121 3871 3177 AN-

2274 3214 2430 3272 TON.
2458 3215 2526 3270 M.
2558 3215 2619 3271 F.
2639 3213 3036 3272 GORDIANUS
3056 3255 3069 3280 ,
3108 3215 3199 3285 qui
3236 3225 3415 3285 poSIea
3443 3211 3692 3284 Imperat.
3723 3211 3865 3269 ϐίης.

2273 3309 2411 3380 Aug.
2438 3306 2739 3377 appellatus
2768 3348 2784 3374 ,
2834 3323 2863 3360 a
2896 3305 3119 3361 Balbino
3170 3306 3480 3365 interfectus
3520 3303 3620 3359 fuit
3642 3344 3657 3370 ,
3693 3303 3866 3359 ~sicuti

2275 3416 2486 3456 rursum
2527 3415 2593 3455 ex
2643 3399 2868 3456 Kalend.
2921 3399 3071 3454 Maiis
3112 3399 3173 3454 Ρ.
3223 3398 3440 3454 Helvius
3469 3398 3531 3452 D.
3569 3397 3866 3454 Pertinacis

2275 3491 2338 3549 F.
2370 3491 2430 3547 P.
2458 3491 2520 3546 N.
2556 3491 2807 3548 Pertinax
2841 3491 2998 3563 paqu
3028 3492 3149 3561 post
3174 3491 3384 3547 occisus
3407 3490 3474 3545 ah
3501 3490 3795 3545 Antonino.

2774 3607 2930 3661 Anno
2970 3604 3180 3660 Domini
3206 3619 3365 3660 ccxv.

2289 3718 2294 3722 ’
2345 3718 2440 3775 54.
2488 3716 2548 3773 S.
2599 3718 2876 3789 Zephirini
2949 3719 3174 3774 Romani
3247 3717 3519 3774 Pontiltcis
3583 3733 3690 3772 xvr.
3753 3718 3869 3772 An-

2273 3803 2680 3881 tonini'lmper.
2727 3810 2818 3878 IV,
2864 3808 3044 3887 SILIO
3086 3810 3407 3867 MESSALA
3452 3810 3541 3865 ΕΤ
3589 3810 3654 3879 ρ.
3682 3808 3869 3876 Αρυι-

2268 3899 2382 3957 LIO
2412 3901 2658 3958 SABINO
2687 3901 2871 3959 COSS.
2921 3903 3219 3975 Imperator
3262 3918 3326 3959 ex
3353 3896 3712 3973 expeditione
3738 3901 3870 3959 Gal-

2269 3990 2407 4059 lica,
2456 3992 2610 4063 enjus
2655 3993 2970 4064 Spartianus
3013 3990 3279 4061 meminit,
3324 3994 3547 4050 Romam
3596 4007 3864 4062 reversus,

2268 4098 2299 4138 a
2332 4084 2496 4140 vestis
2541 4084 2724 4140 talaris
2755 4100 2954 4156 genere
2989 4086 3114 4142 inde
3138 4087 3336 4151 aliaue,
3378 4102 3537 4157 quam
3582 4086 3722 4156 plebi
3750 4085 3864 4140 dis-

2279 4175 2507 4243 tribuit,
2583 4186 2640 4231 ut
2691 4192 2757 4232 eo
2806 4180 2997 4233 vestitu
3065 4194 3186 4234 sese
3243 4179 3518 4242 salutaret,
3592 4177 3867 4234 Caracalla

2271 4276 2607 4335 nuncupatus
2651 4278 2755 4323 cst.
2805 4268 2920 4324 Hoc
2956 4268 3067 4326 fere
3100 4285 3243 4324 anno
3281 4271 3538 4341 scriptum
3582 4285 3867 4326 censemus

2266 4375 2298 4414 a
2335 4358 2820 4428 TER'I'ULLIANO
2879 4364 3041 4418 etiam
3108 4363 3368 4419 adversus
3428 4358 3719 4419 Ecclesium
3794 4362 3864 4416 li-

2267 4449 2422 4506 hrum
2516 4453 2605 4509 DE
2691 4454 2982 4512 JEJUNIIS
3051 4455 3410 4530 ADVERSUS
3491 4455 3865 4513 PSYCHICOS

566 4508 699 4563 satis
724 4506 1065 4565 manifestum
1086 4518 1193 4575 est,
1224 4509 1431 4564 etiamsi
1454 4552 1467 4574 ,
1492 4510 1643 4580 juxta
1665 4528 1951 4570 erroneum
1977 4516 2159 4570 calcu-

566 4597 676 4621 I--_.
711 4600 949 4621 Δ---.-..ε-
975 4615 999 4621 -
1035 4614 1187 4621 ----..
1215 4600 1340 4621 [ειη-ς
1376 4611 1419 4621 .-,
1456 4616 1615 4621 _,-._U_
1651 4618 1667 4621 ᾼ
1698 4602 1710 4621 ι
1757 4604 1791 4621 ι.
1905 4615 1917 4621 -
1961 4608 1993 4621 .-

2272 4541 2357 4613 (L.
2390 4543 2453 4598 de
2488 4506 2665 4607 ait}...
2694 4506 2836 4601 '5}?
2849 4506 2995 4602 illi.
3029 4506 3088 4603 σῖ
3100 4506 3445 4605 ἶῖῷξ’ὶὶ›ξιῖ.ἐ.
3478 4506 3611 4619 tot):
3635 4506 3737 4605 ii;
3749 4506 3864 4621 1.1.;

566 4597 680 4655 lum
701 4600 952 4656 Auctoris
973 4615 1003 4654 a
1035 4614 1192 4670 passo
1214 4600 1429 4656 Christo
1455 4616 1622 4673 usque
1646 4602 1711 4657 ad
1738 4604 2158 4663 devastationem

565 4689 1065 4764 Hierosolymorum
1102 4691 1241 4772 armi
1291 4691 1548 4748 duntaxat
1578 4704 2020 4765 computarentur
2066 4699 2158 4766 23,

566 4795 702 4853 quos
723 4782 811 4838 alii
825 4792 1135 4838 enumerant
1161 4783 1256 4848 25;
1279 4783 1401 4854 quia
1425 4800 1589 4855 usque
1610 4786 1676 4841 ad
1703 4802 1899 4844 annum
1924 4803 2128 4860 praesen
2147 4820 2160 4832 -

563 4881 675 4927 tem
703 4886 809 4927 non
843 4873 1018 4928 solum
1050 4873 1175 4943 160,
1205 4875 1299 4931 sed
1347 4877 1589 4946 producti
1629 4892 1809 4937 essent
1865 4882 1987 4940 t88.
2028 4885 2162 4942 Sunt

564 4962 727 5017 etiam
744 4963 834 5036 qui
851 4963 919 5017 ah
934 4964 1204 5036 Apostolis
1226 4966 1684 5041 hunccompntum
1711 4973 1913 5042 ineant,
1935 4991 2002 5032 eo
2017 4978 2157 5046 quod

567 5054 924 5122 praeminatur
956 5071 968 5107 :
1005 5065 1117 5124 post
1142 5056 1448 5126 Apostolus;
1474 5062 1526 5116 in
1551 5078 1652 5134 qua
1674 5053 1938 5123 sententia
1971 5080 2025 5124 et
2058 5074 2156 5124 nos

562 5142 761 5199 fuimus
783 5185 799 5207 ,
860 5160 1023 5215 quum
1053 5148 1439 5207 Annotationes
1490 5166 1701 5211 nostras
1727 5157 1778 5212 in
1803 5174 1927 5215 eum
1954 5162 2154 5219 scribe-

564 5251 744 5291 remus
794 5237 991 5300 Iocum.
1031 5236 1228 5294 Verum
1272 5241 1367 5298 SS.
1402 5244 1590 5301 Petrus
1611 5258 1666 5304 et
1694 5249 1888 5307 Paulus
1918 5254 2152 5323 primum

563 5328 706 5396 passi
730 5339 857 5385 sunt
878 5332 1021 5386 attito
1050 5331 1276 5389 Neronis
1311 5336 1515 5405 ultimo,
1533 5342 1626 5412 qui
1658 5343 1709 5398 in
1736 5359 1934 5402 atnmm
1967 5350 2156 5407 incidit

561 5418 760 5474 Christi
786 5419 875 5485 69,
915 5436 1076 5493 aquo
1113 5425 1288 5483 adhuc
1341 5445 1446 5485 tton
1478 5434 1578 5488 nisi
1625 5451 2003 5509 computantur
2027 5449 2151 5502 anni

563 5510 690 5569 146.
715 5521 769 5568 et
790 5513 848 5567 S.
872 5514 1108 5573 Joannes
1133 5519 1466 5593 Evangelisla
1499 5527 1626 5583 vixit
1654 5529 1721 5584 ad
1744 5530 2034 5605 Trajanum
2065 5552 2151 5594 us-

559 5616 689 5670 que,
718 5616 960 5664 mortuus
986 5613 1217 5681 primum
1268 5630 1411 5672 anno
1436 5617 1651 5674 circiter
1683 5622 1804 5689 100,
1850 5628 1991 5685 unde
2040 5646 2145 5688 non

561 5692 744 5795 plures
773 5710 896 5795 sunt
926 5703 1060 5795 Aanni
1108 5718 1266 5774 quam
1323 5707 1443 5763 IM.
1478 5711 1701 5783 Propius
1748 5718 2008 5777 accedunt
2054 5726 2143 5795 qui

552 5784 625 5840 ab
654 5787 893 5856 Apostoli
924 5791 1072 5849 Pauli
1097 5805 1251 5874 tctatc
1279 5811 1588 5872 computant
1621 5822 1790 5864 annos
1820 5813 1937 5870 illos
1957 5784 2151 5876 circiter

2266 4624 2527 4704 imprimis
2566 4638 2623 4692 lit
2653 4638 2965 4707 verisimile,
3005 4655 3125 4696 cum
3159 4640 3345 4696 I’rorlo
3373 4642 3698 4714 reliquisque
3719 4643 3867 4698 Mon-

2262 4726 2474 4780 lanistis
2498 4739 2615 4798 post
2630 4729 2824 4809 dictam
2843 4732 3280 4803 diSputationem,
3303 4735 3859 4793 etiam'l‘et-tullianum

2261 4831 2290 4870 a
2319 4817 2456 4888 Papa
2486 4818 2787 4893 Zephyrino
2814 4829 3335 4885 excommunicatum
3367 4830 3550 4896 fuisse,
3597 4846 3668 4888 ex
3690 4831 3865 4887 verbis

2263 4908 2478 4976 inquam
2499 4909 2604 4965 illis
2629 4912 2785 4968 :Dnm
2808 4933 3007 4988 quaqua
3029 4932 3259 4989 exparte
3279 4904 3550 4975 anathema
3565 4921 3859 4986 audiamus,

2258 5000 2346 5070 qui
2358 5001 2504 5055 aliter
2523 5008 2904 5063 annuntiamus.
2927 5011 3127 5070 Deinde
3146 5016 3287 5069 varia
3311 5024 3420 5070 ttttn
3441 5014 3603 5070 fuisse
3619 4992 3862 5071 celebra.-

2262 5102 2310 5147 ta
2336 5109 2430 5163 per
2449 5092 2937 5167 Grmciasconcilia,
2963 5106 3031 5161 ita
3068 5116 3291 5163 testatur
3325 5127 3338 5161 :
3368 5110 3599 5180 Aguntur
3615 5116 3860 5180 prwterea

2261 5201 2350 5254 per
2368 5184 2724 5256 erciasjtlas
2744 5198 2891 5250 certis
2907 5197 2956 5249 in
2976 5197 3099 5251 locis
3113 5198 3339 5253 Concilio
3357 5216 3419 5253 ex
3437 5198 3676 5255 universis
3691 5197 3868 5256 Eccle-

2258 5279 2371 5346 siis,
2402 5297 2492 5367 per
2514 5299 2628 5351 qua:
2652 5296 2698 5339 et
2723 5289 2909 5345 altiora
2939 5308 3148 5364 quicque
3174 5295 3227 5347 in
3256 5311 3521 5349 commune
3547 5305 3860 5365 tractantur,

2257 5379 2302 5424 et
2330 5371 2442 5441 ipsa
2461 5381 2838 5445 reprtesentatio
2867 5384 3017 5437 totius
3041 5386 3258 5441 nominis
3277 5383 3560 5442 Christiani
3585 5404 3770 5459 magna
3790 5405 3867 5443 ve-

2256 5464 2515 5520 neratione
2563 5468 2862 5527 celebratur.
2898 5474 3184 5533 Convenlus
3233 5489 3401 5534 autem
3446 5481 3526 5535 illi
3551 5473 3860 5537 stationibus

2255 5556 2400 5625 prius
2435 5569 2492 5629 et
2514 5562 2918 5632 jejunationibus
2961 5572 3177 5642 operati.
3210 5572 3347 5641 Quae
3399 5577 3630 5631 maxime
3671 5583 3860 5631 contra

2256 5645 2605 5709 Montanistas
2630 5660 2966 5729 convenisse,
2991 5664 3074 5719 vel
3092 5663 3214 5720 inde
3233 5664 3362 5720 tnihi
3379 5666 3633 5737 colligere
3650 5665 3855 5733 videor,

2251 5740 2393 5840 quod
2421 5743 2578 5800 etiam
2606 5746 2657 5821 in
2681 5747 2975 5822 Episcopos
2998 5754 3256 5825 quosdam
3283 5770 3348 5811 ea
3373 5756 3863 5815 Incresiscanceris

2250 5847 2303 5887 tn
2354 5850 2558 5895 morem
2589 5855 2807 5912 serpere
2832 5841 3362 5923 coepis'se__videatur,
3392 5863 3455 5913 cx
3485 5847 3569 5905 his
3594 5850 3856 5907 Auctoris
