  <div class='ocr_page' id='page_1' title='image "/cluster/home/n/w/nwhite01/storage/ocr_20150623/1/hvd.32044054128335/062.png"; bbox 0 0 4238 6262; ppageno 0'>
   <div class='ocr_carea' id='block_1_1' title="bbox 329 396 3641 464">
    <p class='ocr_par' dir='ltr' id='par_1_1' title="bbox 329 396 3641 464">
     <span class='ocr_line' id='line_1_1' title="bbox 329 396 3641 464; baseline 0.004 -12"><span class='ocrx_word' id='word_1_1' title='bbox 329 397 388 455; x_wconf 85' lang='lat'>8|</span> <span class='ocrx_word' id='word_1_2' title='bbox 1626 396 2084 453; x_wconf 63' lang='lat' dir='ltr'><strong>TERTL’LLIANI</strong></span> <span class='ocrx_word' id='word_1_3' title='bbox 2127 398 2304 453; x_wconf 80' lang='lat' dir='ltr'><strong>\&#39;IT.~\.</strong></span> <span class='ocrx_word' id='word_1_4' title='bbox 3570 411 3641 464; x_wconf 67' lang='lat'><strong>83</strong></span> 
     </span>
    </p>
   </div>
   <div class='ocr_carea' id='block_1_2' title="bbox 330 507 3638 591">
    <p class='ocr_par' dir='ltr' id='par_1_2' title="bbox 330 507 3638 591">
     <span class='ocr_line' id='line_1_2' title="bbox 330 507 3638 591; baseline 0.003 -23"><span class='ocrx_word' id='word_1_5' title='bbox 330 511 504 568; x_wconf 74' lang='lat' dir='ltr'><strong>verbis</strong></span> <span class='ocrx_word' id='word_1_6' title='bbox 537 529 550 563; x_wconf 87' lang='lat'><strong>:</strong></span> <span class='ocrx_word' id='word_1_7' title='bbox 586 507 714 564; x_wconf 69' lang='lat' dir='ltr'><strong>Hice</strong></span> <span class='ocrx_word' id='word_1_8' title='bbox 746 518 890 564; x_wconf 84' lang='lat' dir='ltr'><strong>erunt</strong></span> <span class='ocrx_word' id='word_1_9' title='bbox 934 512 1204 580; x_wconf 50' lang='lat' dir='ltr'><strong>exempla,</strong></span> <span class='ocrx_word' id='word_1_10' title='bbox 1249 519 1294 563; x_wconf 93' lang='lat' dir='ltr'><strong>et</strong></span> <span class='ocrx_word' id='word_1_11' title='bbox 1346 511 1556 580; x_wconf 84' lang='lat' dir='ltr'><strong>populo,</strong></span> <span class='ocrx_word' id='word_1_12' title='bbox 1599 520 1644 564; x_wconf 87' lang='lat' dir='ltr'><strong>et</strong></span> <span class='ocrx_word' id='word_1_13' title='bbox 1683 513 1932 581; x_wconf 79' lang='lat' dir='ltr'><strong>episcopis</strong></span> <span class='ocrx_word' id='word_1_14' title='bbox 1962 514 2014 571; x_wconf 85' lang='lat' dir='ltr'><strong>A</strong></span> <span class='ocrx_word' id='word_1_15' title='bbox 2045 512 2102 566; x_wconf 87' lang='grc' dir='ltr'><strong>Ρ.</strong></span> <span class='ocrx_word' id='word_1_16' title='bbox 2129 513 2192 567; x_wconf 85' lang='lat' dir='ltr'><strong>F.</strong></span> <span class='ocrx_word' id='word_1_17' title='bbox 2224 513 2570 570; x_wconf 78' lang='lat' dir='ltr'><strong>ANULLINO</strong></span> <span class='ocrx_word' id='word_1_18' title='bbox 2597 514 2742 571; x_wconf 71' lang='lat' dir='ltr'><strong>(10S.</strong></span> <span class='ocrx_word' id='word_1_19' title='bbox 2763 531 3048 573; x_wconf 80' lang='lat' dir='ltr'><strong>censemus</strong></span> <span class='ocrx_word' id='word_1_20' title='bbox 3083 520 3312 591; x_wconf 88' lang='lat' dir='ltr'><strong>scriptos</strong></span> <span class='ocrx_word' id='word_1_21' title='bbox 3333 519 3638 578; x_wconf 75' lang='lat' dir='ltr'><strong>TERTUL’</strong></span> 
     </span>
    </p>
   </div>
   <div class='ocr_carea' id='block_1_3' title="bbox 331 601 1932 672">
    <p class='ocr_par' dir='ltr' id='par_1_3' title="bbox 331 601 1932 672">
     <span class='ocr_line' id='line_1_3' title="bbox 331 601 1932 672; baseline -0.003 -10"><span class='ocrx_word' id='word_1_22' title='bbox 331 604 476 662; x_wconf 82' lang='lat' dir='ltr'><strong>etiam</strong></span> <span class='ocrx_word' id='word_1_23' title='bbox 508 602 884 672; x_wconf 79' lang='lat' dir='ltr'><strong>Spiritalt&#39;bus;</strong></span> <span class='ocrx_word' id='word_1_24' title='bbox 929 617 1051 655; x_wconf 91' lang='lat' dir='ltr'><strong>nam</strong></span> <span class='ocrx_word' id='word_1_25' title='bbox 1098 601 1368 670; x_wconf 76' lang='lat' dir='ltr'><strong>Spiritales</strong></span> <span class='ocrx_word' id='word_1_26' title='bbox 1414 601 1647 656; x_wconf 88' lang='lat' dir='ltr'><strong>Montani</strong></span> <span class='ocrx_word' id='word_1_27' title='bbox 1700 603 1932 658; x_wconf 65' lang='lat'><strong>35:8(3&#39;35</strong></span> 
     </span>
    </p>
   </div>
   <div class='ocr_carea' id='block_1_4' title="bbox 328 693 1931 766">
    <p class='ocr_par' dir='ltr' id='par_1_4' title="bbox 328 693 1931 766">
     <span class='ocr_line' id='line_1_4' title="bbox 328 693 1931 766; baseline -0.002 -13"><span class='ocrx_word' id='word_1_28' title='bbox 328 695 600 766; x_wconf 73' lang='lat' dir='ltr'><strong>Psyclticis</strong></span> <span class='ocrx_word' id='word_1_29' title='bbox 619 694 715 766; x_wconf 89' lang='lat' dir='ltr'><strong>(ita</strong></span> <span class='ocrx_word' id='word_1_30' title='bbox 744 693 1051 748; x_wconf 80' lang='lat' dir='ltr'><strong>Catltolicos</strong></span> <span class='ocrx_word' id='word_1_31' title='bbox 1071 693 1402 748; x_wconf 85' lang='lat' dir='ltr'><strong>calumniose</strong></span> <span class='ocrx_word' id='word_1_32' title='bbox 1425 695 1681 764; x_wconf 89' lang='lat' dir='ltr'><strong>appellat)</strong></span> <span class='ocrx_word' id='word_1_33' title='bbox 1709 697 1931 764; x_wconf 87' lang='lat' dir='ltr'><strong>opponit</strong></span> 
     </span>
    </p>
   </div>
   <div class='ocr_carea' id='block_1_5' title="bbox 327 784 1931 858">
    <p class='ocr_par' dir='ltr' id='par_1_5' title="bbox 327 784 1931 858">
     <span class='ocr_line' id='line_1_5' title="bbox 327 784 1931 858; baseline 0.001 -18"><span class='ocrx_word' id='word_1_34' title='bbox 327 785 486 858; x_wconf 85' lang='lat' dir='ltr'><strong>(Ibid.</strong></span> <span class='ocrx_word' id='word_1_35' title='bbox 511 803 556 839; x_wconf 88' lang='lat' dir='ltr'><strong>c.</strong></span> <span class='ocrx_word' id='word_1_36' title='bbox 579 784 904 855; x_wconf 67' lang='lat' dir='ltr'><strong>15.).Porro</strong></span> <span class='ocrx_word' id='word_1_37' title='bbox 931 785 974 839; x_wconf 87' lang='lat' dir='ltr'><strong>si</strong></span> <span class='ocrx_word' id='word_1_38' title='bbox 1000 800 1123 839; x_wconf 83' lang='lat' dir='ltr'><strong>vera</strong></span> <span class='ocrx_word' id='word_1_39' title='bbox 1151 787 1217 839; x_wconf 91' lang='lat' dir='ltr'><strong>sit</strong></span> <span class='ocrx_word' id='word_1_40' title='bbox 1237 785 1395 840; x_wconf 89' lang='lat' dir='ltr'><strong>lectio</strong></span> <span class='ocrx_word' id='word_1_41' title='bbox 1417 787 1554 856; x_wconf 91' lang='lat' dir='ltr'><strong>apud</strong></span> <span class='ocrx_word' id='word_1_42' title='bbox 1575 788 1785 841; x_wconf 88' lang='lat' dir='ltr'><strong>beatum</strong></span> <span class='ocrx_word' id='word_1_43' title='bbox 1811 787 1931 841; x_wconf 87' lang='lat' dir='ltr'><strong>Hie-</strong></span> 
     </span>
    </p>
   </div>
   <div class='ocr_carea' id='block_1_6' title="bbox 327 879 1928 951">
    <p class='ocr_par' dir='ltr' id='par_1_6' title="bbox 327 879 1928 951">
     <span class='ocr_line' id='line_1_6' title="bbox 327 879 1928 951; baseline -0.002 -15"><span class='ocrx_word' id='word_1_44' title='bbox 327 896 603 951; x_wconf 82' lang='lat' dir='ltr'><strong>ronymum</strong></span> <span class='ocrx_word' id='word_1_45' title='bbox 623 879 861 950; x_wconf 85' lang='lat' dir='ltr'><strong>Epistula</strong></span> <span class='ocrx_word' id='word_1_46' title='bbox 885 879 1320 949; x_wconf 84' lang='lat' dir='ltr'><strong>quinquagesima</strong></span> <span class='ocrx_word' id='word_1_47' title='bbox 1341 888 1522 949; x_wconf 87' lang='lat' dir='ltr'><strong>quarta</strong></span> <span class='ocrx_word' id='word_1_48' title='bbox 1541 879 1604 932; x_wconf 90' lang='lat' dir='ltr'><strong>ad</strong></span> <span class='ocrx_word' id='word_1_49' title='bbox 1627 879 1928 934; x_wconf 75' lang='lat' dir='ltr'><strong>Marcellam</strong></span> 
     </span>
    </p>
   </div>
   <div class='ocr_carea' id='block_1_7' title="bbox 330 970 1930 1042">
    <p class='ocr_par' dir='ltr' id='par_1_7' title="bbox 330 970 1930 1042">
     <span class='ocr_line' id='line_1_7' title="bbox 330 970 1930 1042; baseline 0 -16"><span class='ocrx_word' id='word_1_50' title='bbox 330 970 396 1026; x_wconf 90' lang='lat' dir='ltr'><strong>de</strong></span> <span class='ocrx_word' id='word_1_51' title='bbox 422 971 781 1033; x_wconf 88' lang='lat' dir='ltr'><strong>Montanistis,</strong></span> <span class='ocrx_word' id='word_1_52' title='bbox 815 970 954 1040; x_wconf 90' lang='lat' dir='ltr'><strong>quod</strong></span> <span class='ocrx_word' id='word_1_53' title='bbox 987 970 1059 1024; x_wconf 89' lang='lat' dir='ltr'>illi</span> <span class='ocrx_word' id='word_1_54' title='bbox 1097 981 1203 1024; x_wconf 90' lang='lat' dir='ltr'><strong>tres</strong></span> <span class='ocrx_word' id='word_1_55' title='bbox 1234 971 1284 1022; x_wconf 91' lang='lat' dir='ltr'><strong>in</strong></span> <span class='ocrx_word' id='word_1_56' title='bbox 1314 986 1455 1025; x_wconf 89' lang='lat' dir='ltr'><strong>anno</strong></span> <span class='ocrx_word' id='word_1_57' title='bbox 1476 971 1930 1042; x_wconf 82' lang='lat' dir='ltr'><strong>Quadragesimas</strong></span> 
     </span>
    </p>
   </div>
   <div class='ocr_carea' id='block_1_8' title="bbox 323 1061 1930 1132">
    <p class='ocr_par' dir='ltr' id='par_1_8' title="bbox 323 1061 1930 1132">
     <span class='ocr_line' id='line_1_8' title="bbox 323 1061 1930 1132; baseline -0.001 -14"><span class='ocrx_word' id='word_1_58' title='bbox 323 1061 579 1125; x_wconf 82' lang='lat' dir='ltr'><strong>facerent.</strong></span> <span class='ocrx_word' id='word_1_59' title='bbox 611 1062 765 1132; x_wconf 88' lang='lat' dir='ltr'><strong>quasi</strong></span> <span class='ocrx_word' id='word_1_60' title='bbox 789 1071 896 1116; x_wconf 88' lang='lat' dir='ltr'><strong>tres</strong></span> <span class='ocrx_word' id='word_1_61' title='bbox 915 1062 1054 1130; x_wconf 84' lang='lat' dir='ltr'><strong>passi</strong></span> <span class='ocrx_word' id='word_1_62' title='bbox 1081 1071 1262 1115; x_wconf 86' lang='lat' dir='ltr'><strong>essent</strong></span> <span class='ocrx_word' id='word_1_63' title='bbox 1283 1061 1622 1125; x_wconf 83' lang='lat' dir='ltr'><strong>Salvaturcs;</strong></span> <span class='ocrx_word' id='word_1_64' title='bbox 1655 1063 1839 1131; x_wconf 75' lang='lat' dir='ltr'><strong>incipit</strong></span> <span class='ocrx_word' id='word_1_65' title='bbox 1862 1063 1930 1116; x_wconf 83' lang='lat' dir='ltr'><strong>ab</strong></span> 
     </span>
    </p>
   </div>
   <div class='ocr_carea' id='block_1_9' title="bbox 326 1153 1928 1208">
    <p class='ocr_par' dir='ltr' id='par_1_9' title="bbox 326 1153 1928 1208">
     <span class='ocr_line' id='line_1_9' title="bbox 326 1153 1928 1208; baseline 0 0"><span class='ocrx_word' id='word_1_66' title='bbox 326 1153 425 1208; x_wconf 83' lang='lat' dir='ltr'><strong>illis</strong></span> <span class='ocrx_word' id='word_1_67' title='bbox 455 1153 701 1207; x_wconf 82' lang='lat' dir='ltr'><strong>nonnihil</strong></span> <span class='ocrx_word' id='word_1_68' title='bbox 730 1153 1021 1208; x_wconf 69' lang='lat' dir='ltr'><strong>dissentire</strong></span> <span class='ocrx_word' id='word_1_69' title='bbox 1067 1153 1267 1206; x_wconf 76' lang='lat' dir='ltr'><strong>Auctor</strong></span> <span class='ocrx_word' id='word_1_70' title='bbox 1300 1153 1350 1206; x_wconf 91' lang='lat' dir='ltr'><strong>in</strong></span> <span class='ocrx_word' id='word_1_71' title='bbox 1393 1154 1616 1206; x_wconf 89' lang='lat' dir='ltr'><strong>duarmn</strong></span> <span class='ocrx_word' id='word_1_72' title='bbox 1667 1153 1928 1208; x_wconf 83' lang='lat' dir='ltr'><strong>duntaxat</strong></span> 
     </span>
    </p>
   </div>
   <div class='ocr_carea' id='block_1_10' title="bbox 324 1239 1925 1314">
    <p class='ocr_par' dir='ltr' id='par_1_10' title="bbox 324 1239 1925 1314">
     <span class='ocr_line' id='line_1_10' title="bbox 324 1239 1925 1314; baseline -0.002 -13"><span class='ocrx_word' id='word_1_73' title='bbox 324 1239 880 1309; x_wconf 74' lang='lat' dir='ltr'><strong>observatione,siCuti</strong></span> <span class='ocrx_word' id='word_1_74' title='bbox 904 1260 964 1298; x_wconf 77' lang='lat' dir='ltr'><strong>ex</strong></span> <span class='ocrx_word' id='word_1_75' title='bbox 992 1244 1073 1298; x_wconf 86' lang='lat' dir='ltr'><strong>Itis</strong></span> <span class='ocrx_word' id='word_1_76' title='bbox 1094 1245 1292 1308; x_wconf 50' lang='lat' dir='ltr'><strong>verbis,</strong></span> <span class='ocrx_word' id='word_1_77' title='bbox 1314 1245 1472 1300; x_wconf 88' lang='lat' dir='ltr'><strong>etiam</strong></span> <span class='ocrx_word' id='word_1_78' title='bbox 1493 1245 1641 1314; x_wconf 83' lang='lat' dir='ltr'><strong>juxta</strong></span> <span class='ocrx_word' id='word_1_79' title='bbox 1667 1245 1777 1300; x_wconf 88' lang='lat' dir='ltr'><strong>MS.</strong></span> <span class='ocrx_word' id='word_1_80' title='bbox 1804 1245 1925 1299; x_wconf 86' lang='lat' dir='ltr'><strong>cod.</strong></span> 
     </span>
    </p>
   </div>
   <div class='ocr_carea' id='block_1_11' title="bbox 325 1320 1928 1407">
    <p class='ocr_par' dir='ltr' id='par_1_11' title="bbox 325 1320 1928 1407">
     <span class='ocr_line' id='line_1_11' title="bbox 325 1320 1928 1407; baseline -0.001 -14"><span class='ocrx_word' id='word_1_81' title='bbox 325 1335 662 1393; x_wconf 79' lang='lat' dir='ltr'><strong>manifestum</strong></span> <span class='ocrx_word' id='word_1_82' title='bbox 689 1337 746 1389; x_wconf 85' lang='lat' dir='ltr'><strong>Iit</strong></span> <span class='ocrx_word' id='word_1_83' title='bbox 771 1354 782 1389; x_wconf 88' lang='lat'>:</span> <span class='ocrx_word' id='word_1_84' title='bbox 810 1335 977 1399; x_wconf 82' lang='lat' dir='ltr'><strong>Duas,</strong></span> <span class='ocrx_word' id='word_1_85' title='bbox 1004 1320 1198 1407; x_wconf 82' lang='lat' dir='ltr'><strong>inquis,</strong></span> <span class='ocrx_word' id='word_1_86' title='bbox 1228 1337 1277 1388; x_wconf 86' lang='lat' dir='ltr'><strong>in</strong></span> <span class='ocrx_word' id='word_1_87' title='bbox 1305 1353 1439 1390; x_wconf 89' lang='lat' dir='ltr'><strong>anno</strong></span> <span class='ocrx_word' id='word_1_88' title='bbox 1459 1336 1802 1393; x_wconf 76' lang='lat' dir='ltr'><strong>hebdomadas</strong></span> <span class='ocrx_word' id='word_1_89' title='bbox 1823 1338 1928 1392; x_wconf 85' lang='lat' dir='ltr'><strong>Xe-</strong></span> 
     </span>
    </p>
   </div>
   <div class='ocr_carea' id='block_1_12' title="bbox 319 1428 1926 1500">
    <p class='ocr_par' dir='ltr' id='par_1_12' title="bbox 319 1428 1926 1500">
     <span class='ocr_line' id='line_1_12' title="bbox 319 1428 1926 1500; baseline 0 -17"><span class='ocrx_word' id='word_1_90' title='bbox 319 1429 702 1500; x_wconf 77' lang='lat' dir='ltr'><strong>rOpImgiarum,</strong></span> <span class='ocrx_word' id='word_1_91' title='bbox 735 1444 827 1481; x_wconf 85' lang='lat' dir='ltr'><strong>nec</strong></span> <span class='ocrx_word' id='word_1_92' title='bbox 853 1437 1005 1492; x_wconf 75' lang='lat' dir='ltr'><strong>totus,</strong></span> <span class='ocrx_word' id='word_1_93' title='bbox 1039 1428 1259 1498; x_wconf 75' lang='lat' dir='ltr'><strong>exceptis</strong></span> <span class='ocrx_word' id='word_1_94' title='bbox 1291 1428 1529 1482; x_wconf 87' lang='lat' dir='ltr'><strong>Subbatis</strong></span> <span class='ocrx_word' id='word_1_95' title='bbox 1553 1439 1596 1482; x_wconf 91' lang='lat' dir='ltr'><strong>et</strong></span> <span class='ocrx_word' id='word_1_96' title='bbox 1619 1429 1926 1497; x_wconf 79' lang='lat' dir='ltr'><strong>Dominicis,</strong></span> 
     </span>
    </p>
   </div>
   <div class='ocr_carea' id='block_1_13' title="bbox 320 1523 1928 1592">
    <p class='ocr_par' dir='ltr' id='par_1_13' title="bbox 320 1523 1928 1592">
     <span class='ocr_line' id='line_1_13' title="bbox 320 1523 1928 1592; baseline 0 -14"><span class='ocrx_word' id='word_1_97' title='bbox 320 1524 578 1590; x_wconf 71' lang='lat' dir='ltr'><strong>o/ferimns</strong></span> <span class='ocrx_word' id='word_1_98' title='bbox 598 1523 725 1590; x_wconf 90' lang='lat' dir='ltr'><strong>Deo,</strong></span> <span class='ocrx_word' id='word_1_99' title='bbox 754 1523 1058 1577; x_wconf 87' lang='lat' dir='ltr'><strong>abstinentes</strong></span> <span class='ocrx_word' id='word_1_100' title='bbox 1080 1524 1244 1584; x_wconf 87' lang='lat' dir='ltr'><strong>abiis,</strong></span> <span class='ocrx_word' id='word_1_101' title='bbox 1275 1539 1388 1590; x_wconf 78' lang='lat' dir='ltr'><strong>ante</strong></span> <span class='ocrx_word' id='word_1_102' title='bbox 1408 1541 1508 1578; x_wconf 89' lang='lat' dir='ltr'><strong>non</strong></span> <span class='ocrx_word' id='word_1_103' title='bbox 1533 1525 1813 1592; x_wconf 66' lang='lat' dir='ltr'><strong>reficimus,</strong></span> <span class='ocrx_word' id='word_1_104' title='bbox 1838 1525 1928 1578; x_wconf 80' lang='lat' dir='ltr'><strong>scd</strong></span> 
     </span>
    </p>
   </div>
   <div class='ocr_carea' id='block_1_14' title="bbox 320 1616 1925 1684">
    <p class='ocr_par' dir='ltr' id='par_1_14' title="bbox 320 1616 1925 1684">
     <span class='ocr_line' id='line_1_14' title="bbox 320 1616 1925 1684; baseline 0.002 -13"><span class='ocrx_word' id='word_1_105' title='bbox 320 1617 627 1684; x_wconf 66' lang='lat' dir='ltr'><strong>dii/“erimus.</strong></span> <span class='ocrx_word' id='word_1_106' title='bbox 661 1616 861 1672; x_wconf 73' lang='lat' dir='ltr'><strong>Verum</strong></span> <span class='ocrx_word' id='word_1_107' title='bbox 914 1616 979 1671; x_wconf 90' lang='lat' dir='ltr'><strong>de</strong></span> <span class='ocrx_word' id='word_1_108' title='bbox 1014 1618 1114 1670; x_wconf 87' lang='lat' dir='ltr'><strong>ltoc</strong></span> <span class='ocrx_word' id='word_1_109' title='bbox 1167 1617 1329 1671; x_wconf 90' lang='lat' dir='ltr'><strong>latins</strong></span> <span class='ocrx_word' id='word_1_110' title='bbox 1373 1617 1423 1670; x_wconf 91' lang='lat' dir='ltr'><strong>in</strong></span> <span class='ocrx_word' id='word_1_111' title='bbox 1476 1618 1925 1674; x_wconf 56' lang='lat' dir='ltr'><strong>Am‘tolationibus</strong></span> 
     </span>
    </p>
   </div>
   <div class='ocr_carea' id='block_1_15' title="bbox 324 1710 1087 1766">
    <p class='ocr_par' dir='ltr' id='par_1_15' title="bbox 324 1710 1087 1766">
     <span class='ocr_line' id='line_1_15' title="bbox 324 1710 1087 1766; baseline -0.009 0"><span class='ocrx_word' id='word_1_112' title='bbox 324 1710 547 1766; x_wconf 87' lang='lat' dir='ltr'><strong>nostris.</strong></span> <span class='ocrx_word' id='word_1_113' title='bbox 1085 1757 1087 1759; x_wconf 85' lang='lat'><strong>.</strong></span> 
     </span>
    </p>
   </div>
   <div class='ocr_carea' id='block_1_16' title="bbox 813 1779 1408 1834">
    <p class='ocr_par' dir='ltr' id='par_1_16' title="bbox 813 1779 1408 1834">
     <span class='ocr_line' id='line_1_16' title="bbox 813 1779 1408 1834; baseline -0.002 -1"><span class='ocrx_word' id='word_1_114' title='bbox 813 1780 968 1834; x_wconf 77' lang='lat' dir='ltr'><strong>Anno</strong></span> <span class='ocrx_word' id='word_1_115' title='bbox 998 1779 1206 1833; x_wconf 91' lang='lat' dir='ltr'><strong>Domini</strong></span> <span class='ocrx_word' id='word_1_116' title='bbox 1235 1794 1408 1834; x_wconf 78' lang='lat' dir='ltr'><strong>ccxvr.</strong></span> 
     </span>
    </p>
   </div>
   <div class='ocr_carea' id='block_1_17' title="bbox 2037 604 3630 676">
    <p class='ocr_par' dir='ltr' id='par_1_17' title="bbox 2037 604 3630 676">
     <span class='ocr_line' id='line_1_17' title="bbox 2037 604 3630 676; baseline 0.007 -17"><span class='ocrx_word' id='word_1_117' title='bbox 2037 604 2220 660; x_wconf 74' lang='lat' dir='ltr'><strong>LIANI</strong></span> <span class='ocrx_word' id='word_1_118' title='bbox 2265 607 2505 663; x_wconf 84' lang='lat' dir='ltr'><strong>LIBROS</strong></span> <span class='ocrx_word' id='word_1_119' title='bbox 2546 607 2683 664; x_wconf 78' lang='lat' dir='ltr'><strong>SEX</strong></span> <span class='ocrx_word' id='word_1_120' title='bbox 2717 608 2802 663; x_wconf 83' lang='lat' dir='ltr'><strong>DE</strong></span> <span class='ocrx_word' id='word_1_121' title='bbox 2846 608 3152 676; x_wconf 80' lang='lat' dir='ltr'><strong>ECSTASI,</strong></span> <span class='ocrx_word' id='word_1_122' title='bbox 3176 622 3230 667; x_wconf 87' lang='lat' dir='ltr'><strong>et</strong></span> <span class='ocrx_word' id='word_1_123' title='bbox 3259 612 3630 672; x_wconf 77' lang='lat' dir='ltr'><strong>ADVERSUS</strong></span> 
     </span>
    </p>
   </div>
   <div class='ocr_carea' id='block_1_18' title="bbox 2038 697 3632 776">
    <p class='ocr_par' dir='ltr' id='par_1_18' title="bbox 2038 697 3632 776">
     <span class='ocr_line' id='line_1_18' title="bbox 2038 697 3632 776; baseline 0.006 -25"><span class='ocrx_word' id='word_1_124' title='bbox 2038 697 2479 756; x_wconf 81' lang='lat' dir='ltr'><strong>APOLLONIUM</strong></span> <span class='ocrx_word' id='word_1_125' title='bbox 2526 699 2874 756; x_wconf 81' lang='lat' dir='ltr'><strong>SEPTIMUM</strong></span> <span class='ocrx_word' id='word_1_126' title='bbox 2921 701 3090 774; x_wconf 85' lang='lat' dir='ltr'><strong>(Inter</strong></span> <span class='ocrx_word' id='word_1_127' title='bbox 3130 705 3465 774; x_wconf 77' lang='lat' dir='ltr'><strong>fragmenta),</strong></span> <span class='ocrx_word' id='word_1_128' title='bbox 3495 720 3632 776; x_wconf 84' lang='lat' dir='ltr'><strong>quos</strong></span> 
     </span>
    </p>
   </div>
   <div class='ocr_carea' id='block_1_19' title="bbox 2036 789 3642 868">
    <p class='ocr_par' dir='ltr' id='par_1_19' title="bbox 2036 789 3642 868">
     <span class='ocr_line' id='line_1_19' title="bbox 2036 789 3642 868; baseline 0.007 -26"><span class='ocrx_word' id='word_1_129' title='bbox 2036 790 2195 843; x_wconf 86' lang='lat' dir='ltr'><strong>etiam</strong></span> <span class='ocrx_word' id='word_1_130' title='bbox 2211 789 2468 846; x_wconf 85' lang='lat' dir='ltr'><strong>adversus</strong></span> <span class='ocrx_word' id='word_1_131' title='bbox 2489 792 2777 848; x_wconf 87' lang='lat' dir='ltr'><strong>Ecclesiam</strong></span> <span class='ocrx_word' id='word_1_132' title='bbox 2796 794 3026 865; x_wconf 86' lang='lat' dir='ltr'><strong>scriptos</strong></span> <span class='ocrx_word' id='word_1_133' title='bbox 3048 795 3642 868; x_wconf 65' lang='lat' dir='ltr'><strong>testanturBJlieronyo</strong></span> 
     </span>
    </p>
   </div>
   <div class='ocr_carea' id='block_1_20' title="bbox 2037 881 3630 958">
    <p class='ocr_par' dir='ltr' id='par_1_20' title="bbox 2037 881 3630 958">
     <span class='ocr_line' id='line_1_20' title="bbox 2037 881 3630 958; baseline 0.005 -24"><span class='ocrx_word' id='word_1_134' title='bbox 2037 881 2513 952; x_wconf 78' lang='lat' dir='ltr'><strong>mus,SOpbnou.et</strong></span> <span class='ocrx_word' id='word_1_135' title='bbox 2530 883 2812 956; x_wconf 77' lang='lat' dir='ltr'><strong>Nieeplior.</strong></span> <span class='ocrx_word' id='word_1_136' title='bbox 2825 883 2932 940; x_wconf 83' lang='lat' dir='ltr'><strong>Nec</strong></span> <span class='ocrx_word' id='word_1_137' title='bbox 2949 886 3124 940; x_wconf 90' lang='lat' dir='ltr'><strong>obstat</strong></span> <span class='ocrx_word' id='word_1_138' title='bbox 3139 887 3280 955; x_wconf 93' lang='lat' dir='ltr'><strong>quod</strong></span> <span class='ocrx_word' id='word_1_139' title='bbox 3299 886 3630 958; x_wconf 77' lang='lat' dir='ltr'><strong>Apollonium</strong></span> 
     </span>
    </p>
   </div>
   <div class='ocr_carea' id='block_1_21' title="bbox 2034 975 3628 1050">
    <p class='ocr_par' dir='ltr' id='par_1_21' title="bbox 2034 975 3628 1050">
     <span class='ocr_line' id='line_1_21' title="bbox 2034 975 3628 1050; baseline 0.007 -23"><span class='ocrx_word' id='word_1_140' title='bbox 2034 975 2262 1029; x_wconf 90' lang='lat' dir='ltr'><strong>collucet</strong></span> <span class='ocrx_word' id='word_1_141' title='bbox 2283 975 2477 1030; x_wconf 87' lang='lat' dir='ltr'><strong>Beatus</strong></span> <span class='ocrx_word' id='word_1_142' title='bbox 2496 977 2852 1049; x_wconf 85' lang='lat' dir='ltr'><strong>Hieronymus</strong></span> <span class='ocrx_word' id='word_1_143' title='bbox 2869 978 3039 1033; x_wconf 88' lang='lat' dir='ltr'><strong>Catal.</strong></span> <span class='ocrx_word' id='word_1_144' title='bbox 3065 978 3475 1050; x_wconf 84' lang='lat' dir='ltr'><strong>Script.Eccles.</strong></span> <span class='ocrx_word' id='word_1_145' title='bbox 3501 992 3628 1038; x_wconf 92' lang='lat' dir='ltr'><strong>ante</strong></span> 
     </span>
    </p>
   </div>
   <div class='ocr_carea' id='block_1_22' title="bbox 2035 1070 3631 1144">
    <p class='ocr_par' dir='ltr' id='par_1_22' title="bbox 2035 1070 3631 1144">
     <span class='ocr_line' id='line_1_22' title="bbox 2035 1070 3631 1144; baseline 0.005 -22"><span class='ocrx_word' id='word_1_146' title='bbox 2035 1070 2498 1140; x_wconf 82' lang='lat' dir='ltr'><strong>Auctorem,quia,</strong></span> <span class='ocrx_word' id='word_1_147' title='bbox 2526 1070 2664 1140; x_wconf 90' lang='lat' dir='ltr'><strong>quod</strong></span> <span class='ocrx_word' id='word_1_148' title='bbox 2693 1071 2824 1125; x_wconf 88' lang='lat' dir='ltr'><strong>alias</strong></span> <span class='ocrx_word' id='word_1_149' title='bbox 2848 1071 3022 1127; x_wconf 80' lang='lat' dir='ltr'><strong>facere</strong></span> <span class='ocrx_word' id='word_1_150' title='bbox 3047 1073 3204 1138; x_wconf 88' lang='lat' dir='ltr'><strong>solet,</strong></span> <span class='ocrx_word' id='word_1_151' title='bbox 3239 1073 3434 1129; x_wconf 91' lang='lat' dir='ltr'><strong>nullius</strong></span> <span class='ocrx_word' id='word_1_152' title='bbox 3463 1075 3631 1144; x_wconf 84' lang='lat' dir='ltr'><strong>impc-</strong></span> 
     </span>
    </p>
   </div>
   <div class='ocr_carea' id='block_1_23' title="bbox 2034 1159 3636 1235">
    <p class='ocr_par' dir='ltr' id='par_1_23' title="bbox 2034 1159 3636 1235">
     <span class='ocr_line' id='line_1_23' title="bbox 2034 1159 3636 1235; baseline 0.004 -22"><span class='ocrx_word' id='word_1_153' title='bbox 2034 1159 2229 1215; x_wconf 88' lang='lat' dir='ltr'><strong>ratoris</strong></span> <span class='ocrx_word' id='word_1_154' title='bbox 2255 1163 2472 1216; x_wconf 88' lang='lat' dir='ltr'><strong>ascribit</strong></span> <span class='ocrx_word' id='word_1_155' title='bbox 2502 1172 2761 1232; x_wconf 88' lang='lat' dir='ltr'><strong>tempora.</strong></span> <span class='ocrx_word' id='word_1_156' title='bbox 2815 1163 3012 1219; x_wconf 86' lang='lat' dir='ltr'><strong>Euseb.</strong></span> <span class='ocrx_word' id='word_1_157' title='bbox 3045 1179 3257 1235; x_wconf 89' lang='lat' dir='ltr'><strong>quoque</strong></span> <span class='ocrx_word' id='word_1_158' title='bbox 3286 1165 3492 1222; x_wconf 85' lang='lat' dir='ltr'><strong>Eecles.</strong></span> <span class='ocrx_word' id='word_1_159' title='bbox 3519 1167 3636 1222; x_wconf 82' lang='lat' dir='ltr'><strong>bis-</strong></span> 
     </span>
    </p>
   </div>
   <div class='ocr_carea' id='block_1_24' title="bbox 2034 1251 3638 1324">
    <p class='ocr_par' dir='ltr' id='par_1_24' title="bbox 2034 1251 3638 1324">
     <span class='ocr_line' id='line_1_24' title="bbox 2034 1251 3638 1324; baseline 0.009 -22"><span class='ocrx_word' id='word_1_160' title='bbox 2034 1259 2136 1304; x_wconf 92' lang='lat' dir='ltr'><strong>tor.</strong></span> <span class='ocrx_word' id='word_1_161' title='bbox 2164 1251 2256 1305; x_wconf 86' lang='lat' dir='ltr'><strong>lib.</strong></span> <span class='ocrx_word' id='word_1_162' title='bbox 2288 1252 2340 1308; x_wconf 85' lang='lat'><strong>5.</strong></span> <span class='ocrx_word' id='word_1_163' title='bbox 2375 1267 2493 1322; x_wconf 86' lang='lat' dir='ltr'><strong>cap.</strong></span> <span class='ocrx_word' id='word_1_164' title='bbox 2531 1253 2613 1306; x_wconf 81' lang='lat' dir='ltr'><strong>l7.</strong></span> <span class='ocrx_word' id='word_1_165' title='bbox 2635 1263 2684 1307; x_wconf 91' lang='lat' dir='ltr'><strong>ct</strong></span> <span class='ocrx_word' id='word_1_166' title='bbox 2707 1263 2962 1322; x_wconf 84' lang='lat' dir='ltr'><strong>posteum</strong></span> <span class='ocrx_word' id='word_1_167' title='bbox 2983 1253 3337 1324; x_wconf 83' lang='lat' dir='ltr'><strong>Nicepltorus,</strong></span> <span class='ocrx_word' id='word_1_168' title='bbox 3357 1273 3478 1312; x_wconf 90' lang='lat' dir='ltr'><strong>eum</strong></span> <span class='ocrx_word' id='word_1_169' title='bbox 3498 1259 3638 1316; x_wconf 83' lang='lat' dir='ltr'><strong>inter</strong></span> 
     </span>
    </p>
   </div>
   <div class='ocr_carea' id='block_1_25' title="bbox 2031 1345 3638 1419">
    <p class='ocr_par' dir='ltr' id='par_1_25' title="bbox 2031 1345 3638 1419">
     <span class='ocr_line' id='line_1_25' title="bbox 2031 1345 3638 1419; baseline 0.005 -21"><span class='ocrx_word' id='word_1_170' title='bbox 2031 1359 2126 1398; x_wconf 89' lang='lat' dir='ltr'><strong>eos</strong></span> <span class='ocrx_word' id='word_1_171' title='bbox 2143 1345 2355 1415; x_wconf 89' lang='lat' dir='ltr'><strong>quidem</strong></span> <span class='ocrx_word' id='word_1_172' title='bbox 2384 1354 2630 1400; x_wconf 86' lang='lat' dir='ltr'><strong>recenset</strong></span> <span class='ocrx_word' id='word_1_173' title='bbox 2669 1346 2759 1416; x_wconf 86' lang='lat' dir='ltr'><strong>qui</strong></span> <span class='ocrx_word' id='word_1_174' title='bbox 2791 1345 3052 1402; x_wconf 86' lang='lat' dir='ltr'><strong>adversus</strong></span> <span class='ocrx_word' id='word_1_175' title='bbox 3073 1347 3379 1403; x_wconf 82' lang='lat' dir='ltr'><strong>Montanum</strong></span> <span class='ocrx_word' id='word_1_176' title='bbox 3406 1349 3638 1419; x_wconf 85' lang='lat' dir='ltr'><strong>scripse-</strong></span> 
     </span>
    </p>
   </div>
   <div class='ocr_carea' id='block_1_26' title="bbox 2033 1437 3717 1509">
    <p class='ocr_par' dir='ltr' id='par_1_26' title="bbox 2033 1437 3717 1509">
     <span class='ocr_line' id='line_1_26' title="bbox 2033 1437 3717 1509; baseline 0.004 -19"><span class='ocrx_word' id='word_1_177' title='bbox 2033 1446 2177 1500; x_wconf 88' lang='lat' dir='ltr'><strong>runt,</strong></span> <span class='ocrx_word' id='word_1_178' title='bbox 2209 1437 2302 1491; x_wconf 89' lang='lat' dir='ltr'><strong>sed</strong></span> <span class='ocrx_word' id='word_1_179' title='bbox 2331 1437 2636 1508; x_wconf 86' lang='lat' dir='ltr'><strong>aliquandiu</strong></span> <span class='ocrx_word' id='word_1_180' title='bbox 2667 1447 2848 1507; x_wconf 88' lang='lat' dir='ltr'><strong>postea</strong></span> <span class='ocrx_word' id='word_1_181' title='bbox 2871 1437 3236 1509; x_wconf 78' lang='lat' dir='ltr'><strong>conscriptum</strong></span> <span class='ocrx_word' id='word_1_182' title='bbox 3253 1440 3638 1496; x_wconf 85' lang='lat' dir='ltr'><strong>satisindicant</strong></span> <span class='ocrx_word' id='word_1_183' title='bbox 3713 1471 3717 1474; x_wconf 92' lang='lat'><strong><em>-</em></strong></span> 
     </span>
    </p>
   </div>
   <div class='ocr_carea' id='block_1_27' title="bbox 2035 1529 3634 1601">
    <p class='ocr_par' dir='ltr' id='par_1_27' title="bbox 2035 1529 3634 1601">
     <span class='ocr_line' id='line_1_27' title="bbox 2035 1529 3634 1601; baseline 0.004 -19"><span class='ocrx_word' id='word_1_184' title='bbox 2035 1529 2120 1582; x_wconf 89' lang='lat' dir='ltr'><strong>illa</strong></span> <span class='ocrx_word' id='word_1_185' title='bbox 2149 1529 2310 1583; x_wconf 86' lang='lat' dir='ltr'><strong>verba</strong></span> <span class='ocrx_word' id='word_1_186' title='bbox 2338 1547 2349 1584; x_wconf 92' lang='lat'><strong>:</strong></span> <span class='ocrx_word' id='word_1_187' title='bbox 2381 1548 2398 1580; x_wconf 82' lang='lat'><strong>(</strong></span> <span class='ocrx_word' id='word_1_188' title='bbox 2429 1530 2595 1584; x_wconf 83' lang='lat' dir='ltr'><strong>Porro</strong></span> <span class='ocrx_word' id='word_1_189' title='bbox 2625 1530 2931 1599; x_wconf 82' lang='lat' dir='ltr'><strong>Apollonius</strong></span> <span class='ocrx_word' id='word_1_190' title='bbox 2956 1532 3186 1601; x_wconf 84' lang='lat' dir='ltr'><strong>scriptor</strong></span> <span class='ocrx_word' id='word_1_191' title='bbox 3201 1531 3634 1600; x_wconf 69' lang='lat' dir='ltr'><strong>Ecclesiasticus,</strong></span> 
     </span>
    </p>
   </div>
   <div class='ocr_carea' id='block_1_28' title="bbox 2037 1619 3640 1692">
    <p class='ocr_par' dir='ltr' id='par_1_28' title="bbox 2037 1619 3640 1692">
     <span class='ocr_line' id='line_1_28' title="bbox 2037 1619 3640 1692; baseline 0.004 -20"><span class='ocrx_word' id='word_1_192' title='bbox 2037 1635 2200 1688; x_wconf 92' lang='lat' dir='ltr'><strong>quum</strong></span> <span class='ocrx_word' id='word_1_193' title='bbox 2229 1635 2289 1673; x_wconf 85' lang='lat' dir='ltr'><strong>ea</strong></span> <span class='ocrx_word' id='word_1_194' title='bbox 2311 1636 2431 1689; x_wconf 77' lang='lat' dir='ltr'><strong>qua:</strong></span> <span class='ocrx_word' id='word_1_195' title='bbox 2454 1619 2851 1692; x_wconf 74' lang='lat' dir='ltr'><strong>Cataphrygum</strong></span> <span class='ocrx_word' id='word_1_196' title='bbox 2873 1621 3109 1677; x_wconf 77' lang='lat' dir='ltr'><strong>llaeresis</strong></span> <span class='ocrx_word' id='word_1_197' title='bbox 3149 1623 3418 1678; x_wconf 83' lang='lat' dir='ltr'><strong>nominata</strong></span> <span class='ocrx_word' id='word_1_198' title='bbox 3443 1634 3527 1678; x_wconf 88' lang='lat' dir='ltr'><strong>est</strong></span> <span class='ocrx_word' id='word_1_199' title='bbox 3551 1624 3640 1679; x_wconf 75' lang='lat' dir='ltr'><strong>ad~</strong></span> 
     </span>
    </p>
   </div>
   <div class='ocr_carea' id='block_1_29' title="bbox 2034 1709 3632 1785">
    <p class='ocr_par' dir='ltr' id='par_1_29' title="bbox 2034 1709 3632 1785">
     <span class='ocr_line' id='line_1_29' title="bbox 2034 1709 3632 1785; baseline 0.006 -22"><span class='ocrx_word' id='word_1_200' title='bbox 2034 1709 2137 1764; x_wconf 87' lang='lat' dir='ltr'><strong>ltuc</strong></span> <span class='ocrx_word' id='word_1_201' title='bbox 2168 1711 2217 1764; x_wconf 92' lang='lat' dir='ltr'><strong>in</strong></span> <span class='ocrx_word' id='word_1_202' title='bbox 2249 1711 2474 1782; x_wconf 78' lang='lat' dir='ltr'><strong>Phrygia</strong></span> <span class='ocrx_word' id='word_1_203' title='bbox 2504 1712 2683 1781; x_wconf 85' lang='lat' dir='ltr'><strong>vigere</strong></span> <span class='ocrx_word' id='word_1_204' title='bbox 2711 1712 3006 1779; x_wconf 86' lang='lat' dir='ltr'><strong>videretur,</strong></span> <span class='ocrx_word' id='word_1_205' title='bbox 3025 1713 3241 1768; x_wconf 88' lang='lat' dir='ltr'><strong>Librtun</strong></span> <span class='ocrx_word' id='word_1_206' title='bbox 3262 1716 3548 1785; x_wconf 87' lang='lat' dir='ltr'><strong>separatiut</strong></span> <span class='ocrx_word' id='word_1_207' title='bbox 3565 1716 3632 1772; x_wconf 88' lang='lat' dir='ltr'><strong>ad</strong></span> 
     </span>
    </p>
   </div>
   <div class='ocr_carea' id='block_1_30' title="bbox 2033 1803 3636 1878">
    <p class='ocr_par' dir='ltr' id='par_1_30' title="bbox 2033 1803 3636 1878">
     <span class='ocr_line' id='line_1_30' title="bbox 2033 1803 3636 1878; baseline 0.006 -23"><span class='ocrx_word' id='word_1_208' title='bbox 2033 1811 2287 1870; x_wconf 87' lang='lat' dir='ltr'><strong>patronos</strong></span> <span class='ocrx_word' id='word_1_209' title='bbox 2304 1803 2542 1872; x_wconf 84' lang='lat' dir='ltr'><strong>ejusdem</strong></span> <span class='ocrx_word' id='word_1_210' title='bbox 2562 1803 2915 1859; x_wconf 77' lang='lat' dir='ltr'><strong>conlutaados</strong></span> <span class='ocrx_word' id='word_1_211' title='bbox 2935 1807 3271 1878; x_wconf 88' lang='lat' dir='ltr'><strong>conscripsit.</strong></span> <span class='ocrx_word' id='word_1_212' title='bbox 3294 1807 3495 1864; x_wconf 87' lang='lat' dir='ltr'><strong>Deinde</strong></span> <span class='ocrx_word' id='word_1_213' title='bbox 3509 1823 3636 1865; x_wconf 89' lang='lat' dir='ltr'><strong>con-</strong></span> 
     </span>
    </p>
   </div>
   <div class='ocr_carea' id='block_1_31' title="bbox 384 1877 3628 1968">
    <p class='ocr_par' dir='ltr' id='par_1_31' title="bbox 384 1877 3628 1968">
     <span class='ocr_line' id='line_1_31' title="bbox 384 1877 3628 1968; baseline 0.008 -37"><span class='ocrx_word' id='word_1_214' title='bbox 384 1901 475 1956; x_wconf 58' lang='grc' dir='ltr'><strong>δε,</strong></span> <span class='ocrx_word' id='word_1_215' title='bbox 543 1898 724 1955; x_wconf 52' lang='lat' dir='ltr'><strong>sane“</strong></span> <span class='ocrx_word' id='word_1_216' title='bbox 791 1897 1079 1968; x_wconf 57' lang='lat' dir='ltr'><strong>zephyri.“</strong></span> <span class='ocrx_word' id='word_1_217' title='bbox 1148 1897 1374 1951; x_wconf 64' lang='lat' dir='ltr'><strong>Romani</strong></span> <span class='ocrx_word' id='word_1_218' title='bbox 1451 1887 1722 1954; x_wconf 67' lang='lat' dir='ltr'><strong>pomiﬁcis</strong></span> <span class='ocrx_word' id='word_1_219' title='bbox 1789 1916 1918 1954; x_wconf 67' lang='grc' dir='ltr'><strong>χνη,</strong></span> <span class='ocrx_word' id='word_1_220' title='bbox 1954 1877 2001 1934; x_wconf 79' lang='grc' dir='ltr'><strong>Β</strong></span> <span class='ocrx_word' id='word_1_221' title='bbox 2035 1893 2192 1946; x_wconf 82' lang='lat' dir='ltr'><strong>vineit</strong></span> <span class='ocrx_word' id='word_1_222' title='bbox 2226 1893 2357 1948; x_wconf 91' lang='lat' dir='ltr'><strong>illud</strong></span> <span class='ocrx_word' id='word_1_223' title='bbox 2389 1894 2629 1964; x_wconf 89' lang='lat' dir='ltr'><strong>ejusdem</strong></span> <span class='ocrx_word' id='word_1_224' title='bbox 2657 1912 2670 1947; x_wconf 92' lang='lat'><strong>:</strong></span> <span class='ocrx_word' id='word_1_225' title='bbox 2715 1895 2858 1950; x_wconf 90' lang='lat' dir='ltr'><strong>Idem</strong></span> <span class='ocrx_word' id='word_1_226' title='bbox 2892 1897 2998 1951; x_wconf 87' lang='lat' dir='ltr'><strong>iste</strong></span> <span class='ocrx_word' id='word_1_227' title='bbox 3020 1877 3322 1967; x_wconf 74' lang='lat' dir='ltr'><strong>Apollonius</strong></span> <span class='ocrx_word' id='word_1_228' title='bbox 3355 1898 3406 1953; x_wconf 88' lang='lat' dir='ltr'><strong>itt</strong></span> <span class='ocrx_word' id='word_1_229' title='bbox 3437 1900 3628 1957; x_wconf 87' lang='lat' dir='ltr'><strong>eodem</strong></span> 
     </span>
    </p>
   </div>
   <div class='ocr_carea' id='block_1_32' title="bbox 318 1988 1926 2063">
    <p class='ocr_par' dir='ltr' id='par_1_32' title="bbox 318 1988 1926 2063">
     <span class='ocr_line' id='line_1_32' title="bbox 318 1988 1926 2063; baseline -0.001 -15"><span class='ocrx_word' id='word_1_230' title='bbox 318 1991 565 2050; x_wconf 79' lang='lat' dir='ltr'><strong>Antonini</strong></span> <span class='ocrx_word' id='word_1_231' title='bbox 612 1991 807 2061; x_wconf 89' lang='lat' dir='ltr'><strong>lmper.</strong></span> <span class='ocrx_word' id='word_1_232' title='bbox 859 1990 921 2043; x_wconf 73' lang='grc' dir='ltr'><strong>ν.</strong></span> <span class='ocrx_word' id='word_1_233' title='bbox 979 1988 1218 2044; x_wconf 79' lang='lat' dir='ltr'><strong>AIMILD</strong></span> <span class='ocrx_word' id='word_1_234' title='bbox 1261 1989 1470 2044; x_wconf 71' lang='lat' dir='ltr'><strong>L/E&#39;I&#39;O</strong></span> <span class='ocrx_word' id='word_1_235' title='bbox 1514 1992 1722 2063; x_wconf 87' lang='lat' dir='ltr'><strong>(quem</strong></span> <span class='ocrx_word' id='word_1_236' title='bbox 1766 1992 1926 2061; x_wconf 87' lang='lat' dir='ltr'><strong>paulo</strong></span> 
     </span>
    </p>
   </div>
   <div class='ocr_carea' id='block_1_33' title="bbox 324 2083 1924 2157">
    <p class='ocr_par' dir='ltr' id='par_1_33' title="bbox 324 2083 1924 2157">
     <span class='ocr_line' id='line_1_33' title="bbox 324 2083 1924 2157; baseline 0.001 -18"><span class='ocrx_word' id='word_1_237' title='bbox 324 2096 438 2156; x_wconf 88' lang='lat' dir='ltr'><strong>post</strong></span> <span class='ocrx_word' id='word_1_238' title='bbox 476 2085 545 2140; x_wconf 93' lang='lat' dir='ltr'><strong>ab</strong></span> <span class='ocrx_word' id='word_1_239' title='bbox 611 2084 886 2140; x_wconf 79' lang='lat' dir='ltr'><strong>Antonino</strong></span> <span class='ocrx_word' id='word_1_240' title='bbox 947 2083 1282 2137; x_wconf 77' lang='lat' dir='ltr'><strong>interfectum</strong></span> <span class='ocrx_word' id='word_1_241' title='bbox 1328 2084 1513 2138; x_wconf 86' lang='lat' dir='ltr'><strong>scribit</strong></span> <span class='ocrx_word' id='word_1_242' title='bbox 1560 2084 1924 2157; x_wconf 89' lang='lat' dir='ltr'><strong>Spartianus)</strong></span> 
     </span>
    </p>
   </div>
   <div class='ocr_carea' id='block_1_34' title="bbox 319 2176 1922 2248">
    <p class='ocr_par' dir='ltr' id='par_1_34' title="bbox 319 2176 1922 2248">
     <span class='ocr_line' id='line_1_34' title="bbox 319 2176 1922 2248; baseline -0.001 -11"><span class='ocrx_word' id='word_1_243' title='bbox 319 2181 401 2237; x_wconf 84' lang='lat' dir='ltr'><strong>ET</strong></span> <span class='ocrx_word' id='word_1_244' title='bbox 458 2178 686 2236; x_wconf 75' lang='lat' dir='ltr'><strong>ANICIO</strong></span> <span class='ocrx_word' id='word_1_245' title='bbox 742 2176 1042 2233; x_wconf 70' lang='lat' dir='ltr'><strong>CEREALI</strong></span> <span class='ocrx_word' id='word_1_246' title='bbox 1095 2176 1282 2232; x_wconf 76' lang='lat' dir='ltr'><strong>(ZOSS.</strong></span> <span class='ocrx_word' id='word_1_247' title='bbox 1338 2194 1402 2233; x_wconf 92' lang='lat' dir='ltr'><strong>eu</strong></span> <span class='ocrx_word' id='word_1_248' title='bbox 1445 2179 1560 2248; x_wconf 92' lang='lat' dir='ltr'><strong>ipso</strong></span> <span class='ocrx_word' id='word_1_249' title='bbox 1597 2195 1700 2248; x_wconf 87' lang='lat' dir='ltr'><strong>quo</strong></span> <span class='ocrx_word' id='word_1_250' title='bbox 1753 2181 1922 2236; x_wconf 85' lang='lat' dir='ltr'><strong>Anto-</strong></span> 
     </span>
    </p>
   </div>
   <div class='ocr_carea' id='block_1_35' title="bbox 320 2265 1922 2343">
    <p class='ocr_par' dir='ltr' id='par_1_35' title="bbox 320 2265 1922 2343">
     <span class='ocr_line' id='line_1_35' title="bbox 320 2265 1922 2343; baseline -0.002 -16"><span class='ocrx_word' id='word_1_251' title='bbox 320 2274 475 2328; x_wconf 89' lang='lat' dir='ltr'><strong>ninus</strong></span> <span class='ocrx_word' id='word_1_252' title='bbox 537 2272 589 2326; x_wconf 93' lang='lat' dir='ltr'><strong>in</strong></span> <span class='ocrx_word' id='word_1_253' title='bbox 638 2269 980 2340; x_wconf 73' lang='lat' dir='ltr'><strong>expeditione</strong></span> <span class='ocrx_word' id='word_1_254' title='bbox 1011 2265 1355 2324; x_wconf 79' lang='lat' dir='ltr'><strong>Germanica</strong></span> <span class='ocrx_word' id='word_1_255' title='bbox 1392 2269 1552 2340; x_wconf 84' lang='lat' dir='ltr'><strong>(teste</strong></span> <span class='ocrx_word' id='word_1_256' title='bbox 1599 2271 1922 2343; x_wconf 87' lang='lat' dir='ltr'><strong>Spartiano)</strong></span> 
     </span>
    </p>
   </div>
   <div class='ocr_carea' id='block_1_36' title="bbox 313 2361 1925 2438">
    <p class='ocr_par' dir='ltr' id='par_1_36' title="bbox 313 2361 1925 2438">
     <span class='ocr_line' id='line_1_36' title="bbox 313 2361 1925 2438; baseline -0.001 -18"><span class='ocrx_word' id='word_1_257' title='bbox 313 2367 460 2438; x_wconf 77' lang='lat' dir='ltr'><strong>juxta</strong></span> <span class='ocrx_word' id='word_1_258' title='bbox 523 2363 744 2419; x_wconf 80' lang='lat' dir='ltr'><strong>Rhetias</strong></span> <span class='ocrx_word' id='word_1_259' title='bbox 823 2363 1019 2416; x_wconf 88' lang='lat' dir='ltr'><strong>mttltos</strong></span> <span class='ocrx_word' id='word_1_260' title='bbox 1092 2362 1350 2416; x_wconf 86' lang='lat' dir='ltr'><strong>barbaros</strong></span> <span class='ocrx_word' id='word_1_261' title='bbox 1415 2361 1676 2418; x_wconf 81' lang='lat' dir='ltr'><strong>interfecit</strong></span> <span class='ocrx_word' id='word_1_262' title='bbox 1712 2404 1726 2426; x_wconf 93' lang='lat'><strong>,</strong></span> <span class='ocrx_word' id='word_1_263' title='bbox 1802 2362 1925 2418; x_wconf 90' lang='lat' dir='ltr'><strong>inde</strong></span> 
     </span>
    </p>
   </div>
   <div class='ocr_carea' id='block_1_37' title="bbox 317 2451 1924 2528">
    <p class='ocr_par' dir='ltr' id='par_1_37' title="bbox 317 2451 1924 2528">
     <span class='ocr_line' id='line_1_37' title="bbox 317 2451 1924 2528; baseline -0.002 -16"><span class='ocrx_word' id='word_1_264' title='bbox 317 2456 647 2528; x_wconf 71' lang='lat' dir='ltr'><strong>potissimum</strong></span> <span class='ocrx_word' id='word_1_265' title='bbox 695 2451 1142 2508; x_wconf 72' lang='lat' dir='ltr'><strong>GERMANICUS</strong></span> <span class='ocrx_word' id='word_1_266' title='bbox 1181 2453 1477 2523; x_wconf 84' lang='lat' dir='ltr'><strong>appellatus</strong></span> <span class='ocrx_word' id='word_1_267' title='bbox 1502 2495 1517 2520; x_wconf 95' lang='lat'><strong>,</strong></span> <span class='ocrx_word' id='word_1_268' title='bbox 1551 2462 1760 2523; x_wconf 89' lang='lat' dir='ltr'><strong>putatur</strong></span> <span class='ocrx_word' id='word_1_269' title='bbox 1788 2456 1924 2509; x_wconf 91' lang='lat' dir='ltr'><strong>scri-</strong></span> 
     </span>
    </p>
   </div>
   <div class='ocr_carea' id='block_1_38' title="bbox 319 2543 1921 2618">
    <p class='ocr_par' dir='ltr' id='par_1_38' title="bbox 319 2543 1921 2618">
     <span class='ocr_line' id='line_1_38' title="bbox 319 2543 1921 2618; baseline -0.001 -15"><span class='ocrx_word' id='word_1_270' title='bbox 319 2551 482 2618; x_wconf 84' lang='lat' dir='ltr'><strong>psisse</strong></span> <span class='ocrx_word' id='word_1_271' title='bbox 503 2544 1040 2602; x_wconf 72' lang='lat' dir='ltr'><strong>TERTULLIANUS</strong></span> <span class='ocrx_word' id='word_1_272' title='bbox 1073 2547 1264 2599; x_wconf 85' lang='lat' dir='ltr'><strong>librum</strong></span> <span class='ocrx_word' id='word_1_273' title='bbox 1297 2545 1382 2599; x_wconf 74' lang='lat' dir='ltr'><strong>DE</strong></span> <span class='ocrx_word' id='word_1_274' title='bbox 1412 2543 1748 2607; x_wconf 58' lang='lat' dir='ltr'><strong>I’UDICITIA</strong></span> <span class='ocrx_word' id='word_1_275' title='bbox 1782 2545 1921 2615; x_wconf 87' lang='lat' dir='ltr'><strong>(Lib.</strong></span> 
     </span>
    </p>
   </div>
   <div class='ocr_carea' id='block_1_39' title="bbox 297 2623 1922 2706">
    <p class='ocr_par' dir='ltr' id='par_1_39' title="bbox 297 2623 1922 2706">
     <span class='ocr_line' id='line_1_39' title="bbox 297 2623 1922 2706; baseline -0.002 -12"><span class='ocrx_word' id='word_1_276' title='bbox 297 2623 380 2693; x_wconf 14' lang='lat' dir='ltr'><strong>Ide</strong></span> <span class='ocrx_word' id='word_1_277' title='bbox 421 2639 647 2692; x_wconf 81' lang='lat' dir='ltr'><strong>Pudicit.</strong></span> <span class='ocrx_word' id='word_1_278' title='bbox 709 2653 757 2690; x_wconf 76' lang='grc' dir='ltr'><strong>ο.</strong></span> <span class='ocrx_word' id='word_1_279' title='bbox 808 2637 861 2692; x_wconf 78' lang='lat'><strong>7.</strong></span> <span class='ocrx_word' id='word_1_280' title='bbox 925 2647 968 2690; x_wconf 90' lang='lat' dir='ltr'><strong>et</strong></span> <span class='ocrx_word' id='word_1_281' title='bbox 1016 2653 1131 2706; x_wconf 87' lang='lat' dir='ltr'><strong>cup.</strong></span> <span class='ocrx_word' id='word_1_282' title='bbox 1180 2637 1264 2691; x_wconf 75' lang='lat' dir='ltr'><strong>ll).</strong></span> <span class='ocrx_word' id='word_1_283' title='bbox 1291 2637 1331 2706; x_wconf 89' lang='lat'><strong>).</strong></span> <span class='ocrx_word' id='word_1_284' title='bbox 1365 2635 1574 2705; x_wconf 67' lang='lat' dir='ltr'><strong>Iu,quu</strong></span> <span class='ocrx_word' id='word_1_285' title='bbox 1602 2637 1922 2691; x_wconf 86' lang='lat' dir='ltr'><strong>sententiam</strong></span> 
     </span>
    </p>
   </div>
   <div class='ocr_carea' id='block_1_40' title="bbox 317 2727 1923 2787">
    <p class='ocr_par' dir='ltr' id='par_1_40' title="bbox 317 2727 1923 2787">
     <span class='ocr_line' id='line_1_40' title="bbox 317 2727 1923 2787; baseline -0.002 0"><span class='ocrx_word' id='word_1_286' title='bbox 317 2733 480 2787; x_wconf 79' lang='lat' dir='ltr'><strong>sancti</strong></span> <span class='ocrx_word' id='word_1_287' title='bbox 545 2731 755 2783; x_wconf 81' lang='lat' dir='ltr'><strong>Damasi</strong></span> <span class='ocrx_word' id='word_1_288' title='bbox 812 2730 863 2782; x_wconf 88' lang='lat' dir='ltr'><strong>in</strong></span> <span class='ocrx_word' id='word_1_289' title='bbox 930 2727 1231 2782; x_wconf 80' lang='lat' dir='ltr'><strong>Pontiticali</strong></span> <span class='ocrx_word' id='word_1_290' title='bbox 1293 2728 1360 2781; x_wconf 87' lang='lat' dir='ltr'><strong>dc</strong></span> <span class='ocrx_word' id='word_1_291' title='bbox 1427 2728 1567 2781; x_wconf 82' lang='lat' dir='ltr'><strong>vasis</strong></span> <span class='ocrx_word' id='word_1_292' title='bbox 1625 2727 1807 2782; x_wconf 76' lang='lat' dir='ltr'><strong>vitreis</strong></span> <span class='ocrx_word' id='word_1_293' title='bbox 1857 2727 1923 2784; x_wconf 91' lang='lat' dir='ltr'><strong>ad</strong></span> 
     </span>
    </p>
   </div>
   <div class='ocr_carea' id='block_1_41' title="bbox 313 2819 1926 2890">
    <p class='ocr_par' dir='ltr' id='par_1_41' title="bbox 313 2819 1926 2890">
     <span class='ocr_line' id='line_1_41' title="bbox 313 2819 1926 2890; baseline -0.003 -10"><span class='ocrx_word' id='word_1_294' title='bbox 313 2823 638 2880; x_wconf 77' lang='lat' dir='ltr'><strong>sacriﬁcium</strong></span> <span class='ocrx_word' id='word_1_295' title='bbox 667 2821 929 2874; x_wconf 87' lang='lat' dir='ltr'><strong>ordinatis</strong></span> <span class='ocrx_word' id='word_1_296' title='bbox 969 2835 996 2872; x_wconf 87' lang='lat' dir='ltr'><strong>a</strong></span> <span class='ocrx_word' id='word_1_297' title='bbox 1038 2829 1222 2874; x_wconf 90' lang='lat' dir='ltr'><strong>sancto</strong></span> <span class='ocrx_word' id='word_1_298' title='bbox 1256 2819 1585 2890; x_wconf 81' lang='lat' dir='ltr'><strong>Zepltyrino,</strong></span> <span class='ocrx_word' id='word_1_299' title='bbox 1607 2821 1926 2876; x_wconf 82' lang='lat' dir='ltr'><strong>conﬁrmant</strong></span> 
     </span>
    </p>
   </div>
   <div class='ocr_carea' id='block_1_42' title="bbox 314 2913 1921 2984">
    <p class='ocr_par' dir='ltr' id='par_1_42' title="bbox 314 2913 1921 2984">
     <span class='ocr_line' id='line_1_42' title="bbox 314 2913 1921 2984; baseline -0.002 -12"><span class='ocrx_word' id='word_1_300' title='bbox 314 2919 427 2972; x_wconf 72' lang='lat' dir='ltr'><strong>lucc</strong></span> <span class='ocrx_word' id='word_1_301' title='bbox 457 2918 605 2972; x_wconf 89' lang='lat' dir='ltr'><strong>illius</strong></span> <span class='ocrx_word' id='word_1_302' title='bbox 633 2915 793 2970; x_wconf 78' lang='lat' dir='ltr'><strong>verba</strong></span> <span class='ocrx_word' id='word_1_303' title='bbox 816 2931 830 2966; x_wconf 89' lang='lat'><strong>:</strong></span> <span class='ocrx_word' id='word_1_304' title='bbox 860 2913 952 2968; x_wconf 88' lang='lat' dir='ltr'><strong>Cui</strong></span> <span class='ocrx_word' id='word_1_305' title='bbox 971 2915 1057 2967; x_wconf 89' lang='lat' dir='ltr'><strong>ille</strong></span> <span class='ocrx_word' id='word_1_306' title='bbox 1077 2915 1120 2967; x_wconf 92' lang='lat' dir='ltr'><strong>si</strong></span> <span class='ocrx_word' id='word_1_307' title='bbox 1143 2913 1273 2983; x_wconf 79' lang='lat' dir='ltr'><strong>forte</strong></span> <span class='ocrx_word' id='word_1_308' title='bbox 1294 2915 1692 2984; x_wconf 79' lang='lat' dir='ltr'><strong>patrocinabitur</strong></span> <span class='ocrx_word' id='word_1_309' title='bbox 1710 2914 1921 2983; x_wconf 79' lang='lat' dir='ltr'><strong>Pastor,</strong></span> 
     </span>
    </p>
   </div>
   <div class='ocr_carea' id='block_1_43' title="bbox 312 3007 1924 3083">
    <p class='ocr_par' dir='ltr' id='par_1_43' title="bbox 312 3007 1924 3083">
     <span class='ocr_line' id='line_1_43' title="bbox 312 3007 1924 3083; baseline -0.002 -18"><span class='ocrx_word' id='word_1_310' title='bbox 312 3028 460 3083; x_wconf 80' lang='lat' dir='ltr'><strong>quem</strong></span> <span class='ocrx_word' id='word_1_311' title='bbox 508 3011 563 3063; x_wconf 88' lang='lat' dir='ltr'><strong>in</strong></span> <span class='ocrx_word' id='word_1_312' title='bbox 606 3009 766 3062; x_wconf 84' lang='lat' dir='ltr'><strong>calice</strong></span> <span class='ocrx_word' id='word_1_313' title='bbox 794 3007 1064 3078; x_wconf 81' lang='lat' dir='ltr'><strong>depingis;</strong></span> <span class='ocrx_word' id='word_1_314' title='bbox 1106 3008 1336 3061; x_wconf 72' lang='lat' dir='ltr'><strong>maxime</strong></span> <span class='ocrx_word' id='word_1_315' title='bbox 1368 3007 1509 3078; x_wconf 64' lang='lat' dir='ltr'><strong>quod</strong></span> <span class='ocrx_word' id='word_1_316' title='bbox 1540 3008 1779 3078; x_wconf 88' lang='lat' dir='ltr'><strong>sequitur</strong></span> <span class='ocrx_word' id='word_1_317' title='bbox 1813 3025 1829 3061; x_wconf 93' lang='lat'><strong><em>:</em></strong></span> <span class='ocrx_word' id='word_1_318' title='bbox 1861 3010 1924 3061; x_wconf 84' lang='lat' dir='ltr'><strong>At</strong></span> 
     </span>
    </p>
   </div>
   <div class='ocr_carea' id='block_1_44' title="bbox 313 3099 1920 3175">
    <p class='ocr_par' dir='ltr' id='par_1_44' title="bbox 313 3099 1920 3175">
     <span class='ocr_line' id='line_1_44' title="bbox 313 3099 1920 3175; baseline -0.001 -19"><span class='ocrx_word' id='word_1_319' title='bbox 313 3122 402 3175; x_wconf 75' lang='lat' dir='ltr'><strong>ego</strong></span> <span class='ocrx_word' id='word_1_320' title='bbox 434 3105 545 3174; x_wconf 80' lang='lat' dir='ltr'><strong>ejus</strong></span> <span class='ocrx_word' id='word_1_321' title='bbox 597 3101 835 3156; x_wconf 78' lang='lat' dir='ltr'><strong>Pastoris</strong></span> <span class='ocrx_word' id='word_1_322' title='bbox 890 3101 1193 3170; x_wconf 84' lang='lat' dir='ltr'><strong>scripturam</strong></span> <span class='ocrx_word' id='word_1_323' title='bbox 1247 3099 1426 3154; x_wconf 73' lang='lat' dir='ltr'><strong>luxurio</strong></span> <span class='ocrx_word' id='word_1_324' title='bbox 1463 3101 1548 3170; x_wconf 84' lang='lat' dir='ltr'><strong>qui</strong></span> <span class='ocrx_word' id='word_1_325' title='bbox 1590 3103 1760 3172; x_wconf 79' lang='lat' dir='ltr'><strong>frangi</strong></span> <span class='ocrx_word' id='word_1_326' title='bbox 1819 3118 1920 3155; x_wconf 87' lang='lat' dir='ltr'><strong>non</strong></span> 
     </span>
    </p>
   </div>
   <div class='ocr_carea' id='block_1_45' title="bbox 315 3192 1916 3264">
    <p class='ocr_par' dir='ltr' id='par_1_45' title="bbox 315 3192 1916 3264">
     <span class='ocr_line' id='line_1_45' title="bbox 315 3192 1916 3264; baseline 0 -16"><span class='ocrx_word' id='word_1_327' title='bbox 315 3205 518 3264; x_wconf 80' lang='lat' dir='ltr'><strong>potest;</strong></span> <span class='ocrx_word' id='word_1_328' title='bbox 555 3195 722 3263; x_wconf 75' lang='lat' dir='ltr'><strong>frangi</strong></span> <span class='ocrx_word' id='word_1_329' title='bbox 768 3194 910 3246; x_wconf 87' lang='lat' dir='ltr'><strong>enim</strong></span> <span class='ocrx_word' id='word_1_330' title='bbox 944 3192 1195 3247; x_wconf 80' lang='lat' dir='ltr'><strong>facillime</strong></span> <span class='ocrx_word' id='word_1_331' title='bbox 1241 3203 1466 3262; x_wconf 90' lang='lat' dir='ltr'><strong>possunt</strong></span> <span class='ocrx_word' id='word_1_332' title='bbox 1507 3194 1701 3249; x_wconf 86' lang='lat' dir='ltr'><strong>calices</strong></span> <span class='ocrx_word' id='word_1_333' title='bbox 1735 3195 1916 3261; x_wconf 87' lang='lat' dir='ltr'><strong>vitrei;</strong></span> 
     </span>
    </p>
   </div>
   <div class='ocr_carea' id='block_1_46' title="bbox 313 3282 1921 3354">
    <p class='ocr_par' dir='ltr' id='par_1_46' title="bbox 313 3282 1921 3354">
     <span class='ocr_line' id='line_1_46' title="bbox 313 3282 1921 3354; baseline 0 -16"><span class='ocrx_word' id='word_1_334' title='bbox 313 3300 452 3354; x_wconf 69' lang='grc' dir='ltr'>(ιιιιιε</span> <span class='ocrx_word' id='word_1_335' title='bbox 501 3285 660 3338; x_wconf 85' lang='lat' dir='ltr'><strong>etiam</strong></span> <span class='ocrx_word' id='word_1_336' title='bbox 713 3282 923 3352; x_wconf 79' lang='lat' dir='ltr'><strong>depiugi</strong></span> <span class='ocrx_word' id='word_1_337' title='bbox 958 3292 1066 3335; x_wconf 89' lang='lat' dir='ltr'><strong>tttttt</strong></span> <span class='ocrx_word' id='word_1_338' title='bbox 1097 3282 1286 3336; x_wconf 87' lang='lat' dir='ltr'><strong>solitos</strong></span> <span class='ocrx_word' id='word_1_339' title='bbox 1329 3297 1469 3344; x_wconf 83' lang='lat' dir='ltr'><strong>esse,</strong></span> <span class='ocrx_word' id='word_1_340' title='bbox 1514 3283 1635 3337; x_wconf 85' lang='lat' dir='ltr'><strong>hinc</strong></span> <span class='ocrx_word' id='word_1_341' title='bbox 1670 3285 1725 3336; x_wconf 92' lang='lat' dir='ltr'><strong>lit</strong></span> <span class='ocrx_word' id='word_1_342' title='bbox 1754 3284 1921 3338; x_wconf 87' lang='lat' dir='ltr'><strong>mani-</strong></span> 
     </span>
    </p>
   </div>
   <div class='ocr_carea' id='block_1_47' title="bbox 317 3373 1919 3446">
    <p class='ocr_par' dir='ltr' id='par_1_47' title="bbox 317 3373 1919 3446">
     <span class='ocr_line' id='line_1_47' title="bbox 317 3373 1919 3446; baseline 0.002 -18"><span class='ocrx_word' id='word_1_343' title='bbox 317 3376 540 3430; x_wconf 76' lang='lat' dir='ltr'><strong>festum.</strong></span> <span class='ocrx_word' id='word_1_344' title='bbox 561 3375 654 3428; x_wconf 88' lang='lat' dir='ltr'><strong>llic</strong></span> <span class='ocrx_word' id='word_1_345' title='bbox 669 3376 824 3429; x_wconf 84' lang='lat' dir='ltr'><strong>etiam</strong></span> <span class='ocrx_word' id='word_1_346' title='bbox 850 3376 900 3426; x_wconf 90' lang='lat' dir='ltr'><strong>in</strong></span> <span class='ocrx_word' id='word_1_347' title='bbox 923 3375 1024 3428; x_wconf 86' lang='lat' dir='ltr'><strong>hoc</strong></span> <span class='ocrx_word' id='word_1_348' title='bbox 1046 3388 1077 3426; x_wconf 88' lang='lat' dir='ltr'><strong>a</strong></span> <span class='ocrx_word' id='word_1_349' title='bbox 1105 3373 1440 3428; x_wconf 79' lang='lat' dir='ltr'><strong>Muntanistis</strong></span> <span class='ocrx_word' id='word_1_350' title='bbox 1467 3374 1708 3430; x_wconf 86' lang='lat' dir='ltr'><strong>dissentit</strong></span> <span class='ocrx_word' id='word_1_351' title='bbox 1736 3416 1749 3439; x_wconf 93' lang='lat'><strong>,</strong></span> <span class='ocrx_word' id='word_1_352' title='bbox 1780 3375 1919 3446; x_wconf 88' lang='lat' dir='ltr'><strong>quod</strong></span> 
     </span>
    </p>
   </div>
   <div class='ocr_carea' id='block_1_48' title="bbox 316 3463 1921 3535">
    <p class='ocr_par' dir='ltr' id='par_1_48' title="bbox 316 3463 1921 3535">
     <span class='ocr_line' id='line_1_48' title="bbox 316 3463 1921 3535; baseline 0.002 -17"><span class='ocrx_word' id='word_1_353' title='bbox 316 3480 514 3535; x_wconf 91' lang='lat' dir='ltr'><strong>quum,</strong></span> <span class='ocrx_word' id='word_1_354' title='bbox 546 3474 674 3517; x_wconf 90' lang='lat' dir='ltr'><strong>teste</strong></span> <span class='ocrx_word' id='word_1_355' title='bbox 699 3463 756 3517; x_wconf 89' lang='grc' dir='ltr'><strong>Β.</strong></span> <span class='ocrx_word' id='word_1_356' title='bbox 801 3464 1020 3518; x_wconf 86' lang='lat' dir='ltr'><strong>llierou.</strong></span> <span class='ocrx_word' id='word_1_357' title='bbox 1054 3464 1224 3534; x_wconf 89' lang='lat' dir='ltr'><strong>Epist.</strong></span> <span class='ocrx_word' id='word_1_358' title='bbox 1267 3467 1612 3534; x_wconf 87' lang='lat' dir='ltr'><strong>supracitata,</strong></span> <span class='ocrx_word' id='word_1_359' title='bbox 1640 3466 1921 3523; x_wconf 66' lang='lat' dir='ltr'><strong>Montanus</strong></span> 
     </span>
    </p>
   </div>
   <div class='ocr_carea' id='block_1_49' title="bbox 314 3555 1919 3626">
    <p class='ocr_par' dir='ltr' id='par_1_49' title="bbox 314 3555 1919 3626">
     <span class='ocr_line' id='line_1_49' title="bbox 314 3555 1919 3626; baseline 0.002 -16"><span class='ocrx_word' id='word_1_360' title='bbox 314 3555 584 3612; x_wconf 87' lang='lat' dir='ltr'><strong>sensisset</strong></span> <span class='ocrx_word' id='word_1_361' title='bbox 601 3570 700 3609; x_wconf 92' lang='lat' dir='ltr'><strong>non</strong></span> <span class='ocrx_word' id='word_1_362' title='bbox 735 3569 889 3624; x_wconf 90' lang='lat' dir='ltr'><strong>posse</strong></span> <span class='ocrx_word' id='word_1_363' title='bbox 932 3555 1178 3608; x_wconf 86' lang='lat' dir='ltr'><strong>renovari</strong></span> <span class='ocrx_word' id='word_1_364' title='bbox 1201 3570 1295 3624; x_wconf 87' lang='lat' dir='ltr'><strong>per</strong></span> <span class='ocrx_word' id='word_1_365' title='bbox 1311 3556 1676 3626; x_wconf 81' lang='lat' dir='ltr'><strong>paenitentiam</strong></span> <span class='ocrx_word' id='word_1_366' title='bbox 1696 3557 1919 3626; x_wconf 85' lang='lat' dir='ltr'><strong>Lapsus,</strong></span> 
     </span>
    </p>
   </div>
   <div class='ocr_carea' id='block_1_50' title="bbox 309 3644 1920 3719">
    <p class='ocr_par' dir='ltr' id='par_1_50' title="bbox 309 3644 1920 3719">
     <span class='ocr_line' id='line_1_50' title="bbox 309 3644 1920 3719; baseline 0.001 -18"><span class='ocrx_word' id='word_1_367' title='bbox 309 3658 479 3718; x_wconf 88' lang='lat' dir='ltr'><strong>atque</strong></span> <span class='ocrx_word' id='word_1_368' title='bbox 532 3647 664 3701; x_wconf 88' lang='lat' dir='ltr'><strong>adeo</strong></span> <span class='ocrx_word' id='word_1_369' title='bbox 712 3646 860 3699; x_wconf 89' lang='lat' dir='ltr'><strong>illutn</strong></span> <span class='ocrx_word' id='word_1_370' title='bbox 893 3661 1013 3699; x_wconf 90' lang='lat' dir='ltr'><strong>cmn</strong></span> <span class='ocrx_word' id='word_1_371' title='bbox 1068 3644 1368 3700; x_wconf 85' lang='lat' dir='ltr'><strong>Novatiano</strong></span> <span class='ocrx_word' id='word_1_372' title='bbox 1423 3648 1741 3719; x_wconf 86' lang='lat' dir='ltr'><strong>conjungat;</strong></span> <span class='ocrx_word' id='word_1_373' title='bbox 1779 3651 1920 3704; x_wconf 77' lang='lat' dir='ltr'><strong>Auc-</strong></span> 
     </span>
    </p>
   </div>
   <div class='ocr_carea' id='block_1_51' title="bbox 310 3736 1918 3811">
    <p class='ocr_par' dir='ltr' id='par_1_51' title="bbox 310 3736 1918 3811">
     <span class='ocr_line' id='line_1_51' title="bbox 310 3736 1918 3811; baseline 0.002 -19"><span class='ocrx_word' id='word_1_374' title='bbox 310 3749 392 3793; x_wconf 90' lang='lat' dir='ltr'><strong>tor</strong></span> <span class='ocrx_word' id='word_1_375' title='bbox 425 3737 686 3792; x_wconf 77' lang='lat' dir='ltr'><strong>duntaxat</strong></span> <span class='ocrx_word' id='word_1_376' title='bbox 721 3737 947 3792; x_wconf 72' lang='lat' dir='ltr'><strong>mazcltis</strong></span> <span class='ocrx_word' id='word_1_377' title='bbox 965 3736 1448 3792; x_wconf 67' lang='lat' dir='ltr'><strong>etforuicatoribus</strong></span> <span class='ocrx_word' id='word_1_378' title='bbox 1478 3739 1597 3811; x_wconf 78' lang='grc' dir='ltr'>(ιιιδί</span> <span class='ocrx_word' id='word_1_379' title='bbox 1619 3757 1918 3811; x_wconf 86' lang='lat' dir='ltr'><strong>perperam,</strong></span> 
     </span>
    </p>
   </div>
   <div class='ocr_carea' id='block_1_52' title="bbox 308 3822 1921 3902">
    <p class='ocr_par' dir='ltr' id='par_1_52' title="bbox 308 3822 1921 3902">
     <span class='ocr_line' id='line_1_52' title="bbox 308 3822 1921 3902; baseline -0.001 -14"><span class='ocrx_word' id='word_1_380' title='bbox 308 3842 360 3887; x_wconf 86' lang='lat' dir='ltr'><strong>et</strong></span> <span class='ocrx_word' id='word_1_381' title='bbox 387 3842 745 3902; x_wconf 84' lang='lat' dir='ltr'><strong>contraquam</strong></span> <span class='ocrx_word' id='word_1_382' title='bbox 788 3841 943 3885; x_wconf 85' lang='lat' dir='ltr'><strong>aulea</strong></span> <span class='ocrx_word' id='word_1_383' title='bbox 970 3822 1261 3899; x_wconf 78' lang='lat' dir='ltr'><strong>scripserat</strong></span> <span class='ocrx_word' id='word_1_384' title='bbox 1289 3832 1427 3885; x_wconf 91' lang='lat' dir='ltr'><strong>libro</strong></span> <span class='ocrx_word' id='word_1_385' title='bbox 1458 3833 1524 3885; x_wconf 87' lang='lat' dir='ltr'><strong>de</strong></span> <span class='ocrx_word' id='word_1_386' title='bbox 1570 3832 1790 3902; x_wconf 64' lang='lat' dir='ltr'><strong>Paruit.)</strong></span> <span class='ocrx_word' id='word_1_387' title='bbox 1827 3849 1921 3902; x_wconf 83' lang='lat' dir='ltr'><strong>pa-</strong></span> 
     </span>
    </p>
   </div>
   <div class='ocr_carea' id='block_1_53' title="bbox 309 3925 1922 3998">
    <p class='ocr_par' dir='ltr' id='par_1_53' title="bbox 309 3925 1922 3998">
     <span class='ocr_line' id='line_1_53' title="bbox 309 3925 1922 3998; baseline 0.004 -19"><span class='ocrx_word' id='word_1_388' title='bbox 309 3941 432 3979; x_wconf 87' lang='lat' dir='ltr'><strong>cem</strong></span> <span class='ocrx_word' id='word_1_389' title='bbox 468 3925 726 3980; x_wconf 71' lang='lat' dir='ltr'><strong>Ecclesia:</strong></span> <span class='ocrx_word' id='word_1_390' title='bbox 759 3939 935 3996; x_wconf 83' lang='lat' dir='ltr'><strong>neget,</strong></span> <span class='ocrx_word' id='word_1_391' title='bbox 983 3943 1298 3998; x_wconf 77' lang='lat' dir='ltr'><strong>Oppugnans</strong></span> <span class='ocrx_word' id='word_1_392' title='bbox 1343 3944 1406 3981; x_wconf 78' lang='lat' dir='ltr'><strong>ex</strong></span> <span class='ocrx_word' id='word_1_393' title='bbox 1460 3929 1734 3998; x_wconf 64' lang='lat' dir='ltr'><strong>prOpOsito</strong></span> <span class='ocrx_word' id='word_1_394' title='bbox 1789 3929 1922 3985; x_wconf 87' lang='lat' dir='ltr'><strong>illud</strong></span> 
     </span>
    </p>
   </div>
   <div class='ocr_carea' id='block_1_54' title="bbox 309 4015 1926 4088">
    <p class='ocr_par' dir='ltr' id='par_1_54' title="bbox 309 4015 1926 4088">
     <span class='ocr_line' id='line_1_54' title="bbox 309 4015 1926 4088; baseline 0.003 -18"><span class='ocrx_word' id='word_1_395' title='bbox 309 4015 606 4087; x_wconf 70' lang='lat' dir='ltr'><strong>Zeplryrini</strong></span> <span class='ocrx_word' id='word_1_396' title='bbox 633 4019 817 4088; x_wconf 86' lang='lat' dir='ltr'><strong>(quem</strong></span> <span class='ocrx_word' id='word_1_397' title='bbox 852 4018 1161 4073; x_wconf 76' lang='lat' dir='ltr'><strong>Pontilicem</strong></span> <span class='ocrx_word' id='word_1_398' title='bbox 1184 4019 1468 4073; x_wconf 82' lang='lat' dir='ltr'><strong>Maximum</strong></span> <span class='ocrx_word' id='word_1_399' title='bbox 1491 4020 1649 4072; x_wconf 86' lang='lat' dir='ltr'><strong>etiam</strong></span> <span class='ocrx_word' id='word_1_400' title='bbox 1671 4019 1781 4088; x_wconf 88' lang='lat' dir='ltr'><strong>jaut</strong></span> <span class='ocrx_word' id='word_1_401' title='bbox 1818 4019 1926 4075; x_wconf 79' lang='lat' dir='ltr'><strong>Ine-</strong></span> 
     </span>
    </p>
   </div>
   <div class='ocr_carea' id='block_1_55' title="bbox 304 4111 1924 4184">
    <p class='ocr_par' dir='ltr' id='par_1_55' title="bbox 304 4111 1924 4184">
     <span class='ocr_line' id='line_1_55' title="bbox 304 4111 1924 4184; baseline 0.002 -20"><span class='ocrx_word' id='word_1_402' title='bbox 304 4113 505 4166; x_wconf 84' lang='lat' dir='ltr'><strong>rcticus</strong></span> <span class='ocrx_word' id='word_1_403' title='bbox 535 4122 590 4166; x_wconf 84' lang='lat' dir='ltr'><strong>et</strong></span> <span class='ocrx_word' id='word_1_404' title='bbox 622 4112 936 4182; x_wconf 72' lang='lat' dir='ltr'><strong>Episcopum</strong></span> <span class='ocrx_word' id='word_1_405' title='bbox 982 4112 1352 4182; x_wconf 79' lang='lat' dir='ltr'><strong>Episcoporum</strong></span> <span class='ocrx_word' id='word_1_406' title='bbox 1386 4111 1640 4182; x_wconf 84' lang='lat' dir='ltr'><strong>appellat)</strong></span> <span class='ocrx_word' id='word_1_407' title='bbox 1675 4131 1686 4167; x_wconf 94' lang='lat'><strong>:</strong></span> <span class='ocrx_word' id='word_1_408' title='bbox 1729 4111 1838 4184; x_wconf 80' lang='lat' dir='ltr'><strong>Ego</strong></span> <span class='ocrx_word' id='word_1_409' title='bbox 1877 4123 1924 4168; x_wconf 85' lang='lat' dir='ltr'><strong>et</strong></span> 
     </span>
    </p>
   </div>
   <div class='ocr_carea' id='block_1_56' title="bbox 306 4203 1924 4275">
    <p class='ocr_par' dir='ltr' id='par_1_56' title="bbox 306 4203 1924 4275">
     <span class='ocr_line' id='line_1_56' title="bbox 306 4203 1924 4275; baseline 0.004 -21"><span class='ocrx_word' id='word_1_410' title='bbox 306 4204 539 4255; x_wconf 69' lang='lat' dir='ltr'><strong>mter/tice</strong></span> <span class='ocrx_word' id='word_1_411' title='bbox 563 4211 606 4254; x_wconf 83' lang='lat' dir='ltr'><strong>et</strong></span> <span class='ocrx_word' id='word_1_412' title='bbox 638 4203 989 4269; x_wconf 76' lang='lat' dir='ltr'><strong>fornicationis</strong></span> <span class='ocrx_word' id='word_1_413' title='bbox 1007 4205 1190 4257; x_wconf 73' lang='lat' dir='ltr'><strong>delicta</strong></span> <span class='ocrx_word' id='word_1_414' title='bbox 1205 4205 1494 4273; x_wconf 74' lang='lat' dir='ltr'><strong>paenitentia</strong></span> <span class='ocrx_word' id='word_1_415' title='bbox 1524 4206 1711 4275; x_wconf 79' lang='lat' dir='ltr'><strong>{unctis</strong></span> <span class='ocrx_word' id='word_1_416' title='bbox 1723 4207 1924 4260; x_wconf 81' lang='lat' dir='ltr'><strong>dimitto</strong></span> 
     </span>
    </p>
   </div>
   <div class='ocr_carea' id='block_1_57' title="bbox 306 4291 1922 4365">
    <p class='ocr_par' dir='ltr' id='par_1_57' title="bbox 306 4291 1922 4365">
     <span class='ocr_line' id='line_1_57' title="bbox 306 4291 1922 4365; baseline 0.004 -22"><span class='ocrx_word' id='word_1_417' title='bbox 306 4291 442 4360; x_wconf 85' lang='lat' dir='ltr'><strong>(Lib.</strong></span> <span class='ocrx_word' id='word_1_418' title='bbox 466 4294 533 4344; x_wconf 86' lang='lat' dir='ltr'><strong>de</strong></span> <span class='ocrx_word' id='word_1_419' title='bbox 557 4291 745 4346; x_wconf 83' lang='lat' dir='ltr'><strong>I&#39;udte.</strong></span> <span class='ocrx_word' id='word_1_420' title='bbox 772 4309 818 4346; x_wconf 78' lang='grc' dir='ltr'><strong>ο.</strong></span> <span class='ocrx_word' id='word_1_421' title='bbox 857 4293 956 4365; x_wconf 80' lang='grc'><strong>1.).</strong></span> <span class='ocrx_word' id='word_1_422' title='bbox 983 4299 1158 4362; x_wconf 79' lang='lat' dir='ltr'><strong>Atque</strong></span> <span class='ocrx_word' id='word_1_423' title='bbox 1184 4295 1283 4348; x_wconf 88' lang='lat' dir='ltr'><strong>ltuc</strong></span> <span class='ocrx_word' id='word_1_424' title='bbox 1310 4304 1391 4348; x_wconf 84' lang='lat' dir='ltr'><strong>est</strong></span> <span class='ocrx_word' id='word_1_425' title='bbox 1415 4310 1529 4348; x_wconf 90' lang='lat' dir='ltr'><strong>mea</strong></span> <span class='ocrx_word' id='word_1_426' title='bbox 1554 4295 1767 4364; x_wconf 90' lang='lat' dir='ltr'><strong>quidem</strong></span> <span class='ocrx_word' id='word_1_427' title='bbox 1795 4312 1922 4351; x_wconf 88' lang='lat' dir='ltr'><strong>sen-</strong></span> 
     </span>
    </p>
   </div>
   <div class='ocr_carea' id='block_1_58' title="bbox 304 4369 1920 4457">
    <p class='ocr_par' dir='ltr' id='par_1_58' title="bbox 304 4369 1920 4457">
     <span class='ocr_line' id='line_1_58' title="bbox 304 4369 1920 4457; baseline 0.004 -21"><span class='ocrx_word' id='word_1_428' title='bbox 304 4369 467 4438; x_wconf 73' lang='lat' dir='ltr'><strong>tentia</strong></span> <span class='ocrx_word' id='word_1_429' title='bbox 496 4383 643 4454; x_wconf 90' lang='lat' dir='ltr'><strong>quod</strong></span> <span class='ocrx_word' id='word_1_430' title='bbox 674 4384 742 4439; x_wconf 91' lang='lat' dir='ltr'><strong>de</strong></span> <span class='ocrx_word' id='word_1_431' title='bbox 784 4385 876 4438; x_wconf 87' lang='lat' dir='ltr'><strong>illo</strong></span> <span class='ocrx_word' id='word_1_432' title='bbox 903 4386 1088 4439; x_wconf 85' lang='lat' dir='ltr'><strong>scribit</strong></span> <span class='ocrx_word' id='word_1_433' title='bbox 1129 4386 1188 4438; x_wconf 83' lang='grc' dir='ltr'>Β.</span> <span class='ocrx_word' id='word_1_434' title='bbox 1226 4388 1448 4457; x_wconf 80' lang='lat' dir='ltr'><strong>August.</strong></span> <span class='ocrx_word' id='word_1_435' title='bbox 1484 4388 1564 4442; x_wconf 87' lang='lat' dir='ltr'><strong>lib</strong></span> <span class='ocrx_word' id='word_1_436' title='bbox 1595 4387 1663 4442; x_wconf 88' lang='lat' dir='ltr'><strong>de</strong></span> <span class='ocrx_word' id='word_1_437' title='bbox 1691 4389 1920 4454; x_wconf 73' lang='lat' dir='ltr'><strong>Ilwres.,</strong></span> 
     </span>
    </p>
   </div>
   <div class='ocr_carea' id='block_1_59' title="bbox 302 4475 1923 4548">
    <p class='ocr_par' dir='ltr' id='par_1_59' title="bbox 302 4475 1923 4548">
     <span class='ocr_line' id='line_1_59' title="bbox 302 4475 1923 4548; baseline 0.006 -20"><span class='ocrx_word' id='word_1_438' title='bbox 302 4475 650 4546; x_wconf 87' lang='lat' dir='ltr'><strong>postmodum</strong></span> <span class='ocrx_word' id='word_1_439' title='bbox 667 4477 762 4529; x_wconf 89' lang='lat' dir='ltr'><strong>abs</strong></span> <span class='ocrx_word' id='word_1_440' title='bbox 773 4478 1192 4548; x_wconf 78' lang='lat' dir='ltr'><strong>Catapbrygibus</strong></span> <span class='ocrx_word' id='word_1_441' title='bbox 1204 4479 1430 4532; x_wconf 83' lang='lat' dir='ltr'><strong>divisum</strong></span> <span class='ocrx_word' id='word_1_442' title='bbox 1446 4495 1537 4534; x_wconf 90' lang='lat' dir='ltr'><strong>sua</strong></span> <span class='ocrx_word' id='word_1_443' title='bbox 1553 4482 1923 4537; x_wconf 86' lang='lat' dir='ltr'><strong>conventicula</strong></span> 
     </span>
    </p>
   </div>
   <div class='ocr_carea' id='block_1_60' title="bbox 2031 1985 3630 2060">
    <p class='ocr_par' dir='ltr' id='par_1_60' title="bbox 2031 1985 3630 2060">
     <span class='ocr_line' id='line_1_60' title="bbox 2031 1985 3630 2060; baseline 0.004 -20"><span class='ocrx_word' id='word_1_444' title='bbox 2031 1985 2194 2041; x_wconf 89' lang='lat' dir='ltr'><strong>Libro</strong></span> <span class='ocrx_word' id='word_1_445' title='bbox 2221 1997 2625 2050; x_wconf 89' lang='lat' dir='ltr'><strong>commemorat,</strong></span> <span class='ocrx_word' id='word_1_446' title='bbox 2657 1987 2800 2057; x_wconf 90' lang='lat' dir='ltr'><strong>quod</strong></span> <span class='ocrx_word' id='word_1_447' title='bbox 2832 1988 3274 2060; x_wconf 80' lang='lat' dir='ltr'><strong>quadragesimus</strong></span> <span class='ocrx_word' id='word_1_448' title='bbox 3293 1992 3405 2060; x_wconf 88' lang='lat' dir='ltr'><strong>jam</strong></span> <span class='ocrx_word' id='word_1_449' title='bbox 3431 2006 3630 2056; x_wconf 91' lang='lat' dir='ltr'><strong>anuus,</strong></span> 
     </span>
    </p>
   </div>
   <div class='ocr_carea' id='block_1_61' title="bbox 2031 2081 3626 2154">
    <p class='ocr_par' dir='ltr' id='par_1_61' title="bbox 2031 2081 3626 2154">
     <span class='ocr_line' id='line_1_61' title="bbox 2031 2081 3626 2154; baseline 0.006 -20"><span class='ocrx_word' id='word_1_450' title='bbox 2031 2081 2082 2134; x_wconf 94' lang='lat' dir='ltr'><strong>in</strong></span> <span class='ocrx_word' id='word_1_451' title='bbox 2123 2095 2230 2151; x_wconf 92' lang='lat' dir='ltr'><strong>quo</strong></span> <span class='ocrx_word' id='word_1_452' title='bbox 2257 2081 2472 2150; x_wconf 87' lang='lat' dir='ltr'><strong>quidem</strong></span> <span class='ocrx_word' id='word_1_453' title='bbox 2515 2082 2580 2135; x_wconf 91' lang='lat' dir='ltr'><strong>ad</strong></span> <span class='ocrx_word' id='word_1_454' title='bbox 2625 2084 2725 2137; x_wconf 83' lang='lat' dir='ltr'><strong>hoc</strong></span> <span class='ocrx_word' id='word_1_455' title='bbox 2754 2098 2889 2154; x_wconf 87' lang='lat' dir='ltr'><strong>opus</strong></span> <span class='ocrx_word' id='word_1_456' title='bbox 2917 2083 3260 2140; x_wconf 89' lang='lat' dir='ltr'><strong>scribendum</strong></span> <span class='ocrx_word' id='word_1_457' title='bbox 3290 2101 3350 2142; x_wconf 90' lang='lat' dir='ltr'><strong>se</strong></span> <span class='ocrx_word' id='word_1_458' title='bbox 3370 2088 3626 2153; x_wconf 88' lang='lat' dir='ltr'><strong>contulit,</strong></span> 
     </span>
    </p>
   </div>
   <div class='ocr_carea' id='block_1_62' title="bbox 2027 2172 3628 2244">
    <p class='ocr_par' dir='ltr' id='par_1_62' title="bbox 2027 2172 3628 2244">
     <span class='ocr_line' id='line_1_62' title="bbox 2027 2172 3628 2244; baseline 0.003 -17"><span class='ocrx_word' id='word_1_459' title='bbox 2027 2172 2379 2244; x_wconf 81' lang='lat' dir='ltr'><strong>agebatur,ex</strong></span> <span class='ocrx_word' id='word_1_460' title='bbox 2399 2189 2504 2243; x_wconf 92' lang='lat' dir='ltr'><strong>quo</strong></span> <span class='ocrx_word' id='word_1_461' title='bbox 2525 2173 2805 2231; x_wconf 83' lang='lat' dir='ltr'><strong>Montanus</strong></span> <span class='ocrx_word' id='word_1_462' title='bbox 2826 2176 3108 2230; x_wconf 88' lang='lat' dir='ltr'><strong>conlictam</strong></span> <span class='ocrx_word' id='word_1_463' title='bbox 3131 2186 3185 2232; x_wconf 91' lang='lat' dir='ltr'><strong>ct</strong></span> <span class='ocrx_word' id='word_1_464' title='bbox 3209 2179 3628 2234; x_wconf 85' lang='lat' dir='ltr'><strong>comtuentitiaut</strong></span> 
     </span>
    </p>
   </div>
   <div class='ocr_carea' id='block_1_63' title="bbox 2028 2265 3632 2340">
    <p class='ocr_par' dir='ltr' id='par_1_63' title="bbox 2028 2265 3632 2340">
     <span class='ocr_line' id='line_1_63' title="bbox 2028 2265 3632 2340; baseline 0.006 -21"><span class='ocrx_word' id='word_1_465' title='bbox 2028 2265 2365 2336; x_wconf 81' lang='lat' dir='ltr'><strong>prepltetiam</strong></span> <span class='ocrx_word' id='word_1_466' title='bbox 2395 2265 2694 2338; x_wconf 73' lang='lat' dir='ltr'><strong>incmperit.</strong></span> <span class='ocrx_word' id='word_1_467' title='bbox 2735 2286 2754 2319; x_wconf 73' lang='grc' dir='ltr'><strong>ι</strong></span> <span class='ocrx_word' id='word_1_468' title='bbox 2801 2269 2958 2338; x_wconf 84' lang='lat' dir='ltr'><strong>Atqui</strong></span> <span class='ocrx_word' id='word_1_469' title='bbox 3003 2269 3071 2324; x_wconf 89' lang='lat' dir='ltr'><strong>ab</strong></span> <span class='ocrx_word' id='word_1_470' title='bbox 3110 2269 3262 2326; x_wconf 92' lang='lat' dir='ltr'><strong>initio</strong></span> <span class='ocrx_word' id='word_1_471' title='bbox 3293 2271 3632 2340; x_wconf 74' lang='lat' dir='ltr'><strong>pontificatus</strong></span> 
     </span>
    </p>
   </div>
   <div class='ocr_carea' id='block_1_64' title="bbox 2027 2355 3701 2432">
    <p class='ocr_par' dir='ltr' id='par_1_64' title="bbox 2027 2355 3701 2432">
     <span class='ocr_line' id='line_1_64' title="bbox 2027 2355 3701 2432; baseline 0.007 -24"><span class='ocrx_word' id='word_1_472' title='bbox 2027 2355 2196 2411; x_wconf 88' lang='lat' dir='ltr'><strong>sancti</strong></span> <span class='ocrx_word' id='word_1_473' title='bbox 2220 2355 2530 2422; x_wconf 88' lang='lat' dir='ltr'><strong>Eleutherii,</strong></span> <span class='ocrx_word' id='word_1_474' title='bbox 2555 2374 2658 2426; x_wconf 91' lang='lat' dir='ltr'><strong>quo</strong></span> <span class='ocrx_word' id='word_1_475' title='bbox 2682 2357 2963 2413; x_wconf 81' lang='lat' dir='ltr'><strong>Montanus</strong></span> <span class='ocrx_word' id='word_1_476' title='bbox 2985 2360 3634 2432; x_wconf 71' lang='lat' dir='ltr'><strong>limi-esimsparsitsuam,</strong></span> <span class='ocrx_word' id='word_1_477' title='bbox 3694 2420 3701 2428; x_wconf 84' lang='lat'><em>_</em></span> 
     </span>
    </p>
   </div>
   <div class='ocr_carea' id='block_1_65' title="bbox 2029 2449 3633 2524">
    <p class='ocr_par' dir='ltr' id='par_1_65' title="bbox 2029 2449 3633 2524">
     <span class='ocr_line' id='line_1_65' title="bbox 2029 2449 3633 2524; baseline 0.006 -22"><span class='ocrx_word' id='word_1_478' title='bbox 2029 2449 2104 2503; x_wconf 92' lang='lat' dir='ltr'><strong>uti</strong></span> <span class='ocrx_word' id='word_1_479' title='bbox 2137 2449 2499 2518; x_wconf 87' lang='lat' dir='ltr'><strong>supradictum</strong></span> <span class='ocrx_word' id='word_1_480' title='bbox 2527 2459 2630 2516; x_wconf 75' lang='lat' dir='ltr'><strong>est,</strong></span> <span class='ocrx_word' id='word_1_481' title='bbox 2663 2450 2728 2505; x_wconf 90' lang='lat' dir='ltr'><strong>ad</strong></span> <span class='ocrx_word' id='word_1_482' title='bbox 2760 2452 2901 2507; x_wconf 90' lang='lat' dir='ltr'><strong>hunc</strong></span> <span class='ocrx_word' id='word_1_483' title='bbox 2927 2468 3097 2524; x_wconf 89' lang='lat' dir='ltr'><strong>usque</strong></span> <span class='ocrx_word' id='word_1_484' title='bbox 3136 2456 3474 2512; x_wconf 88' lang='lat' dir='ltr'><strong>intercedunt</strong></span> <span class='ocrx_word' id='word_1_485' title='bbox 3503 2461 3633 2514; x_wconf 87' lang='lat' dir='ltr'><strong>anni</strong></span> 
     </span>
    </p>
   </div>
   <div class='ocr_carea' id='block_1_66' title="bbox 2031 2526 3630 2620">
    <p class='ocr_par' dir='ltr' id='par_1_66' title="bbox 2031 2526 3630 2620">
     <span class='ocr_line' id='line_1_66' title="bbox 2031 2526 3630 2620; baseline 0.004 -24"><span class='ocrx_word' id='word_1_486' title='bbox 2031 2557 2161 2596; x_wconf 78' lang='lat' dir='ltr'><strong>xui.</strong></span> <span class='ocrx_word' id='word_1_487' title='bbox 2184 2540 2335 2596; x_wconf 86' lang='lat' dir='ltr'><strong>Sedit</strong></span> <span class='ocrx_word' id='word_1_488' title='bbox 2355 2542 2497 2596; x_wconf 89' lang='lat' dir='ltr'><strong>enim</strong></span> <span class='ocrx_word' id='word_1_489' title='bbox 2531 2543 2870 2598; x_wconf 82' lang='lat' dir='ltr'><strong>Eleutlterius</strong></span> <span class='ocrx_word' id='word_1_490' title='bbox 2895 2526 3014 2615; x_wconf 78' lang='lat' dir='ltr'><strong>post</strong></span> <span class='ocrx_word' id='word_1_491' title='bbox 3038 2548 3376 2603; x_wconf 89' lang='lat' dir='ltr'><strong>consulatum</strong></span> <span class='ocrx_word' id='word_1_492' title='bbox 3415 2549 3630 2620; x_wconf 79' lang='lat' dir='ltr'><strong>Cethegi</strong></span> 
     </span>
    </p>
   </div>
   <div class='ocr_carea' id='block_1_67' title="bbox 2029 2634 3633 2713">
    <p class='ocr_par' dir='ltr' id='par_1_67' title="bbox 2029 2634 3633 2713">
     <span class='ocr_line' id='line_1_67' title="bbox 2029 2634 3633 2713; baseline 0.004 -24"><span class='ocrx_word' id='word_1_493' title='bbox 2029 2644 2082 2690; x_wconf 91' lang='lat' dir='ltr'><strong>et</strong></span> <span class='ocrx_word' id='word_1_494' title='bbox 2103 2635 2246 2690; x_wconf 88' lang='lat' dir='ltr'><strong>Clari</strong></span> <span class='ocrx_word' id='word_1_495' title='bbox 2277 2634 2486 2706; x_wconf 89' lang='lat' dir='ltr'><strong>(utpote</strong></span> <span class='ocrx_word' id='word_1_496' title='bbox 2510 2647 2721 2691; x_wconf 85' lang='lat' dir='ltr'><strong>creatus</strong></span> <span class='ocrx_word' id='word_1_497' title='bbox 2750 2638 2922 2708; x_wconf 89' lang='lat' dir='ltr'><strong>pridie</strong></span> <span class='ocrx_word' id='word_1_498' title='bbox 2951 2639 3074 2694; x_wconf 89' lang='lat' dir='ltr'><strong>ldus</strong></span> <span class='ocrx_word' id='word_1_499' title='bbox 3104 2640 3246 2708; x_wconf 84' lang='lat' dir='ltr'><strong>Maii,</strong></span> <span class='ocrx_word' id='word_1_500' title='bbox 3271 2659 3436 2713; x_wconf 91' lang='lat' dir='ltr'><strong>quum</strong></span> <span class='ocrx_word' id='word_1_501' title='bbox 3459 2652 3633 2700; x_wconf 79' lang='lat' dir='ltr'><strong>exstet</strong></span> 
     </span>
    </p>
   </div>
   <div class='ocr_carea' id='block_1_68' title="bbox 2028 2727 3632 2805">
    <p class='ocr_par' dir='ltr' id='par_1_68' title="bbox 2028 2727 3632 2805">
     <span class='ocr_line' id='line_1_68' title="bbox 2028 2727 3632 2805; baseline 0.006 -24"><span class='ocrx_word' id='word_1_502' title='bbox 2028 2728 2135 2782; x_wconf 90' lang='lat' dir='ltr'><strong>illis</strong></span> <span class='ocrx_word' id='word_1_503' title='bbox 2153 2727 2461 2782; x_wconf 92' lang='lat' dir='ltr'><strong>consulibus</strong></span> <span class='ocrx_word' id='word_1_504' title='bbox 2487 2727 2720 2798; x_wconf 65' lang='lat' dir='ltr'><strong>Epi~tola</strong></span> <span class='ocrx_word' id='word_1_505' title='bbox 2743 2730 3039 2786; x_wconf 82' lang='lat' dir='ltr'><strong>Decretalis</strong></span> <span class='ocrx_word' id='word_1_506' title='bbox 3056 2733 3223 2789; x_wconf 86' lang='lat' dir='ltr'><strong>sancti</strong></span> <span class='ocrx_word' id='word_1_507' title='bbox 3249 2733 3454 2790; x_wconf 80' lang='lat' dir='ltr'><strong>Satoris</strong></span> <span class='ocrx_word' id='word_1_508' title='bbox 3475 2734 3632 2805; x_wconf 66' lang='lat' dir='ltr'><strong>Papa:</strong></span> 
     </span>
    </p>
   </div>
   <div class='ocr_carea' id='block_1_69' title="bbox 2027 2819 3630 2892">
    <p class='ocr_par' dir='ltr' id='par_1_69' title="bbox 2027 2819 3630 2892">
     <span class='ocr_line' id='line_1_69' title="bbox 2027 2819 3630 2892; baseline 0.003 -17"><span class='ocrx_word' id='word_1_509' title='bbox 2027 2821 2148 2875; x_wconf 91' lang='lat' dir='ltr'><strong>data</strong></span> <span class='ocrx_word' id='word_1_510' title='bbox 2173 2837 2226 2875; x_wconf 75' lang='grc' dir='ltr'><strong>χ.</strong></span> <span class='ocrx_word' id='word_1_511' title='bbox 2249 2819 2648 2891; x_wconf 77' lang='lat' dir='ltr'><strong>CalendJunii)</strong></span> <span class='ocrx_word' id='word_1_512' title='bbox 2676 2837 2845 2892; x_wconf 88' lang='lat' dir='ltr'><strong>usque</strong></span> <span class='ocrx_word' id='word_1_513' title='bbox 2870 2823 2936 2877; x_wconf 89' lang='lat' dir='ltr'><strong>ad</strong></span> <span class='ocrx_word' id='word_1_514' title='bbox 2965 2823 3261 2879; x_wconf 88' lang='lat' dir='ltr'><strong>Maternum</strong></span> <span class='ocrx_word' id='word_1_515' title='bbox 3289 2836 3342 2880; x_wconf 89' lang='lat' dir='ltr'><strong>et</strong></span> <span class='ocrx_word' id='word_1_516' title='bbox 3369 2825 3630 2882; x_wconf 89' lang='lat' dir='ltr'><strong>Praduam</strong></span> 
     </span>
    </p>
   </div>
   <div class='ocr_carea' id='block_1_70' title="bbox 2028 2911 3633 2982">
    <p class='ocr_par' dir='ltr' id='par_1_70' title="bbox 2028 2911 3633 2982">
     <span class='ocr_line' id='line_1_70' title="bbox 2028 2911 3633 2982; baseline 0.002 -14"><span class='ocrx_word' id='word_1_517' title='bbox 2028 2913 2300 2980; x_wconf 89' lang='lat' dir='ltr'><strong>consules,</strong></span> <span class='ocrx_word' id='word_1_518' title='bbox 2326 2911 2606 2969; x_wconf 80' lang='lat' dir='ltr'><strong>deluncuts</strong></span> <span class='ocrx_word' id='word_1_519' title='bbox 2626 2930 2718 2968; x_wconf 83' lang='lat' dir='ltr'><strong>vu.</strong></span> <span class='ocrx_word' id='word_1_520' title='bbox 2748 2915 2863 2969; x_wconf 78' lang='lat' dir='ltr'><strong>Cal.</strong></span> <span class='ocrx_word' id='word_1_521' title='bbox 2892 2915 3056 2982; x_wconf 83' lang='lat' dir='ltr'><strong>Junii,</strong></span> <span class='ocrx_word' id='word_1_522' title='bbox 3089 2916 3140 2971; x_wconf 89' lang='lat' dir='ltr'><strong>id</strong></span> <span class='ocrx_word' id='word_1_523' title='bbox 3167 2927 3249 2972; x_wconf 85' lang='lat' dir='ltr'><strong>est</strong></span> <span class='ocrx_word' id='word_1_524' title='bbox 3274 2918 3342 2972; x_wconf 91' lang='lat' dir='ltr'><strong>ab</strong></span> <span class='ocrx_word' id='word_1_525' title='bbox 3367 2933 3508 2971; x_wconf 88' lang='lat' dir='ltr'><strong>anno</strong></span> <span class='ocrx_word' id='word_1_526' title='bbox 3530 2919 3633 2972; x_wconf 83' lang='lat' dir='ltr'><strong>Do-</strong></span> 
     </span>
    </p>
   </div>
   <div class='ocr_carea' id='block_1_71' title="bbox 2030 3006 3626 3080">
    <p class='ocr_par' dir='ltr' id='par_1_71' title="bbox 2030 3006 3626 3080">
     <span class='ocr_line' id='line_1_71' title="bbox 2030 3006 3626 3080; baseline 0 -18"><span class='ocrx_word' id='word_1_527' title='bbox 2030 3008 2156 3062; x_wconf 92' lang='lat' dir='ltr'><strong>mini</strong></span> <span class='ocrx_word' id='word_1_528' title='bbox 2183 3022 2391 3080; x_wconf 58' lang='lat' dir='ltr'><strong>ccxxii.</strong></span> <span class='ocrx_word' id='word_1_529' title='bbox 2417 3021 2581 3078; x_wconf 86' lang='lat' dir='ltr'><strong>usque</strong></span> <span class='ocrx_word' id='word_1_530' title='bbox 2609 3006 2674 3060; x_wconf 86' lang='lat' dir='ltr'><strong>ad</strong></span> <span class='ocrx_word' id='word_1_531' title='bbox 2701 3023 2898 3061; x_wconf 89' lang='lat' dir='ltr'><strong>annum</strong></span> <span class='ocrx_word' id='word_1_532' title='bbox 2921 3023 3175 3063; x_wconf 67' lang='lat' dir='ltr'><strong>CLXXXVI.</strong></span> <span class='ocrx_word' id='word_1_533' title='bbox 3204 3025 3296 3078; x_wconf 89' lang='lat' dir='ltr'><strong>per</strong></span> <span class='ocrx_word' id='word_1_534' title='bbox 3319 3024 3486 3064; x_wconf 88' lang='lat' dir='ltr'><strong>annos</strong></span> <span class='ocrx_word' id='word_1_535' title='bbox 3519 3025 3626 3072; x_wconf 78' lang='lat' dir='ltr'><strong>xw,</strong></span> 
     </span>
    </p>
   </div>
   <div class='ocr_carea' id='block_1_72' title="bbox 2028 3097 3627 3166">
    <p class='ocr_par' dir='ltr' id='par_1_72' title="bbox 2028 3097 3627 3166">
     <span class='ocr_line' id='line_1_72' title="bbox 2028 3097 3627 3166; baseline 0 -14"><span class='ocrx_word' id='word_1_536' title='bbox 2028 3097 2143 3153; x_wconf 87' lang='lat' dir='ltr'><strong>dies</strong></span> <span class='ocrx_word' id='word_1_537' title='bbox 2200 3113 2295 3152; x_wconf 83' lang='lat' dir='ltr'><strong>xm</strong></span> <span class='ocrx_word' id='word_1_538' title='bbox 2323 3097 2552 3153; x_wconf 89' lang='lat' dir='ltr'><strong>Sanctus</strong></span> <span class='ocrx_word' id='word_1_539' title='bbox 2601 3097 2798 3162; x_wconf 83' lang='lat' dir='ltr'><strong>Victor,</strong></span> <span class='ocrx_word' id='word_1_540' title='bbox 2829 3106 2886 3151; x_wconf 91' lang='lat' dir='ltr'><strong>ut</strong></span> <span class='ocrx_word' id='word_1_541' title='bbox 2911 3115 3068 3166; x_wconf 88' lang='lat' dir='ltr'><strong>supra</strong></span> <span class='ocrx_word' id='word_1_542' title='bbox 3098 3099 3296 3153; x_wconf 90' lang='lat' dir='ltr'><strong>dictum</strong></span> <span class='ocrx_word' id='word_1_543' title='bbox 3325 3111 3425 3165; x_wconf 85' lang='lat' dir='ltr'><strong>est,</strong></span> <span class='ocrx_word' id='word_1_544' title='bbox 3457 3114 3627 3154; x_wconf 88' lang='lat' dir='ltr'><strong>annos</strong></span> 
     </span>
    </p>
   </div>
   <div class='ocr_carea' id='block_1_73' title="bbox 1973 3187 3619 3262">
    <p class='ocr_par' dir='ltr' id='par_1_73' title="bbox 1973 3187 3619 3262">
     <span class='ocr_line' id='line_1_73' title="bbox 1973 3187 3619 3262; baseline 0.002 -19"><span class='ocrx_word' id='word_1_545' title='bbox 1973 3240 1988 3258; x_wconf 63' lang='grc'>,</span> <span class='ocrx_word' id='word_1_546' title='bbox 2027 3206 2128 3255; x_wconf 71' lang='lat' dir='ltr'><strong>sit;</strong></span> <span class='ocrx_word' id='word_1_547' title='bbox 2162 3204 2458 3256; x_wconf 88' lang='lat' dir='ltr'><strong>mensetnt,</strong></span> <span class='ocrx_word' id='word_1_548' title='bbox 2491 3187 2606 3243; x_wconf 89' lang='lat' dir='ltr'><strong>dies</strong></span> <span class='ocrx_word' id='word_1_549' title='bbox 2639 3205 2836 3250; x_wconf 75' lang='lat' dir='ltr'><strong>xxvut;</strong></span> <span class='ocrx_word' id='word_1_550' title='bbox 2897 3206 3017 3243; x_wconf 82' lang='lat' dir='ltr'><strong>cuin</strong></span> <span class='ocrx_word' id='word_1_551' title='bbox 3090 3192 3270 3245; x_wconf 86' lang='lat' dir='ltr'><strong>Sancti</strong></span> <span class='ocrx_word' id='word_1_552' title='bbox 3330 3190 3619 3262; x_wconf 82' lang='lat' dir='ltr'><strong>Zcpltyrini</strong></span> 
     </span>
    </p>
   </div>
   <div class='ocr_carea' id='block_1_74' title="bbox 2028 3282 2594 3338">
    <p class='ocr_par' dir='ltr' id='par_1_74' title="bbox 2028 3282 2594 3338">
     <span class='ocr_line' id='line_1_74' title="bbox 2028 3282 2594 3338; baseline -0.005 -1"><span class='ocrx_word' id='word_1_553' title='bbox 2028 3300 2150 3338; x_wconf 77' lang='lat' dir='ltr'><strong>xvm</strong></span> <span class='ocrx_word' id='word_1_554' title='bbox 2176 3285 2305 3338; x_wconf 88' lang='lat' dir='ltr'><strong>Iient</strong></span> <span class='ocrx_word' id='word_1_555' title='bbox 2323 3282 2448 3337; x_wconf 91' lang='lat' dir='ltr'><strong>anni</strong></span> <span class='ocrx_word' id='word_1_556' title='bbox 2469 3298 2594 3337; x_wconf 66' lang='grc' dir='ltr'>χιιι.</span> 
     </span>
    </p>
   </div>
   <div class='ocr_carea' id='block_1_75' title="bbox 2495 3372 3160 3427">
    <p class='ocr_par' dir='ltr' id='par_1_75' title="bbox 2495 3372 3160 3427">
     <span class='ocr_line' id='line_1_75' title="bbox 2495 3372 3160 3427; baseline 0.002 -1"><span class='ocrx_word' id='word_1_557' title='bbox 2495 3376 2650 3427; x_wconf 80' lang='lat' dir='ltr'><strong>Anno</strong></span> <span class='ocrx_word' id='word_1_558' title='bbox 2693 3372 2900 3426; x_wconf 81' lang='lat' dir='ltr'><strong>Domini</strong></span> <span class='ocrx_word' id='word_1_559' title='bbox 2945 3388 3160 3427; x_wconf 71' lang='lat' dir='ltr'><strong>ccxvtu.</strong></span> 
     </span>
    </p>
   </div>
   <div class='ocr_carea' id='block_1_76' title="bbox 2101 3463 3628 3535">
    <p class='ocr_par' dir='ltr' id='par_1_76' title="bbox 2101 3463 3628 3535">
     <span class='ocr_line' id='line_1_76' title="bbox 2101 3463 3628 3535; baseline 0 -16"><span class='ocrx_word' id='word_1_560' title='bbox 2101 3464 2128 3535; x_wconf 83' lang='lat'>§</span> <span class='ocrx_word' id='word_1_561' title='bbox 2160 3463 2322 3520; x_wconf 78' lang='lat' dir='ltr'><strong>XVII.</strong></span> <span class='ocrx_word' id='word_1_562' title='bbox 2347 3464 2577 3532; x_wconf 83' lang='lat' dir='ltr'><strong>Quonam</strong></span> <span class='ocrx_word' id='word_1_563' title='bbox 2616 3465 2792 3517; x_wconf 89' lang='lat' dir='ltr'><strong>ultimo</strong></span> <span class='ocrx_word' id='word_1_564' title='bbox 2841 3475 3062 3534; x_wconf 86' lang='lat' dir='ltr'><strong>tempore</strong></span> <span class='ocrx_word' id='word_1_565' title='bbox 3102 3466 3350 3535; x_wconf 83' lang='lat' dir='ltr'><strong>ﬂoruerit.</strong></span> <span class='ocrx_word' id='word_1_566' title='bbox 3378 3466 3544 3521; x_wconf 53' lang='lat'><strong>~57.</strong></span> <span class='ocrx_word' id='word_1_567' title='bbox 3568 3467 3628 3522; x_wconf 91' lang='lat' dir='ltr'><strong>S.</strong></span> 
     </span>
    </p>
   </div>
   <div class='ocr_carea' id='block_1_77' title="bbox 2028 3556 3630 3629">
    <p class='ocr_par' dir='ltr' id='par_1_77' title="bbox 2028 3556 3630 3629">
     <span class='ocr_line' id='line_1_77' title="bbox 2028 3556 3630 3629; baseline 0.001 -18"><span class='ocrx_word' id='word_1_568' title='bbox 2028 3557 2315 3629; x_wconf 81' lang='lat' dir='ltr'><strong>Zepltyrini</strong></span> <span class='ocrx_word' id='word_1_569' title='bbox 2347 3558 2519 3627; x_wconf 68' lang='lat' dir='ltr'><strong>Papa:</strong></span> <span class='ocrx_word' id='word_1_570' title='bbox 2543 3556 2768 3610; x_wconf 80' lang='lat' dir='ltr'><strong>Romani</strong></span> <span class='ocrx_word' id='word_1_571' title='bbox 2798 3572 2905 3610; x_wconf 68' lang='grc' dir='ltr'>χιχ.</span> <span class='ocrx_word' id='word_1_572' title='bbox 2936 3558 3189 3611; x_wconf 81' lang='lat' dir='ltr'><strong>Antoaini</strong></span> <span class='ocrx_word' id='word_1_573' title='bbox 3219 3573 3311 3612; x_wconf 90' lang='lat' dir='ltr'><strong>vn.</strong></span> <span class='ocrx_word' id='word_1_574' title='bbox 3355 3558 3630 3628; x_wconf 86' lang='lat' dir='ltr'><strong>utriusque</strong></span> 
     </span>
    </p>
   </div>
   <div class='ocr_carea' id='block_1_78' title="bbox 2027 3646 3628 3716">
    <p class='ocr_par' dir='ltr' id='par_1_78' title="bbox 2027 3646 3628 3716">
     <span class='ocr_line' id='line_1_78' title="bbox 2027 3646 3628 3716; baseline -0.002 -12"><span class='ocrx_word' id='word_1_575' title='bbox 2027 3650 2236 3716; x_wconf 82' lang='lat' dir='ltr'><strong>ultimo,</strong></span> <span class='ocrx_word' id='word_1_576' title='bbox 2269 3648 2568 3704; x_wconf 78' lang='lat' dir='ltr'><strong>BRUTTIU</strong></span> <span class='ocrx_word' id='word_1_577' title='bbox 2593 3646 2974 3702; x_wconf 67' lang='lat' dir='ltr'><strong>PBJESENTE</strong></span> <span class='ocrx_word' id='word_1_578' title='bbox 3007 3647 3095 3702; x_wconf 86' lang='lat' dir='ltr'><strong>ET</strong></span> <span class='ocrx_word' id='word_1_579' title='bbox 3116 3646 3360 3704; x_wconf 82' lang='lat' dir='ltr'><strong>MESSIO</strong></span> <span class='ocrx_word' id='word_1_580' title='bbox 3392 3647 3628 3704; x_wconf 72' lang='lat' dir='ltr'><strong>EXTlil-</strong></span> 
     </span>
    </p>
   </div>
   <div class='ocr_carea' id='block_1_79' title="bbox 2027 3725 3628 3797">
    <p class='ocr_par' dir='ltr' id='par_1_79' title="bbox 2027 3725 3628 3797">
     <span class='ocr_line' id='line_1_79' title="bbox 2027 3725 3628 3797; baseline 0 -1"><span class='ocrx_word' id='word_1_581' title='bbox 2027 3741 2210 3797; x_wconf 75' lang='lat' dir='ltr'><strong>CATO</strong></span> <span class='ocrx_word' id='word_1_582' title='bbox 2239 3741 2420 3797; x_wconf 79' lang='lat' dir='ltr'><strong>COSS.</strong></span> <span class='ocrx_word' id='word_1_583' title='bbox 2447 3757 2546 3796; x_wconf 89' lang='lat' dir='ltr'><strong>nos</strong></span> <span class='ocrx_word' id='word_1_584' title='bbox 2575 3742 2733 3796; x_wconf 89' lang='lat' dir='ltr'><strong>etiam</strong></span> <span class='ocrx_word' id='word_1_585' title='bbox 2756 3725 2992 3796; x_wconf 77' lang='lat' dir='ltr'><strong>historia:</strong></span> <span class='ocrx_word' id='word_1_586' title='bbox 3013 3752 3209 3796; x_wconf 78' lang='lat' dir='ltr'><strong>nosme</strong></span> <span class='ocrx_word' id='word_1_587' title='bbox 3233 3741 3628 3796; x_wconf 82' lang='lat' dir='ltr'><strong>&#39;l‘ertullianica:</strong></span> 
     </span>
    </p>
   </div>
   <div class='ocr_carea' id='block_1_80' title="bbox 2029 3831 3628 3906">
    <p class='ocr_par' dir='ltr' id='par_1_80' title="bbox 2029 3831 3628 3906">
     <span class='ocr_line' id='line_1_80' title="bbox 2029 3831 3628 3906; baseline 0.001 -21"><span class='ocrx_word' id='word_1_588' title='bbox 2029 3832 2187 3887; x_wconf 83' lang='lat' dir='ltr'><strong>ﬁnem</strong></span> <span class='ocrx_word' id='word_1_589' title='bbox 2221 3833 2565 3902; x_wconf 91' lang='lat' dir='ltr'><strong>imponimus.</strong></span> <span class='ocrx_word' id='word_1_590' title='bbox 2612 3831 2725 3885; x_wconf 84' lang='lat' dir='ltr'><strong>Non</strong></span> <span class='ocrx_word' id='word_1_591' title='bbox 2759 3832 2899 3902; x_wconf 88' lang='lat' dir='ltr'><strong>quod</strong></span> <span class='ocrx_word' id='word_1_592' title='bbox 2946 3843 3096 3887; x_wconf 89' lang='lat' dir='ltr'><strong>certo</strong></span> <span class='ocrx_word' id='word_1_593' title='bbox 3133 3833 3356 3887; x_wconf 89' lang='lat' dir='ltr'><strong>velimus</strong></span> <span class='ocrx_word' id='word_1_594' title='bbox 3386 3847 3628 3906; x_wconf 77' lang='lat' dir='ltr'><strong>asserere</strong></span> 
     </span>
    </p>
   </div>
   <div class='ocr_carea' id='block_1_81' title="bbox 2032 3914 3625 3996">
    <p class='ocr_par' dir='ltr' id='par_1_81' title="bbox 2032 3914 3625 3996">
     <span class='ocr_line' id='line_1_81' title="bbox 2032 3914 3625 3996; baseline 0.001 -17"><span class='ocrx_word' id='word_1_595' title='bbox 2032 3937 2212 3996; x_wconf 87' lang='lat' dir='ltr'><strong>postca</strong></span> <span class='ocrx_word' id='word_1_596' title='bbox 2243 3943 2346 3980; x_wconf 87' lang='lat' dir='ltr'><strong>non</strong></span> <span class='ocrx_word' id='word_1_597' title='bbox 2378 3914 3485 3996; x_wconf 65' lang='lat' dir='ltr'><strong>supervixisseTER&#39;I&#39;ULIJANUM,quem</strong></span> <span class='ocrx_word' id='word_1_598' title='bbox 3507 3925 3625 3980; x_wconf 86' lang='lat' dir='ltr'><strong>Tri-</strong></span> 
     </span>
    </p>
   </div>
   <div class='ocr_carea' id='block_1_82' title="bbox 2030 4018 3624 4088">
    <p class='ocr_par' dir='ltr' id='par_1_82' title="bbox 2030 4018 3624 4088">
     <span class='ocr_line' id='line_1_82' title="bbox 2030 4018 3624 4088; baseline 0.001 -16"><span class='ocrx_word' id='word_1_599' title='bbox 2030 4019 2260 4073; x_wconf 88' lang='lat' dir='ltr'><strong>tbemius</strong></span> <span class='ocrx_word' id='word_1_600' title='bbox 2289 4018 2474 4073; x_wconf 85' lang='lat' dir='ltr'><strong>scribit</strong></span> <span class='ocrx_word' id='word_1_601' title='bbox 2502 4018 2698 4072; x_wconf 81' lang='lat' dir='ltr'><strong>vixisse</strong></span> <span class='ocrx_word' id='word_1_602' title='bbox 2724 4033 2894 4088; x_wconf 62' lang='lat' dir='ltr'><strong>ustjue</strong></span> <span class='ocrx_word' id='word_1_603' title='bbox 2920 4019 2985 4071; x_wconf 92' lang='lat' dir='ltr'><strong>ad</strong></span> <span class='ocrx_word' id='word_1_604' title='bbox 3017 4029 3287 4074; x_wconf 85' lang='lat' dir='ltr'><strong>senectam</strong></span> <span class='ocrx_word' id='word_1_605' title='bbox 3317 4029 3369 4074; x_wconf 86' lang='lat' dir='ltr'><strong>et</strong></span> <span class='ocrx_word' id='word_1_606' title='bbox 3393 4019 3624 4087; x_wconf 87' lang='lat' dir='ltr'><strong>senium,</strong></span> 
     </span>
    </p>
   </div>
   <div class='ocr_carea' id='block_1_83' title="bbox 2029 4109 3628 4181">
    <p class='ocr_par' dir='ltr' id='par_1_83' title="bbox 2029 4109 3628 4181">
     <span class='ocr_line' id='line_1_83' title="bbox 2029 4109 3628 4181; baseline -0.001 -15"><span class='ocrx_word' id='word_1_607' title='bbox 2029 4111 2124 4166; x_wconf 87' lang='lat' dir='ltr'><strong>sed</strong></span> <span class='ocrx_word' id='word_1_608' title='bbox 2153 4111 2293 4181; x_wconf 89' lang='lat' dir='ltr'><strong>quod</strong></span> <span class='ocrx_word' id='word_1_609' title='bbox 2323 4110 2514 4165; x_wconf 87' lang='lat' dir='ltr'><strong>saltem</strong></span> <span class='ocrx_word' id='word_1_610' title='bbox 2539 4125 2568 4163; x_wconf 93' lang='lat' dir='ltr'><strong>a</strong></span> <span class='ocrx_word' id='word_1_611' title='bbox 2597 4109 2882 4165; x_wconf 82' lang='lat' dir='ltr'><strong>scribendo</strong></span> <span class='ocrx_word' id='word_1_612' title='bbox 2927 4109 3211 4166; x_wconf 86' lang='lat' dir='ltr'><strong>destiterit.</strong></span> <span class='ocrx_word' id='word_1_613' title='bbox 3252 4110 3628 4166; x_wconf 78' lang='lat' dir='ltr'><strong>Sentiebamus</strong></span> 
     </span>
    </p>
   </div>
   <div class='ocr_carea' id='block_1_84' title="bbox 2029 4202 3625 4273">
    <p class='ocr_par' dir='ltr' id='par_1_84' title="bbox 2029 4202 3625 4273">
     <span class='ocr_line' id='line_1_84' title="bbox 2029 4202 3625 4273; baseline 0.002 -18"><span class='ocrx_word' id='word_1_614' title='bbox 2029 4202 2337 4273; x_wconf 88' lang='lat' dir='ltr'><strong>aliquando,</strong></span> <span class='ocrx_word' id='word_1_615' title='bbox 2371 4218 2532 4272; x_wconf 89' lang='lat' dir='ltr'><strong>quum</strong></span> <span class='ocrx_word' id='word_1_616' title='bbox 2565 4203 2619 4256; x_wconf 91' lang='lat' dir='ltr'><strong>in</strong></span> <span class='ocrx_word' id='word_1_617' title='bbox 2648 4202 2796 4255; x_wconf 87' lang='lat' dir='ltr'><strong>illtttn</strong></span> <span class='ocrx_word' id='word_1_618' title='bbox 2829 4203 3217 4258; x_wconf 80' lang='lat' dir='ltr'><strong>Annotationes</strong></span> <span class='ocrx_word' id='word_1_619' title='bbox 3243 4202 3625 4268; x_wconf 85' lang='lat' dir='ltr'><strong>scriberemus,</strong></span> 
     </span>
    </p>
   </div>
   <div class='ocr_carea' id='block_1_85' title="bbox 2030 4291 3624 4363">
    <p class='ocr_par' dir='ltr' id='par_1_85' title="bbox 2030 4291 3624 4363">
     <span class='ocr_line' id='line_1_85' title="bbox 2030 4291 3624 4363; baseline 0.003 -18"><span class='ocrx_word' id='word_1_620' title='bbox 2030 4292 2238 4346; x_wconf 87' lang='lat' dir='ltr'><strong>Librum</strong></span> <span class='ocrx_word' id='word_1_621' title='bbox 2256 4294 2318 4347; x_wconf 85' lang='lat' dir='ltr'><strong>de</strong></span> <span class='ocrx_word' id='word_1_622' title='bbox 2336 4293 2575 4362; x_wconf 81' lang='lat' dir='ltr'><strong>Jejunits,</strong></span> <span class='ocrx_word' id='word_1_623' title='bbox 2608 4292 2707 4346; x_wconf 92' lang='lat' dir='ltr'><strong>sub</strong></span> <span class='ocrx_word' id='word_1_624' title='bbox 2729 4292 2786 4347; x_wconf 89' lang='lat' dir='ltr'><strong>S.</strong></span> <span class='ocrx_word' id='word_1_625' title='bbox 2821 4291 3025 4347; x_wconf 83' lang='lat' dir='ltr'><strong>Calixto</strong></span> <span class='ocrx_word' id='word_1_626' title='bbox 3053 4309 3186 4363; x_wconf 89' lang='lat' dir='ltr'><strong>papa</strong></span> <span class='ocrx_word' id='word_1_627' title='bbox 3213 4293 3418 4348; x_wconf 89' lang='lat' dir='ltr'><strong>editum</strong></span> <span class='ocrx_word' id='word_1_628' title='bbox 3439 4293 3624 4359; x_wconf 83' lang='lat' dir='ltr'><strong>fuisse,</strong></span> 
     </span>
    </p>
   </div>
   <div class='ocr_carea' id='block_1_86' title="bbox 2029 4386 3632 4458">
    <p class='ocr_par' dir='ltr' id='par_1_86' title="bbox 2029 4386 3632 4458">
     <span class='ocr_line' id='line_1_86' title="bbox 2029 4386 3632 4458; baseline -0.001 -17"><span class='ocrx_word' id='word_1_629' title='bbox 2029 4387 2169 4458; x_wconf 81' lang='lat' dir='ltr'><strong>quod</strong></span> <span class='ocrx_word' id='word_1_630' title='bbox 2186 4386 2507 4458; x_wconf 80' lang='lat' dir='ltr'><strong>Jejuniorum</strong></span> <span class='ocrx_word' id='word_1_631' title='bbox 2525 4386 2823 4442; x_wconf 80' lang='lat' dir='ltr'><strong>meminerit</strong></span> <span class='ocrx_word' id='word_1_632' title='bbox 2839 4389 2966 4440; x_wconf 88' lang='lat' dir='ltr'><strong>citra</strong></span> <span class='ocrx_word' id='word_1_633' title='bbox 2984 4387 3099 4440; x_wconf 89' lang='lat' dir='ltr'><strong>illos</strong></span> <span class='ocrx_word' id='word_1_634' title='bbox 3112 4387 3217 4442; x_wconf 84' lang='lat' dir='ltr'><strong>dies</strong></span> <span class='ocrx_word' id='word_1_635' title='bbox 3234 4387 3410 4455; x_wconf 82' lang='lat' dir='ltr'><strong>quibus</strong></span> <span class='ocrx_word' id='word_1_636' title='bbox 3429 4389 3632 4458; x_wconf 79' lang='lat' dir='ltr'><strong>ablatus</strong></span> 
     </span>
    </p>
   </div>
   <div class='ocr_carea' id='block_1_87' title="bbox 2028 4477 3630 4550">
    <p class='ocr_par' dir='ltr' id='par_1_87' title="bbox 2028 4477 3630 4550">
     <span class='ocr_line' id='line_1_87' title="bbox 2028 4477 3630 4550; baseline 0 -18"><span class='ocrx_word' id='word_1_637' title='bbox 2028 4490 2101 4532; x_wconf 83' lang='lat' dir='ltr'><strong>est</strong></span> <span class='ocrx_word' id='word_1_638' title='bbox 2117 4496 2331 4548; x_wconf 87' lang='lat' dir='ltr'><strong>sponsus</strong></span> <span class='ocrx_word' id='word_1_639' title='bbox 2351 4477 2488 4545; x_wconf 87' lang='lat' dir='ltr'><strong>(Lib.</strong></span> <span class='ocrx_word' id='word_1_640' title='bbox 2509 4477 2757 4550; x_wconf 80' lang='lat' dir='ltr'><strong>delejun.</strong></span> <span class='ocrx_word' id='word_1_641' title='bbox 2778 4496 2824 4532; x_wconf 90' lang='lat' dir='ltr'><strong>c.</strong></span> <span class='ocrx_word' id='word_1_642' title='bbox 2847 4480 2927 4534; x_wconf 60' lang='grc'><strong>15.</strong></span> <span class='ocrx_word' id='word_1_643' title='bbox 2953 4497 3004 4534; x_wconf 84' lang='grc' dir='ltr'><strong>ιι.</strong></span> <span class='ocrx_word' id='word_1_644' title='bbox 3030 4481 3119 4535; x_wconf 78' lang='lat'><strong>78.</strong></span> <span class='ocrx_word' id='word_1_645' title='bbox 3140 4479 3262 4534; x_wconf 87' lang='lat' dir='ltr'><strong>ibid.</strong></span> <span class='ocrx_word' id='word_1_646' title='bbox 3282 4495 3328 4534; x_wconf 87' lang='lat' dir='ltr'><strong>c.</strong></span> <span class='ocrx_word' id='word_1_647' title='bbox 3347 4480 3379 4534; x_wconf 72' lang='grc'><strong>4</strong></span> <span class='ocrx_word' id='word_1_648' title='bbox 3409 4479 3450 4550; x_wconf 86' lang='grc'><strong>),</strong></span> <span class='ocrx_word' id='word_1_649' title='bbox 3478 4480 3528 4534; x_wconf 91' lang='lat' dir='ltr'><strong>id</strong></span> <span class='ocrx_word' id='word_1_650' title='bbox 3546 4490 3630 4535; x_wconf 90' lang='lat' dir='ltr'><strong>cst</strong></span> 
     </span>
    </p>
   </div>
   <div class='ocr_carea' id='block_1_88' title="bbox 305 4568 3624 4643">
    <p class='ocr_par' dir='ltr' id='par_1_88' title="bbox 305 4568 3624 4643">
     <span class='ocr_line' id='line_1_88' title="bbox 305 4568 3624 4643; baseline 0.001 -23"><span class='ocrx_word' id='word_1_651' title='bbox 305 4582 661 4639; x_wconf 84' lang='lat' dir='ltr'><strong>propagasse,</strong></span> <span class='ocrx_word' id='word_1_652' title='bbox 721 4568 962 4622; x_wconf 78' lang='lat' dir='ltr'><strong>fortassis</strong></span> <span class='ocrx_word' id='word_1_653' title='bbox 1021 4570 1159 4639; x_wconf 89' lang='lat' dir='ltr'><strong>quod</strong></span> <span class='ocrx_word' id='word_1_654' title='bbox 1209 4572 1318 4639; x_wconf 90' lang='lat' dir='ltr'><strong>jam</strong></span> <span class='ocrx_word' id='word_1_655' title='bbox 1370 4570 1634 4626; x_wconf 70' lang='lat' dir='ltr'><strong>deiunctis</strong></span> <span class='ocrx_word' id='word_1_656' title='bbox 1690 4573 1796 4626; x_wconf 88' lang='lat' dir='ltr'><strong>illis</strong></span> <span class='ocrx_word' id='word_1_657' title='bbox 1833 4573 1923 4643; x_wconf 91' lang='lat' dir='ltr'><strong>qui</strong></span> <span class='ocrx_word' id='word_1_658' title='bbox 1949 4581 2002 4639; x_wconf 85' lang='lat'><strong>1)</strong></span> <span class='ocrx_word' id='word_1_659' title='bbox 2030 4581 2178 4627; x_wconf 81' lang='lat' dir='ltr'><strong>extra</strong></span> <span class='ocrx_word' id='word_1_660' title='bbox 2211 4569 2693 4642; x_wconf 79' lang='lat' dir='ltr'><strong>quadragesimant,</strong></span> <span class='ocrx_word' id='word_1_661' title='bbox 2723 4571 3094 4626; x_wconf 80' lang='lat' dir='ltr'><strong>existimantes</strong></span> <span class='ocrx_word' id='word_1_662' title='bbox 3131 4569 3291 4624; x_wconf 91' lang='lat' dir='ltr'><strong>alludi</strong></span> <span class='ocrx_word' id='word_1_663' title='bbox 3319 4569 3385 4623; x_wconf 89' lang='lat' dir='ltr'><strong>ad</strong></span> <span class='ocrx_word' id='word_1_664' title='bbox 3420 4570 3624 4640; x_wconf 72' lang='lat' dir='ltr'><strong>jejunia</strong></span> 
     </span>
    </p>
   </div>
   <div class='ocr_carea' id='block_1_89' title="bbox 305 4650 1920 4733">
    <p class='ocr_par' dir='ltr' id='par_1_89' title="bbox 305 4650 1920 4733">
     <span class='ocr_line' id='line_1_89' title="bbox 305 4650 1920 4733; baseline 0.006 -22"><span class='ocrx_word' id='word_1_665' title='bbox 305 4669 431 4714; x_wconf 70' lang='grc' dir='ltr'><strong>κατὰ</strong></span> <span class='ocrx_word' id='word_1_666' title='bbox 469 4661 717 4715; x_wconf 82' lang='lat' dir='ltr'><strong>Proetum</strong></span> <span class='ocrx_word' id='word_1_667' title='bbox 741 4662 914 4730; x_wconf 59' lang='lat' dir='ltr'><strong>(cujus</strong></span> <span class='ocrx_word' id='word_1_668' title='bbox 937 4663 1051 4732; x_wconf 91' lang='lat' dir='ltr'><strong>ipse</strong></span> <span class='ocrx_word' id='word_1_669' title='bbox 1077 4662 1330 4733; x_wconf 88' lang='lat' dir='ltr'><strong>sectator)</strong></span> <span class='ocrx_word' id='word_1_670' title='bbox 1349 4663 1686 4730; x_wconf 81' lang='lat' dir='ltr'><strong>dicebantur,</strong></span> <span class='ocrx_word' id='word_1_671' title='bbox 1706 4650 1920 4721; x_wconf 89' lang='lat' dir='ltr'><strong>obtine-</strong></span> 
     </span>
    </p>
   </div>
   <div class='ocr_carea' id='block_1_90' title="bbox 308 4753 1922 4829">
    <p class='ocr_par' dir='ltr' id='par_1_90' title="bbox 308 4753 1922 4829">
     <span class='ocr_line' id='line_1_90' title="bbox 308 4753 1922 4829; baseline 0.007 -27"><span class='ocrx_word' id='word_1_672' title='bbox 308 4762 426 4806; x_wconf 84' lang='lat' dir='ltr'><strong>reat</strong></span> <span class='ocrx_word' id='word_1_673' title='bbox 467 4753 707 4824; x_wconf 86' lang='lat' dir='ltr'><strong>palmam</strong></span> <span class='ocrx_word' id='word_1_674' title='bbox 754 4753 826 4805; x_wconf 89' lang='lat' dir='ltr'><strong>illi</strong></span> <span class='ocrx_word' id='word_1_675' title='bbox 876 4755 966 4824; x_wconf 87' lang='lat' dir='ltr'><strong>qui</strong></span> <span class='ocrx_word' id='word_1_676' title='bbox 1022 4754 1313 4809; x_wconf 91' lang='lat' dir='ltr'><strong>secundum</strong></span> <span class='ocrx_word' id='word_1_677' title='bbox 1361 4755 1694 4812; x_wconf 59' lang='lat' dir='ltr'><strong>{Escbiuetrn</strong></span> <span class='ocrx_word' id='word_1_678' title='bbox 1726 4757 1922 4829; x_wconf 89' lang='lat' dir='ltr'><strong>Utpote</strong></span> 
     </span>
    </p>
   </div>
   <div class='ocr_carea' id='block_1_91' title="bbox 301 4845 1919 4916">
    <p class='ocr_par' dir='ltr' id='par_1_91' title="bbox 301 4845 1919 4916">
     <span class='ocr_line' id='line_1_91' title="bbox 301 4845 1919 4916; baseline 0.007 -21"><span class='ocrx_word' id='word_1_679' title='bbox 301 4855 493 4896; x_wconf 79' lang='lat' dir='ltr'><strong>contra</strong></span> <span class='ocrx_word' id='word_1_680' title='bbox 522 4859 660 4914; x_wconf 66' lang='lat' dir='ltr'><strong>quos&#39;</strong></span> <span class='ocrx_word' id='word_1_681' title='bbox 691 4845 845 4898; x_wconf 87' lang='lat' dir='ltr'><strong>tacite</strong></span> <span class='ocrx_word' id='word_1_682' title='bbox 868 4845 1148 4916; x_wconf 75' lang='lat' dir='ltr'><strong>scripserit</strong></span> <span class='ocrx_word' id='word_1_683' title='bbox 1190 4846 1380 4900; x_wconf 90' lang='lat' dir='ltr'><strong>librum</strong></span> <span class='ocrx_word' id='word_1_684' title='bbox 1404 4847 1663 4903; x_wconf 85' lang='lat' dir='ltr'><strong>adversus</strong></span> <span class='ocrx_word' id='word_1_685' title='bbox 1682 4849 1919 4906; x_wconf 74' lang='lat' dir='ltr'><strong>l’raxcan</strong></span> 
     </span>
    </p>
   </div>
   <div class='ocr_carea' id='block_1_92' title="bbox 301 4934 1919 5000">
    <p class='ocr_par' dir='ltr' id='par_1_92' title="bbox 301 4934 1919 5000">
     <span class='ocr_line' id='line_1_92' title="bbox 301 4934 1919 5000; baseline 0.008 -13"><span class='ocrx_word' id='word_1_686' title='bbox 301 4934 370 4989; x_wconf 89' lang='lat' dir='ltr'><strong>de</strong></span> <span class='ocrx_word' id='word_1_687' title='bbox 397 4936 564 4990; x_wconf 77' lang='lat' dir='ltr'><strong>Patre</strong></span> <span class='ocrx_word' id='word_1_688' title='bbox 589 4946 645 4991; x_wconf 90' lang='lat' dir='ltr'><strong>et</strong></span> <span class='ocrx_word' id='word_1_689' title='bbox 673 4935 806 4991; x_wconf 76' lang='lat' dir='ltr'><strong>Filio</strong></span> <span class='ocrx_word' id='word_1_690' title='bbox 837 4953 942 4992; x_wconf 90' lang='lat' dir='ltr'><strong>non</strong></span> <span class='ocrx_word' id='word_1_691' title='bbox 976 4940 1199 4994; x_wconf 88' lang='lat' dir='ltr'><strong>eisdem.</strong></span> <span class='ocrx_word' id='word_1_692' title='bbox 1235 4941 1562 4998; x_wconf 89' lang='lat' dir='ltr'><strong>Dissensisse</strong></span> <span class='ocrx_word' id='word_1_693' title='bbox 1584 4943 1745 4998; x_wconf 89' lang='lat' dir='ltr'><strong>etiam</strong></span> <span class='ocrx_word' id='word_1_694' title='bbox 1773 4946 1919 5000; x_wconf 90' lang='lat' dir='ltr'><strong>illum</strong></span> 
     </span>
    </p>
   </div>
   <div class='ocr_carea' id='block_1_93' title="bbox 297 5027 1920 5108">
    <p class='ocr_par' dir='ltr' id='par_1_93' title="bbox 297 5027 1920 5108">
     <span class='ocr_line' id='line_1_93' title="bbox 297 5027 1920 5108; baseline 0.009 -31"><span class='ocrx_word' id='word_1_695' title='bbox 297 5027 688 5081; x_wconf 84' lang='lat' dir='ltr'><strong>attnotavimus</strong></span> <span class='ocrx_word' id='word_1_696' title='bbox 710 5028 775 5083; x_wconf 91' lang='lat' dir='ltr'><strong>de</strong></span> <span class='ocrx_word' id='word_1_697' title='bbox 788 5029 994 5084; x_wconf 87' lang='lat' dir='ltr'><strong>duabus</strong></span> <span class='ocrx_word' id='word_1_698' title='bbox 1010 5031 1267 5108; x_wconf 78' lang='lat' dir='ltr'><strong>duntaxat</strong></span> <span class='ocrx_word' id='word_1_699' title='bbox 1294 5032 1751 5104; x_wconf 81' lang='lat' dir='ltr'><strong>Quadragcsimis.</strong></span> <span class='ocrx_word' id='word_1_700' title='bbox 1778 5036 1920 5104; x_wconf 85' lang='lat' dir='ltr'><strong>Qua-</strong></span> 
     </span>
    </p>
   </div>
   <div class='ocr_carea' id='block_1_94' title="bbox 301 5117 1915 5194">
    <p class='ocr_par' dir='ltr' id='par_1_94' title="bbox 301 5117 1915 5194">
     <span class='ocr_line' id='line_1_94' title="bbox 301 5117 1915 5194; baseline 0.009 -25"><span class='ocrx_word' id='word_1_701' title='bbox 301 5131 362 5171; x_wconf 87' lang='lat' dir='ltr'><strong>re</strong></span> <span class='ocrx_word' id='word_1_702' title='bbox 389 5117 678 5185; x_wconf 75' lang='lat' dir='ltr'><strong>falluntur,</strong></span> <span class='ocrx_word' id='word_1_703' title='bbox 706 5123 792 5190; x_wconf 89' lang='lat' dir='ltr'><strong>qui</strong></span> <span class='ocrx_word' id='word_1_704' title='bbox 821 5137 886 5175; x_wconf 82' lang='lat' dir='ltr'><strong>ex</strong></span> <span class='ocrx_word' id='word_1_705' title='bbox 922 5137 986 5176; x_wconf 91' lang='lat' dir='ltr'><strong>eo</strong></span> <span class='ocrx_word' id='word_1_706' title='bbox 1013 5123 1130 5178; x_wconf 92' lang='lat' dir='ltr'><strong>loco</strong></span> <span class='ocrx_word' id='word_1_707' title='bbox 1156 5125 1416 5194; x_wconf 83' lang='lat' dir='ltr'><strong>colligunt</strong></span> <span class='ocrx_word' id='word_1_708' title='bbox 1439 5141 1559 5180; x_wconf 90' lang='lat' dir='ltr'><strong>eum</strong></span> <span class='ocrx_word' id='word_1_709' title='bbox 1588 5127 1654 5180; x_wconf 89' lang='lat' dir='ltr'><strong>ad</strong></span> <span class='ocrx_word' id='word_1_710' title='bbox 1686 5128 1915 5184; x_wconf 86' lang='lat' dir='ltr'><strong>catholi-</strong></span> 
     </span>
    </p>
   </div>
   <div class='ocr_carea' id='block_1_95' title="bbox 299 5209 1917 5291">
    <p class='ocr_par' dir='ltr' id='par_1_95' title="bbox 299 5209 1917 5291">
     <span class='ocr_line' id='line_1_95' title="bbox 299 5209 1917 5291; baseline 0.011 -32"><span class='ocrx_word' id='word_1_711' title='bbox 299 5221 428 5262; x_wconf 82' lang='lat' dir='ltr'><strong>cam</strong></span> <span class='ocrx_word' id='word_1_712' title='bbox 463 5209 769 5267; x_wconf 76' lang='lat' dir='ltr'><strong>Ecclesiam</strong></span> <span class='ocrx_word' id='word_1_713' title='bbox 810 5215 1056 5280; x_wconf 87' lang='lat' dir='ltr'><strong>rediisse,</strong></span> <span class='ocrx_word' id='word_1_714' title='bbox 1109 5218 1341 5271; x_wconf 80' lang='lat' dir='ltr'><strong>maxime</strong></span> <span class='ocrx_word' id='word_1_715' title='bbox 1386 5234 1552 5287; x_wconf 91' lang='lat' dir='ltr'><strong>quum</strong></span> <span class='ocrx_word' id='word_1_716' title='bbox 1599 5218 1658 5273; x_wconf 86' lang='grc' dir='ltr'>Β.</span> <span class='ocrx_word' id='word_1_717' title='bbox 1693 5221 1917 5291; x_wconf 83' lang='lat' dir='ltr'><strong>August.</strong></span> 
     </span>
    </p>
   </div>
   <div class='ocr_carea' id='block_1_96' title="bbox 297 5302 1922 5379">
    <p class='ocr_par' dir='ltr' id='par_1_96' title="bbox 297 5302 1922 5379">
     <span class='ocr_line' id='line_1_96' title="bbox 297 5302 1922 5379; baseline 0.01 -27"><span class='ocrx_word' id='word_1_718' title='bbox 297 5311 533 5354; x_wconf 83' lang='lat' dir='ltr'><strong>causam</strong></span> <span class='ocrx_word' id='word_1_719' title='bbox 556 5302 748 5359; x_wconf 59' lang='lat' dir='ltr'><strong>ba&#39;res.</strong></span> <span class='ocrx_word' id='word_1_720' title='bbox 777 5306 1047 5376; x_wconf 89' lang='lat' dir='ltr'><strong>duplicem</strong></span> <span class='ocrx_word' id='word_1_721' title='bbox 1078 5308 1314 5378; x_wconf 87' lang='lat' dir='ltr'><strong>assignat</strong></span> <span class='ocrx_word' id='word_1_722' title='bbox 1337 5350 1352 5376; x_wconf 95' lang='lat'><strong>,</strong></span> <span class='ocrx_word' id='word_1_723' title='bbox 1384 5317 1491 5362; x_wconf 91' lang='lat' dir='ltr'><strong>tum</strong></span> <span class='ocrx_word' id='word_1_724' title='bbox 1514 5311 1634 5379; x_wconf 86' lang='lat' dir='ltr'><strong>quia</strong></span> <span class='ocrx_word' id='word_1_725' title='bbox 1656 5313 1922 5370; x_wconf 88' lang='lat' dir='ltr'><strong>transiens</strong></span> 
     </span>
    </p>
   </div>
   <div class='ocr_carea' id='block_1_97' title="bbox 292 5389 1921 5472">
    <p class='ocr_par' dir='ltr' id='par_1_97' title="bbox 292 5389 1921 5472">
     <span class='ocr_line' id='line_1_97' title="bbox 292 5389 1921 5472; baseline 0.012 -31"><span class='ocrx_word' id='word_1_726' title='bbox 292 5389 364 5443; x_wconf 86' lang='lat' dir='ltr'><strong>ad</strong></span> <span class='ocrx_word' id='word_1_727' title='bbox 386 5391 758 5466; x_wconf 67' lang='lat' dir='ltr'><strong>Gttapltrygas</strong></span> <span class='ocrx_word' id='word_1_728' title='bbox 801 5401 964 5470; x_wconf 71' lang='lat' dir='ltr'><strong>C(Bpil</strong></span> <span class='ocrx_word' id='word_1_729' title='bbox 995 5401 1258 5455; x_wconf 88' lang='lat' dir='ltr'><strong>secundas</strong></span> <span class='ocrx_word' id='word_1_730' title='bbox 1286 5401 1497 5472; x_wconf 88' lang='lat' dir='ltr'><strong>nuptias</strong></span> <span class='ocrx_word' id='word_1_731' title='bbox 1514 5403 1791 5472; x_wconf 84' lang='lat' dir='ltr'><strong>damnare,</strong></span> <span class='ocrx_word' id='word_1_732' title='bbox 1811 5415 1921 5462; x_wconf 92' lang='lat' dir='ltr'><strong>tum</strong></span> 
     </span>
    </p>
   </div>
   <div class='ocr_carea' id='block_1_98' title="bbox 306 5485 1346 5564">
    <p class='ocr_par' dir='ltr' id='par_1_98' title="bbox 306 5485 1346 5564">
     <span class='ocr_line' id='line_1_98' title="bbox 306 5485 1346 5564; baseline 0.008 -28"><span class='ocrx_word' id='word_1_733' title='bbox 306 5485 446 5552; x_wconf 84' lang='lat' dir='ltr'><strong>quia</strong></span> <span class='ocrx_word' id='word_1_734' title='bbox 481 5502 590 5540; x_wconf 87' lang='lat' dir='ltr'><strong>sua</strong></span> <span class='ocrx_word' id='word_1_735' title='bbox 619 5494 981 5548; x_wconf 68' lang='lat' dir='ltr'><strong>conventicula</strong></span> <span class='ocrx_word' id='word_1_736' title='bbox 1019 5494 1346 5564; x_wconf 80' lang='lat' dir='ltr'><strong>propagavit.</strong></span> 
     </span>
    </p>
   </div>
   <div class='ocr_carea' id='block_1_99' title="bbox 803 5586 1436 5642">
    <p class='ocr_par' dir='ltr' id='par_1_99' title="bbox 803 5586 1436 5642">
     <span class='ocr_line' id='line_1_99' title="bbox 803 5586 1436 5642; baseline 0.005 -4"><span class='ocrx_word' id='word_1_737' title='bbox 803 5589 957 5640; x_wconf 78' lang='lat' dir='ltr'><strong>Anno</strong></span> <span class='ocrx_word' id='word_1_738' title='bbox 991 5586 1203 5641; x_wconf 88' lang='lat' dir='ltr'><strong>Domini</strong></span> <span class='ocrx_word' id='word_1_739' title='bbox 1235 5603 1436 5642; x_wconf 78' lang='lat' dir='ltr'><strong>ccxvu.</strong></span> 
     </span>
    </p>
   </div>
   <div class='ocr_carea' id='block_1_100' title="bbox 373 5665 1922 5746">
    <p class='ocr_par' dir='ltr' id='par_1_100' title="bbox 373 5665 1922 5746">
     <span class='ocr_line' id='line_1_100' title="bbox 373 5665 1922 5746; baseline 0.013 -27"><span class='ocrx_word' id='word_1_740' title='bbox 373 5665 481 5721; x_wconf 72' lang='lat'><strong>36.</strong></span> <span class='ocrx_word' id='word_1_741' title='bbox 531 5668 712 5727; x_wconf 86' lang='lat' dir='ltr'><strong>Sancti</strong></span> <span class='ocrx_word' id='word_1_742' title='bbox 758 5675 1043 5746; x_wconf 82' lang='lat' dir='ltr'><strong>Zepltyrini</strong></span> <span class='ocrx_word' id='word_1_743' title='bbox 1082 5676 1239 5746; x_wconf 83' lang='lat' dir='ltr'><strong>Pap:e</strong></span> <span class='ocrx_word' id='word_1_744' title='bbox 1286 5677 1509 5734; x_wconf 80' lang='lat' dir='ltr'><strong>Romani</strong></span> <span class='ocrx_word' id='word_1_745' title='bbox 1539 5696 1686 5742; x_wconf 74' lang='lat' dir='ltr'><strong>xvut.</strong></span> <span class='ocrx_word' id='word_1_746' title='bbox 1732 5691 1782 5738; x_wconf 89' lang='lat' dir='ltr'><strong>et</strong></span> <span class='ocrx_word' id='word_1_747' title='bbox 1809 5683 1922 5738; x_wconf 82' lang='lat' dir='ltr'><strong>An-</strong></span> 
     </span>
    </p>
   </div>
   <div class='ocr_carea' id='block_1_101' title="bbox 295 5757 1922 5845">
    <p class='ocr_par' dir='ltr' id='par_1_101' title="bbox 295 5757 1922 5845">
     <span class='ocr_line' id='line_1_101' title="bbox 295 5757 1922 5845; baseline 0.014 -37"><span class='ocrx_word' id='word_1_748' title='bbox 295 5757 590 5815; x_wconf 71' lang='lat' dir='ltr'><strong>toninin.</strong></span> <span class='ocrx_word' id='word_1_749' title='bbox 621 5762 678 5832; x_wconf 74' lang='grc' dir='ltr'><strong>ρ.</strong></span> <span class='ocrx_word' id='word_1_750' title='bbox 704 5766 973 5834; x_wconf 81' lang='lat' dir='ltr'><strong>AQUILIO</strong></span> <span class='ocrx_word' id='word_1_751' title='bbox 1006 5768 1272 5824; x_wconf 79' lang='lat' dir='ltr'><strong>SABINO.</strong></span> <span class='ocrx_word' id='word_1_752' title='bbox 1297 5768 1338 5824; x_wconf 92' lang='lat' dir='ltr'><strong>ll</strong></span> <span class='ocrx_word' id='word_1_753' title='bbox 1375 5771 1462 5838; x_wconf 91' lang='lat' dir='ltr'><strong>(ad</strong></span> <span class='ocrx_word' id='word_1_754' title='bbox 1485 5789 1640 5840; x_wconf 87' lang='lat' dir='ltr'><strong>quem</strong></span> <span class='ocrx_word' id='word_1_755' title='bbox 1665 5774 1922 5845; x_wconf 87' lang='lat' dir='ltr'><strong>Ulpianus</strong></span> 
     </span>
    </p>
   </div>
   <div class='ocr_carea' id='block_1_102' title="bbox 290 5847 1915 5933">
    <p class='ocr_par' dir='ltr' id='par_1_102' title="bbox 290 5847 1915 5933">
     <span class='ocr_line' id='line_1_102' title="bbox 290 5847 1915 5933; baseline 0.014 -31"><span class='ocrx_word' id='word_1_756' title='bbox 290 5847 512 5907; x_wconf 76' lang='lat' dir='ltr'><strong>Libros</strong></span> <span class='ocrx_word' id='word_1_757' title='bbox 537 5852 637 5911; x_wconf 84' lang='lat'><strong>5|.</strong></span> <span class='ocrx_word' id='word_1_758' title='bbox 661 5857 979 5930; x_wconf 77' lang='lat' dir='ltr'><strong>Digestorum</strong></span> <span class='ocrx_word' id='word_1_759' title='bbox 1002 5862 1241 5933; x_wconf 87' lang='lat' dir='ltr'><strong>scripsit)</strong></span> <span class='ocrx_word' id='word_1_760' title='bbox 1265 5864 1348 5919; x_wconf 80' lang='lat' dir='ltr'><strong>ET</strong></span> <span class='ocrx_word' id='word_1_761' title='bbox 1370 5865 1567 5922; x_wconf 69' lang='lat' dir='ltr'><strong>SFIXT.</strong></span> <span class='ocrx_word' id='word_1_762' title='bbox 1593 5867 1915 5924; x_wconf 73' lang='lat' dir='ltr'><strong>AURELIO.</strong></span> 
     </span>
    </p>
   </div>
   <div class='ocr_carea' id='block_1_103' title="bbox 2031 4661 3624 4735">
    <p class='ocr_par' dir='ltr' id='par_1_103' title="bbox 2031 4661 3624 4735">
     <span class='ocr_line' id='line_1_103' title="bbox 2031 4661 3624 4735; baseline -0.002 -16"><span class='ocrx_word' id='word_1_763' title='bbox 2031 4664 2438 4735; x_wconf 83' lang='lat' dir='ltr'><strong>tv.&#39;l‘emportun</strong></span> <span class='ocrx_word' id='word_1_764' title='bbox 2461 4663 2526 4718; x_wconf 92' lang='lat' dir='ltr'><strong>ab</strong></span> <span class='ocrx_word' id='word_1_765' title='bbox 2548 4664 2639 4717; x_wconf 90' lang='lat' dir='ltr'><strong>illo</strong></span> <span class='ocrx_word' id='word_1_766' title='bbox 2669 4665 2925 4717; x_wconf 84' lang='lat' dir='ltr'><strong>instituta.</strong></span> <span class='ocrx_word' id='word_1_767' title='bbox 2957 4661 3062 4717; x_wconf 90' lang='lat' dir='ltr'><strong>Sed</strong></span> <span class='ocrx_word' id='word_1_768' title='bbox 3089 4661 3175 4715; x_wconf 90' lang='lat' dir='ltr'><strong>ubi</strong></span> <span class='ocrx_word' id='word_1_769' title='bbox 3203 4661 3417 4731; x_wconf 88' lang='lat' dir='ltr'><strong>penitus</strong></span> <span class='ocrx_word' id='word_1_770' title='bbox 3447 4661 3624 4731; x_wconf 88' lang='lat' dir='ltr'><strong>inspe-</strong></span> 
     </span>
    </p>
   </div>
   <div class='ocr_carea' id='block_1_104' title="bbox 2030 4749 3627 4825">
    <p class='ocr_par' dir='ltr' id='par_1_104' title="bbox 2030 4749 3627 4825">
     <span class='ocr_line' id='line_1_104' title="bbox 2030 4749 3627 4825; baseline -0.003 -15"><span class='ocrx_word' id='word_1_771' title='bbox 2030 4757 2226 4820; x_wconf 81' lang='lat' dir='ltr'><strong>ximus,</strong></span> <span class='ocrx_word' id='word_1_772' title='bbox 2259 4763 2433 4825; x_wconf 85' lang='lat' dir='ltr'><strong>potest</strong></span> <span class='ocrx_word' id='word_1_773' title='bbox 2462 4753 2650 4809; x_wconf 76' lang='lat' dir='ltr'><strong>rel&#39;erri</strong></span> <span class='ocrx_word' id='word_1_774' title='bbox 2678 4763 2769 4807; x_wconf 89' lang='lat' dir='ltr'><strong>aut</strong></span> <span class='ocrx_word' id='word_1_775' title='bbox 2793 4753 2856 4806; x_wconf 89' lang='lat' dir='ltr'><strong>ad</strong></span> <span class='ocrx_word' id='word_1_776' title='bbox 2888 4751 2938 4806; x_wconf 89' lang='lat' dir='ltr'><strong>id</strong></span> <span class='ocrx_word' id='word_1_777' title='bbox 2968 4751 3110 4822; x_wconf 88' lang='lat' dir='ltr'><strong>quod</strong></span> <span class='ocrx_word' id='word_1_778' title='bbox 3127 4751 3398 4821; x_wconf 89' lang='lat' dir='ltr'><strong>sequitur:</strong></span> <span class='ocrx_word' id='word_1_779' title='bbox 3433 4749 3498 4805; x_wconf 84' lang='lat' dir='ltr'><strong>Et</strong></span> <span class='ocrx_word' id='word_1_780' title='bbox 3521 4761 3627 4806; x_wconf 85' lang='lat' dir='ltr'><strong>sta-</strong></span> 
     </span>
    </p>
   </div>
   <div class='ocr_carea' id='block_1_105' title="bbox 2030 4843 3627 4918">
    <p class='ocr_par' dir='ltr' id='par_1_105' title="bbox 2030 4843 3627 4918">
     <span class='ocr_line' id='line_1_105' title="bbox 2030 4843 3627 4918; baseline 0 -18"><span class='ocrx_word' id='word_1_781' title='bbox 2030 4849 2224 4901; x_wconf 89' lang='lat' dir='ltr'><strong>tionum</strong></span> <span class='ocrx_word' id='word_1_782' title='bbox 2252 4848 2574 4918; x_wconf 80' lang='lat' dir='ltr'><strong>semijejuuia</strong></span> <span class='ocrx_word' id='word_1_783' title='bbox 2595 4849 2971 4916; x_wconf 83' lang='lat' dir='ltr'><strong>interponentes</strong></span> <span class='ocrx_word' id='word_1_784' title='bbox 2999 4844 3215 4914; x_wconf 91' lang='lat' dir='ltr'><strong>(nempe</strong></span> <span class='ocrx_word' id='word_1_785' title='bbox 3247 4843 3393 4910; x_wconf 72' lang='lat' dir='ltr'><strong>ferite</strong></span> <span class='ocrx_word' id='word_1_786' title='bbox 3421 4855 3627 4917; x_wconf 76' lang='lat' dir='ltr'><strong>quarta:</strong></span> 
     </span>
    </p>
   </div>
   <div class='ocr_carea' id='block_1_106' title="bbox 2027 4924 3627 5008">
    <p class='ocr_par' dir='ltr' id='par_1_106' title="bbox 2027 4924 3627 5008">
     <span class='ocr_line' id='line_1_106' title="bbox 2027 4924 3627 5008; baseline -0.002 -16"><span class='ocrx_word' id='word_1_787' title='bbox 2027 4950 2080 4992; x_wconf 90' lang='lat' dir='ltr'><strong>et</strong></span> <span class='ocrx_word' id='word_1_788' title='bbox 2111 4949 2274 4992; x_wconf 74' lang='lat' dir='ltr'><strong>sexta:</strong></span> <span class='ocrx_word' id='word_1_789' title='bbox 2304 4941 2367 4992; x_wconf 91' lang='lat' dir='ltr'><strong>ad</strong></span> <span class='ocrx_word' id='word_1_790' title='bbox 2401 4944 2583 4992; x_wconf 87' lang='lat' dir='ltr'><strong>horam</strong></span> <span class='ocrx_word' id='word_1_791' title='bbox 2616 4953 2781 5008; x_wconf 79' lang='lat' dir='ltr'><strong>usque</strong></span> <span class='ocrx_word' id='word_1_792' title='bbox 2811 4936 3028 5006; x_wconf 87' lang='lat' dir='ltr'><strong>nonam)</strong></span> <span class='ocrx_word' id='word_1_793' title='bbox 3062 4946 3107 4989; x_wconf 82' lang='lat' dir='ltr'><strong>ct</strong></span> <span class='ocrx_word' id='word_1_794' title='bbox 3143 4924 3556 5008; x_wconf 26' lang='lat' dir='ltr'><strong>interdum&#39;pane</strong></span> <span class='ocrx_word' id='word_1_795' title='bbox 3580 4949 3627 4991; x_wconf 80' lang='lat' dir='ltr'><strong>et</strong></span> 
     </span>
    </p>
   </div>
   <div class='ocr_carea' id='block_1_107' title="bbox 2027 5029 3624 5102">
    <p class='ocr_par' dir='ltr' id='par_1_107' title="bbox 2027 5029 3624 5102">
     <span class='ocr_line' id='line_1_107' title="bbox 2027 5029 3624 5102; baseline -0.001 -17"><span class='ocrx_word' id='word_1_796' title='bbox 2027 5049 2160 5102; x_wconf 83' lang='lat' dir='ltr'><strong>aqua</strong></span> <span class='ocrx_word' id='word_1_797' title='bbox 2187 5033 2583 5096; x_wconf 80' lang='lat' dir='ltr'><strong>victitmttes,aut</strong></span> <span class='ocrx_word' id='word_1_798' title='bbox 2610 5029 2674 5084; x_wconf 90' lang='lat' dir='ltr'><strong>ad</strong></span> <span class='ocrx_word' id='word_1_799' title='bbox 2703 5029 2962 5099; x_wconf 86' lang='lat' dir='ltr'><strong>jejunium</strong></span> <span class='ocrx_word' id='word_1_800' title='bbox 2995 5029 3234 5096; x_wconf 72' lang='lat' dir='ltr'><strong>Sabbati,</strong></span> <span class='ocrx_word' id='word_1_801' title='bbox 3269 5031 3413 5101; x_wconf 87' lang='lat' dir='ltr'><strong>quod</strong></span> <span class='ocrx_word' id='word_1_802' title='bbox 3441 5031 3624 5084; x_wconf 75' lang='lat' dir='ltr'><strong>llutna:</strong></span> 
     </span>
    </p>
   </div>
   <div class='ocr_carea' id='block_1_108' title="bbox 2026 5121 3623 5195">
    <p class='ocr_par' dir='ltr' id='par_1_108' title="bbox 2026 5121 3623 5195">
     <span class='ocr_line' id='line_1_108' title="bbox 2026 5121 3623 5195; baseline -0.001 -16"><span class='ocrx_word' id='word_1_803' title='bbox 2026 5124 2397 5180; x_wconf 89' lang='lat' dir='ltr'><strong>celebrabatur</strong></span> <span class='ocrx_word' id='word_1_804' title='bbox 2425 5139 2492 5177; x_wconf 78' lang='lat' dir='ltr'><strong>ex</strong></span> <span class='ocrx_word' id='word_1_805' title='bbox 2541 5121 2760 5190; x_wconf 83' lang='lat' dir='ltr'><strong>statuto,</strong></span> <span class='ocrx_word' id='word_1_806' title='bbox 2804 5138 2908 5176; x_wconf 89' lang='lat' dir='ltr'><strong>non</strong></span> <span class='ocrx_word' id='word_1_807' title='bbox 2942 5123 2994 5176; x_wconf 93' lang='lat' dir='ltr'><strong>in</strong></span> <span class='ocrx_word' id='word_1_808' title='bbox 3037 5122 3209 5178; x_wconf 79' lang='lat' dir='ltr'><strong>AII&#39;iCa</strong></span> <span class='ocrx_word' id='word_1_809' title='bbox 3240 5123 3433 5195; x_wconf 90' lang='lat' dir='ltr'><strong>(cujus</strong></span> <span class='ocrx_word' id='word_1_810' title='bbox 3462 5122 3623 5178; x_wconf 89' lang='lat' dir='ltr'><strong>etiam</strong></span> 
     </span>
    </p>
   </div>
   <div class='ocr_carea' id='block_1_109' title="bbox 2028 5215 3622 5290">
    <p class='ocr_par' dir='ltr' id='par_1_109' title="bbox 2028 5215 3622 5290">
     <span class='ocr_line' id='line_1_109' title="bbox 2028 5215 3622 5290; baseline -0.003 -18"><span class='ocrx_word' id='word_1_811' title='bbox 2028 5219 2184 5290; x_wconf 89' lang='lat' dir='ltr'><strong>paulo</strong></span> <span class='ocrx_word' id='word_1_812' title='bbox 2214 5227 2334 5288; x_wconf 92' lang='lat' dir='ltr'><strong>post</strong></span> <span class='ocrx_word' id='word_1_813' title='bbox 2360 5216 2626 5284; x_wconf 89' lang='lat' dir='ltr'><strong>meminit)</strong></span> <span class='ocrx_word' id='word_1_814' title='bbox 2646 5228 2734 5271; x_wconf 90' lang='lat' dir='ltr'><strong>aut</strong></span> <span class='ocrx_word' id='word_1_815' title='bbox 2756 5217 2820 5270; x_wconf 90' lang='lat' dir='ltr'><strong>ad</strong></span> <span class='ocrx_word' id='word_1_816' title='bbox 2838 5216 3039 5287; x_wconf 89' lang='lat' dir='ltr'><strong>jejunia</strong></span> <span class='ocrx_word' id='word_1_817' title='bbox 3058 5215 3438 5272; x_wconf 72' lang='lat' dir='ltr'><strong>Pteuitentium</strong></span> <span class='ocrx_word' id='word_1_818' title='bbox 3461 5218 3622 5269; x_wconf 88' lang='lat' dir='ltr'><strong>etiam</strong></span> 
     </span>
    </p>
   </div>
   <div class='ocr_carea' id='block_1_110' title="bbox 2026 5306 3625 5378">
    <p class='ocr_par' dir='ltr' id='par_1_110' title="bbox 2026 5306 3625 5378">
     <span class='ocr_line' id='line_1_110' title="bbox 2026 5306 3625 5378; baseline -0.003 -13"><span class='ocrx_word' id='word_1_819' title='bbox 2026 5308 2570 5374; x_wconf 84' lang='lat' dir='ltr'><strong>Cateclmmenorum,</strong></span> <span class='ocrx_word' id='word_1_820' title='bbox 2606 5307 2672 5362; x_wconf 91' lang='lat' dir='ltr'><strong>de</strong></span> <span class='ocrx_word' id='word_1_821' title='bbox 2712 5309 2903 5378; x_wconf 86' lang='lat' dir='ltr'><strong>quibus</strong></span> <span class='ocrx_word' id='word_1_822' title='bbox 2934 5308 3048 5378; x_wconf 90' lang='lat' dir='ltr'><strong>ipse</strong></span> <span class='ocrx_word' id='word_1_823' title='bbox 3076 5308 3130 5362; x_wconf 91' lang='lat' dir='ltr'><strong>in</strong></span> <span class='ocrx_word' id='word_1_824' title='bbox 3173 5309 3286 5362; x_wconf 79' lang='lat' dir='ltr'><strong>lucc</strong></span> <span class='ocrx_word' id='word_1_825' title='bbox 3306 5306 3470 5361; x_wconf 83' lang='lat' dir='ltr'><strong>verba</strong></span> <span class='ocrx_word' id='word_1_826' title='bbox 3498 5314 3625 5361; x_wconf 88' lang='lat' dir='ltr'><strong>ante</strong></span> 
     </span>
    </p>
   </div>
   <div class='ocr_carea' id='block_1_111' title="bbox 2028 5399 3621 5472">
    <p class='ocr_par' dir='ltr' id='par_1_111' title="bbox 2028 5399 3621 5472">
     <span class='ocr_line' id='line_1_111' title="bbox 2028 5399 3621 5472; baseline -0.001 -14"><span class='ocrx_word' id='word_1_827' title='bbox 2028 5401 2307 5458; x_wconf 64' lang='lat' dir='ltr'><strong>haeresim:</strong></span> <span class='ocrx_word' id='word_1_828' title='bbox 2343 5399 2676 5472; x_wconf 84' lang='lat' dir='ltr'><strong>Ingressuros</strong></span> <span class='ocrx_word' id='word_1_829' title='bbox 2706 5401 3034 5470; x_wconf 84' lang='lat' dir='ltr'><strong>baptismum,</strong></span> <span class='ocrx_word' id='word_1_830' title='bbox 3064 5402 3377 5456; x_wconf 83' lang='lat' dir='ltr'><strong>orationibus</strong></span> <span class='ocrx_word' id='word_1_831' title='bbox 3397 5402 3584 5457; x_wconf 84' lang='lat' dir='ltr'><strong>crebris</strong></span> <span class='ocrx_word' id='word_1_832' title='bbox 3606 5443 3621 5468; x_wconf 90' lang='lat'><strong>,</strong></span> 
     </span>
    </p>
   </div>
   <div class='ocr_carea' id='block_1_112' title="bbox 2018 5493 3626 5568">
    <p class='ocr_par' dir='ltr' id='par_1_112' title="bbox 2018 5493 3626 5568">
     <span class='ocr_line' id='line_1_112' title="bbox 2018 5493 3626 5568; baseline -0.001 -19"><span class='ocrx_word' id='word_1_833' title='bbox 2018 5495 2233 5568; x_wconf 84' lang='lat' dir='ltr'><strong>jejnniis</strong></span> <span class='ocrx_word' id='word_1_834' title='bbox 2262 5504 2306 5547; x_wconf 91' lang='lat' dir='ltr'><strong>et</strong></span> <span class='ocrx_word' id='word_1_835' title='bbox 2345 5493 2800 5564; x_wconf 85' lang='lat' dir='ltr'><strong>geniculutionibus</strong></span> <span class='ocrx_word' id='word_1_836' title='bbox 2837 5501 2885 5545; x_wconf 88' lang='lat' dir='ltr'><strong>et</strong></span> <span class='ocrx_word' id='word_1_837' title='bbox 2916 5493 3191 5562; x_wconf 78' lang='lat' dir='ltr'><strong>pervigiliis</strong></span> <span class='ocrx_word' id='word_1_838' title='bbox 3235 5511 3384 5548; x_wconf 89' lang='lat' dir='ltr'><strong>orare</strong></span> <span class='ocrx_word' id='word_1_839' title='bbox 3427 5503 3626 5565; x_wconf 82' lang='lat' dir='ltr'><strong>Oportet</strong></span> 
     </span>
    </p>
   </div>
   <div class='ocr_carea' id='block_1_113' title="bbox 2005 5577 3627 5660">
    <p class='ocr_par' dir='ltr' id='par_1_113' title="bbox 2005 5577 3627 5660">
     <span class='ocr_line' id='line_1_113' title="bbox 2005 5577 3627 5660; baseline 0 -17"><span class='ocrx_word' id='word_1_840' title='bbox 2005 5584 2010 5591; x_wconf 85' lang='grc'><em>’</em></span> <span class='ocrx_word' id='word_1_841' title='bbox 2040 5587 2177 5660; x_wconf 83' lang='lat' dir='ltr'><strong>(Lib.</strong></span> <span class='ocrx_word' id='word_1_842' title='bbox 2205 5588 2267 5640; x_wconf 84' lang='lat' dir='ltr'><strong>de</strong></span> <span class='ocrx_word' id='word_1_843' title='bbox 2285 5585 2485 5656; x_wconf 80' lang='lat' dir='ltr'><strong>Baptis.</strong></span> <span class='ocrx_word' id='word_1_844' title='bbox 2505 5601 2550 5638; x_wconf 87' lang='lat' dir='ltr'><strong>c.</strong></span> <span class='ocrx_word' id='word_1_845' title='bbox 2571 5577 2689 5654; x_wconf 51' lang='lat'><strong>20),</strong></span> <span class='ocrx_word' id='word_1_846' title='bbox 2718 5593 2809 5636; x_wconf 89' lang='lat' dir='ltr'><strong>aut</strong></span> <span class='ocrx_word' id='word_1_847' title='bbox 2835 5584 3064 5653; x_wconf 87' lang='lat' dir='ltr'><strong>denique</strong></span> <span class='ocrx_word' id='word_1_848' title='bbox 3088 5585 3152 5638; x_wconf 82' lang='lat' dir='ltr'><strong>ad</strong></span> <span class='ocrx_word' id='word_1_849' title='bbox 3175 5585 3375 5654; x_wconf 87' lang='lat' dir='ltr'><strong>jejunia</strong></span> <span class='ocrx_word' id='word_1_850' title='bbox 3404 5588 3460 5641; x_wconf 92' lang='lat' dir='ltr'><strong>in</strong></span> <span class='ocrx_word' id='word_1_851' title='bbox 3485 5587 3627 5660; x_wconf 81' lang='lat' dir='ltr'><strong>Vigi-</strong></span> 
     </span>
    </p>
   </div>
   <div class='ocr_carea' id='block_1_114' title="bbox 2029 5676 3624 5752">
    <p class='ocr_par' dir='ltr' id='par_1_114' title="bbox 2029 5676 3624 5752">
     <span class='ocr_line' id='line_1_114' title="bbox 2029 5676 3624 5752; baseline 0.001 -16"><span class='ocrx_word' id='word_1_852' title='bbox 2029 5682 2112 5736; x_wconf 92' lang='lat' dir='ltr'><strong>liis</strong></span> <span class='ocrx_word' id='word_1_853' title='bbox 2136 5679 2500 5734; x_wconf 84' lang='lat' dir='ltr'><strong>Festivitatutn</strong></span> <span class='ocrx_word' id='word_1_854' title='bbox 2531 5676 3050 5733; x_wconf 85' lang='lat' dir='ltr'><strong>Ecclesiasticarum.</strong></span> <span class='ocrx_word' id='word_1_855' title='bbox 3090 5678 3264 5749; x_wconf 84' lang='lat' dir='ltr'><strong>Atque</strong></span> <span class='ocrx_word' id='word_1_856' title='bbox 3292 5678 3426 5735; x_wconf 89' lang='lat' dir='ltr'><strong>adeo</strong></span> <span class='ocrx_word' id='word_1_857' title='bbox 3449 5681 3624 5752; x_wconf 88' lang='lat' dir='ltr'><strong>placet</strong></span> 
     </span>
    </p>
   </div>
   <div class='ocr_carea' id='block_1_115' title="bbox 2027 5770 3623 5848">
    <p class='ocr_par' dir='ltr' id='par_1_115' title="bbox 2027 5770 3623 5848">
     <span class='ocr_line' id='line_1_115' title="bbox 2027 5770 3623 5848; baseline -0.003 -16"><span class='ocrx_word' id='word_1_858' title='bbox 2027 5776 2086 5832; x_wconf 87' lang='grc' dir='ltr'><strong>Β.</strong></span> <span class='ocrx_word' id='word_1_859' title='bbox 2111 5772 2730 5846; x_wconf 60' lang='grc' dir='ltr'><strong>Ιίἱρτοηγηιὶβοιυὴιοηὶἰ</strong></span> <span class='ocrx_word' id='word_1_860' title='bbox 2754 5779 2808 5826; x_wconf 90' lang='lat' dir='ltr'><strong>ct</strong></span> <span class='ocrx_word' id='word_1_861' title='bbox 2826 5770 3104 5843; x_wconf 73' lang='lat' dir='ltr'><strong>Nicepltori</strong></span> <span class='ocrx_word' id='word_1_862' title='bbox 3123 5773 3385 5834; x_wconf 84' lang='lat' dir='ltr'><strong>sententia</strong></span> <span class='ocrx_word' id='word_1_863' title='bbox 3408 5777 3498 5848; x_wconf 85' lang='lat' dir='ltr'><strong>qui</strong></span> <span class='ocrx_word' id='word_1_864' title='bbox 3516 5793 3623 5834; x_wconf 84' lang='lat' dir='ltr'><strong>non</strong></span> 
     </span>
    </p>
   </div>
   <div class='ocr_carea' id='block_1_116' title="bbox 2025 5862 3622 5943">
    <p class='ocr_par' dir='ltr' id='par_1_116' title="bbox 2025 5862 3622 5943">
     <span class='ocr_line' id='line_1_116' title="bbox 2025 5862 3622 5943; baseline -0.002 -18"><span class='ocrx_word' id='word_1_865' title='bbox 2025 5868 2124 5925; x_wconf 87' lang='lat' dir='ltr'><strong>sub</strong></span> <span class='ocrx_word' id='word_1_866' title='bbox 2149 5866 2384 5923; x_wconf 85' lang='lat' dir='ltr'><strong>Macrino</strong></span> <span class='ocrx_word' id='word_1_867' title='bbox 2410 5875 2496 5920; x_wconf 90' lang='lat' dir='ltr'><strong>aut</strong></span> <span class='ocrx_word' id='word_1_868' title='bbox 2529 5862 2894 5938; x_wconf 67' lang='lat' dir='ltr'><strong>Heliogabalo,</strong></span> <span class='ocrx_word' id='word_1_869' title='bbox 2919 5862 3010 5920; x_wconf 87' lang='lat' dir='ltr'><strong>sed</strong></span> <span class='ocrx_word' id='word_1_870' title='bbox 3035 5863 3135 5922; x_wconf 87' lang='lat' dir='ltr'><strong>sub</strong></span> <span class='ocrx_word' id='word_1_871' title='bbox 3160 5865 3361 5927; x_wconf 74' lang='lat' dir='ltr'><strong>Severo</strong></span> <span class='ocrx_word' id='word_1_872' title='bbox 3383 5868 3622 5943; x_wconf 69' lang='lat' dir='ltr'><strong>principe</strong></span> 
     </span>
    </p>
   </div>
  </div>
