4242 6266
575 376 647 440 83
1884 364 2343 428 TERTULLIANI
2381 360 2539 425 VITA
2551 407 2565 423 .

3748 338 3884 427 ‘st

577 505 633 552 et
657 492 930 551 Antenino
956 489 1225 550 Caraeaila
1250 488 1495 548 ﬂoruisse
1523 495 1579 546 et
1602 487 1883 560 scripsisse
1908 492 2173 543 testantur
2200 484 2253 546 Λ
2278 498 2435 555 quatn
2468 491 2587 555 post
2607 481 2876 550 haeresim,
2896 481 2990 541 sed
3007 496 3164 555 quam
3192 490 3349 540 antea
3367 479 3543 538 adhuc
3566 476 3881 538 Catholicus

582 585 727 643 hunc
762 592 1042 641 auctorem
1066 590 1343 649 nostrum;
1393 580 1627 636 maxime
1654 582 1820 651 quum
1849 577 1950 633 sub
1987 574 2045 633 S.
2075 575 2176 633 Ze-

2278 576 2540 643 ediderat,
2568 590 2761 648 nempe
2781 572 2874 633 lib.
2898 574 2966 632 de
2998 575 3337 640 Ptenitentia,
3365 590 3430 632 ex
3470 587 3577 646 quo
3608 573 3775 628 multa
3801 572 3885 646 ξος

583 677 813 748 puniat)
837 672 1097 731 Pontiﬂee
1122 680 1311 730 omnes
1335 664 1483 728 illum
1507 668 1766 728 claruisse
1785 668 2043 738 scribant,
2068 682 2174 725 non
2279 682 2397 725 sum
2426 668 2778 739 descripsisse
2804 666 2928 726 alibi
2968 669 3364 725 annotavimus.
3393 666 3554 725 Certe
3581 667 3625 722 si
3658 667 3727 721 ita
3750 680 3879 756 eie:

582 767 686 826 sub
710 756 957 833 Calixto;
990 769 1188 838 praeter
1212 780 1378 822 unum
1417 764 1650 836 aliquem
1680 763 2016 820 neotericum
2038 804 2053 828 ,
2087 763 2179 833 qui
2279 761 2682 829 (iitum-luisset,
2714 774 2820 820 non
2845 770 3123 833 tantopere
3153 760 3403 818 hteresim
3430 756 3590 831 hujus
3620 758 3748 815 boni
3777 757 3880 815 viri

585 864 765 915 tamen
788 864 910 915 eum
938 858 1049 930 iam
1076 866 1229 914 autea
1258 857 1360 914 sub
1401 856 1637 912 Adriano
1661 855 1875 913 Caesare
1926 852 2178 911 eumdem
2282 856 2615 928 deplorasset
2649 852 2707 913 S.
2754 851 3066 912 Vincentius
3095 851 3417 917 Lirinensis,
3453 854 3615 923 cujus
3665 850 3882 907 interim

583 951 788 1007 fecerat
804 952 928 1006 eum
980 948 1292 1022 Tertyiiano
1339 946 1433 1005 lC.
1465 949 1633 1004 Porro
1662 952 1993 1019 postremum
2017 944 2183 1004 fuisse

2288 944 2449 1005 verba
2466 946 2704 1005 Antideti
2730 942 2871 1015 loco,
2901 947 3113 1018 nequis
3134 944 3273 1002 forte
3297 960 3365 1003 ex
3386 960 3452 1001 eo
3473 940 3883 1008 seandalizetnr,

588 1044 735 1099 hunc
760 1048 957 1097 annum
989 1040 1240 1096 Antonini
1257 1040 1545 1096 Caraeaila:
1568 1039 1703 1109 imp.
1738 1054 1843 1094 non
1871 1042 2182 1109 sequentem
2287 1040 2531 1099 addenda
2571 1040 2905 1113 putavimus:
2942 1038 3102 1096 «Fuit
3132 1039 3233 1096 iste
3258 1053 3471 1111 quoque
3498 1039 3517 1103 ‹
3543 1035 3787 1093 alludens
3817 1035 3885 1093 ad

590 1134 693 1208 (uti
722 1133 1073 1190 Cassiodorus
1090 1131 1297 1206 habet),
1330 1141 1478 1205 patet
1515 1148 1579 1187 es
1600 1131 1782 1187 Fastis
1798 1131 2185 1188 Consularibus
2287 1130 2596 1204 Origeuem,
2628 1132 2696 1188 de
2720 1128 2827 1204 quo
2859 1130 3054 1192 Similia
3077 1133 3382 1203 scripserat,
3404 1131 3493 1203 qui
3519 1145 3549 1185 a
3578 1130 3684 1185 line
3713 1129 3884 1199 impe-

527 1292 531 1296 ,
592 1224 1068 1293 etneuuatioribus,
1089 1226 1141 1280 iu
1158 1226 1353 1298 quibus
1370 1225 1448 1280 sic
1459 1208 1742 1280 scribitur:
1769 1241 1791 1276 ι
1814 1222 1930 1280 Hoc
1957 1238 2099 1279 anno
2119 1214 2187 1279 ad

590 1332 666 1375 vr.
688 1319 811 1375 ldus
828 1318 997 1389 April.
1022 1310 1683 1399 1MP.C1ES‘.M.Aurelius
1702 1315 1815 1371 Diiri
1838 1316 2023 1372 Severi
2046 1314 2186 1371 illius

591 1412 895 1467 Antoninus
934 1408 1204 1482 Augustus
1230 1409 1571 1465 Britannicus
1602 1408 1954 1464 Germanicus
1980 1409 2189 1464 occisus

590 1508 677 1559 est
694 1502 936 1574 (Apolag.
959 1514 1079 1571 cap.
1106 1500 1243 1572 15.).
1268 1500 1441 1567 Quum
1460 1499 1602 1554 enim
1626 1498 1821 1571 (inquit
1846 1496 2190 1569 Spartianus)

594 1596 759 1653 vellet
781 1597 973 1651 iterum
996 1593 1208 1649 Parthis
1233 1588 1428 1649 bellum
1474 1592 1674 1649 inferre
1701 1594 1859 1663 atque
1888 1590 2192 1664 hybernare

598 1685 840 1754 Edesste,
869 1692 1029 1756 atque
1057 1684 1182 1741 inde
1212 1685 1403 1741 Carras
1440 1682 1573 1740 Luni
1608 1681 1703 1740 Dei
1731 1684 1900 1755 gratia
1932 1683 2024 1754 (de
2062 1694 2188 1755 quo,

2290 1227 2358 1284 rii
2395 1225 2582 1284 Severi
2622 1218 2688 1281 ad
2716 1226 2935 1282 Decium
2963 1240 3134 1298 usque
3176 1222 3511 1297 supervixit)
3552 1224 3604 1278 in
3649 1218 3889 1280 Ecclesia

2291 1330 2480 1390 magna
2513 1318 2754 1377 tentatio.
2782 1316 2887 1375 Sed
2913 1317 2981 1374 de
3012 1319 3114 1373 hoc
3160 1318 3285 1372 nolo
3313 1314 3463 1387 plura
3508 1313 3689 1373 dicere
3714 1322 3739 1371 ‘:
3783 1313 3889 1371 hoc

2292 1418 2497 1467 tantum
2519 1410 2975 1475 commemorabo,
3000 1404 3142 1481 quod
3161 1418 3344 1466 contra
3367 1408 3528 1465 Musis
3544 1417 3889 1481 praeceptum,

2292 1510 2612 1575 exurgentes
2639 1498 2694 1557 in
2740 1499 2979 1557 Ecclesia
3006 1496 3247 1557 novellas
3277 1496 3512 1556 Montani
3549 1499 3713 1555 fut-ias
3733 1509 3787 1556 et
3813 1500 3894 1555 in.

2296 1606 2425 1654 sana
2455 1595 2546 1650 illa
2587 1595 2895 1651 insanorum
2922 1595 3207 1650 mulierum
3240 1593 3427 1650 novitii
3456 1593 3722 1665 dogmatis
3746 1608 3895 1649 sont-

2298 1690 2382 1745 nia
2428 1704 2582 1744 veras
2624 1688 2934 1759 pr0phetias
2963 1686 3344 1753 asseverando,
3384 1688 3580 1743 meruit
3631 1697 3689 1742 ut
3716 1682 3785 1741 de
3830 1700 3892 1742 se

598 1778 740 1849 quod
764 1778 987 1849 insuper
1018 1775 1185 1845 addit,
1216 1774 1280 1833 ad
1300 1778 1628 1834 intellectum
1663 1774 1785 1831 facit
1814 1774 2081 1841 Auctoris,
2101 1774 2189 1847 qui
2221 1800 2269 1862 Β
2296 1797 2510 1853 quoque
2537 1790 2589 1835 et
2632 1780 2911 1852 scripturis
2951 1779 3062 1835 suis
3103 1776 3404 1835 diceretur:
3439 1780 3501 1835 Si
3535 1779 3811 1834 surrexerit
3838 1780 3894 1832 in

600 1871 794 1929 alicubi
824 1872 1117 1928 masculum
1144 1873 1352 1929 Lunam
1379 1870 1538 1942 ridet)
1570 1871 1825 1936 veniSsct,
1873 1868 1961 1925 die
1985 1866 2194 1926 Natalis

596 1963 679 2019 sui
697 1964 827 2035 ipsis
855 1963 1265 2036 Megalensibus,
1298 1952 1506 2019 insidiis
1529 1976 1561 2018 a
1592 1956 1825 2019 Macrino
1847 1958 2009 2018 Puri.
2033 1956 2193 2018 l‘t‘att.

596 2057 806 2126 pesitis,
818 2058 908 2127 qui
935 2062 1181 2125 [testeum
1194 2057 1388 2111 iut'asit
1405 2054 2077 2126 Itnperiumduteremptus
2090 2062 2195 2121 est,

597 2146 668 2201 ab
704 2146 898 2203 eodem
928 2148 1188 2203 tamenin
1217 2146 1358 2203 Deos
1388 2145 1608 2213 relatus,
1637 2144 1691 2202 et
1721 2140 1926 2217 templo
1948 2146 2000 2202 et
2026 2143 2197 2202 autn-

597 2240 738 2304 cato,
762 2244 818 2293 et
830 2237 989 2295 Saliis
1008 2230 1221 2295 additis.
1238 2259 1256 2291 ι
1268 2238 1627 2296 Cottiit'tttatm‘
1643 2239 1758 2293 haec
1770 2242 1889 2293 meti
1910 2237 2199 2305 sententia,

601 2331 743 2401 quod
770 2331 927 2386 euitat
943 2334 1127 2387 exteirt
1148 2333 1291 2404 teges
1309 2331 1581 2388 Antonino
1592 2334 1644 2388 e't
1662 2326 1905 2387 Autumo
1922 2324 2080 2389 Cass.
2102 2330 2199 2390 sed

603 2414 860 2479 Antonini
885 2427 1019 2495 Aug.
1045 2424 1200 2480 titulo
1223 2422 1343 2480 duae
1367 2422 1639 2481 Prol-sonte
1666 2436 1719 2480 et
1746 2420 2022 2481 Esti‘icato
2040 2416 2196 2481 Cass.

621 2515 783 2571 altera
806 2515 898 2571 lib.
926 2531 1001 2572 ix.
1030 2514 1164 2572 Cod.
1188 2515 1309 2572 data
1335 2532 1448 2573 vin.
1467 2514 1586 2572 Kal.
1610 2515 1761 2573 Mart.
1784 2512 1949 2572 altera
1966 2514 2057 2572 lib.
2082 2524 2195 2572 τιτι.

620 2607 970 2666 l‘it.38.lib.5.
990 2618 1058 2666 ex
1073 2604 1191 2667 Kal.
1220 2604 1422 2666 Martiis
1444 2611 1600 2682 paulo
1624 2623 1749 2667 ante
1772 2610 1998 2668 unitum.
2022 2611 2199 2681 Impe-

603 2701 741 2756 ravit
768 2696 995 2772 proinde
1023 2714 1051 2756 a
1083 2702 1252 2772 pridie
1271 2702 1453 2760 Nonas
1470 2702 1635 2760 Febr:
1657 2704 1782 2759 anui
1806 2698 2015 2760 Domini
2037 2712 2196 2760 ccx'u.

605 2800 777 2863 usque
808 2792 875 2848 ad
914 2793 1114 2849 dictum
1136 2792 1302 2866 diem,
1325 2806 1498 2851 annos
1526 2804 1620 2853 ru.
1644 2802 1859 2853 menses
1899 2799 1957 2851 it.
1990 2795 2198 2852 (ῆι-ειν.

2299 1874 2464 1929 medio
2496 1875 2571 1929 tui
2622 1874 2891 1946 prapheta,
2933 1883 3039 1931 etc.
3087 1886 3187 1928 non
3241 1873 3419 1927 audies
3456 1872 3607 1928 verba
3637 1872 3898 1943 propheta:

2297 1968 2454 2024 illius.
2497 1960 2714 2034 Quare?
2744 1966 2895 2035 Quin,
2926 1967 3118 2039 inquit,
3158 1976 3311 2022 tenta!
3343 1983 3428 2022 vos
3472 1964 3723 2021 Dominus
3766 1963 3903 2020 Deus

2298 2070 2480 2129 Vester,
2506 2066 2678 2115 utrum
2703 2056 2929 2132 diligatis
2956 2075 3094 2127 eum,
3122 2072 3190 2114 an
3217 2074 3337 2115 non.
3394 2054 3488 2114 His
3516 2058 3678 2130 igitur
3721 2067 3801 2113 tot
3841 2070 3905 2113 ae

2300 2153 2463 2209 tantis
2491 2153 2807 2223 exterisque
2829 2149 3096 2223 ejusmodi
3121 2150 3606 2207 ecclesiastieorum
3628 2148 3904 2220 exempli»

2302 2250 2421 2300 rum
2448 2242 2703 2310 molibus,
2729 2245 3005 2300 evidenter
3026 2242 3328 2311 advertere,
3360 2258 3421 2300 ac
3441 2242 3739 2300 secundum
3773 2242 3903 2299 Dcite

2298 2336 2585 2391 tet-unomii
2610 2335 2756 2407 leges
2775 2335 2895 2391 iuce
2915 2333 3112 2391 clarius
3130 2335 3427 2407 intelligere
3444 2334 3703 2391 debemus
3716 2377 3731 2401 ,
3759 2333 3904 2405 quod

2304 2427 2349 2483 si
2384 2426 2598 2498 quando
2627 2426 2820 2498 aliquis
2844 2427 3241 2483 ecclesiasticus
3266 2428 3523 2499 magister
3542 2427 3869 2483 aberraverit
3886 2465 3902 2491 ,

2300 2520 2368 2576 ad
2398 2522 2747 2578 tentationem
2788 2530 3026 2575 nostram
3057 2516 3110 2576 id
3167 2518 3279 2576 lit-ri
3332 2519 3667 2593 providentia
3713 2519 3894 2575 divina

2300 2615 2552 2685 patiatur,
2580 2624 2758 2670 utrum
2770 2612 3063 2686 diligamus
3082 2614 3271 2680 Deum,
3290 2629 3358 2670 an
3377 2629 3505 2682 non,
3532 2614 3591 2669 iu‘
3606 2621 3719 2670 toto
3735 2613 3901 2670 corde

2300 2708 2359 2764 et
2384 2708 2436 2762 in
2468 2714 2576 2761 tcta
2602 2707 2777 2762 anima
2809 2714 3012 2762 nostra.
3053 2727 3072 2760 ι

2381 2796 2409 2870 ς
2439 2790 2624 2855 XVIII.
2656 2798 2733 2855 De
2751 2794 3239 2854 Tertullianistis.——
3265 2796 3353 2856 39.
3380 2798 3620 2871 Denique
3640 2797 3911 2855 coronidis

606 2885 771 2955 Atqui
794 2884 850 2941 S.
903 2885 1209 2960 Zephyrino
1262 2888 1439 2960 Paprn,
1484 2902 1641 2961 quem
1670 2890 1724 2945 et
1769 2884 1825 2946 3.
1852 2884 2113 2947 Damasus
2150 2899 2206 2947 et
2304 2891 2442 2958 vice,
2476 2897 2580 2946 non
2623 2886 3075 2963 prsetereundum,
3100 2891 3243 2963 quod
3270 2905 3338 2973 ex
3364 2891 3423 2946 Β.
3456 2892 3676 2962 August.
3718 2890 3912 2946 didici-

608 2976 699 3031 alil
722 2989 911 3034 omnes
937 2977 1022 3034 his
1047 2978 1361 3036 consulibus
1387 2982 1549 3035 vitam
1572 2980 1774 3037 tiniiSSe
1800 2979 2060 3048 scribunt,
2095 2992 2202 3038 non
2304 2990 2447 3051 mus,
2477 2982 2697 3039 durasse
2725 2982 2996 3052 adhucﬁad
3032 2998 3128 3039 sua
3151 2993 3575 3056 usquetempora
3600 2978 3909 3039 TERTUL-

609 3078 837 3138 possunt
866 3072 1047 3142 plures
1072 3071 1198 3128 anui
1218 3072 1378 3129 tribui
1398 3086 1553 3145 quam
1578 3080 1753 3131 χυμοὶ
1780 3072 1895 3132 dies
1920 3082 2027 3131 xvi.
2062 3075 2205 3148 quod
2303 3070 2660 3134 LlANlSTAS
2687 3074 3000 3145 licereticos,
3030 3085 3085 3133 et
3110 3084 3221 3132 tum
3246 3076 3475 3149 primum
3498 3077 3550 3131 in
3577 3072 3909 3131 Catholicam

605 3176 635 3216 η
662 3177 735 3218 tv.
762 3161 884 3219 hius
912 3164 1135 3237 Augusti
1176 3166 1302 3222 anni
1328 3166 1533 3223 Domitii
1556 3174 1806 3224 ctxxxix.
1828 3180 2000 3239 usque
2016 3168 2081 3224 ad
2105 3182 2200 3225 vn.

611 3256 734 3313 Kal.
772 3257 1080 3329 Septemb,
1129 3277 1235 3331 quo
1281 3260 1564 3317 defunctus
1625 3271 1729 3331 est,
1780 3261 2005 3319 totidem
2051 3272 2203 3318 cum-

608 3351 1058 3420 putentur.Quem
1074 3358 1232 3424 quum
1251 3351 1492 3409 Ecclesia
1511 3354 1648 3409 inter
1666 3348 1926 3425 Martyres
1945 3354 2202 3420 celebret,

613 3450 846 3508 oportet,
878 3453 937 3497 ut
958 3443 1179 3502 absente
1201 3446 1312 3517 jam
1341 3446 1634 3515 Antonino,
1661 3448 1856 3504 iterum
1897 3460 1993 3521 per
2019 3448 2202 3504 Ponti-

614 3532 1032 3591 ficesldoiomm
1064 3541 1298 3594 excitata
1353 3537 1514 3594 fuerit
1560 3536 1768 3606 Romae,
1809 3542 1865 3596 et
1906 3540 2148 3596 fortaSsis
2172 3554 2203 3596 a

614 3622 851 3682 Macrino
878 3629 1185 3684 continuata
1231 3628 1342 3703 (qui
1374 3630 1596 3701 proinde
1622 3632 1783 3687 etiam
1816 3638 1936 3703 past
1964 3644 2201 3702 annum,

527 3749 535 3761 ι
616 3728 856 3773 mensem
884 3733 922 3774 ι.
973 3719 1091 3776 dies
1128 3718 1350 3792 aliquot,
1400 3713 1430 3777 a
1478 3722 1587 3778 Deo
1632 3720 1779 3779 cattle
1818 3723 2035 3793 punitus
2080 3723 2210 3798 est)

615 3808 1043 3868 Christianorum
1088 3814 1411 3884 persecutio,
1455 3812 1549 3870 sed
1571 3815 1694 3886 quia
1718 3813 1904 3871 locatis
1926 3812 2204 3885 duntaxat,

616 3917 724 3959 non
748 3911 1053 3973 computata
1079 3902 1147 3958 ab
1171 3903 1459 3961 historicis.

690 3993 764 4048 Ac
811 3995 1017 4064 ﬁnierit.
1049 4025 1121 4036 —-
1158 3996 1248 4054 58.
1295 3994 1565 4053 Caeterum
1603 3990 1909 4055 etiam'hie
1958 3998 2211 4071 adjiCien-

618 4083 744 4140 dum
794 4098 893 4157 pro
946 4082 1187 4143 historiae
1232 4091 1485 4158 veritate,
1537 4084 1733 4147 frustra
1777 4092 2036 4163 quosdam
2060 4087 2209 4152 illum

617 4176 795 4233 denuo
810 4178 878 4234 ad
902 4177 1231 4237 Catholicam
1260 4180 1419 4239 iidem
1448 4183 1674 4240 rediisse
1699 4185 1927 4256 epinari.
1952 4180 2082 4243 Nam
2110 4188 2209 4242 im-

616 4268 804 4339 primis
830 4269 883 4325 id
913 4282 984 4327 ex
1015 4272 1074 4329 S.
1115 4274 1413 4345 Augustino
1432 4274 1605 4346 colligi
1624 4282 1732 4331 non
1755 4276 1991 4347 possead
2009 4286 2209 4335 annum

616 4363 812 4421 abhinc
839 4365 1131 4422 secundum
1163 4367 1516 4426 ostendimus.
1546 4368 1749 4427 Deinde
1778 4369 1917 4427 inter
1940 4366 2205 4444 Martyres

612 4456 835 4514 minime
860 4459 1275 4530 computandum
1296 4450 1854 4530 TERTULLIANUM,
1878 4460 1973 4520 sed
1997 4454 2207 4521 Tertul-

613 4553 806 4621 linum,
838 4566 1001 4625 supra
1029 4554 1083 4607 in
1129 4552 1260 4623 ipsis
1288 4553 1539 4623 auspiciis
1568 4557 1941 4611 annotavimus
1967 4546 2105 4627 (Lib.
2147 4554 2210 4612 de

2308 3168 2600 3229 Ecclesium
2631 3172 2925 3229 transiissc.
2948 3172 3155 3242 Quibus
3199 3172 3360 3229 etiam
3385 3175 3575 3244 magis,
3606 3180 3766 3243 quam
3805 3171 3908 3241 ipsi

2304 3262 2660 3329 Tertulliano,
2716 3270 2998 3337 censentes
3045 3264 3414 3336 imputandum
3458 3260 3901 3337 absurdissimam

2305 3354 2455 3412 illam
2476 3355 2722 3412 haeresim
2745 3360 2846 3426 qua
2869 3352 3115 3411 dicebant
3133 3356 3337 3411 animas
3359 3355 3633 3411 hominum
3650 3356 3915 3426 pessimus

2304 3454 2429 3519 post
2471 3456 2696 3503 mortem
2753 3446 2809 3503 in
2839 3444 3110 3503 daemonas
3148 3447 3412 3511 converti,
3462 3446 3697 3503 maxime
3745 3460 3910 3517 quum

2302 3548 2465 3597 mtate
2479 3541 2705 3610 primum
2725 3536 3001 3610 Augustini
3020 3548 3139 3610 pust
3153 3534 3912 3611 DonatistasjetJorinianistas

2306 3631 2637 3689 collocentur
2661 3629 3113 3703 I’l‘ertullianistze,
3163 3632 3251 3702 qui
3284 3628 3335 3686 id
3385 3632 3673 3697 senserint,
3704 3640 3814 3686 tum
3844 3630 3913 3684 ab

2306 3726 2449 3797 ipso,
2480 3735 2593 3781 tum
2610 3724 2717 3781 aS.
2737 3722 2962 3788 lsiduro.
2995 3723 3233 3780 Honorio
3261 3723 3752 3795 Augustoduneusi,
3776 3720 3915 3778 Rha-

2306 3816 2449 3877 bano
2474 3826 2530 3874 et
2557 3816 2813 3877 Gratiano
2839 3817 2891 3873 in
2912 3817 3178 3890 Cataiogis
3197 3817 3607 3875 lneretieorum:
3646 3837 3663 3871 α
3694 3812 3911 3874 Tertul-

2310 3908 2536 3969 lianistaa
2562 3912 2767 3983 (inquit
2798 3910 2885 3967 ille
2906 3908 2973 3965 ad
2990 3910 3438 3979 Quodvultdcum,
3464 3912 3557 3968 lih.
3581 3908 3650 3968 de
3674 3911 3902 3982 Haeres.)

2309 4017 2340 4059 a
2373 3998 2706 4071 Tcrtulliano,
2730 4002 2881 4071 cujus
2900 4001 3146 4073 leguntur
3169 4003 3422 4074 opuscula
3447 4002 3611 4059 multa
3640 4002 3896 4073 eloquen-

2308 4095 2519 4152 tissime
2546 4096 2766 4166 scripta,
2793 4104 2963 4166 usque
3004 4094 3070 4150 ad
3122 4103 3365 4150 nostrum
3397 4105 3609 4167 tempus
3650 4093 3905 4166 paulatim

2310 4184 2644 4253 deficientes,
2671 4186 2727 4241 in
2760 4185 3019 4241 extremis
3047 4185 3288 4256 reliquiis
3315 4184 3511 4241 durare
3551 4198 3655 4241 non
3714 4195 3909 4255 potue-

2312 4288 2439 4336 runt
2467 4278 2567 4352 (sic
2590 4279 2731 4335 enim
2752 4278 3098 4350 castigamus)
3129 4276 3182 4333 in
3206 4277 3337 4334 urbe
3357 4276 3804 4348 Carthaginiensi.
3828 4275 3914 4333 Me

2311 4371 2456 4429 enim
2486 4370 2557 4426 ibi
2587 4370 2763 4442 posito
2791 4379 2915 4426 ante
2935 4370 3137 4440 aliquot
3164 4384 3354 4434 annos,
3377 4366 3519 4437 quod
3541 4367 3700 4422 etiam
3725 4374 3777 4421 te
3800 4381 3914 4423 mc-

2310 4465 2534 4523 ‘minisse
2558 4465 2806 4530 arbitror,
2829 4463 2974 4519 omni
2999 4476 3064 4519 ex
3089 4473 3236 4533 parte
3263 4460 3567 4531 consumpti
3594 4466 3742 4516 sunt.
3774 4460 3916 4515 Pau-

2312 4559 2511 4615 ci'ssimi
2542 4558 2701 4614 etiam
2720 4558 2808 4627 qui
2834 4556 3225 4621 remanserunt,
3254 4554 3305 4610 iu
3322 4553 3653 4611 Catholicam
3678 4553 3909 4609 transiee

618 4647 811 4704 Paruit.
833 4649 885 4703 in
914 4647 1053 4703 calce
1071 4647 1367 4719 Argu‘menti
1391 4657 1437 4702 et
1465 4649 1570 4704 suis
1593 4650 1870 4723 quibusque
1898 4649 2066 4725 locis).
2099 4652 2205 4709 De-
2232 4666 2287 4728 Ῑ)
2313 4661 2468 4716 rttnt;
2496 4662 2755 4720 suamque
2786 4647 3091 4715 Basilicam,
3121 4660 3242 4720 qua:
3265 4661 3410 4703 nunc
3439 4647 3600 4704 etiam
3627 4645 3910 4702 notissima

612 4745 775 4813 nique
789 4744 847 4800 S.
860 4740 1122 4800 Pacianus
1137 4742 1203 4798 ad
1218 4742 1667 4814 Symprouianum
1684 4750 1869 4799 contra
1880 4742 2209 4800 Novatiauos

612 4830 747 4888 nihil
766 4846 863 4903 pro
879 4834 958 4889 eis
979 4833 1103 4889 facit
1134 4853 1147 4889 :
1176 4854 1195 4888 ι
1225 4830 1605 4904 Tertulliauus,
1628 4835 1816 4907 inquit,
1837 4843 1957 4907 post
1980 4834 2209 4892 interesin

612 4935 796 5008 (etiam
823 4932 1123 4989 addendum
1152 4927 1481 5003 censuimus)
1509 4940 1688 4986 vester
1715 4939 1799 4985 est
1837 4948 1848 4983 :
1880 4945 2001 4985 nam
2041 4929 2206 4984 multa

614 5027 741 5084 inde
766 5024 1088 5096 sumpsistis.
1121 5022 1299 5095 ipsqu
1328 5023 1564 5094 Epistula
1586 5036 1704 5087 sua,
1735 5030 1789 5079 et
1813 5036 1875 5079 ea
1903 5021 2016 5093 ipsa
2046 5030 2205 5093 quam

613 5119 921 5180 Catholicus
937 5117 1121 5185 edidit,
1142 5116 1328 5172 audies
1343 5115 1705 5180 conﬁtentem,
1739 5128 1894 5186 posse
1909 5100 2203 5170 Ecclesiam

612 5226 831 5288 peccata
860 5208 1150 5270 dimittere.
1166 5235 1184 5268 ι
1206 5206 1388 5280 Neque
1414 5214 1557 5265 enim
1588 5209 1823 5281 loquitur
1845 5205 1913 5263 de
1936 5204 2158 5280 epistola
2176 5247 2194 5273 ,

2308 4753 2414 4812 est,
2446 4740 2735 4800 CalholiCa:
2762 4739 3119 4797 tradiderunt.
3167 4759 3185 4794 ι
3219 4739 3373 4808 Quod
3431 4742 3632 4795 utinam
3697 4734 3908 4793 illorum

2311 4838 2579 4909 exemplo,
2605 4834 2713 4907 jam
2743 4846 2955 4906 quoque
2982 4836 3036 4890 in
3064 4844 3249 4890 nostro
3279 4833 3462 4904 Belgio
3491 4833 3571 4900 (li
3605 4831 3912 4888 latisceutes

2311 4942 2513 4989 nostrae
2540 4930 2871 5002 tempestatis
2916 4927 3177 4994 haeretici,
3219 4926 3528 4999 propediem
3558 4926 3768 4989 faciant,
3802 4922 3912 4978 Deo

2314 5026 2623 5095 auxiliante,
2675 5025 2763 5081 cui
2810 5021 3004 5092 honor,
3046 5030 3282 5095 potestas
3320 5029 3376 5079 et
3402 5020 3610 5092 gloria,
3638 5012 3909 5073 inszecula

2309 5120 2650 5178 satcuiorum.
2682 5117 2876 5173 Amen.

2372 5211 2435 5277 (1]
2472 5206 2591 5262 Haec
2604 5208 2668 5261 de
2686 5209 2867 5261 coaevis
2883 5210 2931 5261 et
2954 5207 3235 5260 cencivibus
3260 5207 3367 5269 pius
3390 5200 3583 5268 praesul.

1524 5378 2233 5479 TERTYLIANI
2283 5374 2445 5469 JC.
2506 5372 2976 5464 ROMANI

1210 5523 1227 5539 °
1256 5511 1664 5577 BESPONSA
1706 5506 1893 5587 QUIE
1939 5507 2020 5569 IN
2062 5499 2321 5566 LIBRIS
2361 5491 2884 5561 DIGESTORUM
2926 5480 3287 5554 EXTANT.

1778 5630 1863 5673 ΕΙ
1906 5627 2030 5671 LIB.
2076 5624 2123 5668 1.
2168 5617 2603 5677 ρυεετιοηωί
2643 5612 2831 5661 οοτο.

692 5724 762 5781 D.
793 5725 909 5781 Lib.
934 5740 976 5781 ι.
1009 5721 1110 5778 Tit.
1140 5721 1191 5779 5.
1226 5720 1290 5777 de
1313 5717 1438 5793 Leg.
1473 5717 1789 5788 Senemque
1810 5728 1951 5770 cons.
1979 5712 2018 5767 t.
2044 5708 2136 5765 27.

2307 5723 2562 5781 usitatum
2598 5728 2687 5778 est
2720 5726 2953 5790 seraper,
2978 5716 3135 5788 quasi
3171 5717 3273 5772 hoc
3296 5714 3503 5786 legibus
3532 5714 3710 5772 inesse
3754 5715 3907 5773 credi

2312 5822 2554 5890 oportet,
2582 5824 2641 5871 ut
2678 5813 2744 5869 ad
2785 5827 2879 5871 eas
2917 5825 3134 5883 quoque
3179 5823 3439 5882 personas
3480 5816 3536 5864 et
3576 5808 3644 5865 ad
3683 5822 3907 5904 casuros

609 5927 636 5997 μ
681 5920 809 5981 Ideo
827 5962 842 5992 ,
893 5918 1015 5994 quia
1043 5922 1369 5993 antiquiores
1395 5919 1541 5990 leges
1565 5919 1631 5977 ad
1662 5915 1989 5991 posteriores
2016 5914 2154 5975 trahi
2182 5955 2197 5986 ,
2316 5912 2650 5984 pertineant,
2684 5923 2805 5982 quae
2831 5906 3158 5980 quandoque
3185 5902 3388 5963 similes
3418 5911 3599 5961 erunt.
