4242 6266
403 285 478 353 88
840 294 1286 356 DlSSERTATlO
1326 297 1416 355 DE
1449 294 1707 354 IETATE
1741 293 1834 351 AC
1869 291 2212 352 DOCTRINA
2251 289 2688 355 SCRIPTORUM
2725 295 3208 357 TERTULIJANI.
3637 295 3708 359 86

410 412 479 469 υ.
501 412 612 469 Litt.
641 411 731 470 29.
761 411 865 469 Tit.
895 413 950 470 5.
977 414 1042 469 de
1064 415 1258 483 nequir.
1281 415 1359 470 uel
1385 415 1552 468 amitt.
1577 411 1770 468 hatred.
1794 411 1881 465 tib.
1906 409 1996 467 82.
2033 409 2086 473 Α
2117 412 2272 466 miles
2318 411 2532 468 iecisset
2575 422 2954 470 leuamentum
2976 455 2990 479 ,
3015 413 3210 470 deinde
3241 422 3426 486 postea
3469 417 3593 472 vivo
3616 429 3703 485 eo,

884 507 1040 577 juxta
1070 506 1191 564 MS.
1222 508 1338 563 cod.
1364 505 1519 562 Bald.

479 597 531 654 Si
554 613 741 654 servus
767 598 884 669 ejus
910 599 998 670 qui
1027 615 1218 671 capere
1251 616 1359 656 non
1404 607 1610 671 potest,
1633 598 1810 654 haeres
1848 597 2002 652 insti-

408 695 628 758 tuatur,
666 699 720 745 ct
756 699 1046 761 antequam
1088 691 1244 762 jussu
1276 691 1484 746 Domini
1530 691 1687 746 adeat
1714 687 2002 744 inmedita-

405 792 536 849 tem,
552 782 916 838 manumissus
937 783 1306 854 alienatusque
1329 784 1418 849 sit,
1443 791 1498 840 ct
1517 782 1654 838 nihil
1681 783 1734 837 in
1759 775 2000 836 fraudem

404 875 538 948 legis
567 875 765 930 factum
788 875 889 940 sit,
914 875 1028 946 ipse
1051 875 1348 932 admittitur
1371 877 1435 930 ad
1459 873 1851 930 hereditatem.
1893 873 2001 928 Sed

403 979 456 1025 et
498 969 540 1024 si
586 977 794 1038 partem
846 981 1042 1038 capere
1091 975 1297 1024 tantum
1347 968 1516 1039 possit
1554 965 1812 1022 Dominus
1853 963 1994 1036 eius,

401 1061 588 1118 eadem
629 1059 854 1116 dicenda
893 1069 1020 1116 sunt
1047 1059 1118 1117 de
1160 1069 1316 1131 parte
1354 1071 1510 1131 quam
1537 1059 1627 1114 ille
1653 1069 1848 1129 capere
1888 1073 1995 1112 non

404 1160 598 1224 potest.
631 1151 774 1207 Nihil
817 1153 960 1207 enim
1018 1154 1273 1218 interest,
1311 1152 1380 1207 de
1428 1151 1680 1206 universo
1725 1158 1998 1220 quaeratur

399 1244 541 1317 quod
572 1260 769 1316 capere
799 1260 904 1299 non
935 1245 1140 1314 possit,
1168 1258 1234 1298 an
1261 1245 1333 1298 de
1361 1243 1620 1313 mrtitme.

436 1337 506 1390 Β.
537 1336 651 1391 Lib.
681 1337 772 1391 41.
795 1334 900 1390 Tit.
932 1335 990 1389 2.
1017 1337 1212 1405 nequir.
1261 1335 1339 1388 uel
1364 1335 1509 1387 emit.
1540 1349 1757 1403 possess.
1791 1333 1829 1386 l.
1856 1331 1948 1388 28.

430 1424 433 1426 ’
472 1424 530 1483 Si
559 1428 796 1498 aliquam
823 1442 935 1482 rem
968 1426 1286 1496 possideam,
1321 1435 1373 1480 et
1393 1423 1640 1478 eamdem
1659 1432 1844 1494 mstca
1869 1438 1999 1478 con-

399 1523 632 1586 ducam;
662 1535 730 1576 an
759 1521 998 1576 amittam
1028 1519 1462 1590 possessionem?
1487 1517 1708 1572 Multum
1734 1516 1903 1571 refert
1939 1518 1990 1570 in

401 1606 488 1670 his
532 1613 660 1686 quid
689 1623 896 1684 agatur.
932 1612 1165 1666 Primum
1207 1610 1351 1667 enim
1390 1609 1590 1675 refert,
1615 1618 1791 1664 utrum
1823 1608 1990 1662 sciam

401 1723 489 1762 me
516 1706 810 1776 passidere,
835 1719 900 1758 an
927 1704 1184 1774 ignorem,
1211 1711 1266 1757 et
1293 1709 1473 1756 utrum
1497 1701 1646 1771 quasi
1679 1713 1786 1754 non
1809 1714 1984 1754 meam

395 1813 508 1854 rem
532 1797 848 1862 conducam,
872 1810 936 1850 an
964 1797 1112 1866 quasi
1133 1810 1329 1849 meam.
1358 1795 1422 1847 Et
1438 1793 1614 1848 sciens
1644 1804 1818 1848 meam
1837 1806 1986 1858 cs=e,

395 1901 572 1944 utrum
619 1889 770 1960 quasi
819 1889 1159 1959 proprietatis
1194 1894 1480 1956 respectu,
1529 1899 1594 1938 an
1637 1885 1992 1954 possessionis

397 1992 620 2037 tanttnn.
653 1980 784 2035 Nam
823 1989 877 2035 et
919 1980 965 2034 si
1006 1991 1120 2034 rem
1165 1988 1342 2031 meum
1372 1985 1430 2030 tu
1472 1976 1771 2046 possideas,
1807 1983 1862 2028 et
1893 1988 1992 2044 ego

398 2091 569 2132 emam
595 2088 623 2128 a
654 2083 704 2129 te
737 2073 1134 2142 possessionem
1167 2072 1286 2140 eius
1313 2071 1420 2135 rei,
1458 2071 1542 2124 vel
1573 2069 1815 2140 stipuler,
1847 2069 1992 2124 utilis

396 2169 501 2224 erit
529 2175 581 2223 et
605 2168 811 2238 emptio
853 2175 906 2222 et
943 2167 1238 2236 stipulatio,
1271 2174 1324 2221 et
1353 2165 1597 2235 sequitur
1625 2172 1678 2218 ut
1724 2173 1779 2220 et
1805 2177 1994 2235 preca-

400 2261 538 2315 rium
564 2301 577 2324 ,
609 2267 660 2314 et
701 2256 1025 2325 conductio,
1070 2257 1374 2328 specialiter
1424 2257 1782 2328 possessionis
1825 2255 1992 2312 solius

399 2349 764 2406 conducendte
787 2391 802 2417 ,
828 2350 912 2405 vel
943 2349 1191 2419 precario
1215 2348 1468 2419 rogandte
1497 2349 1710 2403 animus
1753 2347 1989 2404 interve-

395 2441 528 2496 niat.

395 2554 486 2612 ex
517 2553 722 2611 uano
747 2554 1117 2613 SINGULABI
1149 2555 1235 2610 DE
1264 2553 1645 2611 casrueusr
1675 2536 1988 2611 pascuo.

577 2669 648 2724 D.
678 2670 798 2726 Lib.
828 2671 918 2727 29.
953 2669 1051 2725 Tit.
1081 2687 1120 2726 ι.
1151 2667 1230 2726 De
1255 2659 1478 2727 Testem.
1508 2671 1620 2726 mil.
1652 2671 1690 2726 l.
1717 2670 1808 2727 95.

472 2783 616 2839 Idem
691 2785 790 2839 etsi
841 2783 1219 2854 paterfamilias
1287 2783 1442 2840 miles
1483 2783 1550 2839 de
1613 2782 1990 2840 Castrensibus

2022 1656 2070 1716 B

2105 513 2160 560 et
2185 503 2360 560 adhuc
2380 518 2482 560 aro
2503 519 2718 577 quoque
2738 507 3046 577 superstite,
3066 516 3379 563 nasceretur
3402 509 3454 564 ei
3477 508 3702 578 posthu-

2106 610 2246 663 mus,
2267 610 2373 652 non
2392 599 2656 668 rumpitur
2671 597 2786 668 ejus
2805 600 3330 669 testamentum,quia
3349 612 3470 656 cum
3491 600 3541 656 id
3558 602 3700 672 quod

2106 696 2440 756 nasceretur,
2471 689 2524 742 in
2549 696 2814 758 potestate
2845 691 2960 760 ejus
2990 703 3097 744 non
3124 690 3468 760 perveniret;
3495 706 3602 748 non
3627 695 3704 748 vi-

2103 780 2259 835 detur
2301 793 2429 836 suus
2470 781 2643 838 hatres
2677 783 2931 852 agnosci,
2978 797 3042 838 ac
3086 799 3156 840 ne
3205 797 3306 838 avo
3345 783 3562 855 quidem
3605 803 3704 843 suo

2106 872 2249 926 hunc
2269 881 2521 942 nepotem
2545 872 2909 943 posthunmm,
2938 889 3060 931 cum
3092 875 3210 930 vivo
3229 866 3343 931 ilio
3361 888 3701 950 nasceretur,

2104 977 2258 1018 suum
2317 961 2586 1019 hazredem
2621 965 2872 1034 protinus
2915 965 3154 1021 adnasci.
3199 965 3269 1020 Et
3300 964 3422 1021 ideo
3467 982 3566 1024 nec
3619 972 3702 1026 avi

2104 1065 2480 1112 testamentum
2503 1058 2714 1128 rumpi,
2743 1059 2994 1128 quoniam
3027 1059 3152 1115 licet
3201 1057 3256 1113 in
3303 1067 3568 1124 potestate
3615 1063 3702 1118 avi

2101 1150 2346 1219 protinus
2387 1164 2504 1206 esse
2550 1151 2828 1222 inciperet;
2856 1161 3034 1208 tamen
3080 1153 3423 1210 antecederet
3469 1167 3590 1212 cum
3638 1156 3700 1211 li-

2102 1242 2223 1296 lius.
2274 1242 2582 1298 Secundum
2627 1257 2747 1316 qua:
2791 1246 2834 1300 si
2878 1245 3018 1301 illius
3056 1245 3286 1302 familias
3330 1245 3489 1302 miles
3534 1259 3698 1304 testa-

2102 1343 2337 1389 mentum
2383 1336 2598 1403 lecerit,
2630 1347 2684 1392 et
2723 1338 2966 1393 omiserit
3005 1338 3354 1409 posthumum
3414 1355 3514 1410 per
3542 1355 3698 1397 erro-

2102 1441 2238 1490 rem,
2258 1413 2415 1497 quem
2440 1440 2544 1482 non
2573 1428 2786 1485 volebat
2813 1430 3234 1500 adhaeredatum,
3258 1431 3452 1488 deinde
3476 1434 3699 1504 posthu-

2102 1533 2220 1572 mus
2243 1528 2360 1590 post
2384 1530 2611 1576 mortem
2642 1522 2723 1575 avi
2744 1522 2864 1578 viro
2882 1522 3055 1579 adhuc
3077 1523 3206 1588 lilio,
3233 1524 3286 1579 id
3305 1535 3384 1580 est
3402 1535 3554 1595 patre
3574 1542 3694 1594 suo,
3731 1535 3736 1540 '

2100 1619 2256 1664 natus
2293 1610 2480 1675 fuerit;
2513 1613 2823 1668 omnimodo
2863 1623 3078 1684 rumpet
3112 1616 3254 1671 illius
3294 1626 3694 1673 testamentum.

2101 1703 2205 1776 Sed
2229 1705 2270 1759 si
2287 1702 2502 1774 quidem
2525 1717 2734 1777 pagano
2751 1704 2860 1777 jam
2881 1707 2973 1762 illo
2995 1708 3138 1764 l'acto
3155 1720 3310 1764 natus
3332 1711 3421 1775 sit,
3446 1725 3546 1766 nec
3566 1726 3698 1767 con-

2097 1796 2330 1852 valescet
2361 1808 2594 1868 ruptum.
2629 1801 2682 1854 Si
2715 1815 2846 1855 vero
2879 1802 3138 1856 militante
3179 1801 3356 1857 adhuc
3387 1813 3542 1858 natus
3571 1803 3694 1860 fue-

2098 1891 2199 1954 rit,
2246 1900 2544 1959 rumpetur.
2591 1887 2790 1945 Deinde
2831 1892 2876 1944 si
2907 1890 3138 1946 voluerit
3175 1901 3350 1946 ratum
3395 1893 3528 1947 illud
3571 1905 3696 1950 esse

2099 1990 2271 2052 pater,
2299 1981 2639 2036 convalescet
2672 1982 2769 2047 sic,
2799 1983 2948 2053 quasi
2976 1982 3155 2037 denuo
3183 1983 3402 2038 factum.
3435 1981 3540 2038 Sed
3563 1993 3617 2038 et
3640 1984 3684 2039 si

2099 2073 2223 2124 vivo
2255 2087 2354 2124 avo
2401 2083 2652 2127 nascatur
2698 2073 3038 2142 posthumus,
3071 2073 3157 2128 hic
3185 2089 3290 2128 non
3322 2082 3536 2145 rumpet
3562 2088 3697 2130 con-

2096 2165 2242 2219 tinuo
2283 2170 2450 2234 patris
2480 2171 2878 2219 testamentum.
2913 2164 2969 2220 Si
3003 2165 3362 2234 supervixerit
3385 2175 3510 2236 post
3551 2179 3696 2220 mor-

2102 2263 2209 2310 tem
2257 2256 2338 2310 avi
2395 2257 2518 2311 vivo
2557 2256 2734 2312 adimo
2783 2265 2970 2328 patre,
3019 2265 3273 2327 rumpet;
3334 2257 3477 2327 quod
3525 2273 3696 2314 novus

2096 2347 2170 2401 illi
2219 2361 2359 2403 nunc
2399 2348 2629 2417 primum
2673 2347 2852 2404 haeres
2891 2345 3217 2404 adnascitur.
3250 2349 3325 2403 Ita
3367 2358 3585 2417 tamen,
3637 2353 3698 2406 ut

2098 2453 2364 2510 nunquam
2383 2439 2554 2512 possit
2578 2438 2808 2498 duorum
2827 2441 2983 2496 simul
3003 2447 3323 2499 testamenta
3346 2453 3617 2515 rumpere,
3641 2452 3697 2498 et

2095 2532 2206 2597 avi,
2232 2537 2284 2588 et
2309 2531 2496 2603 patris.

2308 2663 2378 2719 D.
2409 2663 2473 2720 L.
2497 2665 2588 2722 49.
2620 2664 2720 2720 Tit.
2756 2665 2840 2721 17.
2875 2663 2953 2720 De
2977 2673 3131 2720 castr.
3163 2665 3327 2736 pecul.
3361 2665 3397 2720 ι.
3422 2665 3474 2724 4.

2166 2805 2315 2861 Miles
2344 2804 2615 2875 pracipes
2656 2802 2857 2858 habere
2882 2798 3047 2857 debet
3087 2815 3208 2873 qua:
3234 2801 3375 2857 'tuiit
3416 2813 3598 2858 secum
3639 2801 3694 2858 in

395 2876 556 2934 rebus
595 2879 856 2933 duntaxat
909 2885 1132 2933 testatus
1172 2878 1528 2948 arrogandum
1571 2893 1630 2933 se
1657 2878 1866 2934 dederit
1903 2879 1990 2934 :si
2015 2923 2060 2985 Ο
2094 2905 2268 2953 castra
2313 2896 2642 2952 concedente
2684 2904 2852 2966 mm,
2883 2895 3198 2962 Λαίοπαη,
3233 2895 3695 2966 persecutionem.

394 2984 524 3027 vero
555 2973 750 3028 missus
777 2971 887 3042 jam
920 2971 1022 3027 hoc
1047 2969 1253 3038 fecerit,
1275 2983 1388 3026 non
1416 2974 1558 3028 valet
1590 2982 1985 3029 testamentum.

926 3084 1124 3152 Ibidem
1139 3125 1155 3150 ,
1197 3085 1296 3156 leg.
1328 3085 1416 3140 55.

467 3199 524 3256 Si
553 3199 692 3255 ﬁlius
723 3199 951 3254 familias
987 3199 1142 3254 miles
1183 3199 1394 3254 iecisset
1425 3206 1807 3257 testamentum
1839 3213 1990 3255 more

401 3292 626 3357 militiae,
654 3289 845 3346 deinde
871 3299 992 3360 post
1018 3298 1246 3344 mortem
1275 3289 1440 3360 patris
1472 3273 1788 3359 posthumus
1813 3290 1863 3344 ei
1893 3305 1990 3344 na-

404 3391 664 3448 sceretur,
697 3381 876 3452 utique
902 3377 1168 3452 rumpitur
1193 3383 1314 3451 ejus
1353 3389 1752 3436 testamentum.
1786 3381 1989 3436 Verum

405 3476 449 3530 si
480 3483 874 3545 perseverasset
901 3474 954 3529 in
981 3487 1044 3530 ea
1070 3476 1364 3540 voluntate,
1387 3483 1446 3528 ut
1476 3473 1638 3529 vellet
1658 3472 1833 3528 adhuc
1859 3473 1990 3528 illud

406 3577 784 3622 testamentum
829 3569 1038 3634 valere,
1071 3568 1358 3622 valiturum
1391 3565 1520 3622 illud
1543 3605 1557 3630 ,
1590 3568 1742 3637 quasi
1777 3581 1988 3622 rursum

396 3659 542 3726 aliud
584 3659 784 3715 factum
828 3679 839 3715 :
881 3662 926 3715 si
959 3660 1119 3716 modo
1158 3660 1410 3716 militaret
1440 3659 1614 3716 adhuc
1639 3676 1705 3716 eo
1750 3670 1990 3731 tempore

397 3769 504 3822 quo
533 3763 848 3809 nasceretur
885 3753 962 3808 illi
1003 3753 1344 3824 posthumus.
1379 3753 1486 3810 Sed
1515 3755 1560 3809 si
1588 3755 1727 3811 ﬁlius
1757 3755 1988 3810 latttilias

640 3882 1026 3892 _l,,,_.___.
1039 3882 1803 3892 _A7‘__-._._-_.-_-is

1417 3969 1620 4192 ἰΒ

1665 3886 2288 4188 es:

2093 3006 2198 3060 que
2220 2989 2778 3056 castrensiumjrerutn
2805 2999 3020 3058 semper
3045 2985 3189 3042 ﬁlius
3218 2989 3380 3043 etiam
3404 2988 3576 3042 invito
3601 3002 3696 3057 pa-
3805 2982 3807 2984 ’

2097 3091 2177 3136 tre
2205 3079 2381 3134 habet.
2415 3075 2470 3134 Si
2495 3078 2874 3147 paterfamilias
2899 3077 3104 3132 militia:
3134 3077 3216 3132 vel
3238 3087 3359 3147 poet
3384 3077 3696 3132 missionem

2094 3170 2451 3241 arrogantium
2491 3184 2550 3224 se
2578 3168 2872 3239 praebuerit
2913 3187 2928 3224 :
2958 3169 3250 3224 videndum
3279 3170 3382 3224 erit
3404 3211 3417 3235 ,
3462 3184 3529 3224 ne
3573 3169 3697 3226 huic

2095 3275 2307 3333 quoque
2351 3261 2608 3330 permissa
2642 3260 2967 3330 intelligatur
3002 3275 3189 3315 earum
3219 3275 3399 3315 rerum
3428 3259 3691 3316 adminis-

2096 3353 2276 3417 tratio,
2305 3361 2440 3421 quas
2465 3359 2590 3404 ante
2615 3350 3012 3420 arrogationem
3039 3350 3094 3405 in
3121 3353 3318 3407 castris
3344 3351 3692 3422 acquisierit:

2094 3444 2339 3516 quamvis
2363 3443 2774 3499 constitutiones
2814 3443 3144 3515 principales
3173 3443 3242 3500 de
3269 3445 3352 3500 his
3380 3446 3693 3516 loquantur,

2093 3537 2180 3607 qui
2211 3536 2280 3590 ab
2319 3535 2470 3590 initio
2499 3551 2662 3605 quum
2695 3545 2876 3592 essent
2901 3537 2998 3592 lilii
3029 3535 3280 3606 femilias,
3314 3539 3696 3608 militaverint,

2095 3628 2239 3699 quod
2267 3628 2664 3684 admittendum
2695 3639 2798 3684 eat.

2295 3989 2691 4188 atin

666 4304 825 4387 DE
880 4304 1200 4390 VERA
1273 4307 1676 4390 IETATE
1731 4307 1883 4392 AC
1960 4309 2570 4396 DOCTRINA
2627 4307 3399 4398 SCRIPTORUM

1157 4463 1342 4540 QUB
1383 4463 1838 4528 SUPERSUNT
1866 4467 1942 4541 Q.
1973 4467 2190 4530 SEPT.
2237 4469 2779 4535 TERTULLIANI
2821 4470 2936 4553 (1).

1715 4603 2371 4635 ὴ-ὒ-ιρ

679 4702 1823 4822 αοΝεΡΕατπε
1870 4706 3469 4919 DESEBTATIONIS.

953 4980 1350 5040 ARTICULUS
1385 4980 1426 5037 Ι.

400 5098 477 5155 De
501 5095 820 5154 Tertulliani
847 5096 1083 5168 ingenio,
1111 5095 1254 5167 style
1275 5103 1334 5150 et
1351 5091 1770 5149 existimatione.
1921 5090 1992 5148 89

934 5206 1326 5266 ARTlCULUS
1397 5203 1462 5261 ll.

404 5323 479 5380 De
508 5325 660 5380 libris
687 5324 1038 5392 Tertulliani,
1075 5337 1305 5394 quorutn
1331 5328 1386 5376 et
1414 5329 1564 5386 aetas,
1600 5326 1654 5373 ct
1679 5314 2000 5374 orthodoxia

461 5455 535 5520 (l)
570 5456 784 5520 Auctore
810 5457 864 5505 P.
885 5453 1410 5520 Gotteirido‘Lumper,
1428 5451 1666 5520 monacho
1687 5450 2002 5520 benedictino

401 5513 667 5580 imperialis
690 5519 974 5568 monasterii
1001 5517 1061 5564 ad
1085 5518 1136 5565 S.
1153 5513 1422 5576 Georgium
1446 5513 1705 5578 Hercynia:
1721 5513 1884 5574 Silvae,
1901 5529 1946 5576 p.
1963 5523 1996 5564 t.

402 5579 628 5626 Villium
651 5583 832 5626 priore.
853 5580 970 5626 Haec
991 5579 1272 5626 dissertatio
1291 5579 1522 5626 accipitur
1543 5590 1604 5624 ex
1620 5584 1736 5626 tom.
1752 5579 2002 5626 moneris

402 5579 628 5641 Villingz
651 5583 832 5640 priore.
853 5580 970 5629 Haec
991 5579 1272 5628 dissertatio
1291 5579 1522 5640 accipitur
1543 5590 1604 5624 ex
1620 5584 1736 5626 tom.
1752 5579 2002 5639 “,operis

405 5643 484 5711 cui
501 5641 670 5711 titulus
688 5657 699 5692 :
718 5641 934 5692 Historia
951 5637 1415 5711 theologica-critica
1429 5639 1493 5689 de
1510 5637 1632 5710 vita!
1645 5636 1839 5711 srripu's
1859 5646 2004 5711 atque

409 5700 622 5773 dpctrina
656 5711 932 5773 armatorum
965 5699 1176 5773 patruin,
1199 5703 1498 5773 aliorumque
1536 5699 1825 5773 scriptorum
1849 5699 2002 5773 eccle-

407 5763 705 5816 siasticarum
729 5765 877 5828 trium
896 5763 1115 5828 priorum
1135 5763 1507 5828 swculrorum'ea:
1544 5763 1754 5818 virorum
1780 5763 2002 5816 doctissie

405 5839 589 5882 morum
609 5826 840 5885 literariis
863 5826 1172 5885 incitamentis
1192 5827 1390 5883 collecta

2018 4990 2072 5050 1)
2169 4988 2436 5036 constant.
3629 4987 3700 5044 96

2155 5071 2182 5143 §
2219 5073 2268 5127 l.
2309 5103 2380 5112 —
2418 5071 2574 5128 Ratio
2600 5071 2828 5129 lnstituti
3567 5077 3710 5134 Ibid.

2145 5163 2256 5234 §2.
2297 5195 2366 5204 —
2403 5164 2739 5233 annstiones
2789 5165 3035 5238 quaedam
3076 5167 3330 5224 universe
3368 5181 3565 5238 propo‘

2253 5265 2472 5312 nuntur.
3631 5258 3703 5316 97

2147 5349 2175 5421 §
2207 5349 2258 5405 5.
2303 5381 2371 5391 -—
2409 5351 2650 5418 Quonam
2671 5366 2814 5407 anno
2830 5351 3194 5408 Tertull'tanus
3217 5351 3283 5406 ad
3303 5351 3569 5407 montani-

2250 5453 2360 5498 stas
2381 5443 2921 5514 delecerit?aUtrum,
2947 5443 3031 5498 his
3061 5443 3286 5513 relictis,
3310 5459 3368 5500 se
3394 5444 3572 5500 denuo

2254 5533 2320 5590 ad
2347 5534 2676 5590 orthodoxos
2705 5535 3007 5604 receperit?
3637 5535 3708 5595 98

2145 5628 2254 5700 ξι.
2297 5661 2367 5670 -
2403 5628 2683 5698 Quomodo
2731 5628 3091 5683 Tertullianus
3133 5630 3502 5685 montanizans
3537 5647 3568 5684 a

2256 5724 2571 5778 Montanista
2602 5723 2834 5779 discerni
2865 5721 3050 5792 possit.
3095 5723 3161 5778 Et
3190 5723 3350 5793 lmjus
3374 5723 3564 5781 discri-

2257 5818 2414 5875 minis
2445 5818 2683 5876 vindicicc
2709 5817 2964 5885 adversus
2994 5815 3417 5898 llolimannutn._
3635 5819 3707 5880 99
