4238 6262
298 325 370 387 89
1204 324 1295 381 AC
1333 319 1675 381 DOCTBINA
1719 316 2152 378 SCRIPTORUM
2191 314 2678 376 TERTULLIANL

1933 438 1984 496 A
2057 437 2084 509 §
2112 438 2167 494 4.
2211 467 2280 478 —-
2320 435 2393 492 De
2420 433 2752 490 Montanistis
2779 429 3104 504 Artotyritis.

851 437 1236 497 ARTICULUS
1290 437 1380 493 γι.

303 533 503 603 Quinta
530 534 742 598 classis,
776 533 1036 589 librorum
1087 547 1311 604 quorum
1343 545 1439 587 nec
1469 539 1616 596 ictas,
1667 544 1767 585 nec

453 631 698 689 doctrina
728 636 872 684 certa
904 636 1004 682 est.

341 731 369 801 ς
404 731 455 785 1.
497 756 568 766 -
607 722 770 778 Liber
796 719 861 776 de
883 718 1216 775 Pmnilentia.

337 822 368 894 ᾗ
397 821 454 875 ‘2.
496 850 566 860 —
607 816 768 872 Liber
795 813 1052 868 adversus
1074 810 1308 867 Judznos.

340 907 456 984 §3.
496 941 567 950 —
609 908 684 962 1ιο
729 907 876 962 Actis
921 904 1198 973 Perpetua:
1235 911 1289 985 et
1329 899 1634 968 Felicitatis,
1664 898 1759 956 ho-

442 1017 672 1073 rumque
696 998 1074 1056 Montanismo.

1761 714 1903 774 Ibid.

1794 993 1892 1048 171

1802 623 1907 679 168

1800 808 1904 864 1ῒο

3537 310 3609 370 90

3501 430 3604 488 174

2051 531 2078 604 §
2112 531 2165 587 5.
2205 561 2274 574 -ρ
2313 529 2581 585 Wbistoni
2633 536 2946 599 argumenta
2999 540 3096 596 pro
3134 523 3463 581 Tertulliano

2119 624 2352 680 Auctore
2377 623 2566 679 horum
2589 631 2828 679 actorum
2851 620 3244 690 expenduntur.

2051 721 2164 794 §6.
2203 750 2274 759 —
2315 719 2453 775 Usus
2532 717 2796 772 universa:
2861 712 3016 783 huius
3084 709 3462 782 DiSputationis

2149 811 2409 883 exemplis
2447 826 2510 866 ex
2555 807 2785 866 Historia
2826 804 3118 861 christiana
3160 803 3333 860 ductis
3369 802 3460 858 de—

2146 912 2492 961 monstratur.

3500 617 3604 674 176

3499 894 3600 954 1ῗ7

319 1136 3601 1175 MM

877 1253 1080 1312 ARTIC
1098 1253 1276 1312 ULUS
1317 1254 1355 1309 I.

440 1501 525 1558 De
549 1501 855 1557 Tertulliani
872 1501 1090 1573 ingenio,
1110 1501 1263 1573 style,
1305 1510 1351 1555 et
1367 1500 1753 1554 existimatione.

372 1724 603 1782 Multum
641 1725 863 1780 Voluisse
904 1723 1279 1778 Tertullianum
1320 1723 1547 1788 litteris,
1603 1737 1899 1791 earumque

296 1819 555 1883 scientia,
587 1817 1088 1882 commentationes,
1117 1831 1252 1886 quas
1277 1815 1462 1878 edidit,
1490 1814 1785 1870 luculenter
1806 1813 1899 1868 de-

291 1910 522 1966 clarant.
546 1908 734 1964 Judicc
756 1908 1006 1978 Dupinio,
1041 1926 1060 1958 (
1085 1911 1222 1963 acris
1239 1909 1448 1962 etacuti
1477 1917 1590 1962 erat
1613 1907 1829 1978 ingenii,
1846 1915 1900 1962 et

292 2015 403 2058 non
433 2001 564 2056 satis
594 2001 829 2056 aecurati
861 2008 915 2053 et
943 2000 1094 2054 recti.
1131 1999 1252 2054 l’lus
1279 1999 1580 2066 Splendoris
1615 2013 1756 2070 saepe
1783 1999 1898 2069 ejus

293 2091 434 2147 inest
464 2091 758 2146 ratiociniis
787 2107 945 2161 quam
997 2090 1175 2145 solidi.
1221 2091 1442 2156 Allieit,
1493 2100 1542 2146 et
1592 2091 1900 2160 perstringit

296 2183 481 2252 potius
518 2185 666 2238 novis
709 2193 763 2238 et
795 2183 1060 2238 inusitatis
1087 2184 1496 2249 elocutionibus,
1537 2199 1694 2254 quam
1726 2186 1774 2238 vi
1807 2200 1894 2238 ra-

299 2277 510 2329 tionum
540 2275 834 2330 convincit.
882 2275 985 2330 [tes
1029 2261 1493 2353 allectatzesnut,
1539 2283 1594 2331 ct
1633 2276 1897 2331 interdum

293 2368 571 2438 aliquanto
622 2368 844 2423 inﬂatae.
872 2368 1078 2438 Lepore
1107 2368 1322 2438 quidem
1353 2368 1574 2438 grandi,
1614 2377 1666 2422 at
1706 2367 1895 2440 parum

290 2464 529 2533 genuino
556 2478 651 2518 eas
678 2463 950 2531 exprimit.
988 2463 1190 2518 Pra'ter
1212 2462 1428 2516 modum
1462 2477 1604 2532 s:epe
1627 2463 1893 2532 loquitur:

303 2556 357 2610 in
380 2555 633 2610 omnibus
661 2556 771 2611 lere
801 2555 1102 2611 cllervescit
1128 2565 1181 2611 et
1209 2554 1449 2610 cll'ertur.
1485 2556 1692 2626 Figuris
1718 2566 1772 2610 et
1799 2553 1895 2627 hy-

295 2648 535 2719 perbolis
561 2658 754 2704 scatet.
784 2649 942 2703 Multa
970 2649 1192 2705 scientia
1221 2658 1275 2704 et
1317 2649 1618 2704 erudtione
1660 2651 1894 2719 repletus

291 2752 427 2803 erat,
466 2757 570 2812 qua
600 2743 848 2813 apposite
873 2742 1161 2796 admodum
1191 2742 1458 2797 utebatur.
1493 2741 1546 2796 In
1582 2744 1768 2816 Satyra
1799 2757 1894 2797 ex.

290 2834 520 2889 cellebat
545 2852 559 2888 :
583 2833 702 2903 ejus
729 2834 914 2888 urbani
959 2835 1133 2898 sales,
1174 2844 1228 2890 et
1257 2835 1535 2890 mordaces
1564 2845 1734 2890 erant.
1778 2834 1888 2889 Ad-

290 2927 558 2981 versarius
583 2927 772 2982 dextro
804 2929 1164 2998 impugnabat,
1189 2939 1241 2984 et
1261 2944 1357 2984 eos
1379 2931 1641 2983 rationum
1671 2930 1808 3003 inter
1834 2944 1892 2985 se

289 3023 677 3078 cohaerentium
703 3008 1042 3078 multitudine
1067 3023 1348 3079 obruebat.
1381 3024 1620 3095 Denique
1649 3025 1698 3078 ni
1728 3024 1892 3078 ratio-

290 3116 450 3171 ciniis
477 3116 785 3186 persuadet,
827 3130 1144 3170 consensum
1174 3116 1362 3171 saltem
1398 3125 1677 3186 extorquet
1708 3117 1886 3186 Splctt-
1917 3125 1962 3188 (ζ

289 3208 414 3264 dida
445 3210 652 3264 ratione
690 3208 924 3264 dicendi.
959 3207 1088 3278 Ejus
1117 3208 1291 3263 oratio
1338 3208 1596 3272 laconico,
1628 3208 1890 3266 dictiones

289 3300 506 3364 validm,
535 3311 586 3353 et
611 3301 662 3354 in
687 3300 803 3370 ejos
824 3303 1040 3370 scriptis
1067 3302 1286 3356 totidem
1321 3303 1502 3366 verba,
1529 3302 1750 3356 totidem
1780 3301 1891 3358 fere

289 3389 601 3444 scntemim.
631 3390 742 3444 Non
775 3391 1042 3446 innuerito
1071 3402 1249 3447 tamen
1280 3393 1330 3446 in
1367 3393 1430 3447 iis
1466 3394 1563 3446 tria
1591 3394 1763 3464 carpit
1789 3394 1891 3448 La-

290 3483 527 3537 ctantius
573 3484 690 3539 vitia
718 3501 815 3540 non
844 3487 1257 3541 contemnenda.
1289 3485 1664 3554 Tertullianus,
1698 3487 1888 3559 inquit,

289 3576 530 3647 plurima
557 3585 664 3630 erat
688 3577 970 3632 litteratura
1000 3579 1210 3650 peritus,
1236 3593 1422 3633 verum
1445 3580 1495 3632 in
1520 3579 1770 3645 loquendo
1799 3597 1890 3648 pa-

286 3685 410 3722 rum
434 3669 636 3738 facilis,
665 3687 845 3737 parum
876 3681 1123 3740 comptus,
1153 3679 1198 3724 et
1217 3671 1432 3725 multum
1459 3670 1701 3725 obscurus
1724 3671 1882 3741 (Lac-

285 3769 422 3814 tant.
454 3761 548 3815 lib.
582 3760 646 3815 V.
681 3754 917 3816 lustitut.
948 3762 1202 3830 Divinar.,
1230 3778 1348 3835 cap.
1381 3763 1468 3835 I.).
1493 3763 1616 3818 Tria
1637 3765 1750 3818 btrc
1773 3763 1889 3832 qui-

285 3853 409 3910 dem
454 3855 577 3926 styli
625 3856 748 3909 vitia
806 3856 942 3927 apud
993 3857 1276 3926 plerosrjue
1323 3859 1580 3911 Auctores
1607 3855 1889 3910 Africanos

282 3958 595 4012 occurrunt,
628 3952 868 4019 exceptis
900 3961 1074 4006 tamen
1107 3950 1350 4016 Minutio,
1397 3950 1657 4020 Cypriane
1698 3959 1752 4005 et
1784 3949 1888 4003 La-

282 4042 512 4106 ctantio,
545 4041 634 4110 qui
667 4042 735 4093 ab
771 4041 1140 4096 Africanorum
1173 4042 1312 4113 ston
1351 4051 1684 4096 recesserant
1733 4059 1746 4094 :
1783 4041 1888 4112 Cy-

281 4131 470 4200 priane
494 4142 671 4186 tamen
695 4131 869 4186 adhuc
891 4131 1090 4201 aliquid
1118 4141 1200 4187 est
1219 4132 1432 4202 reliqui.
1461 4133 1655 4187 Verum
1678 4148 1888 4187 summo

281 4225 451 4296 gradu
479 4225 620 4295 apud
649 4225 1048 4291 Tertullianum;
1075 4236 1128 4280 ot
1165 4225 1362 4281 nullius
1402 4225 1695 4296 Scriptoris
1719 4226 1890 4297 slylus

281 4319 428 4374 illius
471 4319 710 4373 auctoris
754 4320 891 4390 ston
936 4320 1120 4374 durior
1160 4329 1270 4385 est,
1313 4320 1490 4374 minus
1535 4315 1799 4391 comptus.
1833 4332 1888 4377 et

282 4409 590 4464 obscurior.
625 4408 839 4478 Singula
861 4410 980 4478 ejus
1003 4426 1164 4480 opera
1197 4411 1301 4466 illis
1332 4411 1575 4466 laborant
1605 4413 1884 4477 vitiis,alia

2010 1252 2236 1305 animum
2263 1250 2483 1304 suaviter
2509 1249 2721 1305 delectat
2743 1247 2926 1319 (Cave,
2960 1245 3096 1300 "ist.
3129 1245 3366 1312 litterar.,
3399 1227 3528 1300 tom.
3556 1243 3596 1299 l.

2009 1358 2129 1415 pag.
2152 1341 2238 1397 92.
2271 1341 2399 1396 edit.
2431 1341 2794 1408 Basileensis).
2836 1385 2843 1390 .

2081 1438 2160 1492 Ex
2183 1451 2340 1501 supra
2370 1435 2529 1490 dictis
2561 1432 2924 1506 (prosequitur
2948 1431 3233 1502 Dttpinitts)
3267 1446 3372 1491 non
3401 1438 3484 1486 est
3502 1429 3603 1484 dif-

2007 1531 2146 1586 licile
2169 1530 2433 1599 judicare,
2461 1529 2581 1598 quis
2613 1527 2770 1582 fuerit
2809 1525 3116 1580 Tertulliani
3145 1525 3459 1578 Character.
3493 1523 3596 1578 Ve-

2005 1639 2121 1678 rum
2149 1638 2302 1694 a‘que
2329 1638 2433 1675 non
2463 1630 2542 1675 est
2561 1619 2716 1674 facile
2744 1634 3007 1684 asserere,
3037 1626 3213 1671 utrum
3239 1617 3416 1681 laude,
3437 1631 3595 1679 quam

2004 1714 2274 1784 vituperio
2303 1713 2370 1767 sit
2395 1713 2641 1782 dignior;
2677 1726 2796 1764 nam
2833 1711 3002 1779 prium
3029 1711 3072 1762 si
3101 1708 3168 1763 de
3194 1724 3258 1764 eo
3286 1707 3556 1778 judicatur
3580 1749 3594 1772 ,

2006 1814 2163 1875 prout
2197 1804 2448 1860 Ecclesia:
2479 1802 2738 1864 inserviit,
2768 1801 2985 1854 diﬂicile
3014 1801 3158 1855 dictu
3190 1809 3293 1866 est,
3321 1815 3387 1854 an
3415 1801 3460 1855 ei
3486 1814 3598 1852 ma-

2003 1898 2083 1968 gis
2114 1895 2375 1960 nocuerit,
2400 1911 2558 1966 quam
2593 1895 2870 1965 profuerit.
2918 1892 3044 1948 Inde
3083 1893 3223 1948 enim
3250 1892 3368 1961 ejus
3392 1891 3595 1946 doctri-

2003 2005 2127 2044 nam
2159 1997 2341 2042 contra
2369 1989 2548 2058 plures
2579 1987 2866 2042 haereticos
2894 1986 3103 2040 fortiter
3132 1984 3481 2056 propugnavit
3501 2025 3514 2048 ,
3540 1984 3594 2038 in

2003 2080 2320 2152 quibusdam
2348 2081 2604 2150 operibus
2633 2081 2806 2149 capita
2845 2095 2948 2133 non
2991 2079 3125 2133 levia
3155 2077 3270 2147 ejus
3299 2077 3594 2146 disciplina:

2003 2172 2165 2226 tuitus
2183 2181 2284 2236 est,
2312 2180 2367 2226 et
2395 2171 2624 2240 denique.
2651 2185 2826 2224 mores
2846 2169 3070 2240 pulchre
3095 2168 3290 2238 passim
3313 2161 3516 2231 docuit;
3539 2176 3594 2221 at

2002 2263 2128 2318 hinc
2159 2273 2511 2333 praeterquam
2549 2264 2690 2333 quod
2730 2278 2942 2332 semper
2988 2263 3169 2318 multis
3219 2262 3445 2317 inlecuts
3499 2262 3594 2317 iuit

1999 2355 2272 2412 erroribus
2299 2397 2313 2420 ,
2350 2356 2602 2410 Ecclesia:
2632 2355 2967 2424 disciplinam
3003 2353 3202 2409 diserte
3231 2345 3588 2424 impugnavit,

2000 2459 2281 2520 postquam
2311 2449 2378 2503 ab
2403 2464 2464 2504 ea
2492 2449 2733 2504 descivit.
2763 2450 2818 2504 Si
2839 2449 3032 2504 deinde
3055 2449 3121 2502 de
3148 2449 3500 2519 eojudiratur
3527 2465 3592 2505 ex

1999 2542 2115 2610 ejus
2143 2541 2378 2611 ingenio,
2410 2548 2556 2594 tan‘to
2585 2540 2747 2610 pollet
2777 2549 2830 2594 et
2863 2541 3002 2594 bono
3039 2549 3091 2594 et
3138 2540 3312 2606 malo,
3359 2551 3412 2594 ut
3452 2541 3592 2610 quod

2000 2635 2307 2703 prtcvaleat,
2337 2633 2552 2688 ditlicile
2573 2633 2718 2687 dictu
2751 2634 2838 2687 sit.
2869 2633 3105 2687 Tandem
3130 2633 3173 2688 si
3199 2649 3264 2688 ex
3296 2635 3410 2705 ejus
3431 2635 3590 2706 stylo,

1998 2727 2236 2780 uescitur
2257 2741 2323 2779 an
2355 2724 2653 2778 laudandus
2674 2725 3046 2795 grandiloquio
3072 2733 3127 2778 et
3155 2725 3474 2795 stupendus,
3503 2736 3595 2782 aut

1997 2819 2138 2872 vitiis
2163 2817 2560 2886 vituperamlus.
2604 2816 2674 2870 Ita
2700 2819 2981 2871 sententiis
3004 2833 3218 2886 semper
3242 2818 3590 2883 dissiderunt,

1997 2922 2051 2968 et
2080 2913 2371 2967 etiamnum
2401 2927 2503 2966 non
2537 2911 2880 2966 mediocriter
2909 2910 3020 2965 Viri
3049 2911 3254 2964 variant
3282 2913 3332 2965 in
3351 2911 3588 2980 jndiciis,

1997 3019 2115 3074 qua:
2156 3005 2223 3059 de
2272 3005 2372 3059 hoc
2407 3007 2637 3058 Auctore
2666 3004 2846 3058 lerunt
2877 3023 2887 3056 :
2918 3020 3025 3074 quo
3051 3004 3116 3058 ad
3144 3003 3468 3059 credendum
3501 3005 3586 3058 in-

1997 3097 2166 3153 ducor
2192 3099 2240 3152 in
2271 3112 2356 3163 eo,
2390 3097 2530 3168 quod
2564 3097 2759 3150 bonum
2799 3106 2879 3149 est
2902 3139 2916 3160 ,
2961 3096 3177 3150 laudare
3222 3097 3388 3150 satius
3429 3111 3549 3151 esse
3573 3137 3587 3159 ,

1996 3198 2049 3243 et
2085 3188 2224 3259 quod
2257 3189 2452 3242 malum
2483 3187 2580 3241 luit
2603 3230 2616 3253 ,
2645 3188 2946 3256 vituperare
2967 3227 2979 3245 .
3011 3202 3166 3255 quam
3192 3187 3258 3240 do
3283 3202 3350 3241 eo
3375 3187 3589 3240 absolu-

1997 3287 2106 3332 tmu
2133 3279 2272 3333 ferre
2288 3277 2570 3348 judicium,
2605 3276 2743 3345 quod
2777 3292 3047 3345 tamquam
3079 3291 3182 3330 non
3227 3276 3374 3331 mille
3411 3276 3588 3332 disce-

2002 3371 2333 3442 ptationibus
2360 3379 2502 3424 esset
2523 3369 2836 3423 obnoxium.

2069 3487 2145 3540 En
2175 3485 2266 3538 tibi
2296 3483 2538 3556 quaedam
2564 3493 2671 3538 tum
2691 3484 3059 3554 Antiquorum,
3083 3491 3192 3537 tum
3212 3483 3588 3539 Reeentiorum

1996 3581 2063 3636 dc
2103 3577 2420 3633 Tertulliano
2457 3578 2675 3648 judicia.
2709 3576 3016 3648 Cyprianus,
3052 3578 3281 3631 Auctore
3328 3574 3590 3647 Hierony-

1994 3689 2099 3737 mo,
2129 3673 2216 3744 qui
2251 3671 2301 3726 id
2335 3679 2616 3740 acceperat
2643 3686 2673 3725 a
2705 3669 3027 3740 Presbytero
3054 3668 3307 3739 quodam,
3337 3669 3427 3739 qui
3465 3667 3518 3722 id
3558 3685 3587 3724 a

1995 3766 2243 3836 Cypriani
2268 3765 2439 3818 scriba
2467 3764 2746 3828 didicerat,
2779 3763 3019 3817 nonnihil
3048 3763 3167 3834 ejus
3207 3779 3428 3832 operutn
3450 3779 3587 3833 quo-

1997 3858 2123 3911 tidie
2165 3859 2344 3927 legere
2383 3857 2572 3910 solitus
2619 3864 2765 3920 erat,
2820 3863 2873 3908 et
2914 3854 3029 3924 ejus
3076 3855 3312 3922 rogando
3355 3855 3584 3921 librum,

1995 3951 2170 4005 aiebat
2201 3969 2211 4003 :
2247 3950 2379 4004 Date
2405 3950 2530 4002 mihi
2552 3948 3110 4020 Prwceptoremmeum
3135 3949 3497 4022 (llicronym.,
3526 3949 3590 4003 de

1998 4042 2250 4112 Scriptor.
2280 4042 2502 4107 Eccles.,
2525 4057 2643 4111 eap.
2675 4042 2808 4112 53-).
2855 4043 3059 4098 Revera
3084 4043 3225 4096 enim
3253 4059 3376 4097 eum
3409 4043 3588 4098 imita~

1997 4142 2077 4188 tus
2105 4143 2203 4210 est,
2237 4143 2293 4208 et
2318 4134 2385 4187 ab
2406 4149 2470 4188 eo
2493 4149 2597 4188 non
2628 4148 2790 4198 pauca
2811 4132 3126 4202 desumpsit.
3153 4133 3410 4205 Pleraque
3426 4135 3586 4190 etiam

1993 4241 2210 4280 suortun
2242 4240 2465 4296 operum
2515 4226 2704 4281 eodem
2741 4266 2756 4292 ,
2804 4241 2910 4295 quo
2956 4225 3306 4281 Tertullianus
3346 4229 3589 4284 lllSlllttl’t

1993 4318 2314 4386 composuit,
2351 4328 2406 4371 ut
2445 4333 2599 4372 suum
2640 4317 2706 4372 de
2733 4317 3043 4372 ldololatria
3085 4318 3284 4374 librum
3314 4321 3380 4375 ad
3421 4322 3589 4378 instar

1992 4410 2309 4481 Apologetici
2330 4425 2349 4463 :
2378 4409 2566 4465 Libros
2595 4409 2662 4464 de
2695 4409 2999 4481 Disciplina,
3023 4421 3078 4466 ct
3109 4410 3302 4466 Habitu
3331 4413 3584 4480 muliebri,

280 4501 431 4572 plus,
461 4502 564 4556 alia
593 4502 791 4556 minus.
821 4502 1027 4556 Clarior
1055 4508 1124 4572 jet
1145 4503 1392 4573 liquidior
1424 4515 1538 4570 e31,
1579 4505 1671 4559 sed
1711 4505 1887 4558 minus
1915 4497 1964 4556 Ι)
1989 4504 2052 4557 de
2076 4501 2220 4565 Zelo,
2244 4509 2310 4556 et'
2330 4501 2530 4565 Livore,
2561 4501 2629 4557 de
2663 4501 2907 4555 Oratione
2936 4502 3226 4566 Dominica,
3254 4504 3317 4557 de
3349 4502 3513 4573 Opere
3541 4513 3588 4557 et

285 4592 511 4661 elegans
541 4593 590 4647 in
624 4593 776 4647 libris
823 4593 1107 4648 Polemicis
1133 4635 1147 4657 ,
1191 4594 1471 4648 obscurior
1511 4603 1568 4649 et
1599 4595 1784 4650 durior
1829 4597 1881 4650 in

283 4684 429 4739 locis
453 4685 846 4750 connnunibus,
877 4686 1005 4739 utin
1036 4686 1171 4740 libro
1195 4686 1260 4739 (ιδ
1293 4685 1465 4740 Ραιιιο
1491 4729 1504 4748 ,
1549 4686 1691 4758 quod
1718 4703 1881 4742 unum

280 4784 460 4830 estex
501 4776 836 4846 antiquitatis
876 4777 1129 4845 apt-ribus
1171 4778 1585 4832 obscurissimis.
1632 4777 1788 4852 Liber
1817 4780 1882 4834 de

282 4866 602 4922 Ptenitentia
655 4869 891 4923 omnium
933 4880 1016 4924 est
1064 4870 1513 4940 elegantissinms.
1557 4870 1683 4941 Ejus
1721 4887 1884 4942 opera

280 4957 649 5028 pulcherrima
673 4968 727 5014 et
764 4960 1041 5014 utilissima
1068 4971 1192 5016 sunt
1219 4961 1607 5033 Apologeticus,
1640 4960 1886 5017 Prazscri-

280 5053 508 5121 ptiones,
541 5052 660 5106 libri
687 5052 755 5106 de
799 5052 1124 5121 i’mnitentia,
1157 5054 1453 5126 Baptismo,
1505 5051 1780 5121 Oratione,
1831 5067 1886 5112 et

282 5144 634 5200 llortationes
651 5145 715 5199 ad
742 5145 1066 5210 l’atieutiam,
1095 5157 1148 5202 et
1167 5147 1492 5220 Martyrium.
1523 5168 1542 5200 ι
1575 5149 1700 5203 ΙΙωο
1721 5150 1881 5220 Dupi-

279 5235 409 5290 nins
436 5235 562 5306 (Ell.
592 5237 782 5307 Dupin.
811 5236 1053 5293 Biblioth.
1085 5239 1171 5308 des
1188 5240 1424 5303 Auteurs,
1452 5252 1580 5295 tom.
1608 5240 1647 5294 1.
1677 5259 1727 5311 p.
1756 5242 1880 5298 165.

279 5345 436 5384 vers.
479 5329 628 5384 latin.
667 5331 926 5399 Colutlitl',
963 5333 1291 5404 1703.).Scd
1333 5334 1628 5390 audiendus
1672 5351 1885 5406 quoque

277 5419 447 5474 Joan.
474 5420 686 5487 Caveas,
719 5422 807 5490 qui
839 5438 958 5478 cum
992 5423 1239 5494 prtedieta
1270 5423 1526 5479 Lactantii
1556 5428 1714 5482 verba
1745 5427 1880 5482 reci-

281 5519 488 5576 uisset,
518 5526 645 5566 mox
674 5527 768 5566 sua
799 5512 937 5570 hanc
981 5513 1034 5568 in
1085 5517 1404 5572 Sententiam
1444 5517 1623 5572 subdit
1661 5532 1674 5572 :
1722 5516 1886 5572 liabet

281 5611 462 5655 tamen
492 5600 796 5658 Tertulliani
823 5606 988 5675 stylus
1019 5607 1332 5676 majestatem
1358 5609 1627 5677 quamdam
1646 5609 1746 5662 tibi
1765 5626 1885 5680 pro-

281 5697 484 5764 priam,
513 5705 557 5746 et
584 5697 823 5764 grandem
852 5699 1215 5767 eloquentiam,
1247 5700 1354 5753 sale
1377 5709 1424 5754 et
1457 5703 1687 5756 acumine
1712 5702 1879 5772 pluri-

281 5801 436 5842 mum
462 5786 731 5855 conditam,
759 5805 873 5859 qua:
895 5790 1048 5845 simul
1073 5791 1278 5863 legentis
1310 5792 1564 5869 ingenium
1590 5804 1806 5864 exercet,
1835 5805 1887 5850 et

1993 4591 2365 4663 Eleemosynis.
2412 4592 2477 4646 ad
2539 4593 2887 4658 imitationem
2939 4593 3276 4648 Tertulliani.
3335 4594 3584 4646 Eusebius

1992 4687 2152 4741 tradit
2179 4685 2246 4739 de
2276 4685 2628 4752 Tertulliano,
2649 4702 2771 4765 eum
2805 4703 2966 4740 uuutn
2997 4703 3060 4742 ex
3100 4687 3473 4742 eruditissimis
3508 4689 3583 4742 la.

1991 4778 2115 4833 tinis
2171 4778 2534 4848 Scriptorihus
2594 4779 2787 4841 fuisse,
2842 4788 2895 4833 et
2944 4780 2995 4833 in
3052 4781 3275 4848 singulis
3330 4781 3586 4841 Ecclesiis

1989 4869 2342 4924 clarissimum
2376 4870 2617 4938 (Euseb.,
2641 4870 2775 4924 Ilist.
2799 4871 3017 4936 Eccl-,1.
3042 4872 3174 4927 ll.c.
3198 4871 3387 4946 2.).De
3413 4891 3478 4932 co
3502 4877 3588 4947 ju-

1989 4960 2186 5018 dicium
2219 4963 2321 5017 l'ert
2348 4963 2645 5018 Lactantius
2673 4981 2703 5019 a
2734 4965 2887 5018 nobis
2913 4965 3154 5034 allatum,
3181 4969 3323 5040 quod
3345 4970 3462 5041 ejus
3480 4987 3584 5029 non

1987 5054 2274 5109 admodum
2305 5056 2443 5112 cedit
2467 5056 2676 5112 honori.
2708 5057 2942 5112 Hilarius
2971 5059 3020 5115 in
3045 5075 3144 5114 suo
3183 5062 3234 5117 in
3277 5062 3582 5120 Malthtcum

1987 5149 2376 5203 commentario
2421 5151 2639 5214 scribit,
2687 5165 2926 5205 errorem
2959 5152 3009 5206 iu
3042 5169 3201 5222 quem
3237 5155 3414 5223 lapsus
3461 5165 3582 5219 est,

1989 5241 2103 5309 ejus
2133 5240 2386 5295 librorum
2412 5242 2786 5297 auctoritatem
2815 5245 3077 5311 elevaSse,
3101 5245 3190 5315 qui
3222 5255 3374 5300 erant
3404 5246 3584 5317 aliqua

1987 5333 2370 5402 approbatione
2412 5332 2574 5402 digni.
2622 5333 2695 5387 De
2762 5350 2826 5388 eo
2866 5349 3245 5404 nonnunquam
3292 5336 3585 5393 honoriliee

1991 5425 2224 5494 loquitur
2253 5423 2632 5495 Hieronymus,
2667 5435 2723 5478 ut
2755 5426 2806 5479 in
2855 5425 3144 5496 Catalogo,
3193 5427 3280 5480 ubi
3319 5427 3420 5482 loci
3461 5444 3584 5484 eum

1988 5517 2117 5571 dicit
2146 5518 2285 5570 acris
2311 5526 2364 5570 et
2396 5517 2723 5571 vehementis
2752 5517 2947 5586 ingenii
2983 5515 3190 5584 Virum;
3221 5529 3274 5573 et
3300 5519 3351 5573 in
3389 5535 3483 5574 sua
3519 5523 3586 5578 ad

1991 5612 2238 5682 Magnum
2311 5609 2567 5680 Epistula,
2625 5609 2787 5662 tradit
2836 5607 3135 5666 eruditione
3183 5619 3238 5665 et
3289 5611 3584 5670 subtilitate

1986 5717 2176 5758 omnes
2197 5703 2245 5756 ei
2273 5710 2520 5756 auctores
2547 5699 2828 5755 inferiores
2853 5715 2996 5765 esse;
3028 5701 3121 5756 sed
3147 5703 3270 5758 alibi
3293 5704 3408 5773 ejus
3429 5719 3584 5760 erro-

1987 5811 2075 5852 res
2115 5795 2370 5874 increpat,
2413 5802 2465 5850 ct
2507 5793 2653 5854 vitia.
2697 5790 2750 5857 lu
2793 5808 2884 5849 sua
2912 5801 3098 5872 contra
3134 5794 3401 5870 littfﬁnunt
3428 5798 3574 5870 Apo-

2155 6025 2184 6060 /
