4242 6266
555 317 687 399 ~91

1715 320 2178 394 DISSERTATIO
2214 318 2307 390 att
2342 322 2532 389 γεω
2569 324 2826 390 mare
3452 296 3457 299 “
3851 326 3932 398 ss

620 450 763 526 logia
779 491 795 519 ,
821 450 897 509 ait
924 468 940 512 :
971 450 1103 526 Ejus
1122 449 1383 525 ingenium
1411 447 1592 519 laudo,
1625 447 1839 507 haereses
1874 440 2069 504 damno
2108 463 2128 503 :
2161 455 2218 504 et
2244 442 2297 507 Α
2321 462 2383 501 ac
2408 445 2715 504 Christianis
2736 446 3019 520 Religionis
3038 462 3153 504 cunt
3168 444 3432 519 honorem,
3457 458 3563 507 tum
3583 451 3925 508 innocentiam

624 551 811 604 contra
863 540 1198 612 Helvidium,
1259 541 1552 615 respondet
1599 541 1867 599 Πενθικο
1890 536 2219 598 Tertulliani

623 637 995 696 auctoritatem
1012 636 1310 708 apponenti
1336 654 1350 691 :
1374 634 1455 691 De
1478 633 1798 691 Tertulliano
1820 634 1960 702 dico,
1978 632 2221 689 Ecclesia:

626 735 881 788 hominem
909 743 1014 786 non
1040 740 1164 786 esse;
1189 723 1498 785 Tertulliani
1530 728 1733 801 stylum
1763 725 1943 784 laudat
1972 725 2218 799 Angusti-

626 841 741 891 nus,
766 828 822 879 et
840 821 957 892 ejus
984 820 1184 893 ubique
1207 819 1428 877 damnat
1449 826 1687 887 errores,
1716 820 1771 876 in
1795 818 1934 875 libro
1949 817 2020 875 de
2037 816 2223 873 Genesi
2252 866 2267 875 .

622 896 692 971 ad
728 915 948 970 litteram
988 912 1151 969 tradit
1190 911 1562 969 Tertullianum
1600 912 1711 968 acri
1738 910 1952 983 ingenio
1975 922 2222 967 nonnun-

623 1024 786 1082 quam
816 1007 1100 1064 veritatem
1126 1007 1492 1078 perspexisse,
1524 1021 1625 1063 nec
1652 1005 1893 1078 potuisse
1918 1004 2046 1077 quin
2101 1017 2221 1060 eam

623 1098 915 1171 aliquando
945 1099 1031 1155 vel
1062 1108 1251 1155 contra
1278 1108 1519 1155 mentem
1546 1112 1700 1153 suam
1728 1105 1972 1167 poneret.
2019 1095 2222 1151 Tertul-

625 1193 822 1248 lianum
849 1192 918 1246 ita
947 1190 1060 1247 suis
1090 1190 1259 1262 pingit
1283 1189 1556 1246 coloribus
1588 1187 1877 1244 Vincentius
1905 1186 2219 1242 Lirinensis:

635 1282 940 1341 Tertulliani
962 1300 1177 1356 quoque,
1207 1282 1398 1354 inquit,
1425 1280 1615 1339 eadem
1643 1290 1725 1338 est
1746 1279 1881 1337 ratio
1903 1297 1917 1347 ;
1942 1292 2065 1336 nam
2085 1280 2223 1336 sicut

626 1379 716 1435 ille
755 1378 971 1452 (nempe
995 1375 1262 1449 Origenes)
1293 1374 1435 1447 apud
1464 1372 1700 1445 (ξι-ωερε,
1741 1374 1813 1428 ita
1839 1370 1922 1428 hic
1946 1374 2088 1445 apud
2112 1368 2221 1427 La-

628 1471 780 1536 tinos,
809 1479 1101 1525 nostrorum
1128 1468 1354 1522 omnium
1376 1466 1529 1540 facile
1550 1465 1782 1536 princeps
1793 1464 2110 1536 judicandus
2124 1475 2218 1521 est.

629 1548 768 1630 Quid
792 1563 925 1617 enim
957 1563 1052 1617 hoc
1079 1561 1186 1616 viro
1220 1560 1461 1615 doctius?
1484 1558 1610 1630 quid
1633 1561 1684 1613 in
1715 1554 1918 1624 diuinis,
1948 1566 2097 1629 atque
2124 1557 2224 1612 ltu-

628 1651 794 1720 manis
820 1655 966 1711 rebus
994 1652 1359 1709 exercitatius?
1384 1670 1564 1724 nempe
1592 1668 1790 1707 omnem
1821 1650 2219 1723 pltilosttphiant,

628 1757 677 1802 et
704 1756 914 1801 cunctas
942 1744 1365 1817 pltilosOpltorum
1394 1753 1576 1812 sectas,
1621 1751 1887 1811 auctores,
1929 1741 2221 1798 adversato-

629 1839 806 1911 resQue
832 1848 1102 1906 sectarum,
1136 1853 1407 1910 omnesque
1441 1853 1616 1891 eorum
1653 1834 1975 1907 disciplinas,
2022 1844 2224 1891 omnem
2251 1804 2300 1871 Β

627 1933 979 2000 historiarum,
995 1941 1044 1988 et
1056 1932 1344 1987 studiorum
1363 1930 1813 1997 uarielalent,mira
1835 1928 2057 1999 quadam
2078 1944 2224 1984 men.

628 2030 692 2098 tis
730 2025 1014 2096 capacitate
1052 2021 1347 2097 complexus
1384 2034 1479 2081 est.
1513 2016 1730 2096 ingenio
1760 2039 1879 2079 vero
1909 2039 2076 2078 nonne
2120 2032 2225 2078 tam

625 2117 787 2190 gravi,
820 2134 880 2171 ac
904 2117 1181 2173 uehementi
1210 2116 1446 2172 excelluil
1465 2159 1481 2185 ,
1511 2126 1570 2171 ut
1594 2116 1728 2171 nihil
1757 2112 1852 2172 sibi
1879 2116 2102 2189 pene'ad
2128 2132 2222 2172 ea:-

627 2208 963 2283 pugnandam
1001 2210 1342 2282 proposuerit,
1372 2210 1510 2282 quod
1552 2226 1655 2264 non
1697 2211 1930 2266 acumine
1956 2210 2220 2281 irruperit,

627 2311 717 2356 ant
738 2299 959 2372 pondere
986 2298 1217 2356 eliserit?
1245 2301 1367 2356 Jam
1396 2318 1550 2374 porro
1588 2301 1832 2358 orationis
1872 2318 1980 2359 suae
2010 2301 2186 2360 laudes
2203 2346 2220 2374 ,

627 2384 722 2466 qui
740 2393 919 2466 exequi
948 2394 1149 2450 valeat?
1173 2409 1288 2466 quae
1309 2405 1470 2463 tanta,
1498 2395 1667 2451 nescio
1692 2411 1793 2468 qua
1830 2395 2089 2453 rationum
2130 2413 2222 2453 ne-

631 2485 863 2543 cessitate
898 2486 1132 2559 conferta
1161 2497 1235 2541 est
1253 2527 1270 2552 ,
1303 2496 1358 2541 ul
1383 2487 1453 2541 ad
1477 2502 1776 2543 consensum
1800 2484 1880 2544 sui
1898 2528 1915 2556 ,
1954 2502 2080 2560 quos
2107 2504 2226 2543 sua-

632 2580 749 2636 dere
774 2596 873 2635 non
901 2579 1140 2652 potuerit,
1171 2578 1437 2652 impellat;
1466 2581 1615 2653 cujus
1641 2590 1764 2653 quot
1787 2597 1917 2652 pene
1942 2579 2112 2648 verba,
2154 2589 2227 2637 tot

627 2676 890 2732 sententias
917 2686 1035 2732 sunt
1058 2719 1074 2744 ,
1106 2687 1228 2749 quot
1255 2694 1463 2747 sensus,
1504 2689 1578 2735 tot
1619 2674 1862 2748 uigtorite.
1898 2673 2083 2737 Sciunt
2117 2679 2225 2737 haec

629 2764 955 2837 Marcianos,
1002 2764 1238 2840 Apelles,
1282 2764 1540 2843 Praxeat,
1588 2769 1970 2845 Hermogenes,
2014 2771 2223 2842 Judwi,

630 2861 874 2930 Gentiles,
908 2859 1156 2930 Gnostici,
1185 2864 1489 2936 scelerique;
1517 2881 1734 2937 quarunt
1767 2867 1856 2922 ille
1884 2866 2224 2939 blasphemias

629 2957 827 3026 multis,
871 2974 933 3013 ac
977 2959 1177 3031 magnis
1229 2959 1545 3016 voluminum
1589 2979 1800 3018 suorum
1825 2963 2060 3034 molibus,
2091 2966 2225 3022 velut

627 3047 931 3121 quibusdant
956 3046 1260 3120 fulminibus
1287 3052 1483 3106 evertit.
1516 3051 1586 3106 Et
1611 3060 1779 3109 tamen
1800 3054 1883 3109 Itic
1903 3072 2098 3127 quoque
2111 3064 2225 3126 post

628 3138 737 3196 lttec
765 3140 960 3204 omnia.
989 3141 1071 3196 Itic
1094 3140 1303 3212 inquam
1329 3141 1701 3234 Tertullianus,
1732 3144 1989 3202 Catholici
2009 3149 2225 3222 dogma-
2250 3162 2296 3234 ρ

626 3231 713 3298 tis,
737 3231 792 3285 id
818 3241 914 3301 est,
945 3232 1247 3288 universalis
1270 3250 1331 3289 ac
1352 3245 1561 3293 vetusta:
1578 3232 1705 3306 ﬁdei
1735 3255 1920 3310 parum
1943 3250 2096 3297 tem
2116 3283 2129 3307 ,
2163 3259 2226 3298 ac

628 3323 862 3378 disertior
886 3322 1066 3393 multo,
1094 3341 1248 3396 quant
1271 3327 1493 3397 felicior,
1523 3338 1720 3384 mutata
1749 3331 1984 3404 deinceps
2021 3343 2225 3390 senten-

629 3418 722 3484 tia,
752 3418 869 3488 fecit
897 3418 966 3472 ad
994 3428 1272 3474 extremum
1298 3421 1436 3492 quod
1460 3421 1523 3476 de
1548 3438 1606 3476 eo
1625 3422 1800 3480 beatus
1838 3418 2100 3498 confessor
2127 3426 2228 3483 Ili-

631 3508 788 3564 larins
833 3510 1054 3581 quodam
1107 3508 1218 3566 loco
1269 3511 1489 3568 scribit:
1515 3512 1784 3585 Sequenti,
1835 3516 2020 3588 inquit,
2052 3535 2227 3576 errore

629 3601 852 3657 detraxit
886 3602 1089 3674 scriptis
1125 3602 1473 3674 probabilibus
1507 3609 1865 3664 auctoritatem
1887 3609 1990 3685 (ι).
2027 3606 2224 3669 ΤήιΙισε

630 3693 740 3760 mii,
771 3692 1031 3763 Rhenani,
1060 3693 1335 3765 Politiani,
1361 3697 1608 3770 Pamelii,
1645 3699 1889 3775 Rigallii,
1916 3712 1972 3761 et
2002 3715 2228 3771 cmteroe

608 3786 749 3843 rum
782 3787 1147 3844 recentiorum
1173 3788 1373 3860 judicia
1402 3791 1619 3849 silentio
1648 3797 2033 3867 prtctermitto,
2065 3798 2157 3873 qui
2194 3817 2227 3860 a
2256 3864 2281 3877 ο

629 3878 854 3952 singulis
881 3880 1089 3937 consuli
1121 3894 1364 3954 possunt,
1395 3892 1450 3942 et
1478 3883 1708 3945 duorum
1735 3887 2065 3949 Nostratium
2094 3892 2226 3951 Gal-

630 3972 804 4030 lorum
826 3983 1102 4031 auctorum
1111 3974 1322 4046 judicio
1345 3974 1506 4036 linem
1535 3976 1694 4051 facio,
1723 3982 1814 4054 qui
1843 3993 2068 4058 uterque
2098 3986 2226 4042 Ter-

630 4063 926 4133 tutlianum,
948 4065 1043 4123 sed
1064 4065 1215 4123 varie
1240 4068 1433 4141 pinxit.
1462 4064 1618 4127 Prior
1649 4083 1732 4130 est
1754 4070 1931 4132 clarus
1952 4073 2224 4137 Balsacius

634 4158 690 4215 in
714 4157 957 4234 Epistula
982 4160 1048 4217 ad
1092 4161 1383 4236 Rigallium
1410 4163 1468 4220 2.
1503 4164 1597 4223 lib.
1624 4165 1678 4225 5.
1704 4165 2111 4243 Tertullianum,
2144 4175 2224 4232 itt-

631 4252 767 4324 quit,
798 4262 1026 4325 expecto,
1077 4270 1225 4327 quem
1244 4255 1298 4311 in
1319 4257 1484 4314 lucem
1508 4260 1715 4329 emittis,
1736 4270 1790 4316 ut
1805 4280 1885 4319 me
1902 4266 2222 4337 patientiam,

631 4359 787 4415 quam
816 4344 991 4413 tradit,
1036 4344 1360 4405 edoceat.....
1400 4344 1528 4405 Cant
1565 4367 1626 4406 eo
1662 4362 1870 4410 auctore
1910 4355 1963 4411 in
2005 4358 2227 4429 gratiam

629 4437 870 4493 redissem
908 4447 995 4493 tua
1015 4430 1515 4512 prwfatione,sieum
1537 4445 1747 4517 fuissem
1770 4446 2222 4524 odiofprosecutus,

2324 557 2677 613 propugnasse
2700 557 2721 597 :
2755 541 3143 600 Valentinianus
3166 546 3349 600 acriter
3376 556 3694 617 persecutum
3722 546 3885 618 fuisse
3902 585 3921 615 ,

2322 624 2371 688 et
2399 628 2712 689 Marcionent
2743 636 2945 706 penitus
2971 636 3277 706 confodisse.
3299 636 3572 693 Posterior
3588 645 3673 694 est
3693 636 3758 693 Ρ.
3784 637 3922 697 Ma.-

2323 722 2645 781 lebranchius
2689 725 3119 799 Investigationis
3173 729 3416 784 veritatis
3453 737 3640 785 auctor
3684 729 3805 787 Lib.
3853 729 3918 789 ll.

2323 827 2441 890 cap.
2470 819 2524 875 '5.
2551 818 2922 888 Tertullianus,
2952 812 3144 892 inquit,
3168 821 3536 894 proculdubio,
3566 822 3644 878 vir
3664 823 3803 879 onmi
3820 823 3921 880 do-

2325 911 2490 966 ctrina
2530 912 2759 969 eaxcttltus
2805 921 2934 981 erat,
2979 920 3037 968 at
3082 912 3199 984 plus
3247 912 3512 982 memoria,
3548 928 3701 985 quam
3718 915 3920 993 judicio

2327 1003 2568 1076 pollebat.
2596 1004 2719 1060 Acri
2745 1007 2909 1078 magis
2937 1015 2985 1061 et
3012 1016 3156 1062 vasto
3180 1007 3416 1079 ingenio,
3443 1022 3599 1079 quam
3626 1009 3735 1064 acri
3761 1018 3811 1064 et
3836 1026 3923 1065 va-

2325 1105 2406 1151 sta
2430 1107 2614 1154 mente.
2642 1096 2874 1169 Denique
2895 1094 3118 1153 dubitari
3137 1099 3327 1171 nequit,
3349 1100 3469 1172 quin
3498 1100 3753 1169 fanaticus
3768 1101 3924 1171 fuerit

2325 1205 2384 1244 eo
2404 1205 2555 1244 sensu
2603 1206 2703 1261 quo
2731 1207 2889 1259 supra
2914 1191 3156 1264 explicui,
3188 1201 3235 1247 et
3274 1192 3396 1263 quin
3440 1192 3611 1247 omnia
3655 1209 3926 1263 propemo-

2327 1280 2449 1335 dum
2478 1282 2715 1353 fanalicis
2764 1282 2977 1353 propria
3025 1281 3073 1338 ei
3117 1283 3327 1354 fuerint.
3379 1281 3459 1338 Eo
3500 1284 3636 1354 quod
3687 1282 3923 1339 Montani

2325 1374 2534 1445 ejusque
2553 1383 2722 1428 vatum
2748 1375 2963 1431 uisiones
2989 1384 3251 1430 ueneratus
3273 1377 3458 1446 fuerit,
3486 1377 3731 1431 evincitur
3783 1380 3923 1449 quod

2326 1464 2477 1519 debili
2489 1466 2692 1537 judicio
2714 1467 2886 1539 fuerit.
2912 1468 3058 1522 Acies
3088 1468 3180 1522 illa
3204 1468 3422 1540 ingenti,
3462 1469 3681 1538 impetus
3706 1469 3771 1525 de
3798 1471 3923 1527 leui-

2324 1558 2418 1614 bus
2443 1558 2677 1630 afﬂalus,
2704 1568 2917 1615 mentem
2940 1559 3263 1628 effr-(enatam
3298 1578 3400 1615 non
3423 1560 3632 1616 obscure
3652 1562 3917 1629 denotant;

2325 1661 2445 1724 quot
2471 1652 2523 1706 in
2552 1653 2663 1718 eius
2688 1652 2977 1724 hyperbatis
3006 1663 3053 1709 et
3073 1654 3253 1725 ﬁguris
3274 1664 3440 1708 motus
3465 1653 3733 1710 abnormes
3749 1656 3775 1710 ?
3799 1665 3922 1729 quot

2326 1745 2548 1801 rationes
2594 1744 2882 1816 splendida:
2926 1758 2987 1801 ac
3032 1745 3339 1819 magniﬁcas,
3385 1758 3501 1817 qtae
3542 1760 3634 1802 suo
3670 1744 3923 1804 duntaxat

2329 1836 2600 1910 splendore
2619 1837 2853 1910 probant,
2877 1846 2921 1894 et
2941 1840 3246 1910 persuadent
3270 1838 3433 1896 solum
3455 1849 3671 1896 mentem
3694 1845 3924 1914 stupefa-

2328 1930 2508 1987 ciendo
2532 1939 2682 2003 atque
2704 1930 3108 2005 perstringenda.
3135 1932 3337 1991 Deinde
3362 1931 3734 1992 demonstrare
3763 1946 3926 1993 cona-

2328 2025 2416 2079 tur
2440 2020 2580 2080 hanc
2604 2034 2785 2080 veram
2814 2020 2956 2081 illius
2978 2038 3099 2081 esse
3125 2024 3428 2096 imaginem,
3448 2023 3692 2097 quaedam
3720 2027 3924 2084 exscri-

2328 2111 2505 2170 benda
2529 2125 2595 2171 ex
2623 2114 2764 2172 libro
2789 2108 3062 2172 de'Pattio
3086 2158 3102 2185 ,
3141 2130 3247 2189 quo
3289 2115 3619 2174 existimavit
3664 2128 3833 2191 Opere
3869 2119 3923 2176 id

2328 2207 2575 2279 apposite
2592 2207 2764 2264 evinci
2793 2218 2972 2279 posse.

2396 2298 2461 2372 Si
2484 2296 2644 2369 hanc,
2667 2312 2828 2372 quam
2855 2310 2922 2357 ex
2942 2292 3085 2358 Viris
3112 2294 3286 2358 dontis
3313 2294 3583 2370 dedimus,
3611 2298 3926 2360 Tertulliani

2327 2386 2616 2464 imaginem
2655 2405 3002 2464 spectemus,
3048 2395 3214 2466 Quaeri
3239 2404 3360 2451 cum
3400 2390 3672 2452 nonnullis
3709 2406 3920 2468 potest,

2328 2478 2451 2555 plus
2473 2497 2544 2541 ne
2587 2485 2849 2556 profuerit
2895 2486 3212 2551 nocueritne
3251 2486 3518 2561 Religioni
3542 2492 3597 2546 et
3622 2483 3926 2547 Ecclesiae?

2329 2570 2607 2647 majorane
2634 2574 2828 2633 damna
2850 2577 3094 2635 intulerit
3117 2573 3397 2648 Ecclesiae,
3432 2596 3500 2637 an
3526 2592 3655 2638 vero
3683 2594 3927 2639 commo-

2328 2664 2439 2723 da?
2470 2667 2663 2739 plusne
2690 2668 2957 2741 vituperio
2981 2712 2995 2737 ,
3021 2680 3089 2726 an
3114 2669 3275 2729 laude
3300 2666 3496 2744 dignus
3524 2670 3597 2730 sit
3623 2673 3926 2731 Censendns

2329 2752 2735 2817 Tertullianus?
2773 2758 2843 2819 Ut
2889 2761 3036 2818 varia
3080 2759 3187 2818 hac‘
3210 2761 3278 2819 de
3305 2770 3366 2820 re
3407 2764 3687 2823 doctorum
3725 2764 3926 2837 judicia

2328 2859 2474 2918 sunt,
2500 2850 2573 2907 ita
2599 2852 2870 2924 quidpiam
2892 2851 3251 2912 determinare
3268 2854 3467 2928 oppido
3486 2852 3704 2914 difﬁcile
3730 2867 3833 2924 ρει,
3861 2872 3926 2915 ac

2326 2941 2827 3002 delicatumJudice
2844 2956 3022 3002 tamen
3036 2947 3432 3019 elegantissimo
3441 2948 3808 3008 Schroeckltio
3818 2951 3865 3024 (l
3879 2952 3923 3023 ),

2330 3032 2375 3090 si
2404 3036 2525 3106 ejus
2548 3035 2892 3110 (Tertulliani
2917 3036 3148 3109 scilicet)
3180 3038 3378 3111 scripta
3405 3040 3794 3112 interrogemus
3812 3084 3828 3110 ,
3868 3042 3927 3100 in

2329 3127 2446 3199 ejus
2489 3126 2610 3185 fere
2673 3127 2912 3186 faverem
2956 3128 3084 3187 licet
3127 3132 3475 3204 respondere.
3505 3132 3740 3190 Montani
3776 3134 3925 3193 enim

2330 3230 2566 3288 errores,
2609 3230 2835 3292 quorum
2878 3221 3170 3280 Patr-onum
3213 3225 3436 3297 egebat,
3486 3239 3594 3282 non
3633 3224 3925 3286 admodum

2331 3309 2632 3368 Ecclesiam
2659 3307 3039 3385 oppugnabant
3057 3358 3074 3386 ,
3098 3315 3270 3374 multo
3291 3316 3467 3375 minus
3489 3316 3809 3377 Citrisﬁanm
3830 3336 3925 3379 re-

2330 3400 2542 3474 ligionis
2568 3403 2913 3463 fundamenta
2938 3407 3274 3479 avertebant,
3304 3408 3400 3467 sed
3420 3424 3487 3467 ex
3514 3406 3727 3470 fervore
3746 3412 3928 3485 potius

2329 3495 2559 3567 quidam
2598 3498 2814 3569 pietatis
2856 3500 3056 3570 nimio,
3103 3501 3329 3558 rationis
3368 3502 3759 3562 discessionem
3804 3502 3924 3577 ple-

2329 3600 2557 3662 rumque
2577 3590 2884 3661 abjiciente,
2913 3585 3243 3661 oriebantur;
3274 3593 3383 3651 imo
3420 3604 3475 3652 et
3510 3596 3568 3651 iu
3608 3596 3692 3653 bis
3736 3595 3925 3654 defen-

2329 3679 2521 3737 dandis
2548 3692 2580 3737 a
2610 3680 2742 3738 Fide
2768 3683 3747 3758 catitoiica,symboloqueApostolico
3763 3686 3919 3758 nihil,

2329 3782 2423 3827 aut
2446 3778 2593 3829 certe
2613 3782 2722 3828 non
2751 3773 2979 3830 multum
3009 3774 3337 3833 discedebat.
3366 3773 3509 3846 Quid
3548 3790 3679 3849 ergo
3717 3776 3927 3835 Monta‘

2330 3863 2484 3920 nisls:
2511 3864 2802 3936 appellatio
2831 3865 2951 3938 plus
2980 3866 3123 3924 illius
3149 3866 3305 3924 tanta:
3350 3878 3574 3937 noceat,
3620 3876 3779 3941 quam
3821 3867 3927 3927 alia

2330 3966 2571 4016 veterum
2598 3958 2814 4016 Patrum
2855 3969 3031 4017 errata
3059 3962 3366 4019 auctoribus
3393 3962 3532 4019 suis?
3566 3963 3705 4019 inter
3735 3963 3925 4020 Secta-

2331 4051 2442 4108 rios
2471 4052 2748 4109 meliorem
2770 4052 2985 4125 quidem
3017 4053 3286 4111 Vilm'suat
3310 4065 3515 4127 partem
3537 4055 3665 4128 egit,
3691 4070 3798 4113 non
3826 4054 3927 4111 ita-

2330 4144 2423 4202 bet
2454 4146 2631 4203 tamen
2662 4144 2903 4204 Ecclesia
2931 4156 2994 4204 ea
3023 4143 3183 4204 aetate
3212 4147 3394 4205 Virum
3415 4189 3431 4217 ,
3459 4162 3617 4220 quem
3648 4148 3775 4206 huic
3799 4153 3931 4205 crus

2331 4236 2555 4320 ditione,
2584 4248 2640 4297 et
2664 4241 2874 4298 meritis
2898 4240 3197 4313 comparet.
3236 4240 3352 4297 Imo
3407 4254 3515 4298 non
3553 4254 3742 4314 parum
3791 4254 3922 4323 pro-

2330 4329 2499 4391 fuisse
2549 4331 2832 4392 catholicis
2883 4333 3279 4391 Tertullia’uum
3326 4334 3491 4391 etiam
3548 4332 3927 4393 biontanis’tam

2329 4426 2583 4497 arbitror,
2633 4438 2738 4484 non
2781 4425 2956 4483 solum
2985 4425 3126 4497 quod
3169 4426 3283 4484 suis
3325 4425 3600 4482 invectivis
3639 4436 3825 4482 eorum
3869 4428 3927 4484 in

629 4537 678 4584 et
701 4528 746 4584 si
759 4529 868 4600 ejus
893 4528 1115 4587 dictione
1138 4532 1291 4598 dura,
1321 4541 1366 4588 el
1391 4536 1499 4609 ejus
1508 4512 1687 4593 saculi
1700 4539 1836 4597 vitiis
1849 4512 1916 4596 ab
1930 4557 1990 4597 eo
2013 4512 2226 4618 legendo

2328 4518 2537 4591 agendo
2554 4518 2891 4591 prudentiam
2916 4525 3170 4583 acueret,
3202 4515 3318 4618 sed
3333 4514 3475 4618 quod
3512 4524 3607 4574 eos
3643 4519 3931 4618 columem

622 4621 840 4697 fuissent
893 4621 1181 4679 deterritus.
1237 4622 1423 4681 Verum
1462 4627 1579 4699 jam
1631 4626 1721 4684 diu
1771 4640 1877 4700 est,
1930 4635 2066 4705 quod
2113 4653 2228 4692 eum

632 4713 806 4786 magni
824 4713 982 4785 facio,
1014 4724 1061 4771 el
1090 4717 1316 4787 quamvis
1337 4718 1498 4791 spinis
1523 4720 1587 4776 sit
1611 4721 1803 4779 obsitus
1831 4735 1879 4780 et
1898 4726 2077 4796 tristis,
2102 4727 2228 4785 mihi

638 4822 740 4861 non
787 4807 984 4863 videtur
1010 4810 1344 4882 injucundus.
1374 4811 1442 4869 In
1470 4815 1579 4888 ejus
1612 4817 1815 4888 scriptis
1844 4819 2045 4892 nigrum
2073 4822 2227 4894 illud,

634 4897 698 4983 de
736 4913 834 4969 quo
875 4908 1016 4957 vetus
1042 4911 1193 4973 poeta
1219 4906 1393 4975 canit,
1422 4906 1549 4963 mihi
1574 4910 1796 4965 occurrit
1826 4909 2015 4979 lumen,
2040 4924 2089 4969 et
2119 4916 2228 4983 eius

633 5005 775 5061 teque
801 5006 880 5046 me
896 4992 1048 5064 juvat
1071 4995 1369 5064 obscuritas,
1398 5013 1459 5054 ac
1476 5000 1682 5057 nitentis
1704 5002 1846 5059 ebeni
1864 5013 1913 5059 et
1933 5004 2221 5077 fabrefacti.

632 5079 719 5138 Ila
743 5096 940 5156 semper
963 5082 1115 5152 sensi,
1164 5096 1220 5141 ut
1248 5089 1509 5161 Africana:
1545 5092 1743 5164 fornae,
1797 5093 1914 5152 licet
1960 5113 1993 5153 a
2040 5099 2226 5155 nostris

630 5175 899 5244 abtadant,
928 5186 1095 5233 tamen
1122 5193 1219 5233 sua
1247 5194 1349 5235 non
1391 5193 1563 5238 carent
1593 5187 1940 5256 amabilitate,
1971 5199 2016 5245 et
2042 5200 2096 5246 ut
2123 5207 2228 5248 non

632 5284 825 5341 paucas
851 5267 1018 5328 Italas
1063 5270 1350 5329 obscurauit
1389 5273 1714 5348 Sapltonisbe
1732 5321 1748 5347 ,
1778 5281 1852 5338 sic
1884 5283 2117 5354 ejusdem
2140 5301 2227 5341 re-

631 5361 796 5433 gionis
823 5362 1031 5436 ingenia
1059 5379 1173 5420 cum
1202 5382 1297 5421 sua
1335 5377 1511 5424 extera
1552 5370 1755 5442 placent
1804 5374 2089 5445 eloquentia
2110 5418 2125 5443 ,
2179 5385 2229 5433 et

631 5455 751 5509 huic
772 5455 945 5525 plures
982 5455 1238 5516 Ciceronis
1276 5460 1555 5519 imitatores
1584 5474 1908 5536 postponam.
1957 5465 2226 5524 Delicatis-

630 5547 772 5604 simis
799 5550 1070 5621 fateamur,
1103 5561 1150 5606 et
1173 5553 1376 5624 quidem
1403 5556 1593 5628 slglum
1615 5574 1722 5615 esse
1747 5564 1986 5632 ferreum,
2010 5573 2064 5617 at
2083 5566 2227 5622 nobis

628 5652 824 5712 quoque
847 5640 1124 5711 fateantur,
1151 5659 1215 5699 ex
1228 5645 1326 5701 hoc
1342 5645 1479 5716 ferro
1500 5649 1686 5706 eximia
1706 5666 1819 5708 eum
1838 5668 1987 5711 arma
2001 5656 2224 5731 audisse,

692 5843 765 5915 (ι)
800 5845 1008 5902 Vmcent
1028 5846 1270 5905 Lirinens.
1296 5852 1663 5925 Commomtor.,
1692 5873 1799 5927 cap.
1825 5860 1999 5920 XVIII.

2330 4612 2470 4670 datis
2512 4620 2662 4668 tanto
2701 4609 2896 4667 ardore
2939 4608 3227 4665 severioris
3274 4605 3493 4666 Etbices
3535 4608 3813 4683 principiis
3858 4610 3928 4669 ab

2330 4704 2537 4761 lusibus
2565 4700 2867 4774 allegoricis
2896 4702 2948 4757 in
2978 4699 3307 4773 exponenda,
3336 4699 3612 4774 Scriptura
3651 4714 3824 4771 sacra,
3871 4710 3929 4760 et
4008 4740 4019 4748 .

2330 4794 2621 4867 ingeniosis
2641 4792 2797 4850 ‘circa
2836 4790 3024 4850 Fidem
3056 4791 3443 4864 quaestionibus
3480 4793 3623 4851 inter
3660 4808 3758 4851 eos
3798 4794 3928 4851 hinc

2332 4889 2456 4945 inde
2484 4886 2696 4960 agitatis
2720 4885 2791 4943 ad
2819 4901 2906 4943 res
2931 4884 3091 4958 longe
3116 4885 3361 4943 utiliores
3383 4895 3654 4944 avocaret.
3676 4884 3784 4943 Nec
3798 4899 3929 4944 vero
4036 4908 4045 4918 ο

2331 4994 2451 5053 qua:
2477 4978 2756 5055 scriptoris
2786 4978 2946 5051 hujus
2983 4988 3109 5036 sunt
3161 4977 3287 5035 vitia
3312 4977 3455 5050 (huic
3494 4981 3638 5037 enim
3673 4991 3784 5036 non
3828 4993 3927 5052 po-

2332 5073 2430 5129 tuit
2456 5083 2564 5129 non
2596 5070 2844 5144 prodere,
2888 5072 2982 5143 qui
3024 5069 3080 5127 in
3114 5070 3304 5128 alienis
3330 5069 3643 5143 detegendis
3684 5064 3928 5127 refutan-

2329 5165 2519 5238 disqnc
2542 5172 2691 5222 tanta
2732 5164 2833 5221 fuit
2868 5163 3210 5222 inclementia
3236 5164 3506 5235 versatus)
3541 5160 3776 5219 Virtutes
3803 5162 3923 5234 ejus

2329 5259 2467 5314 adeo
2494 5256 2811 5330 conspicuas
2830 5255 3142 5313 obscurant.
3164 5252 3373 5326 Scripta
3390 5253 3510 5326 ejus
3528 5253 3688 5326 plena
3712 5253 3927 5313 indiciis

2328 5348 2520 5407 fervidi
2544 5349 2904 5424 probandique
2927 5348 3112 5417 animi,
3130 5362 3231 5405 suo
3248 5362 3311 5404 se
3330 5349 3489 5420 genio
3509 5345 3885 5419 distinguentis
3906 5362 3922 5413 ;

2330 5445 2492 5504 modo
2538 5446 2761 5504 animus‘
2793 5442 3142 5500 vehementer
3176 5441 3442 5514 assurgit,
3488 5440 3651 5498 modo
3692 5438 3924 5512 quadam

2329 5544 2476 5602 velut
2497 5540 2814 5621 aegritudme
2841 5540 3141 5598 demittitur
3160 5580 3175 5606 ,
3207 5547 3262 5596 et
3289 5537 3450 5595 anxie
3476 5535 3664 5609 serpit,
3693 5534 3925 5608 propriis
3990 5568 3999 5574 -

2330 5636 2560 5695 inventis
2587 5645 2643 5693 et
2662 5633 2980 5709 cogitatibus
3028 5628 3308 5690 abundans
3338 5672 3354 5700 ,
3406 5642 3532 5686 raro
3583 5627 3819 5696 sedatus,
3863 5626 3920 5683 in

2322 5796 3073 5929 ιοῐξιιξᾶοῇὶίῧῧ-δξίίὴτοεη.
3098 5792 3227 5852 Hist.
3252 5791 3440 5848 Bedes.
3466 5790 3713 5845 Theotisca
3731 5787 3929 5855 script,
