4242 6266
1228 440 1320 499 AC
1360 436 1707 498 DOCTlllNA
1744 430 2184 494 SCRIPTORUM
2223 431 2709 492 TERTULLIANI.
3571 427 3645 492 94

362 560 654 620 exultando
682 574 894 634 quoque
932 557 1220 616 subtristis.
1245 558 1548 628 Apparatus
1590 551 1904 608 eruditionis
1929 591 1944 615 ,
1973 550 2029 612 Δ
2053 562 2118 603 ac
2145 547 2294 603 lusus
2333 549 2618 605 verborum
2658 548 2845 603 inanes
2870 544 3256 602 Tertullianum
3285 542 3480 615 ubique
3523 557 3648 615 pro-

351 674 510 731 quam
541 657 790 722 ubertim,
825 664 1054 726 apteque
1080 652 1193 707 suis
1216 650 1469 721 inspersit
1488 648 1642 714 locis,
1669 643 1948 712 multiplex

351 767 458 807 non
489 751 608 806 sine
639 749 928 821 legentium
961 759 1156 816 sapore
1197 751 1357 815 atque
1401 741 1765 796 emolumento
1808 736 1944 790 ima-

351 844 569 918 ginandi
590 845 688 908 vis,
716 843 892 914 ampla
912 849 1071 911 atque
1089 846 1345 910 prognata
1367 835 1490 891 inde
1517 833 1713 906 ingenii
1736 831 1946 886 ubertas

354 953 415 994 se
454 935 687 1008 undique
725 949 820 1005 per
856 932 1152 1014 exquisitas
1181 929 1568 1002 cogitationes,
1595 934 1778 981 acutas
1819 938 1946 978 sen-

356 1029 570 1092 tentias,
604 1026 865 1097 imagines
895 1017 1278 1086 vivacissimas,
1310 1035 1406 1091 per
1437 1019 1655 1074 festivos
1684 1016 1824 1071 sales
1847 1056 1864 1081 ,
1891 1019 1946 1068 et

355 1119 637 1176 mordaces
661 1117 1056 1180 cavillationes,
1089 1126 1357 1183 omneque
1386 1109 1634 1166 dictionis
1653 1121 1822 1180 genus
1842 1104 1924 1160 dif
1928 1133 1947 1145 -

356 1213 614 1279 fundunt;
645 1211 728 1266 his
744 1208 1083 1266 facultatibus
1115 1206 1306 1277 raptim
1343 1214 1399 1260 et
1438 1203 1646 1258 turbate
1679 1200 1950 1255 multaties

356 1307 566 1379 agitatis
587 1305 844 1377 judicium
868 1317 976 1358 non
1008 1300 1176 1357 semel
1195 1298 1451 1369 cespitat;
1479 1294 1618 1350 unde
1649 1293 1764 1364 ejus
1791 1307 1949 1363 argu-

355 1410 535 1460 menta
575 1397 878 1470 splendoris
907 1411 972 1451 ac
1006 1394 1234 1467 speciosi
1262 1393 1504 1457 multum,
1537 1388 1792 1461 ponderis
1819 1401 1948 1441 vero

355 1501 413 1550 et
438 1492 599 1549 solidi
628 1506 772 1561 sirpe
802 1504 989 1560 parum
1015 1487 1230 1542 habent.
1257 1484 1314 1539 In
1341 1485 1502 1539 rebus
1521 1483 1682 1539 etiam
1710 1480 1949 1537 minimis

351 1584 684 1641 exardescit.
715 1583 916 1637 Praeter
955 1580 1255 1634 facilitatem
1296 1576 1597 1647 quibusque
1639 1575 1948 1629 narratiun-

355 1677 497 1733 culis
513 1673 858 1738 asseritiet'idi,
884 1671 1020 1726 haud
1055 1669 1416 1740 infrequentcr
1444 1682 1532 1721 res
1572 1668 1796 1723 veritate
1834 1682 1949 1721 ma-

350 1771 502 1840 jores
538 1766 923 1835 contemplatur
963 1773 1054 1817 aut
1093 1763 1243 1833 fingit
1268 1805 1282 1829 ,
1333 1762 1588 1816 lectorem
1630 1760 1807 1830 potius
1835 1760 1950 1830 ipse

355 1861 611 1930 abreptus
653 1871 831 1913 secum
877 1855 1053 1924 rapit,
1101 1869 1261 1924 quam
1302 1852 1513 1908 ratione
1542 1852 1593 1906 in
1621 1867 1745 1906 suas
1770 1862 1948 1922 partes

2050 641 2204 696 dunt.
2251 642 2382 710 Quae
2433 642 2620 698 sedeat
2667 643 2931 698 sententia
2983 641 3036 695 in
3088 649 3268 695 mente
3305 637 3644 704 Tertulliani,

2050 736 2229 793 verbis
2257 738 2471 810 quidem
2502 737 2922 809 exprimit,-sed
2951 736 3193 793 obscuris
3221 736 3356 791 adeo
3377 775 3391 801 ,
3426 743 3487 790 ut
3512 750 3646 790 con-

2046 829 2298 900 jectando
2325 833 2502 902 petitis
2525 873 2539 900 ,
2567 848 2726 904 quam
2771 831 2938 902 probe
2967 830 3340 903 perspiciendo
3380 838 3600 884 eruatur
3629 845 3645 883 :

2051 925 2225 980 rarius
2273 925 2489 992 dubita,
2538 941 2671 996 quas
2722 925 2789 980 ad
2835 939 2894 980 se
2941 921 3389 978 manifestandum
3434 921 3644 991 selegit,

2047 1016 2279 1088 phrases
2337 1017 2496 1088 plene
2538 1026 2933 1088 penetrantur;
2980 1027 3086 1070 non
3138 1014 3407 1070 immerito
3450 1013 3502 1068 in
3545 1013 3648 1068 hoc

2051 1108 2357 1178 earpendus
2379 1147 2394 1175 ,
2422 1107 2565 1179 quod
2595 1109 2837 1164 studiose
2863 1107 3127 1178 cogitatus
3156 1120 3283 1162 suos
3325 1104 3560 1159 tenebris
3584 1117 3648 1159 ac

2051 1200 2337 1256 verborum
2371 1201 2660 1256 involucris
2687 1211 2925 1256 contexe'
2945 1202 3000 1254 "..
3043 1200 3241 1254 Verum
3269 1197 3461 1268 (Edipi
3501 1196 3649 1252 labo-

2052 1309 2141 1350 res
2169 1293 2309 1350 haud
2347 1310 2478 1351 sane
2507 1297 2690 1352 inanes
2719 1307 2877 1350 erunt
2903 1335 2917 1359 ,
2947 1295 3036 1365 qui
3064 1293 3313 1349 solertius
3337 1293 3459 1364 styli
3491 1290 3649 1360 hujus

2053 1393 2336 1461 aenigmata
2365 1392 2754 1462 pervestigarit.
2789 1390 3013 1445 Dubiam
3039 1430 3052 1454 ,
3085 1403 3245 1458 quam
3289 1387 3401 1441 suis
3437 1385 3650 1454 scriptis

2052 1485 2289 1555 aspergit
2318 1485 2554 1547 Auctor,
2583 1483 2755 1538 lucem
2791 1490 3104 1551 compensat
3135 1481 3289 1550 cppia
3318 1487 3371 1532 ct
3407 1477 3652 1531 ubertate

2051 1577 2335 1631 veritatum
2378 1569 2512 1644 quas
2563 1574 2797 1630 sollicito
2836 1572 3122 1628 scrutatori
3163 1571 3381 1640 detegit.
3423 1571 3648 1638 Oquam

2048 1669 2316 1740 jucundus
2343 1668 2448 1725 erit
2464 1678 2687 1724 conatus
2708 1667 3038 1737 antiquitatis
3059 1664 3300 1720 studioso
3321 1663 3436 1718 huic
3454 1663 3650 1732 scripta

2049 1763 2367 1827 meditanti,
2419 1775 2486 1818 ex
2524 1761 2742 1818 cumulo
2771 1761 3057 1816 verborum
3086 1773 3314 1829 operose
3353 1767 3539 1813 coacto
3582 1756 3650 1810 ad

2056 1853 2372 1926 peniliorem
2421 1865 2603 1909 rerum
2647 1853 3006 1923 cognitionem
3067 1852 3410 1920 pertingere,
3447 1858 3501 1902 et
3543 1863 3651 1903 non

358 1953 562 2008 invitat.
609 1951 818 2022 Smpius
839 1964 996 2020 quam
1024 1959 1112 2002 res
1136 1945 1278 2001 mide
1309 1943 1548 1999 docenda
1569 1955 1659 1998 aut
1683 1942 1950 2012 probanda
1979 1921 2026 1980 Β
2056 1963 2178 2004 raro
2207 1948 2258 2002 in
2301 1947 2459 2002 unico
2486 1959 2653 2018 prope
2693 1921 2914 2000 verbulo
2942 1945 3148 1999 acutius
3175 1942 3492 2012 investigato
3518 1955 3655 2010 prin-

360 2041 935 2117 postulat,ealamistris
947 2048 1002 2094 et
1017 2036 1594 2094 cincinnisdclectatur
1619 2033 1780 2088 Multa
1792 2035 1950 2089 etiam

360 2141 545 2197 durius
560 2135 1034 2209 etsignificantius,
1069 2147 1230 2204 quam
1265 2130 1489 2200 intelligi
1524 2129 1770 2194 voluerit,
1802 2128 1952 2182 dicit.

363 2233 602 2290 Grmcam
619 2229 1012 2303 philosophiam
1033 2226 1277 2298 apprime
1295 2224 1541 2287 callebat;
1565 2223 1630 2278 ab
1643 2223 1760 2294 ejus
1778 2232 1952 2278 tamen

365 2343 464 2383 usu
501 2341 601 2378 non
646 2332 847 2379 tantum
876 2315 1025 2387 odio,
1063 2333 1170 2390 quo
1225 2318 1371 2372 velut
1414 2317 1680 2372 luerosum
1728 2325 1954 2371 matrem

366 2422 506 2476 inter
523 2415 855 2472 Christianos
887 2411 1302 2475 condemnabat,
1333 2408 1429 2464 sed
1458 2416 1512 2463 et
1543 2406 1722 2462 indole
1747 2405 1908 2461 animi
1937 2448 1952 2473 ,

362 2511 569 2568 tardam
597 2517 654 2564 et
677 2509 746 2563 ab
773 2504 1035 2561 adamatis
1061 2500 1462 2573 evagationibus
1500 2499 1720 2554 liberam
1751 2497 1957 2569 cogita-

365 2607 562 2660 tionem
609 2599 952 2657 abhorrentis
984 2639 998 2663 ,
1036 2595 1290 2651 abstinuit
1320 2636 1336 2659 ,
1384 2591 1525 2647 unde
1553 2601 1607 2647 et
1643 2591 1818 2646 minus
1847 2591 1955 2646 fre-

363 2707 624 2770 quenter,
674 2696 956 2763 minusque
1005 2689 1272 2753 feliciter,
1332 2701 1489 2757 qnam
1528 2684 1643 2756 ejus
1693 2683 1960 2755 capacitas

367 2793 608 2859 ferebat,
633 2785 1125 2860 pbilosophabatur.
1170 2782 1264 2837 llis
1292 2791 1466 2836 tamen
1507 2779 1644 2834 haud
1674 2777 1960 2850 impeditus

367 2885 484 2951 fuit,
508 2898 613 2954 quo
644 2881 823 2936 minus
848 2875 1136 2933 Christiani
1183 2873 1414 2928 nominis
1453 2878 1508 2927 et
1531 2867 1824 2940 Religionis
1849 2868 1962 2925 exi-

367 2979 506 3033 mins
550 2975 808 3030 adversus
851 2969 1052 3027 Gentes
1101 2966 1386 3037 Apologeta
1435 2961 1705 3020 evaderet.
1754 2962 1811 3016 In
1852 2961 1962 3016 suis

363 3070 601 3142 scriptis,
624 3069 670 3122 si
699 3081 895 3138 [raucas
915 3061 1171 3135 quasdam
1196 3059 1294 3115 sibi
1323 3055 1620 3130 peculiares
1644 3053 1959 3118 sententias,

367 3179 541 3235 neque
580 3160 841 3232 gravioris
893 3155 1149 3212 momenti
1182 3195 1197 3221 ,
1242 3167 1306 3207 ac
1349 3149 1644 3220 praesertim
1684 3148 1963 3203 decantata

367 3256 604 3314 Montani
631 3254 876 3322 dogmata
900 3249 1136 3319 excipias
1155 3287 1170 3312 ,
1199 3261 1384 3317 puram
1414 3246 1610 3313 passim
1639 3256 1759 3296 cum
1790 3240 1968 3310 gravi-

375 3359 483 3403 tate
515 3347 699 3402 Fidem
726 3343 1076 3409 Catholicam,
1099 3343 1302 3410 absque
1324 3335 1628 3393 artificiosis
1653 3331 1969 3402 eXplieatio-

379 3441 536 3496 nibus
555 3481 570 3506 ,
593 3450 646 3493 et
665 3435 1003 3506 comparandi
1032 3431 1305 3494 formulis,
1334 3443 1468 3499 quas
1498 3424 1741 3482 nonnulli
1769 3424 1966 3478 Docto-

377 3548 497 3589 rum
539 3531 809 3599 hucusque
849 3527 1102 3582 adliibere
1150 3523 1327 3578 conati
1373 3521 1519 3575 fuere
1545 3561 1564 3585 ,
1601 3515 1866 3589 proponit.
1913 3515 1968 3570 ln

373 3639 585 3680 morum
630 3620 864 3678 doetrina
888 3660 904 3685 ,
934 3618 1022 3673 ubi
1053 3628 1160 3671 tam
1191 3614 1500 3685 frequenter
1530 3612 1579 3665 iu
1611 3610 1843 3680 rigorem
1869 3607 1967 3663 de-

370 3718 557 3785 flectit,
587 3724 785 3787 quanto
811 3714 1080 3778 severior,
1111 3719 1259 3766 tanto
1286 3723 1430 3778 saepe
1471 3705 1830 3776 priestantior.
1858 3703 1970 3758 Suo

363 3824 603 3880 namque
650 3805 944 3878 Religionis
993 3801 1369 3874 promovenda:
1424 3798 1617 3853 ardore
1680 3797 1968 3868 legentium

370 3903 580 3958 animos
610 3898 911 3965 succendit,
953 3905 1008 3952 ct
1029 3908 1322 3967 generosos
1372 3893 1426 3946 in
1473 3901 1624 3945 actus
1653 3890 1965 3944 inflammat.

372 3985 939 4061 Quzestiones'autem,
963 3999 1017 4044 et
1040 3987 1366 4043 asscrtiones
1398 3983 1626 4038 Morales
1657 3989 1801 4036 tanta
1830 3980 1883 4034 vi
1908 3995 1972 4036 ac

367 4089 538 4160 gratia
569 4095 858 4158 pertractat
887 4091 947 4138 ut
973 4081 1170 4137 erranti
1205 4079 1360 4136 facile
1402 4079 1682 4149 ignoscas,
1723 4077 1973 4145 frequens

373 4175 427 4228 in
454 4185 726 4228 sacrarum
754 4170 1052 4225 litterarum
1101 4182 1197 4222 usu
1218 4205 1234 4232 ,
1263 4180 1362 4220 nec
1391 4163 1636 4219 indoctus
1661 4161 1970 4217 earumdem

373 4267 661 4336 interpres,
693 4264 788 4320 sed
836 4277 1024 4334 parum
1063 4261 1325 4332 ingenuus
1345 4297 1361 4325 ,
1392 4272 1609 4312 suarum
1641 4264 1822 4326 utpote
1852 4255 1972 4324 opi-

368 4361 594 4427 nionum
625 4375 692 4416 ex
715 4359 902 4416 iisdem
929 4357 1310 4413 eliciendarum
1345 4355 1464 4425 plus
1488 4367 1645 4424 aequo
1676 4351 1970 4408 studiosus.

372 4457 434 4513 In
469 4456 616 4512 falsis
643 4453 954 4511 doctoribus
979 4462 1033 4508 et
1059 4451 1375 4523 Christiana:
1403 4448 1660 4504 doctrina:
1685 4455 1972 4514 corrupto-

379 4553 526 4607 ribus
568 4547 926 4620 reprimendis
979 4545 1272 4600 acerrimus
1315 4542 1526 4598 Athleta
1552 4579 1566 4604 ,
1621 4539 1710 4609 qui
1755 4537 1975 4593 eosdem

2055 2043 2229 2096 claras
2257 2042 2510 2095 veritates
2557 2040 2841 2110 relegere!
2883 2037 3226 2106 Quantopere
3268 2033 3471 2089 abludit
3525 2031 3655 2087 Ter-

2053 2136 2308 2190 tullianns
2333 2150 2363 2187 a
2395 2132 2758 2201 Scriptoribus
2785 2145 2890 2185 non
2931 2129 3118 2200 paucis
3143 2170 3158 2194 ,
3188 2128 3277 2198 qui
3319 2125 3526 2196 turgida
3556 2138 3654 2180 sua

2055 2227 2270 2282 dicendi
2314 2224 2570 2280 methodo
2597 2265 2612 2292 ,
2645 2224 2933 2279 verborum
2977 2222 3188 2276 nonnisi
3233 2219 3488 2291 proﬂuvia
3537 2218 3658 2273 fuu-

2055 2318 2226 2385 dunt,
2259 2327 2314 2374 et
2338 2327 2522 2373 casses
2551 2331 2716 2372 nuces
2745 2315 3038 2371 lectoribus
3077 2313 3143 2368 ad
3188 2311 3458 2368 fastidi-um
3490 2323 3657 2380 usque

2061 2412 2365 2481 porrigunt.
2397 2409 2540 2477 Quot
2569 2409 2771 2464 interea
2815 2409 3014 2462 Auctor
3051 2416 3234 2460 noster
3257 2403 3658 2460 difficultatibus

2057 2514 2250 2570 scatet,
2273 2504 2674 2574 cultoribusque
2689 2502 2800 2556 suis
2817 2501 3099 2556 lectionem
3123 2498 3298 2554 reddit
3321 2496 3652 2568 impeditam,

2059 2605 2141 2652 tot
2161 2597 2558 2653 ammnitatibus
2585 2613 2616 2650 e
2642 2604 2829 2651 contra
2859 2602 2984 2649 sunt
3021 2591 3263 2662 ejusdem
3298 2590 3416 2646 libri
3455 2589 3657 2653 referti,

2058 2696 2118 2742 et
2143 2689 2402 2743 varietate
2423 2701 2486 2742 ac
2511 2685 2713 2741 selectu
2735 2683 3122 2740 sententiarum
3160 2697 3225 2737 ac
3249 2681 3532 2738 veritatum
3560 2681 3662 2736 uti-

2061 2781 2144 2837 les
2187 2781 2359 2850 magis
2402 2789 2565 2850 atque
2607 2777 2852 2848 jucundi.
2899 2777 3100 2832 Praiter
3139 2775 3282 2831 enim
3332 2772 3663 2829 Eruditionis

2061 2875 2435 2930 reeonditioris
2452 2873 2755 2940 thesauros,
2782 2870 3025 2927 invenies
3053 2871 3106 2925 in
3126 2868 3245 2940 ejus
3270 2869 3484 2938 scriptis
3512 2865 3662 2923 Fidei

2064 2967 2386 3024 Christiana:
2408 3001 2425 3034 ,
2450 2965 2749 3036 disciplima
2772 2965 3164 3020 Ecelcsiasticae
3179 3003 3195 3029 ,
3220 2961 3664 3017 cieremoniarum

2065 3059 2118 3115 in
2151 3060 2296 3114 cultu
2340 3058 2523 3114 divino
2571 3057 2884 3112 usitatarum
2918 3096 2935 3121 ,
2987 3056 3395 3124 impetuumque
3437 3067 3466 3105 a
3506 3051 3666 3106 seetis

2068 3152 2336 3208 bareticis
2363 3152 2415 3205 in
2445 3149 2745 3205 doctrinam
2767 3147 3088 3202 catholicam
3117 3145 3384 3200 factorum
3404 3183 3418 3205 ,
3461 3156 3525 3196 ac
3559 3142 3668 3195 lue-

2071 3247 2360 3301 retieorum
2402 3245 2486 3298 sui
2540 3242 2638 3297 aevi
2663 3241 2976 3311 opinionum
3004 3238 3398 3294 enarrationem
3428 3234 3562 3289 adeo
3589 3235 3669 3289 in-

2067 3352 2300 3411 genuam
2323 3380 2337 3403 ,
2365 3336 2704 3408 perspicuam
2728 3373 2742 3400 ,
2773 3343 2828 3388 et
2853 3331 3144 3404 jucundam
3165 3370 3180 3396 ,
3211 3330 3423 3400 qualem
3472 3326 3670 3382 frustra
3749 3389 3756 3391 ἒ

2070 3433 2162 3487 illa
2190 3439 2348 3486 atate
2375 3430 2445 3485 ab
2492 3429 2611 3483 aliis
2635 3425 3028 3496 expectaveris.
3072 3421 3182 3479 Nec
3208 3429 3291 3477 est
3316 3462 3332 3487 ,
3359 3419 3501 3492 quod
3542 3435 3672 3474 eon-

2071 3525 2336 3580 fusionem
2366 3520 2705 3577 Montanismi
2741 3518 2994 3591 (propria
3019 3531 3132 3571 suae
3169 3511 3458 3585 opinionis)
3484 3522 3538 3567 et
3561 3511 3670 3567 Ca-

2069 3614 2382 3678 tliolicismi,
2414 3620 2470 3668 ut
2515 3613 2585 3667 ita
2624 3612 2820 3673 dicam,
2852 3617 3096 3672 metuas,
3127 3607 3217 3677 qui
3264 3606 3552 3661 multorum
3590 3611 3673 3658 est

2071 3706 2376 3778 scrupulus,
2409 3720 2535 3759 nam
2568 3703 2715 3758 illum
2747 3702 2800 3756 in
2827 3700 3014 3771 paucis
3038 3740 3055 3766 ,
3088 3698 3357 3768 rebusque
3380 3693 3673 3752 levioribus

2071 3798 2348 3870 professus
2372 3805 2455 3854 est
2475 3839 2490 3864 ,
2521 3811 2620 3852 nec
2645 3809 2768 3850 suas
2798 3793 3079 3869 opiniones
3103 3806 3133 3845 a
3157 3788 3428 3845 communi
3454 3796 3676 3842 senten-

2075 3893 2145 3946 tia
2165 3888 2508 3946 diseernendi
2529 3887 2703 3942 media
2729 3900 2830 3942 nos
2850 3883 3122 3940 deficiunt.
3151 3882 3342 3936 Parum
3365 3887 3674 3934 accuratam

2074 4001 2196 4041 esse
2217 3984 2366 4039 aiunt
2393 3981 2631 4036 nonnulli
2656 3980 2772 4050 ejus
2799 3978 2868 4035 de
2893 3976 3270 4034 Gnosticorum
3298 3972 3576 4028 erroribus
3600 3970 3672 4024 ob

2073 4074 2363 4132 Orientalis
2419 4071 2785 4141 Philosophiae
2853 4068 3211 4139 ignorantiam
3259 4064 3672 4126 recensionem;

2075 4170 2170 4225 sed
2198 4169 2247 4225 id
2279 4185 2384 4225 non
2414 4169 2544 4223 satis
2573 4166 2804 4236 ingenue
2839 4162 3100 4219 creditur.
3133 4161 3182 4214 Is
3202 4200 3217 4226 ,
3251 4160 3343 4230 qui
3373 4167 3518 4213 tanta
3546 4155 3672 4212 dili-

2071 4263 2252 4333 gentia
2283 4271 2338 4316 et
2363 4261 2612 4316 acumine
2648 4259 2701 4313 in
2748 4257 2942 4311 horum
2973 4254 3189 4324 scriptis
3227 4261 3346 4307 erat
3385 4256 3670 4312 versatus;

2076 4354 2124 4411 is
2146 4395 2160 4420 ,
2191 4367 2300 4424 quo
2340 4366 2498 4408 nemo
2526 4351 2741 4407 uberius
2769 4349 2978 4403 illorum
3005 4358 3220 4402 errores
3244 4343 3608 4406 discusserat,
3633 4339 3680 4394 is

2077 4445 2269 4500 borum
2317 4445 2597 4515 ignorasse
2637 4442 2900 4511 originem
2943 4436 3232 4495 credatur?
3261 4435 3422 4506 Atqui
3450 4429 3680 4487 absurda

2079 4538 2297 4592 illorum
2319 4537 2669 4607 opinameuta
2696 4549 2763 4591 ex
2807 4530 3149 4601 Philosophia
3188 4526 3498 4583 Griecauica
3526 4523 3682 4576 unice

380 4644 563 4699 innato
585 4643 748 4696 animi
779 4642 1000 4709 impetu,
1031 4636 1248 4708 capitali
1273 4635 1416 4701 odio,
1443 4633 1680 4689 dicteriis
1699 4643 1752 4688 et
1772 4647 1976 4702 oppro-
1999 4658 2054 4718 Β
2079 4632 2308 4696 derivat,
2342 4627 2746 4684 concedendum
2773 4640 2902 4695 ergo
2929 4623 3107 4692 potius
3131 4660 3145 4684 ,
3179 4618 3320 4672 hunc
3347 4618 3546 4671 fontem
3573 4627 3682 4668 non

379 4735 508 4792 briis
530 4734 746 4792 homine
772 4733 972 4789 liberali
997 4745 1182 4802 parum
1204 4729 1396 4800 dignis,
1427 4721 1738 4798 persecutus
1761 4733 1865 4782 est.
1895 4724 1972 4779 Ad

379 4847 474 4887 eos
497 4829 704 4886 fortiter
728 4839 889 4900 atque
910 4825 1057 4882 Omni
1079 4840 1150 4883 ex
1179 4833 1329 4894 parte
1358 4820 1725 4886 debeitandos,
1753 4817 1978 4874 insuetis

380 4926 547 4980 utitur
574 4919 980 4993 argumentandi
1005 4919 1126 4975 telis
1154 4955 1170 4982 ,
1210 4933 1330 4988 qua:
1379 4925 1554 4971 tamen
1582 4915 1838 4985 pleraque
1866 4928 1974 4966 non

382 5017 654 5073 incassum
683 5015 900 5077 emissa,
924 5011 1160 5083 graviter
1183 5009 1489 5064 vulnerant.
1517 5007 1704 5078 Stylus
1733 5007 1847 5076 ejus
1872 5006 1976 5058 du-

381 5112 558 5166 ritiem
577 5109 856 5180 plusquam
875 5106 1198 5174 Africanam,
1216 5111 1272 5158 et
1291 5102 1334 5156 si
1356 5109 1605 5156 accurate
1621 5099 1751 5153 velis
1771 5083 1974 5164 dicere,

383 5203 796 5259 Tertullianeam
844 5198 1070 5255 redolet.
1120 5197 1175 5251 lu
1229 5194 1409 5251 verbis
1449 5191 1785 5262 amplitudini
1829 5199 1884 5245 et
1928 5189 1979 5244 vi

388 5299 712 5368 cogitatuum
746 5291 1190 5364 reapoudentibus
1215 5288 1409 5358 ubique
1439 5284 1685 5340 Auctoris
1709 5283 1980 5353 singulare

381 5389 619 5445 studium
651 5393 892 5459 apparet.
921 5384 1061 5440 idem
1085 5381 1240 5447 ideis,
1270 5378 1527 5435 vocabula
1556 5376 1830 5431 vocabulis
1853 5389 1982 5429 con-

384 5484 683 5540 dcnsantur
704 5519 722 5549 ,
751 5489 810 5534 ut
844 5494 876 5535 e
903 5477 1154 5533 dictionis
1186 5473 1514 5530 obscuritate
1560 5482 1669 5524 non
1715 5467 1816 5522 nisi
1857 5481 1982 5522 raro

387 5576 745 5649 perspicuitas
763 5619 779 5642 ,
803 5583 860 5630 et
887 5573 1149 5629 duntaxat
1172 5567 1316 5624 velut
1344 5564 1525 5637 fulgur
1547 5578 1578 5619 e
1608 5561 1843 5617 tenebris
1861 5573 1978 5615 res-

391 5669 661 5740 plendeat.
702 5667 876 5723 Voces
916 5664 1172 5722 obsoleta
1195 5703 1210 5722 .
1243 5669 1335 5716 aut
1384 5673 1522 5714 nove
1565 5655 1812 5712 confictae
1843 5695 1858 5720 ,
1888 5662 1981 5710 aut

390 5760 672 5828 aﬂectatae,
695 5758 1122 5816 constructiones
1142 5754 1426 5810 verborum
1448 5764 1674 5823 asperae,
1697 5747 1981 5804 abusione:

389 5854 552 5908 varia:
575 5893 591 5920 ,
620 5852 790 5924 stylus
819 5849 1150 5919 inaequaliter
1179 5846 1352 5901 fluens
1377 5886 1392 5911 ,
1423 5843 1689 5900 condensa
1722 5840 1978 5907 brevitas,

385 5942 990 6016 audacesmetapliorae,
1021 5937 1225 6013 frigidae
1249 5936 1530 5996 sententiae
1551 5977 1567 6006 ,
1595 5942 1651 5994 et
1675 5931 1908 5994 antitltes
1920 5945 1980 5993 es

2081 4724 2247 4778 fuisse
2273 4721 2536 4777 duntaxat
2565 4717 2962 4788 philosophiam
3006 4707 3364 4767 Orientalem.
3413 4706 3683 4760 Praeterea

2084 4814 2445 4871 Tertulliauns
2474 4811 2759 4867 latinitatis
2790 4803 3185 4862 Ecclesiasticze
3208 4813 3305 4854 seu
3333 4796 3602 4853 sermonis
3628 4796 3682 4852 in

2083 4905 2319 4979 publicis
2339 4903 2600 4961 Ecclesia:
2629 4899 2857 4969 negotiis
2897 4894 3083 4952 usitati
3113 4902 3299 4948 auctor
3328 4889 3464 4957 fuit,
3495 4890 3548 4944 in
3578 4902 3684 4958 quo

2078 5015 2202 5057 eum
2231 4997 2426 5053 veteris
2452 4994 2589 5050 Latii
2616 4990 2890 5048 vacabulis
2925 4996 2981 5044 et
3032 4985 3316 5042 sententiis
3365 4991 3538 5039 nova!
3561 4992 3614 5037 et
3653 4994 3684 5034 a

2079 5091 2402 5151 Christianis
2423 5086 2779 5163 dogmatibus,
2809 5081 3082 5147 Personis,
3111 5088 3166 5135 et
3189 5073 3685 5133 Con-suetudinibus

2077 5189 2379 5256 desumpta:
2405 5183 2658 5238 notiones
2700 5179 2996 5250 junguntur
3032 5217 3048 5241 ,
3097 5174 3222 5227 licet
3266 5169 3334 5226 ab
3365 5165 3682 5224 orthodoxis

2079 5291 2194 5336 suae
2221 5275 2588 5335 communioni
2615 5288 2719 5330 non
2741 5271 2902 5327 fuerit
2923 5273 3307 5325 annumeratus
3328 5303 3343 5327 ,
3361 5261 3480 5332 ejus
3505 5269 3684 5314 tamen

2080 5373 2387 5445 ingenium,
2417 5368 2730 5441 stylumque
2755 5365 2955 5435 passim
2981 5356 3466 5420 commendabant,
3496 5368 3686 5424 queui-

2079 5483 2190 5538 que
2219 5468 2358 5521 inter
2399 5460 2774 5519 Occidentales
2816 5457 2889 5511 illi
2933 5461 3214 5526 aequarent
3236 5489 3252 5515 ,
3285 5448 3553 5503 habebant
3591 5460 3688 5501 ne-

2084 5560 2307 5615 miuem.
2346 5557 2464 5613 Non
2513 5554 2683 5610 multo
2712 5557 2835 5622 poet
2863 5547 3186 5619 Cyprianus,
3212 5542 3351 5597 inter
3391 5538 3684 5610 Episcopus

2085 5649 2491 5712 celeberrimus,
2513 5662 2573 5702 se
2594 5656 2855 5714 suamque
2877 5638 3176 5696 orationem
3195 5634 3408 5706 penitus
3433 5631 3500 5686 ad
3527 5629 3687 5698 hujus

2083 5742 2373 5800 dictionem
2407 5737 2635 5804 eliinxit,
2665 5733 2808 5806 quod
2835 5743 2891 5789 et
2917 5729 3101 5788 caeteri
3129 5727 3306 5783 minus
3348 5730 3536 5796 aperte
3563 5729 3685 5777 ten-

2084 5843 2284 5892 tarunt.
2335 5831 2570 5888 Montani
2604 5839 2782 5886 autem
2819 5824 3056 5881 factione
3083 5819 3347 5893 paulatim
3372 5814 3680 5883 deficiente,

2084 5929 2377 6004 periculum
2397 5939 2609 6000 quoque
2629 5938 2697 5983 ex
2717 5921 2860 5982 illius
2879 5917 3110 5978 lectione
3139 5913 3340 5975 sensim
3358 5919 3680 5972 evanescere
