4242 6266
585 431 658 490 95
1683 423 2132 483 DISSERTATIO
2173 423 2258 480 DE
2299 421 2484 479 VERA
2525 421 2780 477 {ETATE
2961 425 2965 430 '
3808 406 3878 464 96

581 545 766 616 erepit,
796 544 1026 599 maxime
1051 542 1121 597 ob
1149 540 1429 597 commoda
1463 553 1580 611 qua:
1633 539 1759 594 inde
1789 539 1988 594 hauriri
2019 548 2170 608 pote-

2287 570 2406 614 :om.
2437 557 2501 612 11.
2534 556 2689 626 chap.
2723 555 2838 623 28.)
2881 553 2946 609 ad
2993 548 3413 623 investigandam
3461 546 3578 619 ejus
3617 545 3875 602 librorum

576 647 700 696 rant
720 637 873 708 plane
902 635 1212 708 singularia.
1241 634 1734 690 Commentationes
1755 643 1810 688 et
1836 633 2171 703 interpreta-

580 729 757 786 tiones
778 730 896 797 ejus
918 728 969 782 in
997 738 1180 783 sacras
1206 728 1411 783 litteras
1431 727 1658 782 illustria
1682 736 1806 780 sunt
1829 734 2170 781 monumenta

580 821 648 878 ad
680 821 958 877 historiam
1004 820 1309 892 'l'heologize
1357 820 1573 875 Biblica:
1606 863 1620 886 ,
1654 820 2026 889 Exegesinque
2071 834 2174 873 sa—

577 927 762 978 cram;
809 910 904 967 sed
955 927 1060 967 non
1106 910 1224 967 sine
1270 910 1584 967 difﬁcultate
1627 911 1896 966 dirimitur
1923 909 2171 980 qumstio,

577 1015 835 1080 quantum
865 1006 955 1062 ille
986 1021 1115 1062 usus
1145 1006 1218 1061 sit
1245 1005 1687 1076 interpretatione
1727 1005 1888 1058 latina
1923 1003 2012 1057 illo
2041 1011 2175 1056 tem-

580 1116 716 1172 pore
763 1101 871 1170 jam
917 1101 1204 1156 existente.
1257 1099 1520 1155 Numerus
1578 1109 1630 1152 et
1681 1097 1906 1152 varietas
1951 1111 2172 1166 operum

582 1194 896 1250 Tertulliani
938 1208 1069 1248 sane
1095 1193 1326 1264 postulat
1353 1233 1368 1257 ,
1399 1202 1456 1246 ut
1481 1191 1566 1246 illa
1597 1202 1799 1246 certum
1842 1190 1893 1243 in
1930 1188 2173 1243 ordinem

580 1296 670 1340 aut
702 1286 904 1342 classes
945 1283 1159 1340 redacta
1205 1283 1638 1354 perpemlantnr;
1680 1283 1758 1336 sic
1797 1281 1960 1335 relate
1991 1279 2054 1334 ad
2089 1293 2176 1335 res

581 1393 714 1449 quas
742 1377 1037 1441 continent,
1066 1393 1160 1431 seu
1189 1377 1396 1432 ratiOne
1422 1375 1718 1446 argumenti
1764 1373 1905 1444 quod
1936 1381 2178 1442 pertrac-

583 1480 732 1538 tant,
763 1471 903 1525 illius
932 1470 1130 1541 scripta
1180 1469 1230 1524 in
1272 1477 1380 1524 tres
1405 1469 1605 1522 classes
1645 1465 1898 1534 distingui
1932 1473 2172 1533 possunt.

582 1561 761 1617 Prima
808 1561 1182 1632 complectitur
1228 1576 1328 1626 ea,
1361 1575 1480 1628 qua:
1519 1558 1778 1611 adversus
1823 1556 2077 1611 Ethnicos
2125 1563 2178 1610 ct

581 1654 817 1721 Judmos,
841 1653 1044 1724 juralos
1071 1653 1358 1723 Religionis
1378 1651 1579 1711 hostes,
1599 1650 1795 1715 scripta
1815 1647 1982 1711 fuere,
2003 1647 2180 1716 qualia

583 1755 728 1812 sunt,
758 1761 807 1800 e.
836 1761 906 1810 c.,
927 1744 1302 1816 Apologcticus,
1324 1743 1437 1797 libri
1465 1741 1550 1796 11.
1575 1742 1642 1795 ad
1666 1741 1933 1804 Nationes,
1957 1739 2089 1794 liber
2119 1739 2181 1794 de

583 1841 769 1895 anima:
793 1839 1125 1901 Testimonio,
1156 1838 1219 1893 ad
1253 1837 1533 1904 Scapulam
1559 1878 1572 1903 ,
1603 1844 1657 1890 et
1681 1834 1920 1889 adversus
1947 1831 2176 1886 Judwos.

584 1932 827 1990 Secunda
861 1949 978 2003 quae
1005 1943 1190 1988 contra
1223 1931 1532 1997 llaercticos,
1568 1938 1690 1999 puta
1732 1929 1868 1983 liber
1907 1927 1973 1982 de
2032 1926 2179 1981 Prce-
2210 1907 2257 1966 Β

583 2027 854 2097 scriptione
881 2025 1262 2090 Ilwreticormn,
1293 2024 1552 2080 adversus
1585 2021 1863 2087 Praxeam,
1901 2021 2181 2092 Hermoge-

585 2138 738 2185 nem,
783 2119 1204 2183 Valentinianos,
1253 2118 1602 2178 Marcionem,
1649 2116 1712 2169 de
1771 2115 1934 2170 Carne
1995 2113 2183 2168 Citriin

529 2232 533 2236 ·
586 2222 769 2269 contra
818 2212 1064 2280 Apellem,
1116 2211 1429 2266 Marcionem
1465 2220 1509 2265 ct
1543 2210 1886 2276 Valentinum,
1917 2208 1982 2264 de
2007 2209 2182 2263 carnis

587 2305 972 2361 Rcsurrectione
999 2313 1183 2360 contra
1231 2304 1543 2361 Saddum’os
1573 2313 1628 2359 et
1669 2302 1959 2356 llaereticos
1991 2301 2186 2356 Resur—

588 2399 886 2453 rcctionem
913 2407 1184 2464 negantes.
1218 2397 1494 2467 Scorpiace
1521 2407 1704 2451 contra
1736 2395 2020 2457 Gnosticos,
2051 2395 2185 2450 liber

588 2490 656 2546 de
677 2490 862 2544 Anima
887 2500 1072 2544 contra
1097 2487 1544 2558 PhilosOphorum
1571 2497 1625 2543 et
1651 2488 2035 2552 [hereticorum
2062 2503 2185 2541 sen-

590 2583 806 2639 tentias.
832 2583 1008 2639 Terlia
1033 2582 1180 2645 vero.
1204 2600 1322 2653 qua:
1343 2598 1464 2636 cum
1486 2581 1846 2652 disciplinam,
1873 2590 1979 2634 tum
2005 2594 2185 2635 mores

589 2687 826 2748 spectant
852 2695 867 2742 ;
902 2678 952 2732 in
984 2677 1083 2732 hac
1111 2677 1282 2732 classe
1311 2676 1512 2746 primus
1539 2675 1688 2729 locus
1714 2674 1942 2729 debetur
1970 2673 2096 2726 libro
2125 2673 2187 2726 de

591 2770 879 2840 Baptismo,
907 2771 1060 2839 cujus
1089 2786 1212 2840 pars
1247 2770 1393 2837 prior
1416 2768 1605 2837 dogma
1631 2766 1887 2823 adversus
1916 2765 2186 2835 Gajanitas

589 2862 658 2918 de
710 2863 964 2933 Baptismi
1019 2859 1338 2918 necessitate
1399 2877 1462 2915 ac
1517 2860 1750 2915 eflieacia
1818 2859 2182 2922 demonSIrat;

592 2954 861 3024 posterior
888 2953 1225 3024 disciplinam
1266 2952 1540 3008 describit.
1591 2951 1738 3006 Liber
1779 2952 1842 3006 de
1885 2951 2188 3005 Ptenitentia

592 3047 795 3118 primus
824 3054 909 3101 est
933 3062 1120 3102 eorum
1159 3046 1250 3117 qui
1279 3062 1428 3100 mere
1477 3046 1540 3098 ad
1569 3046 1994 3100 Ecclesiasticatn
2026 3043 2186 3098 disci-

589 3139 788 3210 plinam
817 3148 1080 3209 spectant.
1106 3139 1253 3194 Liber
1270 3140 1334 3194 de
1359 3139 1602 3193 Oratione
1627 3138 1813 3206 partim
1832 3137 1897 3191 de
1921 3136 2180 3204 lauribus,

589 3232 782 3302 partim
809 3230 877 3287 de
902 3231 1181 3301 disciplina
1207 3231 1337 3300 agit.
1365 3231 1478 3286 llnc
1509 3239 1752 3301 spectant
1782 3231 1940 3283 etiam
1968 3229 2183 3283 Tracta-

591 3332 676 3378 tus
701 3319 770 3378 de
798 3321 1128 3385 Idololatria.
1159 3323 1226 3378 de
1253 3322 1472 3384 Corona.
1497 3321 1564 3378 de
1598 3320 1768 3393 Fuga,
1798 3320 1864 3376 de
1895 3319 2085 3383 Pallio,
2118 3319 2186 3375 de

591 3415 930 3481 Spectaculis,
953 3415 1019 3470 de
1040 3413 1192 3469 Cultu
1214 3424 1258 3468 et
1281 3415 1454 3469 habitu
1481 3414 1831 3480 Feminarum,
1850 3413 1916 3467 de
1947 3411 2188 3466 Velandis

599 3504 890 3576 Virginibus
915 3547 930 3569 ,
971 3504 1038 3560 de
1070 3504 1328 3558 Patientia
1355 3549 1366 3568 ,
1399 3505 1464 3559 ad
1512 3505 1772 3575 Martyres
1797 3546 1810 3566 ,
1843 3505 1905 3557 ad
1942 3503 2184 3559 Umorem.

591 3596 780 3651 llahita
828 3611 958 3690 vero
1006 3597 1211 3650 ratione
1256 3597 1322 3652 ad
1375 3596 1626 3653 Criticem
1673 3613 1735 3650 ac
1773 3597 2186 3667 Chronologiam

590 3691 825 3762 quinque
869 3689 1103 3759 Operum
1132 3690 1336 3744 classes
1367 3689 1678 3743 statuendus
1719 3705 1839 3744 esse
1877 3690 2052 3760 capite
2096 3705 2186 3744 se-

591 3785 776 3854 quenti
827 3783 1162 3838 docebimus.
1210 3781 1452 3837 Notanda
1493 3783 1726 3852 denique
1771 3783 1931 3836 etiam
1966 3782 2189 3837 veniunt

591 3874 908 3931 Tertulliani
937 3889 1100 3945 opera
1144 3885 1329 3929 contra
1364 3873 1654 3928 Eeclesiam
1685 3875 1879 3944 scripta
1913 3889 2006 3942 pro
2035 3873 2188 3926 Mon-

592 3967 842 4033 tanistis,
889 3964 1049 4034 hujus
1090 3965 1305 4036 generis
1359 3981 1581 4019 munero
1628 3973 1855 4033 quatuor
1903 3964 2186 4033 habentur,

588 4057 844 4112 nimirum
877 4057 1011 4112 liber
1048 4055 1120 4110 de
1144 4055 1405 4110 Pudicitia
1429 4097 1444 4122 ,
1475 4055 1540 4110 de
1584 4055 1912 4128 Manogann‘a
1933 4099 1946 4123 ,
1983 4055 2187 4110 Exhor-

593 4150 718 4204 tatio
748 4149 817 4203 ad
851 4150 1131 4204 castitatem
1156 4191 1170 4213 ,
1199 4159 1252 4204 et
1277 4148 1560 4203 Tractatus
1587 4149 1649 4202 de
1663 4149 1904 4219 jejuniis.

667 4241 743 4296 De
783 4251 1025 4310 tempore
1051 4252 1211 4312 atque
1251 4240 1441 4295 ordine
1463 4283 1476 4303 ,
1508 4257 1614 4310 quo
1646 4242 1696 4294 in
1733 4240 2017 4295 exarandis
2044 4255 2191 4295 emn-

590 4333 1012 4388 mentationibus
1060 4334 1172 4387 suis
1223 4347 1351 4386 usus
1389 4346 1470 4387 est
1506 4332 1850 4387 Tcrtullianus
1877 4375 1892 4398 ,
1927 4333 2090 4386 multa
2121 4333 2189 4388 ab

591 4423 982 4479 Eruditissimis
1013 4424 1153 4479 Viris
1175 4423 1551 4494 disputantur;
1584 4441 1682 4478 nec
1711 4425 1837 4479 licet
1868 4425 2013 4478 litem
2052 4425 2188 4479 hanc

591 4518 660 4572 ita
692 4517 980 4582 decidere,
1024 4529 1080 4572 ut
1120 4519 1300 4572 omnia
1353 4519 1482 4572 liant
1528 4519 1683 4588 plana
1715 4529 1873 4590 atque
1917 4528 2184 4574 accurata.

2274 657 2484 704 mtatcm
2516 648 2655 701 vires
2685 663 2806 700 suas
2828 655 2880 700 et
2911 644 3144 698 studium
3169 640 3560 712 impenderunt.
3585 636 3691 693 Sed
3718 652 3874 690 nemo

2277 741 2685 806 lelicius,indicc
2705 739 2786 794 Cl.
2807 739 2891 794 Jo.
2921 737 3101 792 Matth.
3133 733 3494 796 Schroerkltio,
3521 731 3624 786 hoc
3653 745 3875 784 munere

2277 828 2486 891 functus
2513 843 2614 897 est,
2650 848 2807 903 quam
2840 831 2920 885 Cl.
2950 830 3034 885 Jo.
3070 829 3340 897 Augustus
3371 823 3603 878 Noesselt
3637 821 3876 877 Theoloo

2276 929 2377 998 gite
2411 921 2605 983 Dector
2651 937 2701 981 et
2735 924 3013 980 Professor
3045 921 3289 991 publicus
3316 916 3629 974 Ordinarius
3657 915 3707 970 in
3736 915 3875 968 Aca-

2279 1019 2450 1074 demia
2482 1017 2696 1074 Halensi
2721 1014 2860 1071 edita
2888 1013 3251 1084 disputatione
3280 1025 3420 1064 anno
3456 1008 3611 1063 1757.
3657 1005 3734 1061 De
3762 1022 3877 1060 vera

2279 1119 2425 1165 (etate
2450 1127 2508 1164 ac
2538 1109 2769 1162 doctrina
2793 1107 3095 1176 scriptorum
3117 1119 3228 1171 quia
3250 1085 3517 1170 supersunt
3547 1099 3612 1167 Q.
3643 1098 3879 1169 Septimii

2282 1200 2610 1263 Tertulliani,
2645 1209 2805 1269 atque
2833 1196 3164 1251 rmcndalius
3199 1186 3518 1262 t‘eimpressa
3566 1190 3710 1245 llala~
3738 1189 3880 1260 Mag-

2280 1293 2581 1363 deburgica:
2610 1305 2750 1344 anno
2795 1289 2948 1344 l768.
2975 1303 3132 1358 quam
3166 1295 3275 1340 tttm
3325 1284 3395 1338 ob
3433 1298 3582 1337 suatn
3613 1291 3878 1352 prtestan-

2283 1387 2449 1448 tiam,
2489 1395 2597 1438 tum
2631 1384 2698 1437 oh
2726 1382 2998 1436 raritatem
3032 1379 3260 1451 (integro
3291 1377 3432 1431 enim
3465 1375 3576 1428 fere
3606 1387 3747 1426 anno
3789 1373 3877 1427 Bi-

2283 1476 2545 1546 bliopolas
2596 1474 2788 1545 passim
2839 1472 3028 1528 litteris
3068 1481 3163 1540 pro
3211 1484 3274 1524 ea
3324 1467 3452 1522 mihi
3497 1465 3877 1534 comparanda,
3943 1515 3966 1531 _

2281 1567 2597 1623 adhortatus
2622 1609 2635 1630 ,
2667 1564 2880 1618 tandem
2910 1563 3072 1616 multa
3102 1559 3359 1614 industria
3391 1557 3669 1626 exemplar
3695 1565 3880 1610 nactus

2281 1660 2436 1732 sum)
2467 1661 2818 1715 litteratorum
2885 1655 3023 1710 haud
3085 1653 3324 1724 ingratiis
3369 1651 3455 1706 hic
3494 1647 3880 1721 subjiciendam

2283 1753 2486 1808 statuit.

2853 1881 3242 1942 ARTICULUS
3283 1880 3343 1935 Il.

2339 2022 2415 2078 De
2442 2021 2581 2077 libris
2611 2015 2946 2083 Tertulliani,
2974 2031 3187 2087 quorum
3215 2023 3262 2068 ct
3289 2023 3411 2068 a'tas
3439 2021 3486 2066 et
3515 2011 3831 2067 Ortliodoxia

2927 2139 3181 2184 εοηειαηι.

2747 2267 2774 2337 §
2829 2267 2879 2321 1.
2911 2295 2981 2305 -—
3007 2265 3158 2318 Ratio
3223 2263 3458 2318 instituti.

2365 2406 2942 2480 Postquam,depulsis
2979 2404 3271 2475 superiocis
3317 2402 3576 2457 barbarici
3621 2401 3877 2465 tenebris,

2289 2505 2442 2560 bonis
2464 2502 2669 2556 artibus
2692 2513 2850 2570 atque
2875 2498 3174 2568 disciplinis
3199 2498 3418 2567 pristina
3445 2497 3706 2567 elegantia
3729 2496 3883 2550 resti-

2291 2608 2398 2653 tuta
2453 2576 3010 2666 iuit,.cmperuntque
3071 2592 3454 2664 prmlruntibns
3505 2591 3660 2645 annis
3704 2591 3882 2645 omnia

2287 2683 2582 2746 litterarum
2632 2705 2826 2760 genera
2883 2688 3069 2757 majori
3117 2687 3316 2740 lmnine
3361 2685 3663 2740 collustrari
3716 2703 3728 2738 :
3777 2701 3880 2738 non

2287 2783 2574 2839 defuerunt
2602 2798 2792 2851 magno
2832 2789 2885 2835 et
2927 2779 3205 2835 excellenti
3246 2778 3459 2848 ingenio
3503 2778 3633 2842 viri,
3668 2775 3758 2848 qui
3787 2791 3884 2832 nec

2289 2887 2402 2930 arte
2426 2875 2602 2944 longa,
2630 2890 2726 2928 nec
2749 2872 2995 2926 maximis
3017 2871 3419 2925 difﬁcultatibus
3442 2870 3701 2934 deterriti,
3726 2869 3884 2940 quid-

2288 2966 2411 3036 quid
2442 2965 2712 3020 industria:
2744 2974 2952 3034 poterat
2982 2963 3248 3032 impendi,
3281 2961 3346 3015 ad
3379 2961 3743 3015 illustrandum
3775 2975 3885 3016 cce-

2291 3069 2372 3112 tus
2398 3057 2690 3113 Christiani
2729 3057 3002 3111 historiam
3035 3057 3396 3111 contulerunt.
3440 3055 3675 3125 Nntnque
3706 3053 3756 3108 hi
3781 3096 3796 3119 ,
3826 3062 3886 3109 ut

2288 3159 2442 3204 cram
2481 3149 2530 3202 in
2577 3165 2636 3202 ea
2681 3149 2986 3212 sententia,
3031 3147 3232 3217 absque
3279 3158 3512 3202 veterum
3559 3145 3881 3214 scriptorum

2288 3257 2473 3296 severa
2520 3241 2778 3304 lectione,
2811 3256 2982 3310 neque
3025 3239 3315 3294 litterarum
3362 3237 3638 3309 elegantia:
3661 3279 3674 3302 ,
3709 3253 3884 3308 neque

2290 3333 2388 3386 arti
2419 3332 2554 3386 bene
2580 3342 2932 3400 accurateque
2963 3313 3246 3394 sentiendi,
3282 3345 3452 3401 neque
3487 3330 3614 3399 ipsis
3645 3330 3884 3385 sanctio-

2290 3427 2437 3480 ribns
2463 3425 2761 3494 disciplinis
2791 3426 2919 3478 satis
2959 3439 3114 3494 posse
3145 3425 3389 3488 consuli;
3433 3425 3503 3478 ita
3536 3424 3768 3479 maxime
3795 3440 3886 3478 cx-

2290 3516 2568 3572 cuticndos
2599 3517 2888 3582 credebant
2916 3532 3007 3571 eos
3036 3557 3050 3580 ,
3083 3532 3309 3584 quormn
3339 3515 3566 3571 lectione
3599 3529 3886 3585 perSpexe~

2290 3621 2410 3664 rant
2465 3611 2630 3679 ipsius
2684 3609 2942 3664 doctrina:
3007 3608 3409 3680 disciplinaeque
3459 3607 3884 3662 Christianorum

2291 3701 2692 3772 intelligentiam
2752 3701 3037 3770 plttrimum
3103 3699 3339 3769 adjuvari
3392 3715 3569 3770 posse.
3635 3701 3774 3765 Sed,
3832 3707 3888 3752 ut

2293 3794 2527 3862 ipsorum
2561 3802 2882 3862 temporum,
2915 3793 2982 3845 ita
3010 3792 3169 3846 etiam
3193 3787 3502 3860 opinionum
3532 3799 3613 3844 est
3643 3788 3884 3860 qna-dam

2293 3884 2636 3939 vicissitudo:
2669 3886 2783 3938 haec
2811 3901 2872 3939 ex
2904 3885 3219 3954 antiquitate
3247 3882 3484 3952 sapiendi
3539 3883 3672 3936 ratio
3705 3881 3888 3952 paula-

2293 3975 2386 4028 tim
2419 3975 2557 4044 apud
2593 3991 2687 4028 nos
2718 3974 2910 4028 adduci
2960 3975 3122 4043 C(Bpil
3153 3975 3204 4028 in
3231 3981 3620 4042 cnntemptnm,
3656 3971 3888 4026 tnaxime

2293 4081 2413 4121 cmn
2437 4068 2735 4128 extiterint,
2765 4067 2853 4137 qui
2888 4077 3166 4136 propterei
3225 4065 3364 4135 quod
3415 4065 3529 4118 solo
3553 4079 3713 4118 sensu
3739 4079 3886 4118 com-

2239 4206 2241 4208 .
2294 4158 2461 4220 nruni,
2482 4174 2508 4210 a
2531 4158 2767 4227 patrihus
2786 4159 2923 4212 velm
2944 4157 3254 4212 h.-ru‘dilale
3271 4157 3650 4218 relicto,virum
3671 4155 3886 4211 doctum

2293 4250 2583 4305 credebant
2615 4249 2754 4304 efﬁci
2785 4295 2794 4313 ,
2833 4250 2992 4304 modo
3025 4251 3065 4302 ῖς
3095 4260 3233 4304 esset
3266 4237 3550 4302 adstrictus
3581 4249 3890 4305 subtilitatis

2291 4343 2631 4412 geornetriczc
2673 4343 2898 4412 legibus,
2933 4342 3165 4396 instituet
3184 4351 3276 4394 unt
3307 4339 3614 4408 'l‘heologia:
3646 4339 3889 4395 tirocinia

2294 4435 2403 4503 ἰνειι
2434 4451 2532 4506 pro
2559 4434 2846 4503 Theologia
2890 4432 3120 4498 habere,
3153 4441 3207 4486 et
3233 4473 3246 4494 ,
3275 4429 3513 4484 contenti
3542 4429 3762 4484 scientia
3793 4443 3889 4484 sua

2292 4533 2400 4579 tam
2429 4539 2607 4592 parva,
2632 4533 2977 4578 contemnere
2999 4537 3113 4589 eos,
3138 4535 3361 4590 quorum
3382 4518 3552 4574 studia
3574 4528 3665 4574 aut
3687 4519 3889 4576 nullam

591 4609 793 4666 Prteter
819 4611 978 4677 alios,
1002 4627 1196 4681 Operas
1220 4626 1344 4666 snas
1369 4612 1433 4665 ad
1466 4611 1515 4666 id
1538 4612 1911 4677 contulerunt,
1939 4622 1999 4666 ut
2026 4613 2189 4668 libro-
2214 4644 2266 4702 ι)
2295 4617 2490 4672 habent
2519 4617 2768 4669 novitatis
2795 4615 3040 4680 formam,
3067 4625 3156 4668 aut
3184 4615 3499 4668 acerrimam
3531 4615 3728 4685 ingenii
3757 4631 3889 4670 con-

591 4720 732 4770 rum,
761 4721 896 4775 quos
923 4704 1273 4760 Tertullianus
1300 4707 1619 4776 composuit,
1654 4715 1707 4760 et
1735 4707 1969 4778 reliquit,
2002 4717 2189 4763 anates

592 4797 925 4867 indagarent,
945 4813 1008 4853 ex
1031 4797 1454 4854 Protestantibus
1476 4797 1686 4854 Samuel
1711 4797 1998 4870 Basnagius
2019 4799 2183 4867 (Sam.

592 4887 846 4958 Basnag"
869 4891 1064 4943 Annal.
1098 4891 1304 4961 politiae
1343 4890 1636 4944 Ecclesiast.
1664 4933 1679 4954 ,
1707 4901 1834 4944 tom.
1867 4890 1924 4944 ll.
1955 4908 2004 4961 p.
2035 4891 2189 4960 215.)

591 4989 647 5034 et
687 4979 874 5034 Petrus
913 4981 1134 5035 Allixins
1167 4984 1334 5053 (Petr.
1369 4984 1533 5044 Alix.,
1571 4982 1835 5038 Dissertat.
1881 4984 1944 5037 tle
1989 4983 2102 5037 Vita
2144 4993 2191 5038 et

594 5072 816 5142 Scriptis
839 5071 1184 5140 Tertulliani,
1226 5091 1344 5145 cap.
1384 5075 1471 5138 IV,
1502 5091 1650 5147 seqq.
1672 5118 1686 5143 ,
1717 5091 1834 5146 pag.
1863 5075 2010 5145 28.),
2038 5077 2191 5144 cujus

591 5162 1008 5234 Chronologiam
1043 5166 1286 5235 proxime
1312 5167 1378 5220 ad
1411 5169 1688 5223 veritatem
1717 5167 1973 5222 accedere
1988 5168 2193 5238 judicat

592 5255 735 5313 Guil.
755 5257 944 5312 Caveas
962 5256 1128 5329 (Guil.
1146 5257 1333 5324 Cave.,
1362 5256 1497 5312 Hist.
1518 5259 1754 5325 litterar.,
1779 5271 1907 5314 tom.
1931 5259 1973 5314 1.
1999 5275 2050 5330 p.
2071 5258 2187 5332 92.)

592 5362 641 5404 et
674 5351 789 5421 ipse
824 5352 1066 5409 ordinem
1090 5395 1106 5419 ,
1139 5353 1205 5407 ab
1232 5368 1298 5408 co
1321 5353 1656 5424 designatum
1681 5397 1697 5420 ,
1732 5356 1785 5409 in
1813 5355 2191 5410 enumerandis

594 5443 678 5498 his
717 5443 867 5499 libris
897 5447 1162 5516 prmeipue
1191 5445 1434 5517 sequitur
1465 5487 1479 5511 ,
1515 5447 1585 5500 ita
1620 5457 1794 5502 tamen
1824 5488 1839 5511 ,
1869 5455 1924 5501 ut
1955 5448 2006 5501 in
2053 5463 2189 5501 non-

592 5537 753 5593 nullis
779 5538 847 5592 ah
879 5539 968 5594 illo
995 5540 1291 5596 dissentiat.
1323 5541 1403 5596 Ex
1426 5541 1718 5598 Catholicis
1756 5543 2104 5598 Sebastianus
2140 5543 2190 5598 le

590 5631 746 5695 Nain,
779 5633 1134 5690 Tillemontius
1173 5639 1190 5704 (
1215 5637 1520 5701 Tillemont,
1564 5637 1866 5703 Memoires,
1918 5649 2050 5695 tom.
2097 5639 2187 5693 111.

592 5738 644 5791 p.
675 5723 800 5778 500.
828 5736 882 5780 et
911 5727 1077 5790 sniv.,
1105 5726 1234 5783 édit.
1269 5727 1336 5781 de
1363 5728 1620 5792 Bruxell.,
1651 5730 1853 5801 “52.),
1888 5731 2048 5786 Ellies
2082 5730 2190 5784 Du-

589 5814 738 5881 pinus
766 5815 894 5884 (EII.
928 5817 1119 5885 Dupin,
1147 5817 1494 5885 Bibliothéque
1520 5820 1607 5874 des
1629 5831 1851 5889 antcnrs,
1879 5829 2008 5876 tom.
2042 5821 2109 5891 l.)
2135 5832 2190 5878 et

591 5905 745 5964 “cmi
774 5905 976 5965 Ccillicr
1007 5908 1194 5978 (Remi
1223 5909 1476 5983 Ccillicr,
1511 5912 1644 5970 Hist.
1675 5917 1788 5984 gen.
1826 5917 1912 5972 (les
1949 5915 2185 5984 Auteurs,

2298 4709 2587 4763 tentionem
2645 4707 2990 4774 laboremque
3057 4707 3332 4778 requirunt
3382 4721 3689 4777 operosum.
3741 4707 3891 4763 Unde

2297 4798 2490 4852 factum
2523 4808 2624 4861 est,
2656 4805 2710 4850 nt
2733 4796 2893 4852 hodie
2921 4798 3188 4869 plerisque
3216 4797 3432 4853 sordeat
3459 4815 3618 4854 onme
3646 4799 3718 4864 id,
3749 4799 3890 4869 quod

2297 4891 2457 4946 habet
2485 4890 2715 4958 aliquam
2759 4900 2937 4945 notam
2969 4891 3302 4961 antiquitatis
3331 4934 3346 4958 ,
3384 4900 3438 4945 et
3462 4908 3580 4962 qua:
3617 4891 3681 4946 ad
3710 4907 3890 4946 sacra-

2294 5000 2410 5037 rqu
2450 4983 2782 5048 litterarum,
2835 4994 3077 5038 veterum
3112 4984 3325 5038 familia:
3355 4982 3672 5038 Christianae
3699 4983 3889 5036 docto-

2293 5093 2410 5131 rum
2438 5088 2492 5130 et
2533 5075 2773 5130 historia:
2815 5075 3133 5130 Christiana:
3167 5075 3568 5146 intelligentiam
3600 5075 3886 5144 pertinent,

2295 5184 2355 5223 ea
2379 5169 2688 5222 ductoribus
2715 5168 3049 5236 umbraticis,
3080 5183 3240 5238 quam
3269 5167 3636 5239 sagacioribus
3663 5165 3887 5222 videan-

2296 5269 2379 5314 tur
2405 5259 2670 5331 digniora.

2365 5352 2490 5406 llaec
2517 5352 2709 5422 szepius
2735 5359 2911 5405 mente
2939 5349 3260 5420 agitantibus
3282 5350 3458 5417 nobis,
3478 5350 3890 5422 dolentibusque

2293 5461 2411 5501 cum
2437 5447 2500 5500 iis
2519 5489 2534 5511 ,
2564 5446 2652 5516 qui
2679 5445 2870 5500 bonam
2903 5454 3132 5498 mentem
3157 5453 3369 5508 amant,
3418 5452 3718 5512 temporum
3761 5458 3888 5498 nos-

2295 5549 2496 5594 trorum
2530 5538 2916 5602 infelicitatem,
2948 5537 3117 5591 visum
3149 5545 3250 5599 est,
3283 5534 3475 5590 horum
3505 5537 3744 5591 mmulari
3771 5536 3892 5591 dili-

2293 5634 2525 5706 gentiam
2559 5633 2752 5704 potius,
2805 5647 2961 5702 quam
3009 5641 3328 5686 ca'tcrorum
3359 5629 3645 5684 obscuram
3672 5630 3889 5700 sapient-

2296 5731 2440 5783 tiam.
2477 5727 2556 5783 Ex
2579 5743 2684 5798 quo
2711 5727 2867 5798 igitur
2882 5727 3140 5796 cmpimns
3163 5724 3401 5794 cogitare
3420 5722 3486 5779 de
3512 5738 3596 5788 eo,
3629 5740 3736 5794 quo
3767 5739 3890 5794 pos-

2295 5836 2474 5874 semus
2503 5819 2787 5888 consequi,
2843 5827 2898 5871 ut
2926 5817 3124 5887 aliqttid
3154 5829 3533 5871 consecremus
3562 5813 3626 5869 ad
3658 5815 3885 5870 aliorum

2295 5913 2612 5979 utilitatem;
2645 5910 2885 5980 religioni
2913 5910 3062 5966 nobis
3084 5908 3352 5975 duximus,
3377 5907 3516 5975 viain
3547 5906 3696 5978 sequi
3721 5922 3888 5979 popu-
