4242 6266
326 239 395 297 97

1203 250 1292 306 AC
1332 250 1676 310 DOCTRINA
1713 248 2153 312 εριιιρτοῐιυιι
2191 252 2679 315 TERTULLIANI.

3550 261 3621 320 98

323 355 513 426 larem,
540 373 666 431 qua:
690 360 893 418 sensim
918 361 1076 420 ducet
1106 363 1322 422 nostros
1342 368 1606 423 homines
1632 367 1696 424 ad
1727 367 1933 423 barba»
1950 370 2002 429 Α
2029 370 2249 438 reperiri
2279 373 2489 440 potest,
2517 387 2615 427 nec
2635 378 2761 427 sunt
2787 370 2982 443 ubique
3001 371 3174 429 aetatis
3196 372 3457 432 librorum
3474 368 3619 432 'cer-

324 450 459 505 rictu
489 453 765 523 pristinam
786 499 800 523 ,
833 455 1233 530 repetc'ndaque~
1257 462 1561 531 putavimus
1587 462 1922 532 antiquitatis

326 544 499 599 studia
522 586 537 612 ,
567 563 684 617 qua:
719 564 841 604 cmn
871 566 1055 621 opera,
1098 554 1148 608 in
1178 552 1371 609 divinis
1395 554 1587 609 litteris
1619 555 1921 625 diligentius

326 636 567 692 colendis
594 656 622 691 a
645 641 800 697 nobis
825 643 1106 712 collocata,
1141 645 1399 716 majorem
1431 646 1664 717 aliquam
1690 645 1921 702 habeant

325 729 779 799 conjunctionem.
800 734 1112 806 Propterea,
1141 738 1284 803 cum,
1314 738 1489 810 quoad
1522 739 1918 805 licebat,’etiam

322 821 390 875 ad
432 822 791 894 antiquiorum
843 826 1100 885 Ecclesia:
1154 830 1457 887 Doctorum
1492 832 1667 887 libros
1706 833 1919 889 assidue

325 915 632 972 tractandos
660 919 900 974 animum
924 920 1285 991 adjunxissem
1315 939 1492 978 meum
1526 939 1541 978 :
1571 924 1766 996 dignus
1788 925 1916 980 mihi

326 1005 378 1060 in
406 1006 599 1092 primis
615 1008 977 1092 Tertullianus
992 1013 1290 1075 videbatur
1324 1056 1339 1083 ,
1366 1016 1518 1086 cujus
1542 1017 1737 1087 scripta
1758 1032 1916 1073 accu-

325 1108 438 1154 rata
489 1088 717 1158 lectione
742 1088 1116 1175 persequerer.
1164 1106 1404 1179 Namque
1427 1107 1770 1179 dubitovfere
1791 1151 1806 1175 ,
1848 1124 1914 1163 an

324 1194 443 1265 quis
469 1193 520 1248 iu
540 1197 855 1267 antiquitate
884 1199 1130 1256 universa
1157 1201 1228 1256 sit
1253 1216 1436 1257 eorum
1465 1244 1478 1264 ,
1511 1217 1543 1258 e
1563 1203 1752 1273 quibus
1783 1202 1927 1258 doc-t

326 1290 460 1344 trina
489 1306 772 1365 moresque
801 1303 1043 1350 veterum
1069 1294 1492 1351 Christianorum
1522 1296 1914 1367 possuntintel-

324 1380 436 1453 ligi,
464 1383 552 1454 qui
597 1398 719 1439 cum
756 1387 992 1441 maxime
1020 1386 1229 1457 ingenio
1274 1388 1525 1458 majurctn
1580 1389 1888 1460 conjuuxq‘j

324 1400 436 1453 ugt,
464 1400 552 1454 qut
597 1400 719 1439 cum
756 1401 992 1441 maxime
1020 1402 1229 1457 mgento
1274 1404 1525 1458 majorem
1580 1404 1810 1460 conjuux
1880 1400 1885 1402 '

322 1490 504 1533 rerqu
544 1477 845 1557 divinarum
893 1481 1344 1551 humanarmnque
1373 1483 1687 1549 scientiam,
1740 1400 1917 1553 ma?“

321 1583 548 1641 remque
577 1570 630 1625 in
677 1571 1085 1631 commentando
1135 1572 1481 1628 subtilitatem
1511 1574 1617 1645 (l).
1645 1574 1751 1629 Sed
1798 1573 1915 1644 ejus

322 1663 545 1732 quidem
597 1665 889 1735 scriptoris.
919 1680 1067 1719 usum
1114 1664 1167 1720 in
1199 1676 1439 1737 veterum
1483 1667 1912 1723 Christianorum

2027 463 2227 516 tissima
2253 461 2467 518 indicia.
2497 462 2627 518 Nam
2652 464 2695 518 si
2741 464 3042 535 diSputatur
3070 465 3137 521 de
3165 482 3231 522 eo
3259 509 3274 533 ,
3328 477 3505 524 utrum
3549 469 3620 525 sit

2025 553 2216 624 aliquis
2238 554 2548 610 Tertulliani
2582 555 2790 611 libellus
2817 565 2939 611 ante
2965 556 3196 628 scriptus
3216 600 3232 626 ,
3275 573 3434 630 quam
3465 557 3617 615 defe-

2023 646 2155 713 cerit
2179 647 2244 702 ad
2271 647 2712 705 Montanistarum
2742 649 3027 715 familiam,
3082 666 3149 705 au
3195 660 3409 721 postea;
3440 667 3502 708 ea
3530 667 3618 709 res

2022 735 2233 794 duobus
2255 740 2430 811 modis
2454 741 2802 812 intelligitur:
2839 742 2918 798 vel
2944 750 3007 797 ex
3027 741 3139 812 ipsa
3168 742 3286 798 libri
3314 752 3503 811 mtate,
3535 745 3618 801 vel

2022 844 2085 886 ex
2115 830 2201 898 iis,
2229 848 2348 901 qua:
2373 833 2423 887 iu
2446 835 2635 903 quovis
2664 834 2804 889 libro
2832 834 3174 889 continentur
3194 875 3209 901 ,
3262 833 3615 892 Mantauista-

2021 940 2140 979 rum
2172 925 2448 993 doctrinis.
2478 925 2584 982 Sed
2616 927 2712 981 ista
2738 926 2983 997 superior
3002 926 3141 982 ratio
3162 927 3425 999 triplicem
3456 927 3615 985 habet

2020 1016 2428 1076 dubitationem.
2453 1019 2585 1075 Nam
2617 1018 2812 1075 horum
2840 1018 3098 1075 librorum
3129 1020 3218 1074 alii
3251 1028 3361 1075 tam
3386 1034 3492 1075 non
3522 1034 3614 1076 os-

2019 1111 2244 1167 tendunt
2262 1112 2503 1184 qutedam
2523 1113 2678 1183 hujus
2699 1111 2774 1168 rei
2789 1112 3239 1185 vestigia,uta:tas
3255 1128 3440 1169 eorum
3460 1114 3615 1184 plane

2018 1207 2088 1260 sit
2123 1190 2489 1276 deSperanda;
2520 1207 2609 1261 alii
2637 1207 2709 1261 nil
2738 1206 2899 1262 nobis
2917 1207 3243 1275 relinquunt,
3272 1206 3374 1262 nisi
3404 1217 3461 1261 ut
3512 1206 3611 1263 de-

2020 1298 2340 1355 scendamus
2383 1300 2449 1355 ad
2479 1300 2740 1355 rationem
2773 1299 3186 1369 conjecturalem
3216 1341 3231 1365 ,
3269 1299 3500 1371 denique
3522 1299 3614 1355 alii

2017 1391 2146 1449 dant
2190 1392 2403 1463 quidem
2453 1393 2809 1464 suspicionem
2839 1400 3040 1449 certam
3070 1392 3187 1463 ejus
3231 1392 3350 1448 libri
3395 1402 3609 1448 aetatem

2019 1484 2371 1557 intelligendi,
2400 1484 2493 1540 sed
2524 1484 2623 1539 hoc
2645 1485 2897 1540 nimirum
2918 1494 3002 1563 est
3028 1474 3273 1550 dubium,
3303 1494 3482 1540 utrum
3511 1486 3609 1541 ista

2020 1586 2335 1647 tempestate
2383 1576 2494 1647 jam
2570 1576 2940 1635 Tertullianus
2991 1574 3178 1630 fecerit
3243 1575 3312 1630 ab
3372 1574 3613 1632 Ecclesia

2019 1669 2380 1725 secessionem
2408 1710 2420 1731 .
2442 1678 2533 1723 aut
2553 1667 2741 1723 eodem
2769 1709 2784 1733 .
2835 1666 2976 1727 unde
3000 1663 3341 1732 discesserat,
3366 1666 3610 1723 redierit.

320 1754 588 1815 institutis
627 1757 1011 1827 cognoscendis
1071 1760 1304 1815 maxime
1348 1759 1572 1830 impedit
1620 1760 1910 1829 dubitatio,
1944 1746 1991 1805 Β
2018 1760 2410 1821 Contraaltera
2437 1769 2649 1816 aetatem
2677 1758 2963 1821 definiendi
2987 1759 3155 1823 ratio,
3183 1766 3442 1829 praeterea
3466 1752 3611 1829 quod

319 1848 458 1903 sitne
486 1849 601 1917 quis
618 1848 735 1918 ejus
763 1849 899 1906 liber
926 1861 1035 1905 tum
1064 1852 1321 1923 scriptus,
1348 1868 1469 1908 cum
1489 1855 1539 1908 iu
1567 1854 1931 1909 Moulauista-.

329 1955 443 1996 rum
473 1953 651 2013 partes
676 1942 1037 2011 decessisset,
1066 1946 1149 2001 vel
1182 1959 1307 2002 ante
1336 1946 1472 2003 hanc
1498 1947 1853 2004 defectionem
1882 1965 1912 2003 a

325 2035 523 2107 puriori
552 2036 833 2093 Ecclesia?
863 2055 984 2110 qure
1032 2038 1248 2109 quidem
1300 2040 1524 2110 quaastio
1574 2042 1918 2096 vehementer

323 2131 560 2185 exercuit
591 2131 874 2186 doctorum
925 2132 1201 2188 hominum
1226 2126 1436 2204 ingenia
1467 2175 1481 2199 ,
1506 2133 1798 2205 {movitque
1822 2150 1917 2190 eos

327 2221 397 2275 ad
425 2222 818 2294 intelligemlam
852 2223 1106 2280 librorum
1147 2225 1263 2294 ejus
1285 2222 1497 2281 (etatem
1531 2267 1545 2290 ,
1593 2236 1651 2280 ut
1678 2226 1917 2281 "habere-

330 2329 453 2369 mus
477 2326 673 2369 certam
697 2316 835 2369 viam
865 2331 897 2371 e
924 2316 1252 2372 Tertulliauo
1284 2317 1647 2387 intelligendi,
1676 2317 1798 2388 qttid
1830 2333 1918 2372 ve-

329 2416 472 2462 teres
497 2408 781 2466 Christiani
810 2409 1108 2492 senserint,
1133 2409 1330 2480 quitluc
1354 2410 1569 2464 minus?
1600 2409 1703 2465 Sed
1722 2410 1917 2465 'doleu-

326 2501 451 2555 dum
488 2509 570 2556 est
592 2515 743 2568 sane,
770 2501 960 2555 horum
1005 2501 1185 2571 alios,
1217 2517 1418 2573 eosque
1444 2503 1919 2573 praestantissimos

325 2594 500 2659 viros,
535 2610 644 2649 non
671 2595 772 2649 nisi
820 2610 986 2649 unum
1017 2595 1313 2650 alterumve
1360 2595 1594 2651 libellum
1620 2596 1915 2665 sumpsisse

324 2685 592 2754 sibi,alios
618 2686 805 2742 leviter
830 2702 964 2756 Opus
980 2698 1290 2757 susceptum
1315 2696 1595 2751 tractasse,
1621 2688 1755 2743 alios
1776 2704 1913 2758 pra:-

322 2778 572 2851 judit'atis
595 2778 952 2850 opinionibus
1008 2795 1037 2832 a
1083 2795 1211 2835 vero
1236 2780 1517 2836 aberrasse
1544 2822 1559 2845 ,
1585 2779 1725 2850 quod
1756 2780 1918 2835 credo
1960 2798 1967 2805 '

325 2884 712 2933 consecuturos
738 2871 996 2942 [uis-sensi
1019 2872 1214 2927 nudam
1244 2875 1519 2927 veritatem
1541 2872 1664 2926 nudi
1696 2871 1917 2942 expedi-

325 2968 469 3037 tique
498 2964 721 3023 fuissent
745 2935 955 3021 secuti.‘
965 2965 1141 3034 Quare
1167 2965 1548 3037 cumlegissem
1572 2964 1726 3019 istius
1747 2964 1935 3035 ειπερ-.

323 3062 454 3119 toris
483 3062 650 3119 libros
675 3070 837 3131 atque
881 3060 1215 3130 relegissem,
1247 3069 1301 3114 et
1352 3060 1695 3113 observarem
1728 3101 1743 3124 ,
1795 3072 1918 3113 esse

322 3153 497 3210 adlmc
523 3154 577 3209 in
622 3152 721 3220 iis,
753 3168 897 3223 qum,
921 3151 986 3206 ad
1011 3151 1267 3207 librorum
1295 3160 1505 3206 mtatem
1535 3151 1917 3220 scriptorisque

323 3246 622 3304 doctrinam
648 3247 965 3317 pertinentia
991 3286 1006 3310 ,
1056 3245 1315 3316 disputari
1346 3244 1547 3300 utiliter
1571 3253 1825 3314 possent,
1851 3246 1918 3301 ab

326 3340 446 3396 aliis
488 3354 595 3394 non
623 3346 1073 3400 commemorata,
1121 3351 1185 3393 ac
1234 3337 1609 3408 plerarumque
1659 3333 1914 3390 librorum

328 3431 860 3503 artatemaccuratius
884 3444 1039 3501 posse
1063 3429 1316 3485 constitui
1344 3445 1357 3481 :
1380 3428 1663 3482 consilium
1690 3428 1805 3497 cepi
1825 3428 1917 3482 be-

326 3525 523 3582 nevolo
542 3522 818 3579 doctorum
841 3523 1069 3579 virorum
1092 3520 1295 3592 judicio
1348 3517 1667 3590 subjiciendi
1697 3533 1760 3573 ea
1790 3533 1917 3588 quae

323 3634 539 3691 sumpta
564 3635 593 3674 e
623 3619 771 3675 libris
800 3617 1111 3674 Tertulliani
1142 3615 1298 3686 ipsis,
1327 3630 1449 3689 cum
1471 3614 1790 3684 scriptorum
1818 3628 1913 3667 ve-

323 3724 495 3770 terum
524 3710 674 3768 hbris
697 3711 922 3781 aliisque
947 3709 1321 3779 antiquitatum
1347 3706 1705 3761 monumentis
1724 3692 1915 3760 collata

323 3800 389 3854 ad
433 3796 906 3863 demonstrandam
956 3811 1075 3850 eam
1144 3795 1322 3849 faccre
1370 3807 1526 3863 posse
1581 3792 1914 3857 videbantur.

323 3891 491 3959 Quam
516 3891 730 3961 quidem
752 3890 1165 3958 disputationem
1196 3887 1265 3941 ita
1298 3887 1652 3949 instituemus,
1678 3894 1752 3950 ut,
1777 3897 1915 3954 prae-

324 3984 502 4045 missis
528 3984 846 4055 quibusdam
871 4021 886 4045 ,
934 3997 1053 4053 qum
1084 3981 1330 4035 universe
1355 3978 1578 4033 dicenda
1605 3985 1730 4031 sunt
1751 4018 1764 4041 ,
1799 3976 1911 4047 pri-

324 4094 461 4132 mum
518 4086 946 4133 commentemur
997 4074 1066 4129 de
1096 4074 1244 4149 libris
1297 4072 1361 4127 iis
1390 4113 1405 4137 ,
1452 4086 1676 4141 quorum
1706 4080 1760 4124 et
1786 4076 1916 4123 mtas

223 4211 243 4233 ο
323 4181 531 4227 constat
550 4182 599 4226 et
630 4170 908 4240 scriptoris
951 4168 1191 4223 doctrina
1216 4208 1230 4232 ,
1272 4164 1453 4218 deinde
1483 4165 1534 4218 in
1562 4178 1655 4218 eos
1681 4162 1913 4232 inquira-

324 4279 443 4320 mus
472 4306 488 4330 ,
524 4265 615 4335 qui
664 4263 879 4335 quidem
910 4276 1015 4317 non
1076 4261 1278 4316 habent
1321 4268 1495 4315 certas
1520 4257 1694 4313 inlatis
1730 4267 1914 4323 notas,

324 4356 417 4411 sed
454 4355 791 4411 Montanismi
820 4363 997 4410 tamen
1020 4353 1263 4409 convinci
1295 4360 1516 4422 possunt
1543 4392 1557 4415 ,
1610 4349 1692 4404 vel
1723 4349 1789 4403 ab
1817 4348 1915 4404 ista

324 4449 629 4519 suspicione
655 4446 913 4511 liberari;
964 4446 1175 4517 denique
1203 4459 1334 4509 eos,
1375 4458 1603 4514 quorum
1650 4451 1781 4496 tetas
1807 4457 1911 4495 nou

326 4542 582 4612 majorem
614 4541 775 4596 habet
803 4525 1099 4607 claritatem
1129 4580 1144 4603 ,
1193 4535 1582 4608 quamiudoles
1623 4534 1914 4603 doctrina),

328 4635 552 4691 candide
574 4635 961 4708 diligenterque
989 4632 1344 4689 excutiamus.

365 4776 395 4848 ς
422 4776 479 4833 2.
511 4808 581 4820 -
613 4777 926 4844 Quaestione:
950 4775 1183 4846 qnwdam
1233 4774 1464 4829 universe
1503 4782 1875 4846 prapommtur.

396 4912 523 4984 Haec
546 4929 676 4970 vero
705 4911 992 4984 disputatio
1026 4911 1271 4966 universa
1302 4919 1356 4964 ut
1387 4919 1678 4981 occupatur
1704 4909 1913 4965 duabus

327 5004 506 5071 rebus,
533 5014 693 5060 aetate
724 5004 980 5059 librorum
1027 5018 1091 5058 ac
1114 5001 1467 5058 Montanismo
1498 5020 1510 5054 :
1545 5003 1625 5056 sic
1649 5001 1917 5071 duplicem

327 5097 487 5154 habet
509 5096 877 5152 ditlicultatem
905 5112 1010 5151 non
1037 5110 1261 5166 parvam.
1282 5137 1295 5157 ,
1325 5104 1627 5165 propterea,
1660 5093 1800 5163 quod
1819 5106 1919 5148 nec

326 5192 502 5248 ubivis
527 5190 784 5247 doctrina:
824 5190 1016 5245 modus
1060 5198 1206 5245 certa
1234 5188 1459 5259 quadam
1510 5185 1592 5241 via
1622 5200 1685 5240 ac
1713 5186 1920 5239 ratione

389 5324 459 5390 (Ι)
496 5324 571 5390 Ne
592 5324 705 5389 quid
726 5322 850 5373 forte
866 5320 1339 5390 videamuededisse
1364 5320 1569 5390 partium
1593 5316 1922 5390 studio,tmius

321 5380 406 5461 .Jo-f
424 5380 964 5461 Dat|.i-i.'te=ti.twuime
992 5383 1278 5461 alliciens.
1310 5380 1921 5461 3‘30}!-930999';J!‘.!l'.ii{“

322 5453 469 5519 hujus
507 5453 598 5501 viri
638 5454 687 5502 in
723 5452 952 5500 doctores
987 5443 1271 5519 antiquioris
1307 5443 1919 5519 Ecclesiaaaeerbitateflj.

324 5502 406 5567 ιιιό
424 5502 521 5566 non
562 5522 726 5577 potest
760 5502 1197 5577 essehsuspectum.
1224 5507 1415 5577 Is_vero
1449 5502 1806 5577 't‘ertntliauum
1832 5515 1920 5551 vo-

323 5562 401 5631 Eii
419 5562 800 5643 Eripiamus
823 5562 1114 5643 miraculum
1147 5570 1417 5629 eruditum,
1456 5562 1918 5643 αριιιιιιιιὶιξίιίέζςιια

323 5627 724 5701 tantem“
748 5642 915 5701 testem.
936 5631 1149 5701 ᾴειιὶιιιις
1164 5627 1419 5701 faunis!"
1441 5642 1532 5701 Ψυῖ
1554 5627 1920 5701 Eadem“??-

900 5695 984 5759 (de
1006 5688 1218 5746 cultibus
1249 5693 1494 5759 religiosis
1516 5690 1801 5752 latinorum,
1829 5688 1918 5740 lib.

324 5763 371 5827 Ι,
399 5778 504 5830 cap.
528 5763 609 5818 XI.
630 5780 678 5830 p.
704 5765 782 5817 50.

1944 3123 1989 3186 C

2018 1870 2126 1909 non
2152 1854 2385 1909 occurrit
2438 1852 2609 1907 ubivis
2637 1891 2654 1917 ,
2711 1850 3017 1913 dubitantes
3049 1849 3301 1917 relinquit
3343 1848 3608 1916 lectores.

2017 1949 2156 2003 sitne
2175 1948 2285 2018 jam
2320 1945 2454 2000 facta
2472 1944 2792 1999 Tertulliani
2834 1941 3133 2021 divsjunctio
3151 1941 3220 1996 ita
3246 1982 3262 2008 ,
3294 1949 3354 1995 ut
3378 1955 3437 1996 se
3459 1955 3612 1997 roceo

2018 2041 2155 2112 perit
2183 2040 2248 2094 ad
2274 2037 2609 2108 disciplinam
2637 2034 2910 2099 Montani,
2939 2050 3007 2091 an
3055 2032 3250 2100 minus,
3297 2032 3392 2088 sed
3422 2030 3477 2086 in
3507 2047 3627 2087 uno.

2018 2135 2258 2190 alterove
2303 2147 2425 2186 cum
2453 2147 2513 2184 ea
2538 2128 2905 2208 communiter
2947 2128 3207 2182 erraverit
3238 2168 3254 2191 ,
3305 2140 3409 2189 nec,
3433 2132 3612 2180 tamen

2016 2225 2126 2296 jam
2180 2234 2289 2279 tum
2346 2223 2551 2284 miserit
2613 2220 2927 2284 orthodoxa;
3008 2219 3293 2287 Ecclesite
3323 2215 3614 2272 nuntium?

2021 2315 2330 2381 Enimvero,
2355 2314 2494 2371 sicut
2520 2313 2571 2367 in
2591 2311 2853 2383 ejusmodi
2882 2310 3016 2375 loco,
3048 2308 3138 2364 ubi
3161 2309 3243 2364 vel
3266 2308 3408 2364 nulla
3430 2307 3615 2364 estvel

2020 2407 2316 2479 dubiaesz
2344 2406 2512 2460 artatis
2530 2404 2781 2474 suSpicio,
2804 2403 2957 2477 alias,
2978 2402 3206 2456 indicata
3235 2402 3440 2457 ratione
3463 2400 3617 2456 dubi-

2021 2500 2189 2566 tandi,
2221 2508 2463 2559 veterum
2492 2496 2656 2552 illud:
2689 2493 2808 2549 Non
2836 2493 3005 2565 liquet,
3030 2496 3452 2563 iuterponemus,
3484 2493 3616 2549 alias

2023 2594 2452 2664 conjecturarnm
2482 2600 2786 2645 nostrarum
2814 2587 3075 2651 rationem
3105 2586 3391 2645 reddemus
3420 2585 3617 2657 proba-

2024 2686 2181 2742 biletu
2209 2703 2222 2739 :
2251 2685 2350 2748 sic,
2366 2693 2438 2743 ,ιιι
2461 2683 2529 2737 de
2554 2682 2686 2737 locis
2709 2680 2927 2750 reliquis
2952 2678 3173 2750 singulis
3195 2680 3445 2735 universe
3472 2666 3620 2735 dica-

2022 2794 2163 2844 mus,
2198 2777 2293 2831 tria
2321 2774 2643 2846 attingemus
2670 2771 3005 2837 brevissime.
3050 2768 3286 2824 Primum
3316 2770 3614 2842 disputabi-

2022 2885 2143 2924 mus
2170 2868 2237 2924 de
2265 2882 2429 2934 anno,
2450 2880 2554 2936 quo
2576 2864 2642 2919 ad
2670 2862 3016 2917 Montanistas
3042 2860 3406 2917 Tertullianus
3462 2860 3612 2917 defe-

2019 2965 2155 3019 cet-it
2214 2960 2339 3033 (erit
2366 2960 2509 3015 enim
2550 2957 2672 3023 hoc,
2726 2955 2865 3011 unde
2894 2955 3146 3011 constitui
3178 2953 3342 3023 possit
3366 2963 3500 3008 aetas
3521 2967 3620 3008 eo-

2024 3070 2139 3110 rum
2169 3053 2425 3107 librorum
2459 3092 2475 3118 ,
2515 3063 2740 3121 quorum
2781 3062 2888 3101 nou
2912 3045 3176 3102 doctrina
3205 3043 3424 3115 quidem
3453 3083 3469 3109 ,
3518 3044 3615 3098 sed

2023 3158 2154 3202 aetas
2184 3154 2328 3216 patet
2361 3145 2403 3214 );
2428 3142 2610 3197 deinde
2639 3139 2937 3211 videbimus
2970 3180 2985 3204 ,
3038 3146 3214 3192 utrum
3252 3134 3618 3190 Tertulliauus

2023 3220 2294 3310 nunquam
2335 3236 2400 3290 ad
2445 3233 2709 3289 saniorem
2734 3238 2967 3286 mentem
2983 3228 3223 3294 redierit,
3243 3226 3335 3282 sed
3363 3226 3626 3281 manserit

2022 3331 2262 3404 partibus
2293 3326 2527 3383 Montani
2554 3331 2812 3395 perpetuo
2838 3321 3087 3376 addictus
3113 3334 3126 3371 :
3160 3328 3412 3389 postremo
3438 3316 3624 3389 admo-

2029 3425 2259 3481 nitiones
2311 3419 2569 3492 quasdam
2599 3414 2878 3471 universas
2906 3425 3268 3485 proponemus
3292 3453 3308 3479 ,
3362 3427 3394 3466 e
3414 3410 3638 3483 quibus.

2021 3518 2144 3591 quis
2164 3514 2462 3585 intelligere
2488 3512 2673 3583 possit,
2695 3524 2760 3563 au
2792 3508 2951 3576 siute
2968 3504 3281 3562 Tertulliani
3309 3505 3460 3561 libris
3478 3519 3616 3560 non-

2020 3610 2149 3666 nulli
2169 3606 2495 3663 Tertulliauo
2525 3602 2826 3658 orthodoxe
2848 3596 3195 3671 quidem,sed
3217 3596 3286 3653 ad
3316 3596 3612 3653 Montanis-

2020 3717 2166 3759 mnm
2191 3698 2466 3757 inelinanti
2492 3737 2507 3762 ,
2535 3704 2625 3752 aut
2646 3694 2733 3751 isti
2761 3708 2947 3761 omnes
2968 3733 2983 3759 ,
3037 3690 3126 3761 qui
3156 3704 3345 3745 eorum
3370 3702 3618 3744 errorum

2020 3794 2151 3851 dant
2194 3791 2557 3862 suspicionem
2587 3827 2605 3856 ,
2661 3784 2996 3858 Tertulliano
3020 3781 3132 3853 jam
3180 3780 3339 3853 plane
3386 3780 3621 3836 alienato

2020 3883 2386 3958 adjudicandi.

2021 4020 2049 4094 §
2087 4022 2143 4079 5.
2181 4049 2251 4060 —-
2302 4017 2539 4086 Qttomtm
2575 4027 2709 4068 anno
2765 4008 3109 4065 Tertullianus
3150 4004 3219 4058 ad
3269 4001 3615 4094 Montanistas

2093 4110 2372 4184 defecerit?
2401 4106 2586 4163 Utrum
2612 4146 2626 4174 ,
2659 4103 2736 4158 Itis
2764 4101 2971 4166 relictis,
2998 4113 3051 4153 se
3079 4098 3244 4151 denuo
3272 4093 3340 4148 ad
3378 4092 3618 4149 orthodo-

2093 4222 2185 4260 azos
2215 4202 2475 4275 receperit.

2093 4341 2335 4407 Quonam
2367 4350 2492 4391 vero
2521 4347 2662 4388 anno
2691 4324 3256 4400 contigisse.dicamus
3286 4310 3443 4378 istam
3497 4316 3621 4376 Ter-

2023 4434 2223 4491 tulliani
2261 4426 2664 4487 defectionem?
2715 4423 2828 4479 Hoc
2853 4420 3070 4492 quidem
3102 4433 3202 4475 nec
3250 4425 3428 4488 potest
3449 4416 3618 4486 exipo

2023 4532 2135 4587 sius
2160 4544 2260 4585 nec
2289 4543 2354 4582 ex
2377 4525 2515 4579 alius
2548 4520 2824 4590 cujusdam
2851 4514 3133 4585 scriptoris
3163 4509 3469 4567 testimonio
3490 4522 3614 4577 per-

2020 4624 2145 4695 cipi;
2176 4637 2349 4692 neque
2387 4618 2729 4686 Hieronymus
2753 4626 2819 4668 eo
2844 4608 2986 4681 quod
3012 4597 3511 4695 dieitrUngli‘bro-de
3528 4596 3618 4652 Vi-

2021 4690 2094 4775 ris
2117 4690 2436 4775 illustribus,
2463 4726 2581 4778 cap.
2601 4707 2692 4762 ss.
2724 4705 2778 4758 in
2801 4701 2891 4757 Jo.
2911 4700 3027 4754 Att.
3059 4690 3285 4749 Fabricii
3304 4690 3618 4745 Bibliotheca

2023 4809 2402 4871 Ecclesiastica,
2435 4817 2503 4874 p.‘
2531 4798 2681 4871 125.)
2739 4793 3108 4851 Tertullianum
3131 4801 3289 4858 usque
3303 4784 3371 4840 ad
3398 4782 3617 4839 mediam

2020 4916 2239 4966 wtatem,
2273 4899 2513 4955 Ecclesia:
2562 4890 2917 4962 Presbyterum
2957 4882 3201 4937 mansisse
3228 4920 3245 4945 ,
3293 4878 3495 4950 justam
3525 4874 3620 4932 dat.

2025 5003 2165 5056 viam
2192 4996 2308 5067 ejus
2340 4993 2417 5047 rei
2448 4985 2782 5045 invenienda:
2816 5022 2830 5046 ,
2871 4977 3166 5050 quoniam,
3211 4973 3617 5075 quattdomatjts

2027 5102 2336 5149 mortuusve
2360 5084 2429 5140 sit
2450 5077 2817 5141 Tertullianus,
2848 5083 3085 5144 quamve
3112 5076 3323 5124 tetatem
3351 5072 3611 5133 attigerit,

2024 5203 2131 5243 non
2151 5184 2279 5238 satis
2305 5183 2533 5235 constat.
2563 5170 2667 5227 Sed
2694 5180 2780 5236 est
2804 5164 3157 5239 aliquahnjus
3178 5161 3256 5216 rei
3283 5153 3617 5226 reperienda:

2023 5278 2163 5334 ratio
2191 5274 2291 5329 sita
2323 5266 2551 5325 inlibris
2588 5263 2673 5329 iis,
2701 5274 2950 5331 quorum,
2980 5255 3070 5325 qui
3095 5267 3154 5307 se
3175 5246 3448 5316 excipiunt
3479 5252 3615 5334 tem-

2025 5331 2172 5441 poris
2195 5362 2382 5419 ordine
2403 5399 2418 5424 ,
2459 5356 2547 5410 alii
2589 5352 2731 5408 nulla
2758 5349 2957 5404 habent
3004 5335 3346 5441 Montanismi
3375 5331 3614 5441 vestigia,

2025 5423 2115 5514 alii
2164 5453 2305 5511 haud
2367 5463 2555 5522 pauca.
2597 5441 2756 5513 Atqui
2784 5453 2893 5494 nos
2934 5431 3287 5490 ostendemus
3313 5440 3413 5522 suo
3458 5423 3617 5489 loco,

2028 5552 2200 5609 nullos
2239 5518 2594 5604 esseveorum,
2621 5536 2711 5606 qui
2734 5532 2925 5587 librum
2953 5526 3018 5581 de
3039 5524 3240 5579 Corona
3263 5518 3440 5573 militis
3467 5524 3619 5609 aute-

2023 5607 2305 5701 cesserunt
2330 5680 2345 5704 ,
2379 5634 2432 5689 in
2458 5631 2650 5703 quibus
2677 5626 2777 5680 iste
2792 5622 2857 5677 de
2883 5618 3069 5674 anima
3093 5612 3375 5671 testimonio
3398 5607 3618 5704 ultimus
3654 5654 3657 5655 ν

2020 5746 2124 5808 est,
2148 5751 2179 5792 e
2203 5701 2394 5807 quibus
2416 5701 2664 5801 quaedam
2684 5713 3024 5776 Moutanismi
3048 5706 3370 5785 signiﬁcatio
3388 5701 3619 5771 eluceat,
