4242 6266
589 241 674 306 99
1671 238 2120 308 DISSEBTATIO
2157 237 2248 308 DE
2283 239 2470 304 VERA
2507 241 2766 306 IETATE

3783 237 3894 309 100

589 368 830 441 sedejus
854 372 936 431 rei
972 372 1148 447 prima
1175 383 1297 431 esse
1326 370 1550 444 vestigia
1589 370 1643 426 in
1672 369 1854 426 libello
1875 368 1938 422 de
1977 365 2181 422 Corona
2205 365 2258 428 Α
2289 382 2309 416 ι
2355 365 2532 421 tantis.
2575 385 2595 420 ι
2631 366 2746 438 Ego
2763 377 2893 424 vero
2917 363 3270 425 vehementer
3293 361 3486 425 dubito
3508 407 3523 437 ,
3546 364 3717 441 quod,
3745 367 3876 438 quid

596 463 802 522 militis.
830 466 998 523 Porro
1027 468 1242 534 planum
1274 468 1549 530 faciemus,
1601 467 1740 520 hunc
1770 465 1834 518 A.
1866 460 1994 518 CCI.
2025 451 2184 516 man-

591 557 775 614 datum
805 558 976 616 fuisse
1004 560 1200 616 litteris
1225 603 1240 628 ,
1266 576 1388 616 cum
1419 561 1552 615 liber
1579 557 1643 613 de
1665 555 1975 611 Testimonio
1993 553 2188 609 animle

592 649 662 709 sit
689 649 801 706 fere
840 666 1029 708 versus
1076 651 1238 709 linem
1266 654 1330 708 A.
1363 650 1594 709 CXCIX.
1642 647 2002 719 compositus;
2045 644 2189 701 unde

594 741 738 798 Itaud
773 741 994 800 difficile
1014 744 1120 800 erit
1141 745 1416 802 intellectu
1443 785 1458 811 ,
1502 741 1876 798 Tertullianum
1907 753 2049 794 anno
2075 736 2190 793 fere

593 833 655 889 P.
700 833 761 890 C.
790 833 856 890 N.
886 834 996 892 CC.
1022 850 1082 892 se
1102 836 1544 893 Montanistarum
1571 834 1812 906 partibus
1855 830 2183 902 adjunxisse.

593 928 663 984 At
690 927 883 1000 majori
899 945 1029 985 sane
1048 930 1350 988 difficultati
1366 931 1598 986 obnoxia
1619 936 1704 984 est
1731 927 1898 982 altera
1926 923 2186 996 quaestio:

593 1033 771 1080 utrum
803 1065 820 1092 ,
859 1027 1124 1097 susceptis
1171 1027 1339 1084 semel
1386 1025 1828 1082 Montanistarum
1873 1019 2187 1087 erroribus,

598 1132 873 1189 nunquam
905 1117 1254 1176 Tetvullianus
1297 1134 1357 1178 se
1393 1119 1462 1175 ad
1501 1119 1782 1189 pristinum
1802 1125 2008 1178 conum
2036 1128 2188 1170 rece-

598 1211 770 1281 perit?
797 1213 960 1282 Cujus
989 1223 1167 1270 tamen
1209 1213 1523 1285 quaestionis
1551 1211 1882 1267 amrtnandtn
1924 1207 2070 1264 nulla
2106 1215 2190 1263 est

599 1305 791 1362 idonea
819 1305 977 1362 ratio.
1011 1305 1144 1362 Nam
1167 1321 1230 1362 ea
1251 1315 1370 1362 erat
1402 1305 1488 1360 isti
1519 1302 1723 1358 homini
1750 1310 1968 1358 austero
2004 1309 2060 1357 ct
2101 1316 2192 1355 su~

598 1414 693 1468 pra
718 1397 938 1454 modum
961 1398 1136 1470 rigido
1173 1399 1334 1454 insita
1365 1397 1528 1452 animi
1557 1395 1926 1459 imbecillitas,
1953 1402 2011 1448 ut
2037 1433 2052 1458 ,
2084 1406 2193 1463 quo

604 1492 880 1547 severiora
901 1501 1232 1563 cssent,qua:
1255 1491 1320 1545 ad
1348 1491 1510 1545 vitam
1535 1502 1819 1557 moresque
1842 1486 2193 1556 pertinerent,

596 1575 662 1642 eo
689 1587 856 1657 magis
886 1587 986 1642 ista
1009 1586 1304 1651 adatnaret,
1331 1583 1682 1653 crcderetque
1702 1591 1849 1636 tanto
1873 1579 2040 1650 magis
2064 1593 2191 1648 pro-

599 1679 721 1734 bata
771 1679 887 1735 fore
937 1680 1048 1734 Deo
1087 1689 1142 1734 et
1192 1677 1583 1735 consentientis
1611 1690 1734 1730 cum
1775 1673 2188 1729 Christianorum

2288 457 2388 513 sibi
2414 457 2600 523 velint,
2617 459 2706 530 qui
2729 458 2800 516 ita
2822 459 3130 532 loquuntur,
3164 459 3510 529 Holfmannus
3527 458 3883 528 intellexerit,

2289 559 2383 606 aut
2421 550 2719 624 intelligere
2769 553 3021 611 voluerit.
3079 572 3100 607 ι
3147 553 3342 611 Libros
3389 554 3535 612 enim
3581 551 3892 609 Tertulliani

2298 661 2318 699 ι
2366 643 2795 711 Montanizantis,
2829 646 3012 718 adjicit
3053 648 3132 718 (p.
3156 646 3294 719 l8.),
3326 647 3464 702 forte
3491 661 3610 702 esse
3633 661 3728 702 eos
3751 688 3767 713 ,
3799 645 3889 716 qui

2299 754 2317 788 ι
2367 736 2581 806 quidem
2611 737 2848 793 Montani
2873 739 3212 810 dogmatibus
3237 738 3415 796 infecti
3433 749 3558 795 sunt
3578 781 3594 808 ,
3621 737 3718 795 sed
3745 747 3893 795 recte

2301 846 2319 884 ι
2365 827 2662 884 sentientes
2715 843 2820 885 non
2875 831 3183 901 exagitant;
3219 829 3551 886 Montaniana
3587 845 3751 896 vero,
3799 831 3890 901 qui

2307 937 2326 975 ι
2375 919 2623 984 batrcsim
2653 936 2759 977 non
2787 922 2960 978 solum
2981 915 3272 990 Continent,
3301 938 3486 980 verum
3514 923 3676 979 etiam
3703 930 3891 978 contra

2298 1033 2317 1065 ι
2365 1014 2659 1078 catholicos
2685 1014 2998 1076 defendunt.
3039 1035 3060 1069 ι
3091 1017 3199 1072 Sed
3229 1017 3385 1072 nobis
3415 1017 3586 1087 iisque
3607 1016 3696 1087 qui
3723 1015 3794 1070 ita
3817 1015 3894 1070 lo-

2294 1116 2550 1176 quuntur,
2581 1106 2722 1178 quod
2743 1122 2843 1179 ego
2861 1108 3079 1178 quidem
3107 1109 3298 1175 sciam,
3323 1108 3595 1171 omnibus,
3626 1108 3671 1161 is
3697 1105 3893 1162 dicitur

2291 1205 2587 1268 μρντανιζιιν
2617 1240 2632 1265 ,
2683 1199 2773 1269 qui
2822 1199 3038 1270 quidem
3109 1213 3322 1255 errores
3381 1213 3506 1255 cum
3559 1198 3894 1270 Montanjstis

2293 1305 2607 1348 communes
2628 1291 2917 1359 velomnos
2938 1290 3100 1347 habet
3123 1291 3208 1348 vel
3229 1291 3457 1362 aliquos,
3479 1289 3574 1347 sed
3593 1289 3664 1345 ita
3687 1299 3889 1358 tamen,

2296 1394 2399 1455 ut.
2451 1393 2633 1455 spreta
2658 1384 2972 1448 eorumdem
3021 1400 3302 1442 sacrorum
3341 1400 3464 1441 cum
3494 1400 3592 1441 sua
3650 1383 3891 1440 Ecclesia

2296 1401 2328 1440 u
2451 1394 2633 1455 spreta
2658 1394 2972 1448 eorumdem
3021 1400 3302 1442 sacrorum
3341 1400 3464 1441 cum
3494 1400 3592 1441 sua
3650 1394 3891 1440 Ecclesia

2294 1394 2690 1544 cﬁmunione,
2713 1477 2950 1535 nondum
2971 1493 3030 1535 se
3048 1479 3336 1536 contulerit
3361 1477 3428 1534 ad
3449 1477 3691 1549 ejusdem
3721 1478 3896 1534 socie-

2297 1574 2419 1626 tatis
2441 1586 2593 1628 sacra
2615 1613 2632 1638 ,
2675 1587 2904 1644 quacum
2933 1571 2988 1627 in
3020 1573 3289 1628 nonnullis
3314 1572 3576 1628 doctrinis
3601 1573 3888 1638 consentit;

2297 1680 2416 1722 cum
2443 1664 2763 1721 Montanista
2788 1665 2878 1730 sit,
2906 1665 2996 1735 qui
3030 1675 3318 1737 utrumque
3340 1665 3541 1722 fecerit.
3568 1667 3636 1721 At
3658 1665 3757 1720 ista
3785 1667 3894 1736 qui-

600 1733 945 1844 perfectione.
976 1777 1170 1844 Atque,
1201 1733 1256 1827 ut
1276 1772 1452 1828 solent
1483 1771 1515 1826 ii
1541 1811 1555 1836 ,
1588 1771 1676 1841 qui
1702 1777 1815 1824 atra
1850 1767 1954 1823 bile
1989 1781 2193 1822 veran-
2220 1733 2268 1794 Β
2303 1757 2430 1813 dem
2480 1756 2827 1825 ﬂoﬁ'mannus
2853 1733 3016 1814 certis
3046 1733 3243 1814 carere
3277 1758 3408 1815 dicit
3445 1757 3658 1814 ﬁnibus.
3711 1733 3891 1815 Sit'ita

602 1874 703 1930 tur,
750 1865 1047 1922 tenaciores
1073 1879 1195 1921 esse
1219 1879 1404 1920 eorum
1437 1864 1698 1928 omnium,
1721 1877 1841 1932 quae
1863 1859 2195 1914 nutrimento

597 1969 723 2012 sunt
754 1957 983 2013 tristitia)
1006 1999 1021 2026 ,
1073 1970 1368 2028 eorumque
1398 1955 1680 2026 opiniones
1714 1968 1836 2009 cum
1867 1952 2022 2007 annis
2053 1965 2194 2006 nova

597 2066 790 2121 capere
819 2052 1147 2106 incrementa
1179 2068 1191 2104 :
1227 2050 1300 2104 ita
1331 2057 1413 2104 est
1442 2061 1631 2118 parum
1669 2045 1930 2103 credibile
1953 2086 1970 2113 ,
2001 2040 2195 2098 Tertul-

602 2143 794 2198 linnum
823 2144 953 2198 istas
974 2142 1256 2212 opiniones
1272 2140 1606 2211 deposuisse,
1632 2138 1894 2207 istamque
1911 2135 2195 2206 reliquisse

601 2235 904 2306 palaestram
936 2277 952 2302 ,
1007 2236 1059 2289 in
1110 2248 1213 2303 qua
1251 2233 1463 2288 videbat
1489 2247 1707 2302 operam
1739 2245 1798 2286 se
1827 2243 1992 2301 posse
2015 2229 2192 2282 omni-

599 2327 699 2383 bus
737 2326 854 2396 ejus
881 2326 1094 2396 generis
1148 2323 1621 2380 exercitationibus
1669 2322 1817 2378 dare.
1875 2319 2095 2376 Accedit
2125 2318 2192 2374 ad

601 2420 707 2495 hoc
727 2427 836 2474 non
862 2418 1102 2473 omnium
1144 2416 1306 2472 modo
1327 2457 1345 2481 ,
1387 2416 1476 2487 qui
1501 2414 1571 2470 de
1596 2414 1756 2470 rebus
1781 2412 1848 2468 ad
1871 2426 1995 2467 eum
2024 2412 2192 2481 perti-

599 2511 847 2566 nentibus
885 2510 1231 2566 commentati
1258 2516 1384 2564 sunt
1404 2550 1420 2576 ,
1448 2507 1716 2563 silentium
1743 2506 1810 2562 de
1829 2521 1924 2570 eo,
1955 2503 2095 2575 quod
2124 2502 2192 2558 ad

598 2603 913 2674 religionem
943 2603 1218 2673 pristinam
1247 2600 1469 2657 redierit
1499 2641 1514 2667 ,
1541 2598 1636 2656 sed
1663 2600 1774 2670 ipsa
1800 2599 1959 2654 etiam
1983 2596 2191 2667 Augus-

599 2700 692 2751 tini
719 2697 978 2768 professio
1025 2697 1043 2768 (
1078 2696 1154 2751 De
1179 2695 1490 2760 horroribus,
1543 2709 1658 2764 cap.
1686 2690 1804 2761 80.)
1845 2690 2194 2758 omniumque

603 2803 931 2857 consensus,
979 2787 1069 2860 qui
1119 2788 1237 2858 ejus
1266 2786 1639 2842 auctoritatem
1673 2784 1727 2838 in
1753 2783 2013 2840 doctrinis
2058 2795 2190 2851 pro-

598 2883 792 2939 bandis
841 2882 1126 2938 admittere
1175 2880 1498 2946 noluerunt,
1551 2878 1804 2948 quoniam
1851 2875 1918 2931 ad
1944 2888 2193 2946 perverse

599 2974 944 3030 sentientium
974 2983 1154 3045 partes
1193 2989 1253 3030 se
1281 2971 1620 3029 contulisset.
1685 2969 1868 3039 Neque
1912 2983 2034 3026 cum
2067 2982 2194 3023 sen-

603 3070 767 3122 tentia
799 3060 978 3122 nostra
1011 3074 1252 3138 pugnant
1278 3065 1399 3120 libri
1439 3064 1475 3119 ii
1508 3107 1522 3131 ,
1554 3077 1690 3135 quos
1718 3077 1842 3118 eum
1867 3061 2055 3116 ultimo
2077 3060 2192 3116 fere
2217 3093 2264 3158 C

600 3160 720 3215 loco
741 3161 1023 3230 scripsiSse
1064 3158 1410 3215 ostendemus
1435 3199 1449 3226 ,
1492 3157 1580 3228 qui
1603 3171 1740 3228 pene
1766 3170 1958 3211 omnes
1985 3153 2193 3225 aliquas

601 3251 801 3308 itabent
827 3252 1063 3308 maculas
1103 3266 1347 3307 errorum
1377 3249 1872 3305 Montattisticorum
1923 3262 2188 3317 aspersas.

597 3343 675 3400 Sit
701 3345 858 3415 igitur
884 3344 998 3400 lttec
1025 3358 1086 3400 ea
1119 3343 1170 3398 in
1195 3358 1254 3398 re
1283 3344 1592 3414 praeceptio,
1627 3350 1684 3396 ut
1719 3355 1908 3397 omnes
1955 3341 2040 3397 isti
2073 3340 2194 3397 libri

599 3435 976 3492 existimentur
1019 3435 1086 3490 ab
1116 3437 1233 3506 ipso
1260 3445 1381 3506 post
1415 3434 1805 3491 discessionem
1830 3449 1983 3492 suam
2011 3433 2197 3490 elabo-

599 3529 699 3583 rati
726 3569 740 3593 ,
767 3543 903 3597 quos
935 3538 1154 3598 apparet
1185 3538 1304 3598 post
1331 3528 1466 3582 alios
1495 3518 1667 3583 fuisse
1692 3526 2020 3597 compositos
2054 3566 2069 3592 ,
2102 3526 2194 3596 qui

599 3621 823 3676 istorum
848 3636 1088 3678 errorum
1114 3633 1335 3692 possunt
1363 3620 1501 3675 baud
1532 3605 1693 3675 dubie
1706 3619 1974 3676 convinci.

603 3711 632 3785 §
674 3713 725 3768 4.
758 3743 830 3753 -
882 3712 1146 3779 Quomodo
1197 3713 1541 3768 Tertulliunus
1585 3710 1942 3766 Montanisans
1981 3728 2014 3764 α
2047 3709 2194 3771 Mon-

673 3807 858 3860 tanista
881 3807 1096 3861 discerni
1129 3807 1314 3877 possit?
1344 3805 1406 3859 Et
1436 3807 1589 3876 hujus
1616 3805 1931 3861 discriminis
1959 3805 2196 3861 vindicia

676 3901 914 3956 adversus
934 3899 1322 3968 Ho/fmannum.

675 3995 744 4050 At
764 4004 889 4051 sunt
911 3995 1158 4066 permulti
1187 4011 1218 4050 e
1245 3992 1556 4050 Tertulliani
1586 3993 1735 4051 libris
1757 4033 1772 4061 ,
1805 4002 2030 4064 quorum
2062 4000 2193 4048 aetas

601 4104 721 4146 cum
749 4089 1084 4147 curiosorum
1111 4103 1335 4149 acumen
1365 4087 1752 4164 subterfugiat,
1783 4068 1928 4146 nulla
1956 4084 2190 4154 habent,

601 4182 704 4237 nisi
725 4180 968 4252 quaedam
1017 4195 1262 4236 errorum
1290 4178 1787 4235 Montanisticorum
1835 4180 2059 4252 vestigia
2090 4178 2193 4234 sibi

601 4274 861 4343 impressa
883 4314 896 4339 ,
931 4288 961 4329 e
982 4273 1177 4345 quibus
1199 4273 1282 4327 vix
1316 4283 1491 4328 tamen
1526 4281 1702 4343 potest
1726 4271 1954 4342 judicari
1988 4315 2003 4340 ,
2031 4287 2195 4344 quos-

602 4379 725 4419 nam
757 4365 918 4420 libros
954 4372 1112 4427 ante,
1141 4378 1400 4434 quosnam
1427 4372 1544 4434 post
1563 4363 1918 4420 defectionem
1947 4379 2096 4420 suam
2125 4364 2194 4420 ad

2301 1867 2451 1906 sane.
2475 1850 2557 1908 Sit
2577 1852 2752 1908 vultus
2776 1850 3081 1907 Tertulliani
3108 1852 3442 1907 Montanistm
3485 1867 3547 1907 ac
3587 1858 3890 1922 μοντανίξον-

2297 1969 2376 2007 τος
2400 1944 2680 2016 ambiguus
2703 1945 3012 2002 admodum.
3031 1945 3169 2013 Quid
3197 1960 3324 2017 ergo
3354 1946 3472 2002 est?
3497 1945 3756 2002 Nimirum
3785 1962 3890 2002 non

2299 2045 2473 2106 potest
2501 2053 2566 2092 ex
2588 2040 2734 2092 vultu
2762 2036 3067 2092 Tertulliani
3091 2036 3320 2108 judicari
3347 2081 3362 2105 ,
3414 2039 3642 2094 fueritne
3695 2039 3742 2094 is
3779 2039 3890 2110 jam

2297 2125 2486 2182 morbo
2507 2127 2648 2183 lecto
2685 2127 2877 2183 afﬁxus
2906 2167 2922 2192 ,
2967 2143 3034 2182 an
3078 2126 3266 2183 leviter
3301 2137 3472 2183 tactus
3502 2127 3734 2199 quodam
3775 2129 3893 2200 ejus

2299 2219 2518 2289 impetu.
2547 2219 2615 2275 Et
2641 2219 2691 2274 id
2721 2220 3032 2277 volebamus
3057 2219 3270 2300 quidem
3293 2261 3307 2285 ,
3351 2236 3456 2276 non
3488 2236 3644 2291 posse
3667 2237 3733 2277 cx
3764 2223 3893 2278 levi-

2299 2311 2396 2368 bus
2418 2311 2735 2382 quibusdam
2763 2313 2931 2382 signis
2959 2327 3206 2368 errorum
3240 2310 3559 2367 Tertulliano
3586 2328 3706 2368 cum
3734 2313 3885 2368 Mon-

2298 2405 2506 2462 tanistis
2541 2408 2905 2462 communium
2933 2415 3046 2463 tute
3073 2407 3289 2477 conjici,
3307 2407 3446 2478 quod
3470 2408 3578 2478 jam
3602 2408 3712 2478 ipsa
3734 2407 3889 2463 Mon-

2299 2500 2613 2556 tanistarum
2637 2515 2789 2557 saera
2843 2501 3160 2571 susceperit.
3215 2500 3396 2571 Neque
3420 2510 3594 2556 tamen
3626 2501 3677 2555 id
3706 2501 3776 2575 ita
3807 2501 3890 2557 in-

2301 2594 2566 2650 tcllectum
2594 2595 3014 2666 volumus,quasi
3029 2595 3267 2666 spurium
3291 2605 3454 2660 esset,
3469 2603 3560 2650 aut
3582 2603 3887 2666 suspectum

2297 2701 2460 2742 omne
2484 2696 2858 2758 argumentum
2876 2728 2890 2753 ,
2939 2687 3081 2757 quod
3107 2686 3321 2742 ducitur
3348 2703 3376 2742 a
3408 2687 3667 2742 doctrinis
3689 2687 3892 2742 Monta-

2297 2778 2559 2833 nistarnm
2610 2780 2661 2834 in
2710 2779 2812 2834 boc
2844 2821 2858 2847 ,
2915 2779 3076 2835 illove
3123 2779 3260 2835 libro
3303 2778 3612 2836 Tertulliani
3630 2780 3798 2836 obviis
3819 2780 3888 2836 ad

2295 2868 2707 2925 Montanismum
2735 2869 2851 2927 istis
2874 2869 3024 2926 libris
3048 2871 3423 2952 asserendum.
3455 2871 3755 2929 Suntenim
3786 2875 3887 2931 ista

2297 2961 2350 3016 in
2373 2977 2431 3017 re
2458 2962 2592 3018 ﬁnes
2617 2973 2672 3018 et
2703 2963 2853 3041 quasi
2881 2963 3117 3030 termini,
3135 2965 3330 3036 quibus
3356 2965 3612 3021 utendum
3634 2966 3885 3034 arbitror,

2297 3071 2366 3111 ne
2389 3056 2456 3112 de
2486 3055 2790 3112 Tertulliani
2821 3058 3178 3114 Montanismo
3201 3100 3216 3126 ,
3270 3073 3335 3114 ex
3359 3058 3476 3128 cjus
3516 3059 3666 3114 libris
3689 3074 3892 3130 cogno-

2299 3149 2526 3216 scendo,
2559 3135 2744 3220 parum
2775 3160 2865 3206 aut
2917 3149 3138 3205 nimium
3183 3149 3546 3220 philosophari
3587 3143 3885 3206 videamur.

2302 3243 2532 3299 Primam
2549 3243 2710 3315 igitur
2730 3243 2902 3314 legem
2923 3244 3038 3313 ejus
3057 3245 3136 3300 rei
3159 3243 3460 3314 judicandae
3484 3242 3623 3304 hanc
3644 3245 3890 3300 volumus

2297 3351 2417 3392 esse
2443 3378 2457 3402 ,
2507 3347 2563 3392 ut
2592 3337 2856 3406 ejusmodi
2887 3337 3022 3394 liber
3051 3337 3310 3394 habeatur
3338 3337 3390 3392 in
3411 3351 3596 3393 eorum
3627 3352 3850 3394 numero
3871 3379 3886 3406 ,

2277 3443 2452 3501 .quos,
2486 3428 2701 3484 familia:
2723 3427 3168 3484 Montanistarum
3187 3429 3300 3499 jam
3327 3429 3651 3500 adscriptus,
3679 3444 3893 3502 compo-

2298 3524 2508 3587 suerit,
2565 3523 2614 3577 itt
2664 3537 2771 3594 quo
2796 3523 3028 3578 occurrit
3076 3538 3272 3579 nomen
3320 3521 3710 3603 Psyhicorum.
3764 3523 3894 3579 Erat

2300 3618 2441 3672 enim
2478 3617 2581 3673 hoc
2620 3616 2785 3672 veluti
2815 3616 3117 3688 symbolum
3150 3660 3165 3683 ,

2300 3709 2556 3766 Ecclesiae
2581 3726 2610 3764 a
2633 3724 2742 3764 suae
2763 3721 2922 3765 secta:
2945 3709 3270 3776 hominibus,
3297 3726 3431 3781 quos
3451 3711 3716 3780 Spiritalcs
3737 3710 3887 3778 dicit,

2298 3803 2652 3882 distingueret
2676 3801 2772 3874 (V.
2803 3803 3189 3871 Tertullianunt,
3215 3805 3279 3860 de
3315 3805 3664 3878 Monogamia,
3687 3822 3802 3876 cap.
3834 3804 3889 3875 1,

2302 3896 2424 3950 edit.
2468 3894 2589 3950 Nic.
2622 3895 2835 3968 Rigaltii
2861 3896 2945 3952 II.
2966 3915 3019 3968 p.
3051 3897 3176 3954 673.
3209 3895 3325 3970 Η.);
3359 3907 3520 3968 atque
3545 3898 3754 3954 videtur
3780 3908 3892 3954 tum

2301 3988 2418 4045 fere
2445 3990 2732 4046 conﬁciunt
2758 4032 2772 4055 ,
2801 4006 2922 4046 cum
2951 4005 3066 4059 eos,
3099 3991 3188 4062 qui
3214 3991 3439 4062 rigidam
3467 3990 3700 4047 Montani
3728 3990 3892 4046 disci-

2299 4082 2499 4153 plinam
2523 4098 2627 4137 non
2659 4083 2989 4154 recipiebant
3019 4124 3034 4148 ,
3060 4099 3372 4155 oppugnare
3402 4083 3681 4154 inciperet.
3710 4082 3894 4154 Neque

2300 4170 2352 4228 id
2370 4173 2602 4228 occurrit
2621 4172 2671 4226 in
2697 4172 2805 4227 ullo
2826 4173 2960 4228 libro
2978 4173 3106 4240 alio,
3137 4189 3294 4244 quem
3319 4173 3576 4244 temporis
3601 4184 3693 4230 aut
3722 4175 3894 4244 ipsius

2301 4263 2558 4320 doctrinm
2587 4267 2720 4320 ratio
2747 4265 3036 4322 ostendunt
3066 4277 3193 4322 ante
3240 4267 3356 4336 ejus
3383 4265 3736 4323 defectionem
3763 4282 3896 4322 con-

2301 4359 2558 4429 scriptum
2579 4358 2762 4413 fuisse.
2777 4357 2978 4429 'ltaque
3007 4375 3113 4414 non
3138 4369 3220 4414 est
3241 4358 3612 4425 dubitandum,
3631 4359 3757 4429 quin
3785 4359 3896 4414 sint

602 4454 952 4513 Montanistas
976 4456 1376 4527 conscripserit.
1411 4453 1566 4512 Unde
1593 4456 1786 4512 factum
1813 4465 1928 4524 est,
1977 4467 2065 4523 ut,
2103 4458 2194 4530 qui
2219 4459 2275 4522 D
2301 4454 2389 4511 isti
2421 4455 2564 4521 libri,
2591 4456 2680 4526 qui
2705 4453 2807 4510 hoc
2830 4468 3026 4510 nomen
3071 4453 3380 4521 continent,
3401 4468 3590 4509 omnes
3619 4460 3738 4524 post
3765 4467 3889 4510 sus-

603 4549 702 4605 ista
729 4549 977 4606 subtilius
1008 4557 1255 4623 quaerunt
1279 4591 1294 4616 ,
1347 4549 1736 4606 Tertullianum
1768 4549 2140 4606 Montanistam
2161 4566 2193 4608 a

605 4639 990 4697 Monlaniz-anle
1032 4640 1467 4712 distinguendum
1519 4655 1642 4696 esse
1667 4640 1807 4696 haud
1837 4641 2017 4712 inepte
2045 4641 2194 4698 dice-

602 4744 742 4790 rent.
775 4733 881 4790 Sed
907 4733 1066 4797 aliter
1092 4735 1266 4790 visum
1295 4742 1378 4791 est
1399 4733 1482 4789 Jo.
1514 4733 1657 4790 Guil.
1702 4732 2042 4800 lloﬁ'mamto,
2066 4735 2195 4791 doc-

605 4827 811 4882 tissimo
849 4827 978 4883 olim
1005 4827 1060 4882 in
1083 4826 1368 4883 Academia
1392 4826 1763 4899 Vitebergensi
1784 4825 2036 4882 Historia:
2061 4825 2195 4882 doc-

605 4919 746 4984 tori,
800 4919 926 4988 qui,
979 4934 1101 4974 cum
1137 4920 1190 4975 ltt
1234 4935 1298 4977 ea
1326 4928 1469 4977 esset
1508 4920 1775 4975 sententia
1801 4961 1816 4988 ,
1860 4928 1918 4974 ut
1949 4920 2195 4976 crederet

604 5010 783 5067 omnia
831 5008 1136 5067 Tertulliani
1167 5054 1181 5081 ,
1230 5029 1350 5085 quae
1375 5021 1705 5084 supersunt,
1749 5013 1803 5067 in
1839 5012 2195 5068 Montanismo

603 5103 800 5174 scripta
824 5102 1009 5174 fuisse,
1051 5106 1152 5160 ltoc
1181 5106 1282 5162 sibi
1307 5105 1785 5162 demonstrandum
1811 5105 2197 5162 dissertatione

602 5198 857 5271 singulari
885 5209 1187 5272 sumpserat
1207 5198 1530 5272 (Vitebcrgae
1555 5198 1820 5272 l739.).ls
1841 5199 2054 5270 quidem
2071 5199 2192 5272 pul-

602 5290 731 5347 cltre
756 5293 1114 5363 perSpicicns,
1165 5293 1208 5347 si
1239 5291 1338 5348 ista
1368 5292 1634 5348 subtilitas
1664 5293 2062 5360 admitteretur,
2092 5294 2192 5350 de-

607 5384 1052 5440 monstrationem
1097 5398 1248 5440 suam
1275 5383 1472 5454 aliquid
1499 5399 1620 5440 esse
1645 5385 1956 5442 detrimenti
2005 5395 2194 5456 captu-

600 5488 757 5539 ram,
791 5478 998 5548 negavit
1035 5477 1135 5533 ltoc
1154 5476 1361 5533 admitti
1401 5477 1687 5534 discrimen
1720 5493 1897 5549 posse.
1935 5496 1956 5530 ι
1989 5479 2194 5536 Carere

607 5585 626 5622 ι
673 5567 816 5625 enim
847 5568 971 5638 hoc,
999 5570 1073 5625 ait
1101 5611 1116 5637 ,
1142 5572 1162 5641 (
1192 5569 1219 5643 §
1247 5569 1335 5626 lV.
1365 5586 1420 5643 p.
1456 5569 1587 5643 l7.)
1615 5569 1809 5627 ﬁnibus
1829 5573 1995 5628 certis
2018 5615 2033 5640 ,
2088 5587 2189 5628 nec

606 5677 626 5713 ι
675 5660 852 5716 minus
868 5662 1172 5733 ambiguum
1198 5678 1317 5719 esse
1333 5663 1535 5718 vultum
1557 5663 1964 5720 Montanizantis
1985 5663 2196 5720 etMon-

605 5766 628 5808 s
675 5753 914 5824 lanistae,
945 5769 1104 5826 quam
1133 5755 1271 5828 ejus,
1303 5755 1392 5826 qui
1421 5765 1680 5829 mgrotare
1701 5757 1910 5829 incipit,
1937 5767 1991 5817 et
2011 5770 2194 5830 aegro-

2301 4557 2514 4618 ceptum
2542 4546 2952 4603 Montanismum
2972 4547 3198 4604 exarati.
3227 4546 3367 4601 Alter
3395 4560 3568 4601 canon
3605 4544 3694 4602 bic
3722 4555 3841 4602 esto
3873 4563 3888 4601 :

2300 4643 2475 4696 omnis
2497 4639 2630 4695 liber
2655 4639 2960 4694 Tertulliani
2983 4655 3050 4694 ex
3081 4638 3310 4695 Montani
3340 4639 3552 4695 ofﬁcina
3573 4640 3774 4696 exiisse
3794 4655 3893 4712 pu-

2302 4742 2444 4792 tetur
2468 4776 2482 4802 ,
2511 4735 2600 4806 qui
2629 4735 2902 4797 doctrinas
2929 4743 3119 4792 tractat
3146 4752 3253 4794 non
3282 4735 3497 4807 quidem
3537 4736 3888 4798 Montanista~

2299 4843 2417 4884 rum
2445 4827 2689 4898 proprias
2716 4870 2730 4896 ,
2749 4827 2861 4909 sed
2892 4837 3066 4909 tamen
3105 4829 3361 4884 Paracleti
3399 4829 3679 4901 cujusdam
3706 4839 3890 4886 aucto-

2296 4921 2454 4976 ritate
2480 4907 2842 4978 conﬁrmatas.
2869 4907 3109 4994 Namque
3141 4923 3226 4980 hic
3267 4933 3385 4980 erat
3412 4925 3655 4995 capitalis
3676 4925 3887 4979 Monta-

2297 5014 2556 5070 nistarum
2570 5031 2742 5081 error,
2761 5015 2903 5087 quod
2919 5015 3633 5088 Paracletumjactarentsuo
3650 5025 3753 5071 tem
3762 5029 3892 5085 pore

2298 5108 2510 5164 venisse
2533 5107 2718 5176 talem,
2751 5108 2840 5180 qui
2873 5118 2927 5166 et
2966 5111 3073 5164 dux
3097 5120 3240 5166 esset
3260 5110 3326 5165 ad
3353 5111 3629 5165 veritatem
3646 5110 3890 5176 omnem,

2299 5211 2352 5256 et
2373 5216 2509 5256 nova
2542 5217 2719 5258 rerum
2749 5201 3051 5258 divinarum
3099 5203 3319 5259 scicntia
3349 5202 3619 5258 auditores
3637 5215 3765 5257 suos
3794 5200 3890 5256 im-

2299 5295 2487 5354 bueret
2515 5295 2610 5361 ita,
2643 5304 2701 5356 ut
2728 5305 3113 5368 cognoscerent
3139 5337 3154 5364 ,
3198 5312 3319 5368 qua:
3349 5295 3608 5367 patefacta
3637 5294 3770 5351 nulli
3798 5310 3886 5352 θε-

2299 5397 2416 5444 sent
2444 5389 2756 5461 antiquioris
2784 5390 3056 5446 memoriae
3089 5390 3287 5447 ltomini
3319 5432 3334 5458 ,
3379 5399 3435 5447 et
3475 5389 3541 5445 ad
3583 5392 3874 5447 maximam

2299 5478 2679 5550 perfectionem
2706 5496 2848 5537 nunc
2867 5482 3105 5554 aspirare
3151 5491 3369 5554 possent
3416 5482 3435 5556 (
3478 5481 3538 5539 V.
3570 5483 3798 5538 eumdem
3829 5482 3885 5538 in

2299 5571 2426 5626 libro
2454 5573 2519 5628 de
2543 5573 2768 5629 uelandis
2779 5574 3205 5648 oirginibus,cap.
3231 5573 3281 5631 I.
3298 5585 3344 5632 et
3374 5577 3500 5632 libro
3518 5575 3540 5630 Ι
3561 5574 3620 5632 ν.
3641 5575 3886 5632 adversm

2299 5661 2648 5736 Marcionent,
2675 5683 2720 5724 c.
2741 5665 2832 5722 εξ.
2857 5684 2910 5740 ρ.
2939 5668 3196 5743 5516.).
3226 5670 3400 5741 Atque
3430 5669 3587 5742 ltujus
3617 5655 3886 5727 Paracleti

2298 5757 2623 5830 agnitionem
2649 5772 2708 5818 se
2725 5798 2744 5832 ,
2769 5760 2878 5832 ait,
2908 5761 3204 5833 sejunsisse
3225 5761 3294 5820 ab
3322 5762 3564 5824 Ecclesia
3593 5763 3756 5835 (Αάυε
3767 5748 3907 5822 οἰιιοΔ

3225 3632 3332 3688 quo
3359 3618 3536 3674 socios
3576 3617 3892 3673 orthodoxa:
3995 3622 4002 3628 ‘
