4242 6266
329 266 445 371 tot
1228 312 1318 373 ac
1355 311 1698 377 coortum
1737 301 2180 375 summouent
2219 304 2710 377 TERTULLiANI.
3523 310 3635 377 tos

333 426 622 491 Prmanr.
661 443 779 496 cap.
802 425 855 484 Ι.
885 446 942 503 ρ.
972 426 1099 488 ϐω.
1127 427 1244 503 Β.);
1277 444 1453 503 neque
1472 431 1620 490 hunc
1648 431 1750 490 sibi
1776 445 1930 488 erro.
1955 430 2011 499 Α
2036 444 2147 489 non
2170 429 2424 502 viderint,
2448 442 2505 495 et
2527 441 2654 491 ante
2679 431 2853 493 Seueri
2881 432 3081 506 legem,
3105 446 3210 509 qua
3233 433 3635 511 suscipiendam

333 536 453 580 rem
496 520 806 594 persuaderi
852 538 1085 594 unquam
1118 524 1263 596 passi
1304 534 1429 581 sunt
1457 524 1774 583 orthodoxa:
1820 522 1929 583 Ec-
2033 523 2461 585 Christianorum
2499 528 2813 600 religionem
2849 528 3056 596 vetuit,
3120 530 3353 587 Deorum
3398 529 3634 591 cultores

332 615 511 672 desire
534 615 705 682 socii,
755 615 1007 687 quoniam
1052 615 1140 672 hic
1167 615 1479 688 principalis
1521 626 1637 674 erat
1683 616 1933 676 doctrina
2035 632 2266 678 vexasse
2301 616 2664 679 Christianos.
2719 620 2796 679 ιω
2839 622 2984 680 enim
3020 621 3216 679 factum
3254 632 3356 690 est,
3395 632 3472 689 ut,
3508 638 3634 682 cum

331 721 518 765 eorum
547 748 564 775 ,
593 708 688 780 qui
714 707 1027 765 Montanum
1052 751 1068 778 ,
1090 717 1343 780 tauquam
1371 709 1688 783 magistrum
1712 752 1730 778 ,
1752 719 1933 769 secta-
2032 707 2176 767 inter
2199 725 2391 767 omnes
2416 720 2724 783 constaret,
2765 729 2908 773 anno
2937 713 3155 773 demum
3194 715 3256 772 P.
3285 714 3348 773 C.
3385 714 3452 772 Ν.
3479 714 3632 789 CCII.

327 800 547 868 bantur;
558 802 807 873 quamvis
822 802 1005 859 caueri
1019 817 1235 860 errores
1253 802 1697 861 Montanistarum
1716 816 1929 870 omnes,
2033 800 2173 859 bane
2203 802 2375 874 legem
2401 820 2431 861 a
2459 804 2652 863 Severe
2676 806 2838 863 latam
2864 821 3008 876 esse,
3036 805 3157 864 libri
3189 807 3274 879 isti
3302 822 3492 867 omnes
3512 816 3636 882 pust

328 909 397 951 ex
413 894 588 965 aliqua
618 902 792 966 parte,
820 893 905 950 vel
934 894 1052 966 ipso
1074 894 1232 966 hujus
1245 893 1632 973 controversia:
1660 904 1929 965 tempore,
2032 892 2197 952 istum
2224 911 2426 955 annum
2457 898 2639 970 inepte
2664 908 3014 969 ponerentur.
3045 899 3223 973 Atque
3245 899 3461 958 fuerunt
3485 900 3636 959 iden-

326 986 415 1043 vel
447 986 606 1057 paulo
661 996 812 1058 post,
856 987 1059 1059 recepti
1090 985 1289 1044 fuerint
1316 1003 1346 1044 a
1392 988 1661 1043 nonnullis
1691 987 1924 1058 antiqutc
2032 988 2196 1046 tidem
2231 991 2510 1061 nonnulli,
2552 992 2646 1064 qui
2676 992 2780 1053 hoc
2804 992 3021 1066 quidem
3048 1008 3170 1050 cum
3198 992 3352 1053 libris
3377 994 3505 1066 ipsis
3532 1010 3634 1069 pug

325 1077 588 1135 Ecclesia:
635 1076 932 1135 sodalibus.
975 1078 1085 1136 Sed
1137 1078 1590 1150 quemadmodum
1643 1077 1880 1135 diximus
1904 1121 1921 1145 ,
2029 1097 2197 1153 guare
2222 1085 2623 1157 perspicerent;
2651 1085 2746 1145 sed
2769 1101 2944 1158 neque
2969 1085 3024 1143 hi
3044 1086 3322 1164 veritatem
3344 1087 3634 1165 attigerunt

325 1186 603 1244 nunquam
633 1170 948 1244 deposuisse
987 1171 1364 1231 Tertullianum
1388 1186 1600 1229 errores
1625 1185 1720 1227 eos
1744 1212 1761 1240 ,
1789 1186 1926 1243 quos
2029 1185 2316 1248 propterea
2364 1177 2512 1250 quod
2554 1179 2773 1252 antiqua
2819 1179 3009 1237 harum
3061 1196 3240 1239 rerum
3286 1190 3633 1237 monumenta

324 1265 493 1323 semel
522 1265 576 1321 in
607 1264 791 1323 schola
826 1262 1283 1321 Montanistarunf
1301 1263 1557 1323 didicerat
1584 1305 1602 1332 ,
1648 1262 1700 1319 id
1727 1273 1925 1335 sponte
2030 1283 2131 1326 nec
2169 1269 2418 1338 candide,
2449 1287 2551 1329 nec
2577 1272 2892 1343 prudenter,
2939 1283 3190 1346 tanquam
3220 1274 3415 1341 duces,
3461 1275 3633 1332 secuti

321 1359 587 1430 sequitur.
611 1356 755 1428 quod
772 1356 887 1429 iam
902 1355 1014 1414 l‘ere
1039 1356 1285 1435 diximus,
1305 1355 1542 1428 ejusdem
1559 1356 1775 1428 generis
1797 1371 1931 1441 esse.
2034 1359 2268 1419 fuerant.
2314 1361 2498 1435 Itaque
2536 1365 2787 1421 maximis
2822 1364 3071 1422 laudibus
3098 1365 3290 1439 dignus
3312 1375 3393 1423 est
3421 1367 3499 1423 vir
3528 1368 3632 1423 im-

320 1449 494 1507 libros
523 1447 873 1518 Tertulliani,
922 1449 974 1504 in
997 1448 1188 1522 quibus
1212 1448 1344 1503 alios
1360 1489 1377 1515 ,
1411 1446 1553 1504 haud
1575 1448 1738 1505 dubie
1762 1444 1921 1507 Μυηέ
2028 1453 2272 1511 mortalis
2291 1457 2563 1513 memoria)
2577 1455 3307 1527 Jp.LaurentiusMosltemius
3325 1465 3348 1514 ὁ
3366 1472 3633 1533 partaparta;

323 1545 652 1601 lanistarum
672 1544 821 1603 scitis
840 1540 1083 1610 infectos,
1114 1541 1392 1599 excitavit.
1412 1542 1589 1616 Atque
1615 1541 1699 1598 his
1718 1541 1924 1615 regulis
2029 1544 2141 1616 qui,
2172 1557 2452 1617 p05tquam
2480 1562 2568 1614 eo,
2599 1563 2708 1618 quo
2726 1557 2869 1616 erat,
2897 1549 3167 1614 acumine,
3203 1550 3475 1622 animique
3500 1566 3633 1607 ean-

316 1637 453 1693 addi
483 1646 703 1707 possent
724 1636 842 1693 aliae
864 1677 880 1704 ,
902 1651 1025 1710 qua:
1054 1635 1221 1693 libros
1252 1634 1595 1693 Montanismi
1620 1638 1923 1699 certissime
2028 1634 2163 1693 dore
2204 1649 2436 1705 summo,
2485 1638 2838 1708 iuquisiverat
2881 1638 2937 1695 in
2977 1638 3116 1696 hanc
3143 1655 3257 1696 rem
3285 1639 3633 1711 diligentius,

320 1739 578 1802 arguunt,
612 1728 784 1799 qualis
804 1739 884 1784 est
913 1727 1114 1784 diserta
1143 1728 1314 1803 ipsius
1371 1725 1675 1785 Tertulliani
1705 1726 1919 1801 profes-
1950 1799 1991 1805 _
2030 1723 2194 1785 istum
2213 1740 2453 1784 errorem
2474 1729 2909 1801 exquisitissimis
2926 1732 3257 1803 argumentis
3279 1732 3505 1805 explosit
3530 1730 3633 1805 (1).

322 1799 437 1888 sio;
471 1819 567 1878 sed
584 1832 710 1877 sunt
736 1821 852 1876 istac
880 1822 947 1875 ita
972 1819 1085 1877 fere
1105 1799 1458 1893 comparans,
1476 1831 1530 1879 ut
1561 1799 1923 1894 disputatione
1950 1799 2002 1867 Β
2028 1821 2208 1892 Atque
2235 1821 2323 1878 hic
2349 1832 2531 1882 tantus
2558 1799 2638 1879 vir
2666 1822 2845 1881 ell'ecit
2866 1799 3140 1896 diligentia
3166 1840 3284 1893 sua,
3316 1799 3376 1883 ut
3402 1799 3555 1883 nobis
3578 1799 3635 1899 in

320 1932 433 1973 nun
453 1926 664 1986 egeant,
688 1924 780 1969 aut
812 1929 919 1992 non
945 1913 1054 1971 sint
1079 1914 1398 1972 certissima:
1422 1914 1565 1970 ﬁdei.
1588 1914 1817 1987 Quodsi
1840 1930 1926 1977 ve-
2029 1913 2449 1995 demoustranda
2497 1915 2600 1973 hac
2647 1932 2707 1974 re
2748 1917 2931 1973 multis
2977 1917 3327 1977 laborandum
3368 1904 3475 1975 non
3540 1920 3630 1995 sit._

325 2024 389 2064 ro
413 2008 650 2064 extiterit
702 2007 809 2065 tale
846 2007 977 2079 quid
1027 2007 1082 2064 in
1115 2007 1351 2079 quodam
1406 2007 1544 2065 libro
1573 2006 1925 2081 Tertulliani,
2029 1994 2203 2075 Quam
2228 2008 2299 2065 ob
2328 2024 2443 2067 rem
2468 2024 2540 2067 ue
2565 2018 2784 2067 careant
2813 2018 2992 2069 tamen
3013 2010 3071 2077 ii,
3098 2010 3292 2083 quibus
3315 2008 3498 2067 datum
3525 1994 3633 2071 non

328 2101 472 2173 quod
504 2110 681 2173 posset
738 2100 929 2158 referri
971 2100 1038 2156 ad
1088 2104 1250 2157 unam
1296 2101 1599 2172 regularum
1659 2103 1923 2169 istarum;
2030 2108 2121 2157 est
2162 2100 2440 2172 perlegere
2477 2101 2649 2174 ipsum
2691 2101 3146 2175 elegantissimam
3173 2101 3631 2175 dissertatiouem,

329 2193 530 2266 absque
553 2193 751 2250 erroris
782 2193 1019 2264 periculo
1046 2194 1173 2250 licet
1202 2194 1512 2263 existimare
1534 2236 1550 2262 ,
1598 2209 1720 2251 eum
1751 2193 1925 2255 fuisse
2025 2192 2361 2262 gravissimis
2389 2194 2720 2266 argumentis
2739 2234 2755 2262 ,
2796 2194 2993 2266 quibus
3019 2194 3352 2253 calamitates
3376 2192 3635 2251 Christia-

330 2293 441 2341 tum
466 2287 686 2351 editum,
715 2301 839 2342 cum
874 2285 984 2357 jam
1011 2286 1321 2343 inimicitias
1342 2302 1466 2343 cum
1491 2286 1789 2344 orthodoxa
1817 2287 1922 2344 Ec.
2028 2298 2223 2341 norum
2251 2285 2482 2359 tempori
2525 2272 2651 2344 ante
2680 2284 2857 2343 Seueri
2883 2282 3117 2345 edictum
3144 2295 3456 2367 antegressa
3484 2300 3632 2342 assc-

326 2376 490 2437 clesia
516 2377 859 2436 Tertullianus
878 2379 1225 2453 suscepisset.
1252 2377 1360 2438 Sed
1383 2380 1496 2454 iam
1509 2379 1574 2438 ad
1589 2380 1753 2441 libros
1771 2382 1924 2453 ipsos
2028 2375 2160 2444 ruit.
2183 2391 2247 2434 ea
2271 2376 2432 2436 veluti
2451 2378 2504 2435 iu
2525 2378 2847 2457 compendio
2866 2377 3430 2450 recitabimus,quibus
3449 2391 3635 2435 as~:en-

324 2472 621 2530 veniamus.
866 2499 873 2505 ο
1948 2503 1969 2521 .
2030 2468 2193 2525 timur
2216 2470 2471 2537 omnino.
2518 2470 2692 2535 iisque
2729 2470 3043 2544 adjiciamus
3072 2469 3182 2527 duo
3225 2470 3328 2527 alia
3354 2512 3369 2537 ,
3413 2484 3533 2541 qum
3563 2468 3630 2526 ad

2027 2562 2395 2623 conﬁrmanda
2441 2578 2504 2621 ea
2553 2563 2756 2637 aliquid
2801 2562 3002 2623 habere
3053 2562 3300 2625 videntur
3342 2564 3627 2621 ﬁrmitatis.

2028 2656 2206 2727 Atque
2244 2656 2290 2713 is
2320 2657 2548 2728 primum
2574 2657 2726 2716 duxit
2751 2658 2822 2715 ab
2847 2673 2938 2726 eo,
2970 2656 3112 2729 quod
3143 2658 3255 2731 ipse
3284 2656 3631 2717 Tertullianns

2029 2745 2090 2807 in
2121 2745 2469 2821 Apologetico,
2514 2758 2569 2807 et
2595 2748 2829 2807 maxime
2859 2749 2911 2807 in
2938 2750 3186 2808 universa
3212 2750 3298 2806 illa
3329 2748 3396 2808 dc
3425 2749 3630 2822 legibus

2029 2836 2413 2911 disputatione,
2444 2849 2522 2899 tot
2545 2842 2697 2914 signa
2725 2840 2975 2908 ediderit,
3005 2839 3200 2912 quibus
3230 2840 3466 2898 nondum
3495 2841 3629 2914 legi-

462 2930 543 2987 Ex
581 2930 663 2986 his
694 2929 925 3004 primum
983 2928 1385 3003 pertractandos
1422 2929 1766 3003 promisimus
1799 2944 1918 3001 eos,
2032 2929 2133 2989 bus
2170 2941 2356 2989 contra
2386 2931 2723 2991 Christianos
2753 2932 2998 2990 Severum
3030 2948 3296 3005 pugnasse
3323 2916 3541 3001 indicat,
3574 2941 3631 2992 ut

320 3040 547 3098 quorum
574 3042 674 3084 nec
693 3035 825 3083 tetas
846 3040 948 3081 nec
970 3024 1212 3082 doctrina
1239 3008 1398 3081 dubia
1421 3024 1709 3082 admodum
1735 3032 1917 3097 esset;
2029 3022 2208 3080 nullus
2246 3025 2405 3096 plane
2440 3024 2723 3083 dubitandi
2765 3024 2917 3082 locus
2960 3026 3211 3097 supersit.
3256 3024 3532 3082 Alterum:
3562 3039 3630 3081 ex

320 3118 374 3174 in
412 3118 604 3191 quibus
645 3127 769 3174 sunt
812 3118 990 3190 primo
1034 3117 1155 3173 loco
1196 3116 1427 3231 ponen'di
1450 3131 1645 3231 aquos
1684 3118 1918 3231 scriptos
1947 3164 1995 3231 ϐ
2027 3112 2168 3231 libro
2194 3116 2264 3171 ad
2300 3115 2578 3231 Heilm“,
2608 3132 2656 3175 c.
2685 3117 2750 3231 ᾗ
2793 3116 2845 3172 in
2874 3114 3628 3231 commemoratl'ertutg

316 3225 441 3266 esse
478 3218 692 3266 constat
731 3225 795 3266 eo
834 3220 1112 3281 tempore,
1157 3224 1263 3282 quo
1299 3208 1693 3265 calamitatibus
1735 3210 1917 3266 multis
1947 3205 1995 3231 ν
2029 3207 2195 3264 (ianus
2249 3206 2510 3281 supplicia
2533 3250 2550 3276 ,
2624 3206 2819 3281 quibus
2875 3207 3048 3263 Albini
3101 3206 3304 3263 amicos
3375 3205 3632 3263 aﬂ‘ccerat

318 3299 633 3368 Christiani,
668 3310 922 3374 regnante
959 3301 1145 3374 Severo
1184 3302 1340 3372 Aug.,
1371 3308 1591 3372 propter
1615 3299 1917 3357 doctrinam
2028 3298 2281 3364 Seuerus,
2326 3297 2468 3370 quod
2511 3297 2711 3359 factum
2741 3312 2863 3356 esse
2900 3299 2965 3355 Α.
2994 3296 3055 3354 Ρ.
3080 3297 3140 3353 C.
3168 3296 3234 3353 N.
3257 3294 3483 3354 CXCVI.
3513 3308 3626 3371 aut,

321 3393 699 3466 afﬁigebantur
722 3413 749 3449 a
778 3394 1009 3452 Deorum
1035 3395 1350 3453 cultoribus.
1381 3394 1619 3464 Quorum
1642 3403 1773 3450 mtas
1791 3410 1916 3451 cum
2025 3391 2170 3463 quod
2200 3391 2413 3449 mallem
2443 3390 2691 3450 CXCVII.
2726 3391 3026 3449 rectissime
3065 3388 3380 3449 Mos/nemina
3399 3393 3627 3448 monuit.

320 3492 429 3546 rite
454 3486 784 3563 haud_queat
808 3489 1048 3557 deliniri,
1090 3489 1193 3547 nisi
1226 3489 1415 3561 ligatur
1440 3488 1569 3545 illud
1593 3488 1742 3560 quasi
1775 3504 1914 3563 pun-
2026 3484 2268 3543 Tertium
2311 3484 2414 3561 ipsi
2457 3484 2765 3542 obtulerunt
2794 3482 3065 3541 Clemenﬁs
3090 3482 3424 3541 Alexandrini
3466 3483 3629 3541 verba

317 3590 465 3638 ctum
508 3557 794 3652 temporis,
837 3598 942 3655 quo
977 3591 1155 3654 empta
1193 3557 1285 3638 est
1300 3581 1561 3639 adversus
1581 3557 1916 3640 Christianos
2024 3578 2257 3657 (Strom.
2287 3557 2347 3637 ι..
2382 3577 2445 3636 ll.
2473 3578 2571 3636 Ed.
2596 3577 2786 3635 Colon.
2819 3592 2873 3648 p.
2903 3577 3028 3635 ili.
3054 3575 3113 3632 Β.
3139 3577 3181 3648 ),
3225 3574 3421 3649 quibus
3457 3577 3628 3634 conti.

316 3672 556 3739 saevitia;
588 3673 639 3729 id
664 3688 886 3747 uanius
908 3688 1129 3733 necesse
1148 3684 1252 3742 est,
1280 3682 1357 3740 ut,
1383 3689 1612 3746 quonam
1643 3674 1758 3731 hzcc
1781 3684 1916 3731 tem-
2025 3681 2168 3731 tctur
2188 3671 2300 3749 jam
2330 3682 2441 3731 tum
2485 3668 2769 3729 tormentis
2799 3669 3060 3743 exagitari
3100 3667 3468 3738 Christianos,
3505 3682 3627 3725 eum

316 3779 451 3840 pore
482 3766 803 3843 contigerit,
848 3766 1192 3838 perspicuum
1221 3766 1471 3823 omnibus
1509 3766 1620 3822 ﬁat.
1670 3765 1777 3824 Sed
1812 3766 1914 3829 ista
2024 3762 2357 3823 Stromatum
2386 3762 2552 3820 libros
2570 3769 2941 3835 componeret,
2966 3761 3108 3837 quod
3133 3760 3256 3819 fecit
3276 3759 3389 3818 fere
3410 3760 3625 3828 eodem,

318 3858 529 3914 vexatio
552 3858 805 3931 quoniam
861 3856 945 3935 his
994 3859 1203 3927 extitit,
1246 3857 1476 3929 primum
1503 3856 1721 3930 quidem
1754 3867 1913 3928 ante,
2021 3870 2134 3927 quo
2162 3855 2419 3924 diximus,
2453 3865 2712 3928 tempore.
2746 3854 3005 3927 Quartum
3033 3853 3181 3911 dedit
3204 3861 3359 3923 artas,
3391 3854 3442 3909 in
3467 3868 3627 3926 quam

316 3949 512 4009 deinde
540 3960 662 4023 post
683 3949 830 4023 leges
854 3949 1040 4008 Severi
1065 3950 1385 4009 Christianis
1419 3951 1660 4007 inimicas
1686 3969 1700 4006 :
1727 3952 1917 4009 obser-
2021 3950 2338 4021 gratissima
2384 3949 2646 4024 supplicia
2676 3966 2708 4006 a
2737 3949 3025 4006 Scillitanis
3054 3947 3375 4023 Martyribus
3414 3955 3629 4019 sumpta

317 4042 495 4101 rando
527 4042 812 4101 didicimus
831 4086 847 4112 ,
886 4058 1089 4103 annum
1130 4058 1163 4099 a
1203 4042 1419 4101 Christo
1456 4052 1583 4101 nato
1608 4042 1921 4101 ducentesi-
2027 4040 2292 4111 incidunt,
2321 4042 2539 4101 Claudio
2569 4043 2759 4101 iterum
2789 4043 3035 4113 consule,
3064 4042 3155 4115 qui
3183 4058 3303 4101 cum
3330 4039 3389 4100 C.
3421 4040 3630 4111 Auﬁdio

315 4151 463 4195 mum
489 4136 656 4193 libros
674 4135 989 4193 Tertulliani
1010 4134 1255 4194 dividere
1278 4137 1428 4206 quasi
1456 4136 1513 4197 in
1530 4136 1663 4194 duas
1684 4137 1913 4206 classes,
2038 4131 2296 4191 Victorino
2324 4134 2497 4194 fasces
2524 4135 2591 4189 A.
2627 4133 2686 4193 P.
2717 4131 2781 4191 Ν.
2810 4133 2869 4191 C.
2895 4131 3001 4191 CC.
3028 4134 3229 4203 tenuit;
3261 4132 3453 4204 quibus
3472 4130 3630 4189 deni-

316 4245 541 4305 quarum
590 4230 758 4287 altera
811 4228 1356 4301 complectiturJtos,
1420 4229 1514 4302 qui
1557 4237 1684 4287 sunt
1728 4230 1797 4291 ab
1846 4244 1917 4291 eo
2025 4242 2133 4300 que
2158 4228 2489 4301 argumentis
2514 4225 2715 4297 aliquid
2744 4226 3083 4285 auctoritatis
3111 4225 3399 4285 arbitratur
3420 4239 3483 4284 ex
3508 4224 3628 4296 ipso

319 4320 652 4391 orthodoxe,
693 4321 863 4379 altera
892 4336 1024 4391 eos,
1072 4321 1163 4395 qui
1206 4330 1332 4379 sunt
1371 4320 1441 4377 ab
1483 4336 1551 4379 eo
1592 4321 1916 4381 Montanista
2029 4320 2201 4378 Orasii
2227 4336 2292 4379 ac
2331 4320 2613 4393 Freculplti
2645 4320 2948 4379 testimonio
2986 4319 3267 4381 accedere.
3315 4318 3489 4395 Atque
3530 4332 3631 4375 nos

318 4413 563 4487 perfecti.
618 4412 784 4475 Nobis
827 4418 1007 4487 itaque
1044 4429 1167 4472 cum
1197 4415 1271 4472 sit
1307 4414 1638 4488 propositum
1678 4414 1916 4486 primum
2027 4430 2137 4473 non
2157 4429 2344 4473 sumus
2365 4414 2424 4483 ii,
2449 4415 2540 4488 qui
2562 4416 2660 4474 ista
2683 4414 2901 4487 quidem
2922 4413 2991 4477 ad
3017 4430 3131 4475 rem
3155 4413 3629 4475 demonstrandam

320 4507 586 4579 dispicere
609 4506 678 4565 de
706 4522 773 4569 eo
799 4522 1000 4582 genere
1030 4506 1290 4564 librorum
1315 4504 1657 4573 Tertulliani,
1681 4519 1916 4577 quorum
1942 4528 2005 4595 υ
2026 4520 2139 4567 non
2166 4504 2413 4565 sufﬁcere
2439 4505 2848 4575 arbitraremur,
2897 4521 2959 4563 ea
2998 4506 3141 4565 enim
3168 4505 3349 4565 omnia
3380 4512 3630 4574 putamus

318 4607 456 4656 setas
480 4600 614 4657 satis
634 4598 840 4670 liquido
857 4606 1089 4666 constat,
1118 4598 1193 4654 ita
1218 4598 1273 4654 in
1300 4596 1703 4669 hoc.tractando
1729 4612 1922 4655 versa-
2034 4614 2149 4659 rem
2189 4608 2338 4657 extra
2368 4615 2584 4659 omnem
2619 4598 3006 4660 dubitationem
3040 4612 3258 4669 ponere.
3288 4595 3515 4666 ‘Placuit
3545 4603 3663 4650 εει-ι·

319 4690 519 4760 bimur,
560 4700 621 4748 ut
656 4691 1122 4758 demonstremus,
1167 4690 1281 4763 iam
1307 4698 1432 4747 ante
1467 4689 1645 4749 Severi
1681 4689 1919 4747 edictum
2032 4707 2183 4761 men,
2216 4707 2285 4748 ne
2313 4692 2443 4765 quid
2466 4678 2741 4753 videamur
2768 4689 3198 4763 praetermisisse,
3239 4686 3382 4762 quod
3421 4685 3490 4745 ad
3515 4700 3632 4743 rem

316 4776 655 4840 Christianos
682 4781 845 4840 fuisse
870 4790 1092 4855 propter
1109 4780 1407 4839 doctrinam
1432 4789 1670 4848 vexatos,
1692 4780 1914 4849 deinde,
2031 4780 2458 4842 conﬁrmandam
2487 4783 2665 4841 facere
2693 4782 2922 4859 quodam
2952 4778 3113 4841 modo
3143 4791 3354 4855 posset,
3395 4780 3502 4845 duo
3527 4779 3632 4837 alia

316 4874 503 4949 paucis
531 4873 848 4947 quibusdam
886 4874 954 4932 de
992 4874 1110 4947 ipsa
1148 4873 1311 4947 hujus
1349 4874 1545 4947 prioris
1582 4872 1921 4947 tempestatis
2031 4883 2367 4949 argumenta,
2410 4890 2551 4947 qum,
2596 4873 2840 4946 quamvis
2868 4872 3077 4933 minora
3107 4887 3226 4933 csse
3252 4872 3632 4933 hloshcmianis

321 4967 532 5025 ratione
567 4969 816 5043 aspersis,
845 4968 901 5026 in
945 4985 1167 5039 annum,
1195 4985 1302 5043 quo
1328 4969 1429 5029 ista
1450 4968 1673 5030 adﬂictio
1702 4970 1914 5027 initium
2029 4965 2192 5023 facile
2227 4967 2482 5039 patimur,
2530 4965 2637 5022 nun
2687 4971 2870 5023 tamen
2908 4963 3130 5023 omnino
3176 4963 3463 5036 rejicienda
3512 4978 3633 5023 esse

315 5060 553 5135 ceperit,
578 5069 827 5123 accurate
858 5062 1210 5137 inquiramus.
2035 5059 2303 5121 videntur.
2359 5056 2531 5117 Unum
2570 5064 2654 5116 est
2683 5055 2805 5131 hoc,
2840 5056 2985 5132 quod
3007 5054 3186 5116 ﬁlius
3224 5056 3535 5130 Spartianus
3563 5055 3633 5111 de

325 2606 441 2681 55.
488 2636 560 2651 -—
601 2605 781 2664 Prima
828 2607 1007 2669 classis
1047 2608 1325 2674 librorum,
1380 2609 1473 2680 qui
1523 2618 1643 2663 sunt
1696 2616 1927 2680 tempero

394 2700 581 2771 prioris
612 2702 893 2758 motionis
917 2699 1324 2758 Christianorum
1347 2702 1445 2756 sub
1478 2699 1671 2758 Sucro
1689 2700 1926 2772 Augusto

401 2796 596 2867 scripti.

318 5193 355 5265 ᾗ
388 5195 1483 5273 6.-υσὶρω1οαναυαεὲοηοάὸσρκωασ
1508 5204 1599 5266 ita,
1628 5200 1923 5256 admon-

398 5299 587 5346 stretur
609 5294 763 5348 talem
784 5295 1011 5351 minue
1031 5304 1152 5350 ante
1178 5293 1357 5351 Seueri
1377 5293 1635 5360 edt'cttm;
1683 5309 1839 5360 quain
1864 5293 1926 5348 in

2066 5218 2271 5367 iga!»
2294 5252 2694 5326 Commentatione
2729 5254 2795 5327 de
2829 5258 2969 5332 (atate
3003 5249 3303 5364 Δροιοθειὶοἱ
3341 5245 3633 5322 Tertulliani

2027 5322 2079 5367 et
2204 5330 2250 5367 to
2285 5322 2627 5367 persecuturus
2676 5316 3053 5367 Christianorum
3085 5329 3142 5367 sn
3193 5316 3401 5367 Severo,
3426 5323 3536 5367 quae
3561 5324 3632 5360 tn-

681 5295 763 5347 ‘ent
784 5295 1011 5351 misisse
1031 5304 1152 5350 ante
1178 5293 1357 5351 Seueri
1377 5293 1635 5360 edictum;
1683 5309 1839 5360 quam
1864 5293 1926 5348 is
2025 5322 2079 5367 α
2095 5293 2271 5367 “ί;ἷίιξο”
2285 5293 3632 5383 ξξῇξνῇξίάᾗέἷῆζ

396 5399 505 5439 nm
532 5385 807 5455 ρηροείιίσ
843 5384 1116 5441 Mummii
1154 5385 1473 5456 argumentis
1490 5385 1600 5439 αεεσ
1623 5399 1753 5438 ηοω
1776 5383 1924 5457 σάλε-
2027 5385 2168 5457 serta
2185 5374 2933 5457 EE'.'_°_‘:.!_-_P“§Ffiaii°999!
2973 5378 3215 5457 ΨΑ
3257 5374 3629 5457 [ιὲξξετίὲιξιέξς-

396 5477 618 5545 ωηατ.
644 5487 694 5533 ει
720 5477 921 5533 iam
949 5480 1149 5552 σερεεεο
1168 5479 1231 5532 Α.
1264 5477 1333 5533 ν.
1361 5477 1419 5532 ο.
1447 5475 1522 5531 η.
1547 5476 1824 5534 axem.
2027 5442 3227 5566 assumimus.inmatura
3253 5443 3630 5566 manus:

2023 5566 2508 5630 accuratiorem‘ea,
2546 5577 2694 5630 quam
2731 5564 2931 5615 tradidit
2957 5559 3172 5630 _Allixl_u's
3208 5563 3279 5630 (ν.
3318 5559 3631 5630 'l‘besaurum

463 5615 651 5688 Culpa,
683 5633 781 5677 cur
803 5619 1102 5679 erraverint
1130 5618 1280 5677 multi
1307 5620 1361 5677 in
1387 5619 1692 5678 deﬁnienda
1719 5633 1916 5681 eorum
2027 5615 2347 5693 Epistolicum
2378 5615 2759 5693 ΔΙιαςειίοξέιιηιιηι,
2800 5633 2916 5678 ιοω.
2947 5626 2996 5693 ΑΙ.
3023 5641 3072 5693 p.
3091 5615 3370 5693 28l.$;_sed
3395 5619 3444 5670 id
3469 5621 3630 5693 consi-

316 5684 580 5810 [ωτοτξωί
605 5708 911 5810 multa
1189 5713 1281 5787 ιιυί
1331 5721 1574 5786 tempore
1615 5712 1922 5810 γςιειίοηίς

312 5797 618 5865 Severinum
662 5803 853 5881 scripti
879 5813 1042 5901 sum,
1069 5802 1223 5875 ineo
1259 5815 1344 5867 est
1370 5806 1513 5869 haud
1542 5805 1724 5879 dubie,
1768 5802 1919 5880 quod
2028 5797 2210 5883 5773?.
