4242 6266
621 381 725 441 103

1693 355 2140 426 DISSl-.B'l‘.-\TIO
2182 353 2267 418 DE
2311 352 2491 419 VERA
2537 357 2792 418 ᾹΞΤΑΤΕ

3817 355 3924 415 101

623 496 889 555 Caracallo
930 493 1056 549 dicit
1086 490 1176 563 (in
1203 487 1320 544 Vita
1365 483 1606 540 Antonini
1652 481 1930 549 Cor-acalli,
1963 472 2080 549 cap.
2106 475 2172 548 l.)
2204 495 2215 532 :
2247 479 2297 538 Λ
2326 477 2523 546 ipsum,
2571 476 2713 547 quod
2759 475 3106 530 Tertullianus
3151 471 3311 539 dicit,
3359 472 3570 546 plebem
3620 472 3921 544 osagitasse

623 591 876 663 septennis
893 603 1040 658 puer,
1063 600 1176 638 cum
1200 581 1497 636 collusorem
1518 593 1664 632 suum
1689 591 1922 646 puerum,
1950 571 2019 626 ob
2038 569 2190 626 .ludai
2205 599 2217 606 -

623 698 741 740 cant
769 680 1122 750 Religionem,
1163 674 1364 746 gravius
1402 669 1712 724 verberatum
1742 665 2013 728 audiisset,
2061 677 2219 730 neque

622 783 815 846 patrem
836 787 1003 836 suum,
1029 783 1188 843 neque
1215 775 1403 836 patrem
1426 763 1590 836 pueri,
1613 762 1688 815 vel
1709 769 1938 812 auctores
1959 757 2216 810 verberum

622 867 711 920 diu
740 863 974 937 respexit.
1028 861 1106 916 Ex
1151 874 1258 930 quo
1293 858 1409 912 loco
1435 868 1676 926 apparet,
1721 851 1860 923 quod
1890 845 2215 920 paterpueri

622 959 775 1015 istius
826 973 932 1011 non
982 955 1097 1025 ipse
1137 943 1259 1007 eum
1317 944 1856 1020 propter—Iudaicam
1906 940 2214 1010 religionem

621 1050 954 1124 castigaverit
984 1090 998 1114 ,
1043 1047 1135 1103 sed
1174 1045 1314 1115 quod
1344 1045 1456 1113 ipse
1497 1040 1712 1094 Severus
1741 1051 1960 1107 puerum
1997 1032 2217 1103 jusserit

621 1148 688 1202 ab
717 1146 835 1201 aliis
864 1142 1131 1214 castigari.
1175 1137 1308 1194 Nam
1353 1136 1441 1205 qui
1479 1134 1739 1205 potuisset
1767 1127 2061 1184 Caraeallus
2089 1140 2214 1180 suc-
2301 1206 2311 1215 ⁸

621 1254 846 1297 censere
872 1236 1008 1309 patri
1039 1234 1225 1290 Severo
1244 1273 1257 1297 ,
1301 1230 1403 1285 nisi
1431 1229 1476 1284 is
1503 1228 1616 1298 ipse
1655 1223 1754 1280 hoc
1783 1221 2037 1278 voluisset
2065 1217 2214 1274 lieri?

623 1331 808 1404 Itaque
839 1330 1030 1400 aliquis
1060 1327 1219 1382 datur
1248 1325 1395 1379 locus
1421 1318 1743 1390 suSpicioni,
1785 1317 1894 1385 jam
1928 1323 2059 1376 tmn,
2091 1325 2211 1365 cum

624 1423 922 1480 Curacallus
951 1431 1156 1490 septem
1183 1423 1327 1472 esset
1355 1427 1648 1476 annorum,
1697 1408 1746 1462 vi
1777 1417 2064 1478 pugnatum
2093 1417 2213 1458 esse

625 1515 884 1572 adversus
908 1512 1271 1574 Christianos;
1301 1505 1544 1578 quamvis
1567 1516 1708 1557 anno
1734 1500 1948 1555 demum
1973 1497 2032 1551 P.
2056 1494 2119 1551 C.
2145 1494 2207 1548 N.
2249 1531 2257 1538 -

619 1607 772 1666 CCII.
805 1607 1021 1663 Severus
1053 1604 1196 1673 leges
1224 1611 1410 1655 contra
1437 1596 1626 1651 horum
1657 1592 2069 1665 .ludmorumque
2091 1587 2212 1643 reli-

619 1702 832 1772 gioncm
874 1697 1071 1752 tulerit.
1124 1693 1203 1748 Ad
1251 1687 1535 1761 septimum
1562 1701 1758 1741 annum
1787 1685 1895 1756 egit
1919 1681 2215 1737 Caraeallus

619 1807 762 1847 anno
791 1807 819 1845 a
852 1800 980 1845 nato
1004 1786 1332 1864 Sospitatore
1363 1793 1548 1837 nostro
1598 1777 1803 1834 CXCV.
1851 1773 1991 1846 quod
2020 1782 2100 1829 est
2132 1773 2213 1826 fa-

620 1884 724 1940 cile
749 1846 1137 1938 demonstratu.
1168 1861 1372 1933 Norunt
1398 1873 1539 1928 enim
1563 1884 1768 1933 omnes,
1801 1878 2069 1921 tnot‘luuttt
2093 1880 2214 1920 esse
2244 1846 2291 1906 B

621 1977 864 2035 Severum
905 1977 972 2030 A.
1014 1969 1194 2029 CCXI.
1237 1971 1320 2025 cui
1374 1965 1670 2022 succedens
1713 1961 2006 2016 Curacallns
2047 1959 2215 2013 inter-

619 2068 791 2124 fectus
829 2074 945 2133 est,
985 2080 1107 2120 cum
1135 2077 1294 2132 supra
1327 2058 1412 2113 γι.
1443 2072 1612 2112 annos
1640 2063 1918 2124 regnasset
1955 2051 2216 2122 (Dionem

621 2163 862 2218 Cassium
896 2157 1092 2212 llistor.
1123 2156 1364 2218 Romam,
1400 2151 1492 2205 lib.
1518 2146 1777 2204 LXXVII.
1802 2144 1930 2200 edit.
1957 2143 2213 2209 Reimari,

621 2253 730 2309 vol.
779 2251 844 2307 ll.
898 2267 950 2322 p.
995 2247 1208 2316 1514.),
1255 2247 1320 2300 A.
1354 2241 1606 2299 CCXVII.
1655 2238 1704 2294 Is
1754 2254 1882 2294 vero
1910 2251 2032 2292 cum
2064 2235 2216 2308 diem

620 2359 929 2416 supremum
955 2342 1150 2408 obiret,
1183 2353 1381 2394 annum
1428 2335 1680 2405 attigerat
1703 2329 1796 2385 29.
1859 2343 1966 2400 quo
1993 2341 2216 2388 numero

621 2437 864 2493 detracto
924 2427 1148 2489 summa}
1209 2436 1472 2484 annm-um
1535 2425 1689 2496 ejus,
1757 2420 1986 2491 emergit
2047 2434 2217 2474 annus

622 2525 999 2588 CLXXXVIII.
1049 2542 1160 2597 quo
1211 2533 1367 2578 natus
1434 2521 1506 2575 sit
1547 2519 1792 2588 oportet;
1842 2516 1983 2570 unde
2023 2528 2215 2569 conse-

621 2623 822 2696 quitur,
839 2617 1161 2675 Caracallum
1183 2617 1247 2671 A.
1265 2612 1468 2671 CXCV.
1490 2610 1773 2681 septimmn
1798 2622 1998 2662 annum
2021 2605 2216 2677 egisse,

622 2732 731 2789 quo
787 2726 1031 2785 tempore
1079 2712 1237 2782 longe
1283 2707 1550 2780 posterius
1593 2713 1676 2759 est
1739 2701 1912 2757 Severi
1959 2700 2214 2756 edictum.

623 2809 807 2881 Neque
829 2817 956 2879 puto
977 2820 1298 2879 quemquam
1325 2802 1460 2869 fore,
1489 2801 1578 2873 qui
1606 2798 1761 2854 nobis
1780 2804 2036 2868 opponat,
2062 2796 2219 2865 longe

621 2902 892 2959 diversam
913 2915 1034 2956 esse
1051 2895 1367 2954 Christiana:
1397 2911 1461 2950 ac
1486 2894 1719 2950 Iudaicae
1751 2890 2023 2961 religionis
2052 2889 2218 2944 ratio-

627 3013 787 3064 nem,
829 3009 930 3050 nec
969 3007 1128 3064 posse
1165 2986 1560 3067 demonstrari,
1600 2985 1937 3041 Chrisdanos
1986 2982 2150 3038 fuisse
2189 2998 2217 3036 a

625 3090 859 3148 Deorum
881 3087 1178 3144 cultoribus
1199 3093 1438 3146 vexatos,
1463 3081 1715 3154 quoniam
1733 3079 1975 3160 castigati
1991 3076 2216 3156 (fuerint,

2320 567 2679 631 Christianos,
2706 568 2769 623 et
2800 568 2965 622 invito
2995 566 3211 639 quidem
3241 565 3448 632 Severo,
3482 580 3660 620 nonne
3687 565 3918 620 demou-

2320 669 2474 724 strat,
2516 660 2568 715 id
2610 659 2808 714 factum
2854 676 2960 716 non
3001 675 3123 715 esse
3162 659 3337 715 Severi
3364 659 3601 729 legibus?
3650 659 3919 716 Ilabemus

2323 751 2481 822 igitur
2506 761 2559 807 et
2587 751 2671 814 hic
2705 769 2810 807 non
2837 753 3126 808 obscurum
3159 750 3526 807 testimonium
3555 751 3739 818 degeo,
3773 753 3919 824 quod

2320 852 2444 898 ante
2487 844 2604 914 ejus
2643 843 2874 900 edictum
2919 843 3210 901 Christiani
3243 844 3490 900 maximis
3519 844 3918 904 calamitatibus

2322 934 2506 990 afflicti
2538 935 2751 991 fuerint.

2456 1094 2483 1168 §
2517 1098 2569 1151 7.
2595 1127 2667 1138 —
2693 1097 2821 1165 Qum
2841 1114 3040 1170 (caussa:
3065 1099 3218 1167 huius
3249 1088 3435 1171 prioris
3467 1089 3785 1156 vexationis?

2391 1255 2462 1308 At
2505 1268 2646 1308 nunc
2691 1253 3058 1310 discutiendus
3101 1265 3184 1310 est
3211 1255 3350 1310 alter
3378 1256 3480 1311 iste
3506 1255 3659 1311 locus
3681 1255 3749 1312 de
3777 1265 3918 1312 tem-

2319 1358 2481 1414 pore,
2526 1359 2632 1415 quo
2680 1346 2825 1415 prior
2864 1345 2978 1401 lnec
3031 1356 3320 1417 tempestas
3369 1348 3629 1418 cont'git;
3680 1349 3722 1403 si
3771 1349 3919 1419 prius

2318 1434 2569 1499 edixero,
2609 1453 2852 1506 quamam
2899 1453 3111 1493 caussa:
3160 1439 3317 1508 hujus
3363 1439 3613 1495 facinoris
3646 1441 3784 1512 vulgi
3823 1441 3920 1496 ad-

2319 1543 2508 1583 versus
2541 1528 2880 1585 Christianos
2909 1530 3194 1586 videantur
3229 1532 3413 1588 fuisse.
3460 1535 3631 1602 Atque
3670 1532 3769 1588 hoc
3795 1549 3916 1589 cum

2319 1618 2387 1674 de
2428 1621 2574 1675 omni
2614 1631 2800 1677 contra
2842 1620 3178 1678 Christianos
3239 1625 3378 1678 tacto
3419 1618 3646 1695 a'plebe
3692 1627 3918 1681 tumultu

2329 1721 2562 1780 Constat,
2613 1728 2730 1772 eam
2762 1713 2865 1782 his,
2911 1725 3160 1785 tanquam
3206 1715 3432 1786 publicis
3461 1717 3673 1786 generis
3705 1717 3919 1774 humani

2330 1802 2608 1872 hostibus,
2669 1820 2829 1860 omne
2873 1800 3192 1861 calamitatis
3232 1823 3261 1860 a
3306 1807 3415 1861 Diis
3458 1808 3710 1882 immissa:
3753 1824 3920 1879 genus

2323 1897 2574 1952 tribuisse
2616 1915 2628 1951 :
2675 1907 2784 1953 tmn
2835 1899 2964 1954 illud
3016 1900 3268 1955 nimirum
3315 1911 3460 1971 patet
3495 1916 3561 1956 ex
3617 1901 3920 1958 Tertulliani

2322 1991 2558 2059 scriptis,
2607 1989 2706 2046 hoc
2759 1992 2921 2046 fuisse
2968 1992 3021 2046 in
3067 2008 3228 2048 causa
3269 2035 3284 2061 ,
3329 2003 3386 2048 ut
3416 2011 3558 2070 nunc
3586 1975 3923 2053 Christianos

2323 2084 2556 2138 maxime
2579 2084 2948 2154 insequeretur
2969 2085 3070 2157 (Cf.
3099 2085 3358 2157 Apologet.
3375 2129 3389 2153 ,
3404 2103 3452 2142 c.
3470 2087 3561 2142 40.
3584 2088 3652 2142 ad
3672 2089 3919 2158 nationes,

2324 2175 2418 2230 lib.
2449 2175 2490 2231 1.
2527 2192 2575 2232 c.
2604 2177 2659 2234 9.
2693 2179 2846 2248 etc.).
2888 2179 3199 2247 Enimvero,
3243 2197 3361 2251 qua:
3409 2181 3651 2236 Severum
3698 2183 3834 2239 inter
3869 2192 3926 2240 et

2324 2267 2546 2340 Nigrum
2577 2271 2978 2339 intercedebat,
3031 2276 3390 2330 maximarum
3423 2292 3603 2332 rerum
3632 2280 3919 2346 mmolatio,

2326 2379 2430 2417 non
2458 2363 2632 2419 Solttttt
2669 2364 2884 2420 videtur
2918 2366 3238 2436 quibusdam
3283 2367 3636 2439 displicuisse,
3683 2373 3770 2440 qui
3817 2387 3922 2428 non

2325 2453 2588 2520 Severum,
2620 2456 2714 2510 sed
2747 2455 2970 2528 Nigrum
3015 2471 3196 2513 contra
3241 2458 3449 2513 Didium
3491 2457 3757 2514 lulianum
3787 2464 3921 2534 Aug.

2325 2547 2722 2617 postulaverant
2751 2547 2847 2618 (V.
2878 2549 3261 2617 llcrodiamnn,
3287 2551 3379 2607 lib.
3410 2550 3472 2605 II.
3511 2567 3558 2607 c.
3587 2550 3642 2607 8.
3675 2551 3767 2608 III.
3790 2568 3840 2608 c.
3867 2555 3922 2610 5.

2324 2639 2687 2710 Spartianum,
2736 2642 2788 2696 in
2828 2641 2934 2696 vita
2976 2642 3146 2713 Nigri,
3190 2657 3240 2698 c.
3273 2643 3392 2714 2.);
3442 2644 3537 2699 sed
3583 2645 3709 2700 illud
3738 2648 3921 2711 etiam,

2323 2733 2465 2804 quod
2496 2732 2752 2788 adversus
2774 2733 3010 2788 Albinum
3037 2733 3275 2805 suscepit
3297 2734 3523 2804 bellum,
3550 2738 3790 2792 omnium
3811 2739 3929 2793 ani-

2324 2839 2442 2880 tnos
2473 2825 2822 2880 vehementer
2845 2827 3131 2881 concitavit
3165 2826 3254 2898 (V.
3286 2827 3506 2884 Dionem
3533 2829 3673 2898 apud
3700 2829 3927 2900 Xiphili-

2323 2931 2472 2980 num,
2507 2916 2545 2970 l.
2575 2915 2788 2972 LXXV.
2819 2932 2869 2972 e.
2894 2917 2950 2971 4.
2986 2936 3038 2989 p.
3068 2918 3228 2973 1258.
3261 2918 3372 2990 13.).
3415 2920 3616 2990 Itaque,
3644 2936 3766 2976 cum
3799 2936 3928 2994 pro-

2322 3020 2492 3066 strato
2515 3010 2988 3081 utroqne,Severus
3009 3026 3199 3066 omnes
3221 3028 3315 3067 eos
3354 3014 3666 3084 extinguere
3715 3025 3927 3085 pararet

2323 3118 2461 3174 quos
2515 3118 2809 3158 noverat'a
2858 3104 3098 3174 partibus
3144 3102 3297 3175 Nigri
3353 3105 3618 3175 Albiniqne
3665 3108 3921 3172 stetisse,

623 3183 713 3255 qui
741 3197 800 3238 se
820 3180 1056 3237 «Iudaica?
1085 3177 1330 3248 τθιίὸῖοηῖ
1356 3174 1692 3272 afﬂixerant
1727 3170 1855 3272 N‘f'“
1883 3170 1973 3272 (lui
2005 3170 2221 3272 ίίθῗθψ
2247 3209 2292 3272 C
2326 3170 2525 3269 optima
2571 3213 2631 3254 se
2679 3170 2936 3254 offerebat
2988 3198 3126 3269 plebi
3167 3170 3378 3254 occasio
3409 3170 3775 3263 Christianos,
3809 3170 3927 3254 tan-

626 3277 796 3340 tinnt,
847 3289 944 3331 eos
989 3286 1209 3328 necesse
1253 3278 1336 3325 est
1375 3267 1610 3338 lingere,
1657 3265 1798 3336 quod
1829 3261 2016 3334 vulgus
2052 3263 2214 3316 etiam

624 3370 959 3428 Christianos
998 3368 1111 3438 jam
1154 3366 1284 3423 satis
1325 3380 1355 3418 a
1395 3363 1595 3419 Iudaeis
1636 3361 1942 3417 distinxerit
1985 3359 2090 3428 (ab
2119 3359 2221 3413 hoc

625 3465 770 3520 enim
799 3463 1028 3518 dit-imus
1056 3463 1215 3516 istum
1239 3459 1520 3514 tumultum
1555 3457 1717 3512 fuisse
1739 3455 2075 3526 excitatum).
2110 3455 2222 3512 Iloc

629 3570 757 3610 vero
783 3553 1071 3608 discrimen
1098 3567 1219 3608 cum
1249 3561 1372 3605 ante
1399 3549 1528 3604 illud
1559 3560 1800 3620 tempus,
1845 3564 1952 3620 quo
1988 3548 2221 3606 Severus

628 3645 854 3716 Imperio
888 3644 1166 3715 potiretur,
1213 3659 1281 3698 nc
1307 3642 1376 3697 ab
1404 3642 1468 3698 iis
1494 3641 1707 3713 quidem
1738 3642 1808 3696 sit
1836 3641 2178 3696 observatum
2202 3683 2217 3706 ,

627 3737 718 3808 qui
750 3749 906 3790 misse
934 3745 1211 3804 utramque
1240 3733 1552 3803 religionem
1580 3733 1780 3802 optime
1811 3741 2091 3802 poterant,
2123 3747 2222 3788 nec

628 3826 814 3891 sciam,
839 3825 981 3882 unde
1005 3827 1230 3896 probare
1253 3825 1515 3895 quiSpiam
1541 3824 1729 3894 possit,
1760 3839 1857 3879 eos
1885 3822 2060 3880 Severi
2086 3835 2189 3878 tem
2207 3853 2223 3866 ο

633 3933 765 3987 pore
805 3919 974 3988 magis
1006 3915 1341 3987 perspicaces
1371 3913 1536 3970 fuisse
1573 3930 1728 3986 quam
1767 3924 1913 3981 ante,
1962 3915 2219 3987 numquid

629 4009 953 4066 concitatam
987 4007 1381 4063 multitudinem
1412 4007 1512 4061 sub
1543 4006 1720 4063 Severi
1759 4008 1982 4078 imperio
2027 4006 2225 4078 idqui-

629 4099 996 4156 demenrasse
1043 4108 1133 4155 aut
1181 4097 1492 4155 distinxisse
1537 4100 1667 4155 satis
1718 4099 2069 4172 putabimus?
2114 4098 2222 4155 Sed

575 4207 583 4218 ·
630 4195 673 4246 si
721 4192 950 4246 maxime
1005 4190 1225 4246 dubium
1281 4199 1455 4261 poteSt
1521 4189 1692 4257 illud,
1763 4200 1938 4246 tamen
2000 4202 2224 4262 apparet

641 4283 831 4340 adesse
890 4284 1134 4361 exempla
1186 4284 1293 4338 odii
1344 4283 1622 4354 gentilium
1677 4285 1728 4338 in
1782 4299 1879 4339 eos
1926 4283 2016 4356 qui
2071 4295 2226 4340 erant

629 4392 659 4431 a
689 4377 918 4431 Deorum
945 4376 1089 4431 cultu
1120 4376 1278 4430 alieni
1322 4377 1603 4447 ipsumque
1643 4376 1884 4432 Severum
1924 4391 2027 4432 non
2069 4378 2226 4447 plane

629 4472 696 4527 ab
725 4472 849 4527 odio
875 4471 978 4526 isto
1006 4471 1371 4527 abhorruisse.
1417 4469 1568 4539 Quod
1609 4471 1653 4525 si
1692 4470 1909 4525 Severus
1938 4472 1988 4524 id
2022 4470 2143 4527 fecit
2172 4470 2224 4525 in

630 4565 808 4636 pueris
829 4606 842 4631 ,
889 4565 1083 4634 quibus
1125 4564 1433 4620 condonare
1461 4564 1700 4619 solemus
1729 4565 2062 4634 saepissime,
2104 4580 2223 4635 quae

2329 4588 2483 4634 erant
2511 4579 2611 4650 ipsi
2638 4579 2706 4634 ab
2737 4579 2838 4634 hoc
2864 4579 3196 4634 crudelitatis
3223 4594 3437 4649 genere.
3469 4576 3709 4648 Namque
3734 4576 3786 4632 hi
3810 4593 3928 4634 eam
4001 4573 4036 4592 "

629 4658 823 4713 adultis
871 4673 1205 4728 nequaquam
1251 4652 1654 4724 conceduntur;
1701 4657 1787 4712 vix
1829 4656 2048 4724 dubito,
2095 4659 2221 4729 quin

631 4749 890 4820 przesides
950 4751 1171 4805 avaritia
1242 4749 1520 4820 plebisque
1579 4750 1810 4804 tumultu
1883 4765 1948 4804 eo
2009 4749 2223 4806 adducti

631 4844 850 4909 fuerint,
886 4852 941 4897 ut
977 4843 1194 4913 gravius
1229 4841 1281 4896 in
1330 4839 1667 4897 Christianos
1712 4841 2219 4898 animadverterent.

630 4937 862 4990 Alterum
914 4947 1284 5006 argumentum
1343 4936 1620 4992 desumam
1691 4953 1754 4990 ex
1817 4937 1994 5003 libro,
2065 4955 2222 5009 quem

629 5027 977 5084 Tertullianns
1003 5030 1218 5098 scripsit
1243 5028 1310 5085 ad
1342 5029 1623 5100 Scapulam
1647 5027 1796 5098 (Cap.
1829 5031 1881 5084 4.
1917 5048 1966 5099 p.
1997 5031 2066 5085 87
2091 5031 2178 5102 D.)
2207 5047 2220 5084 :

631 5121 952 5176 Clurissimas
973 5121 1209 5190 feminas,
1231 5122 1417 5192 inquit,
1437 5132 1481 5176 et
1503 5120 1820 5178 Clarissimos
1837 5120 1968 5176 viros
1987 5120 2222 5190 Severus,

627 5215 789 5269 sciens
817 5214 969 5284 hujus
997 5223 1143 5267 secta:
1173 5211 1269 5284 (sc.
1306 5211 1756 5284 Christianormn)
1780 5230 1903 5280 esse,
1933 5229 2034 5268 non
2077 5215 2225 5268 modo

627 5324 728 5361 non
773 5306 941 5372 laesit,
988 5321 1158 5360 verum
1201 5315 1245 5358 et
1287 5305 1568 5359 testimonio
1612 5307 1902 5372 exornavit,
1953 5315 1998 5359 et
2034 5305 2224 5377 populo

626 5402 817 5472 furenti
855 5402 906 5456 in
951 5417 1043 5456 nos
1067 5402 1241 5472 palam
1275 5400 1474 5455 restitit.
1533 5399 1750 5454 Severus
1784 5399 1889 5454 dici
1915 5414 2018 5454 non
2048 5409 2225 5470 potest

628 5495 826 5566 popqu
869 5496 1062 5554 furenti
1109 5496 1162 5552 in
1207 5495 1541 5552 Christianos
1566 5494 1740 5565 palam
1773 5493 2053 5561 restitisse,
2098 5510 2220 5550 cum

621 5591 732 5662 jam
755 5591 984 5647 edictum
1006 5601 1194 5648 contra
1219 5591 1550 5648 Christianos
1570 5591 1958 5647 constituisset.
1986 5591 2225 5662 Namque

625 5685 678 5740 id
707 5688 992 5756 quominus
1043 5687 1356 5752 credamus,
1409 5685 1630 5756 impedit
1673 5683 1837 5740 dorus
1863 5695 1917 5740 et
1941 5685 2090 5755 quasi
2121 5686 2224 5738 fer-

623 5789 749 5831 reus
784 5775 958 5833 Severi
1005 5778 1236 5844 animus,
1279 5792 1310 5832 a
1353 5792 1459 5848 quo
1496 5785 1642 5833 certe
1690 5778 1735 5832 is
1780 5777 2072 5846 impetrare
2115 5791 2223 5832 non

623 5871 830 5942 potuit,
879 5879 938 5928 ut
981 5869 1155 5941 legem
1198 5868 1368 5929 semel
1416 5869 1582 5926 latam
1627 5866 1958 5928 rescidisset.
2008 5867 2075 5926 Et
2123 5867 2226 5927 hoc

2325 3306 2483 3361 quam
2530 3290 2606 3346 rei
2655 3289 2878 3360 publica:
2925 3305 2987 3345 ac
3031 3289 3376 3360 Imperatoris
3429 3289 3635 3356 Imstcs,
3667 3291 3924 3348 violandi.

2325 3383 2500 3453 Atque
2527 3382 2577 3436 hi
2611 3381 2853 3436 homines
2885 3382 2985 3436 sibi
3014 3381 3328 3438 videbantur
3355 3381 3454 3438 hoc
3479 3398 3544 3446 eo
3572 3383 3771 3438 rectius
3797 3399 3925 3439 exe-

2326 3476 2416 3545 qui
2467 3490 2623 3545 posse
2645 3517 2658 3541 ,
2705 3489 2827 3529 cum
2872 3471 3205 3530 Christianos
3232 3475 3360 3546 ipsis
3384 3476 3544 3530 etiam
3573 3476 3682 3532 Diis
3706 3475 3928 3532 infestos

2327 3566 2629 3641 crederent,
2659 3566 2724 3621 dc
2750 3567 2944 3636 quibus
2973 3581 3039 3621 eo
3068 3566 3204 3621 bene
3233 3568 3426 3623 mereri
3461 3584 3620 3638 posse
3639 3567 3925 3639 putabant,

2327 3669 2608 3730 postquam
2639 3658 2715 3712 Dii
2749 3659 2878 3728 ipsis
2907 3659 3022 3713 ha-c
3045 3660 3193 3730 quasi
3225 3660 3329 3713 otia
3361 3659 3617 3716 fecerant.
3651 3645 3736 3728 Ἐι,
3759 3659 3927 3728 ipSant

2327 3749 2464 3806 hanc
2512 3752 2820 3822 Opinionem
2877 3752 3171 3808 Christiani
3199 3753 3376 3822 'vulgo
3428 3753 3816 3824 persuadebunt
3862 3767 3930 3809 eo

2329 3842 2522 3914 magis,
2557 3843 2699 3913 quod
2729 3844 2887 3916 plane
2918 3860 3017 3900 nec
3047 3843 3185 3900 ludis
3215 3859 3278 3899 ac
3302 3845 3773 3913 celebrationibus,
3807 3860 3932 3916 pro-

2329 3937 2448 4004 ptct'
2474 3945 2801 4004 reportatum
2832 3935 3005 3990 Severi
3032 3936 3100 3990 ab
3135 3935 3377 3990 hostibus
3408 3936 3685 3990 victoriam
3717 3936 3931 3992 institu-

2328 4026 2415 4089 tis,
2445 4025 2644 4082 vellent
2667 4027 2927 4082 interesse
2956 4025 3043 4098 (V.
3071 4026 3318 4092 Tertull.,
3339 4027 3401 4080 de
3429 4026 3770 4095 Spectaculis,
3798 4042 3848 4082 c.
3875 4027 3928 4082 1.

2328 4125 2382 4172 et
2411 4116 2597 4188 alibi),
2643 4132 2743 4173 nec
2767 4117 2952 4187 jurare
2998 4133 3090 4188 per
3133 4116 3397 4187 Principis
3442 4116 3655 4187 genium
3678 4116 3848 4186 (Idem
3877 4117 3931 4174 in

2330 4210 2596 4282 Apologet.
2627 4225 2675 4265 c.
2707 4209 2796 4266 39..
2829 4219 2885 4266 et
2925 4209 3060 4265 libro
3094 4208 3139 4264 1.
3186 4210 3254 4262 ad
3293 4209 3550 4273 nationes,
3574 4223 3624 4264 c.
3661 4209 3799 4279 17.).
3833 4224 3932 4265 nec

2297 4310 2306 4324 ‘
2332 4302 2441 4358 Diis
2471 4318 2567 4374 pro
2591 4305 2763 4358 salute
2789 4302 2905 4372 ejus
2931 4303 3231 4373 supplicare
3262 4289 3362 4375 (Id.
3391 4303 3629 4372 Apolog.,
3658 4318 3709 4357 c.
3737 4301 3923 4358 10.29.

2329 4397 2533 4465 seqq).
2589 4393 2669 4449 Eo
2698 4395 2814 4464 ipso
2841 4403 3019 4449 autem
3061 4394 3291 4448 tumultu
3337 4394 3526 4462 vulgus
3554 4392 3711 4448 facile
3735 4394 3930 4449 eodem

2334 4494 2542 4554 poterat
2572 4486 2786 4554 adigere
2816 4484 3081 4540 Praesides
3103 4526 3118 4550 ,
3168 4485 3258 4556 qui
3305 4499 3408 4539 non
3453 4484 3738 4543 admodum
3767 4484 3931 4541 alieni

2330 4672 2434 4726 sibi
2478 4671 2672 4742 legem,
2709 4671 2873 4726 veluti
2918 4687 3012 4741 per
3039 4687 3227 4726 manus
3267 4671 3537 4736 traditam,
3577 4670 3928 4741 praescripse-

2330 4772 2486 4826 rnnt,
2521 4775 2597 4829 ut,
2627 4764 2715 4834 qui
2743 4765 2910 4819 semel
2937 4765 2988 4817 in
3033 4764 3121 4835 jus
3152 4749 3332 4819 ‘vocati
3383 4773 3567 4820 essent
3613 4762 3925 4832 Christiani,

2330 4856 2431 4911 nisi
2460 4873 2488 4910 a
2516 4857 2683 4911 sacris
2711 4857 2823 4911 suis
2843 4857 3202 4923 discederent,
3232 4873 3569 4929 nequaquam
3595 4856 3929 4913 dimitteren-

2330 4957 2414 5002 tur
2445 4947 2782 5021 (Eusebium,
2819 4948 2952 5003 llist.
2983 4950 3185 5014 eccles.,
3215 4949 3306 5005 lib.
3342 4949 3404 5002 V.
3433 4965 3483 5004 c.
3510 4948 3601 5002 21.
3629 4950 3758 5004 edit.
3784 4949 3926 5004 [lea-

2330 5040 2501 5110 ding..
2547 5056 2600 5110 p.
2646 5039 2836 5112 240.);
2897 5043 3049 5110 cujus
3096 5043 3172 5096 rei
3210 5050 3400 5096 testem
3445 5039 3703 5095 habemus
3750 5042 3926 5110 ipsum

2331 5127 2735 5200 Tertulliunum,
2757 5135 2869 5204 qui,
2891 5151 3008 5189 eam
3031 5134 3101 5188 ob
3145 5149 3384 5198 causam,
3407 5133 3475 5188 de
3498 5142 3643 5188 recte
3665 5134 3928 5204 interpre-

2335 5223 2507 5279 tandis
2533 5224 2616 5280 his
2642 5225 2848 5295 legibus
2877 5242 2940 5281 ex
2969 5227 3213 5280 instituto
3237 5226 3492 5280 adversus
3517 5240 3613 5280 eos
3634 5224 3926 5296 diSputavit

2331 5313 2410 5387 (In
2430 5317 2670 5388 Apolog.,
2690 5333 2737 5372 c.
2760 5319 2815 5372 4.
2835 5315 2980 5390 seq.)
3001 5322 3172 5386 Atque
3189 5318 3343 5370 istam
3363 5317 3923 5387 quidemChristianos

2329 5409 2556 5463 vexandi
2602 5409 2936 5464 occasionem
2982 5424 3047 5463 eo
3106 5408 3358 5464 libentius
3402 5411 3732 5480 arripiebant
3775 5426 3923 5480 qua:-

2329 5503 2496 5556 stuOsi
2549 5501 2842 5568 Praesides,
2884 5519 2992 5574 quo
3023 5503 3222 5558 certius
3251 5519 3371 5558 eam
3399 5505 3641 5559 viderent
3669 5503 3801 5558 fisco
3825 5519 3923 5559 suo

2331 5592 2469 5648 haud
2497 5595 2746 5663 exiguum
2791 5595 3210 5650 emolumentum
3257 5612 3377 5652 esse
3423 5597 3722 5651 allaturum.
3768 5594 3922 5664 Quod

2329 5702 2415 5741 mc
2459 5701 2564 5740 nam
2621 5686 2840 5741 tinxisse
2887 5689 3001 5743 scio
3043 5704 3111 5743 ex
3159 5687 3342 5743 Rutilii
3383 5686 3629 5759 Martyris
3675 5686 3923 5757 exemplo

2329 5778 2508 5850 (Apud
2556 5777 2820 5846 Tertull.,
2855 5778 2918 5832 de
2965 5777 3116 5851 Fuga
3168 5781 3221 5834 in
3266 5763 3634 5850 persecutione,
3681 5793 3801 5850 cap.
3865 5779 3922 5833 5.

2327 5884 2380 5942 ι).
2412 5869 2535 5928 693.
2563 5868 2671 5943 Α.)
2696 5912 2710 5939 ,
2739 5883 2898 5940 quem
2944 5875 3191 5943 suspicor
3211 5883 3422 5943 raptum
3443 5885 3565 5930 esse
3589 5871 3640 5928 in
3662 5869 3923 5944 judicium
