4242 6266
299 386 410 442 105

1237 384 1322 440 AC
1364 381 1702 440 DOCTRINA
1744 378 2174 438 SCRIPTORUM
2214 378 2694 440 TERTULLIANI.

3510 383 3615 441 I06

303 514 428 555 cum
473 497 704 555 nondum
761 497 958 563 Severi,
990 494 1084 554 sed
1127 497 1361 569 antiquis
1411 497 1619 568 legibus
1645 495 1903 566 judicium
1932 499 1985 556 Α
2012 507 2114 551 eSt.
2150 496 2246 551 Hic
2285 513 2407 552 cum
2443 497 2617 553 Severi
2657 498 2823 552 duces
2861 496 2928 552 A.
2961 495 3188 553 CXCIV.
3230 513 3446 554 manum
3491 515 3615 556 cum

309 595 464 652 ﬁeret
487 595 586 665 (I).
629 593 711 649 Eo
749 594 890 650 enim
926 589 1330 648 adducebantur
1375 591 1528 647 multi
1567 589 1902 645 Christiano-

307 702 453 754 rum,
484 687 574 757 qtti
604 685 796 757 opibus
824 685 1054 755 vitaque
1079 700 1188 739 suae
1217 685 1496 746 timebant,
1528 692 1606 748 ιιι,
1637 680 1780 752 quod
1804 681 1904 734 alia

307 781 585 837 declinare
606 779 688 835 via
716 794 821 834 non
845 787 1112 849 poterant,
1139 776 1456 846 periculum,
1481 775 1655 829 oblata
1679 772 1907 843 pecunia

309 879 749 928 averruncarent.
796 873 938 938 Quas
960 871 1178 926 Saevitia:
1200 867 1495 924 Praesidium
1516 865 1761 936 vulgique
1781 879 1908 918 cau-

311 981 401 1021 sas
445 965 487 1019 si
533 976 711 1020 mente
749 963 1188 1034 complectimur;
1239 962 1342 1016 erit
1381 975 1536 1028 sane,
1578 969 1634 1012 ut
1677 957 1911 1012 sciamus

311 1065 544 1128 tempus,
591 1071 699 1127 quo
748 1065 862 1110 orta
911 1064 993 1110 est
1018 1053 1134 1107 bmc
1161 1053 1310 1122 prior
1336 1059 1644 1117 tempestas,
1673 1046 1907 1118 quando,

312 1163 420 1218 quo
448 1163 589 1202 anno
618 1146 734 1202 haec
761 1146 1004 1216 speciosa
1048 1144 1385 1199 Christianos
1428 1139 1652 1197 laedendi
1697 1140 1912 1195 occasio

315 1241 574 1304 extiterit,
603 1238 1115 1295 demonstravimus.

387 1333 417 1406 ᾗ
461 1333 516 1388 8.
558 1362 632 1376 -—
681 1331 898 1386 Initiunt
943 1329 1222 1385 vexationis
1269 1327 1543 1383 Christian.
1568 1341 1632 1381 ex
1655 1341 1791 1379 anno
1813 1340 1915 1392 quo

316 1426 468 1497 periit
515 1424 734 1478 Albinus
774 1423 1172 1488 demonstratur,
1210 1423 1342 1474 hunc
1379 1436 1496 1474 vero
1535 1437 1589 1473 ιι.
1633 1415 1911 1474 CXCVII.

311 1519 638 1589 interfectum
674 1533 780 1571 esse
809 1516 1052 1586 probatur
1098 1516 1260 1582 primo
1303 1529 1367 1567 ex
1407 1512 1585 1565 ordine
1611 1511 1749 1576 belli,
1777 1510 1915 1581 quod

313 1609 542 1666 Severus
587 1625 702 1663 cum
733 1607 1010 1662 Pesceum'o
1054 1604 1220 1675 Nigro
1251 1606 1426 1675 gessit.
1468 1603 1644 1658 Obiter
1679 1603 1917 1674 quietiam

313 1711 458 1756 noue
473 1701 526 1755 in
540 1701 756 1755 nummis
773 1698 944 1756 Severi
959 1697 1301 1768 explicantur,
1322 1707 1369 1752 et
1397 1695 1450 1752 Μ
1457 1697 1670 1752 osltemii
1696 1697 1919 1751 rationes

315 1791 680 1847 emendantur.

2013 585 2166 659 Nigri
2217 589 2477 645 militibus
2527 591 2963 656 conseruissent,
3010 590 3150 659 apud
3177 589 3414 660 Cyzicum
3454 607 3614 661 supe-

2012 681 2184 735 riores
2239 681 2473 736 l'ucrunt.
2527 682 2728 737 Eadem
2787 682 2996 738 fortuna
3047 684 3125 737 usi
3173 694 3298 738 sunt
3341 701 3483 740 anno
3522 701 3611 742 se-

2012 775 2228 842 qttenti,
2275 789 2396 828 cum
2431 785 2717 845 pugnatum
2747 784 2889 830 esset
2933 775 2984 830 in
3015 774 3210 830 Nicaate
3245 793 3307 830 ac
3328 776 3404 832 Cii
3444 793 3612 848 angu-

2014 866 2151 918 Sliis.
2179 865 2494 932 Postremo,
2526 881 2669 920 anno
2713 866 2824 922 fere
2864 865 3091 922 CXCVI.
3137 883 3258 922 cum
3314 869 3614 937 Seueriani,

2015 972 2140 1011 casn
2170 958 2403 1013 Castello
2448 958 2500 1012 in
2530 957 2707 1012 Tauro
2736 968 3018 1027 occupato,
3050 961 3101 1012 in
3126 957 3362 1014 Ciliciam
3393 962 3618 1031 irrupis-

2015 1058 2168 1115 sent,
2202 1051 2435 1104 vincitur
2467 1048 2619 1120 Nigri
2661 1050 2929 1103 exercitus
2967 1051 3106 1118 apud
3155 1051 3345 1106 Portas
3374 1051 3619 1119 Cilicias,

2017 1155 2194 1211 neque
2223 1142 2297 1196 ita
2329 1142 2496 1196 multo
2518 1153 2638 1213 post
2668 1141 2781 1212 ipse
2809 1141 3114 1197 Pescennius
3142 1143 3478 1199 interﬁcitur.
3507 1144 3618 1200 Sed

2019 1232 2104 1288 hic
2133 1248 2233 1304 ego
2257 1233 2516 1304 quosdam
2571 1234 2856 1287 miratnros
2895 1235 3160 1303 su5picor,
3193 1234 3320 1303 quid
3352 1237 3442 1299 sit,
3473 1236 3618 1305 quod

2019 1341 2106 1380 me
2149 1326 2540 1390 commoverit,
2570 1334 2629 1379 ut
2668 1325 2904 1378 calculos
2945 1324 3031 1378 hic
3077 1325 3232 1394 plane
3274 1325 3518 1380 diversos
3547 1326 3618 1381 ab

2019 1417 2139 1472 aliis
2185 1431 2474 1486 ponerem,
2503 1431 2624 1469 cum
2653 1415 2758 1469 sint
2779 1457 2792 1478 ,
2820 1416 2909 1485 qui
2945 1415 3182 1470 ultimam
3211 1415 3352 1471 hanc
3392 1431 3622 1487 pugnam

2021 1509 2087 1564 Α.
2137 1508 2198 1564 Ρ.
2245 1507 2308 1563 C.
2352 1505 2417 1563 Ν.
2464 1506 2691 1562 CXCIV.
2744 1507 2938 1563 factam
2992 1510 3333 1573 existiment,
3368 1509 3624 1564 universi.

2020 1600 2189 1670 Quam
2218 1600 2288 1654 ob
2317 1615 2430 1655 rem
2463 1615 2580 1654 mea
2627 1599 2832 1654 referre
2862 1609 3008 1670 puto,
3042 1612 3096 1654 ut
3123 1610 3266 1656 recta
3307 1612 3624 1673 argumenta

2024 1693 2406 1764 producantur,
2438 1693 2632 1764 quibus
2671 1693 2844 1749 evinci
2892 1693 3090 1764 possit,
3121 1697 3357 1750 rationes
3394 1711 3423 1749 a
3469 1697 3626 1752 nobis

2024 1789 2321 1843 rectissime
2373 1786 2536 1843 fuisse
2576 1786 2884 1841 subductas.
2938 1787 3175 1842 Primum
3230 1789 3390 1858 igitur
3433 1789 3627 1845 vellem

397 1880 476 1937 Ad
507 1880 649 1936 hunc
681 1895 809 1936 vero
838 1879 1271 1952 investigandum
1296 1879 1524 1950 primum
1553 1878 1684 1948 ipsis
1707 1887 1919 1932 utamur
1948 1855 1997 1914 Β
2026 1880 2301 1937 observari
2331 1894 2627 1949 cognomen
2670 1878 3010 1949 Imperatoris
3055 1880 3142 1934 III.
3174 1855 3273 1935 IV.—
3296 1883 3359 1936 V.
3395 1883 3481 1937 VI.
3511 1884 3618 1938 VII.

317 1973 426 2038 liis,
453 1987 603 2044 quas
631 1958 1090 2037 enumeravitnus,
1133 1971 1500 2024 calamitatum
1535 1969 1760 2025 caussis.
1791 1967 1922 2023 Illud

325 2067 487 2130 enim,
514 2063 656 2135 quod
680 2065 832 2134 quasi
859 2079 1018 2119 ansas
1047 2063 1204 2133 vulgo
1224 2062 1388 2116 dabat
1413 2061 1476 2115 ad
1507 2060 1940 2131 impugnandam.

325 2156 748 2212 Christianorum
778 2153 1033 2209 familiam
1055 2197 1072 2220 ,
1098 2165 1214 2209 erat
1237 2152 1413 2208 Severi
1434 2152 1668 2207 studium
1699 2151 1920 2222 conqui-

328 2250 482 2306 rendi
511 2264 694 2305 omnes
717 2263 835 2311 eos,
859 2263 995 2318 quos
1015 2262 1137 2302 cum
1162 2245 1328 2318 Nigro
1351 2255 1440 2300 aut
1459 2244 1641 2299 Albino
1667 2245 1926 2299 adversus

333 2357 393 2397 se
413 2344 622 2397 stetisse
635 2323 1160 2408 compereratIQuod
1180 2339 1430 2408 quoniam
1455 2337 1651 2392 factum
1665 2345 1923 2403 est,cum,

327 2433 510 2488 Albino
540 2432 828 2500 exstincto,
874 2433 1097 2486 Romam
1124 2435 1295 2484 victor
1322 2429 1572 2484 rediisset
1622 2431 1757 2501 (tum
1785 2428 1928 2505 enim

328 2527 640 2598 gravissima
690 2525 743 2580 in
783 2541 878 2581 eos
922 2525 1181 2595 supplicia
1231 2523 1508 2578 constituit
1537 2520 1634 2594 [V.
1668 2523 1926 2590 Dionem,

333 2619 373 2675 l.
405 2618 619 2675 LXXV.
651 2620 762 2675 c.7.
788 2633 840 2688 p.
870 2617 1030 2673 1262.
1053 2617 1118 2673 D.
1140 2615 1520 2679 llerodianum,
1541 2617 1577 2670 Ι.
1601 2614 1687 2670 III.
1716 2630 1766 2670 c.
1800 2615 1853 2670 8.
1879 2624 1935 2670 et

334 2711 698 2781 Spartianum,
721 2710 773 2764 in
796 2709 1018 2776 Severo,
1040 2723 1093 2762 c.
1125 2707 1210 2763 I2.
1235 2705 1375 2780 I5.])
1397 2723 1574 2776 operae
1599 2708 1826 2776 pretium
1852 2717 1935 2762 est

337 2804 540 2867 videre,
570 2817 804 2874 quonam
831 2817 972 2856 anno
999 2801 1211 2854 Albinus
1239 2815 1359 2854 cum
1391 2798 1500 2853 vita
1528 2800 1810 2866 imperium
1840 2797 1936 2854 de-

334 2898 589 2968 posuerit.
647 2900 820 2966 Atque
874 2895 926 2948 in
989 2895 1092 2948 isto
1136 2892 1442 2946 deﬁniendo
1504 2902 1706 2945 tantum
1755 2905 1936 2961 Opera:

335 3005 584 3061 Curaeque
606 2989 714 3060 jam
743 2992 975 3059 positum
1006 3001 1125 3040 esse
1158 2983 1402 3039 videmus
1437 2999 1466 3037 a
1511 2982 1794 3037 Mos/ternio
1849 2983 1936 3052 (in

337 3083 469 3140 diss.
499 3083 706 3139 laudata
750 3080 921 3153 §XX.
957 3077 1154 3150 seqq),
1182 3087 1240 3132 ut
1267 3092 1402 3147 pene
1436 3076 1521 3132 isti
1552 3077 1718 3132 labori
1752 3090 1935 3145 posse-

337 3190 458 3231 mus
496 3173 848 3244 supersedere
870 3214 884 3234 ,
915 3171 1016 3226 nisi
1045 3169 1291 3240 quedam
1328 3179 1511 3224 essent
1555 3168 1608 3221 in
1651 3175 1900 3237 promptu
1920 3205 1935 3232 ,

2033 1974 2174 2030 VIII.
2203 1973 2346 2044 quod
2369 1974 2552 2028 datum
2585 1989 2706 2028 esse
2733 1973 2920 2028 Severo
2948 1975 3000 2027 in
3028 1975 3264 2029 nummis
3290 1975 3630 2044 perspicitur.

2033 2068 2148 2123 Hoc
2178 2083 2300 2122 eum
2347 2076 2664 2122 exorttatum
2694 2081 2914 2121 necesse
2949 2076 3032 2122 est
3062 2067 3197 2121 intra
3228 2077 3460 2138 tempus,
3489 2067 3633 2138 quod

2029 2160 2097 2216 ab
2125 2159 2348 2216 exordio
2381 2159 2588 2228 imperii
2620 2158 2737 2228 ejus
2786 2158 2995 2212 ellluxit
3037 2157 3105 2212 ad
3153 2157 3310 2224 illttd,
3340 2174 3447 2229 quo
3476 2175 3635 2229 supe-

2030 2254 2169 2310 ravit
2212 2251 2482 2318 Albinum,
2526 2251 2650 2322 quia
2695 2266 2818 2305 eum
2873 2251 3128 2321 legimus,
3171 2266 3294 2306 cum
3344 2253 3630 2322 imperium

2033 2345 2371 2415 susciperet,
2414 2345 2468 2398 in
2499 2342 2731 2398 nummis
2775 2342 3161 2412 Imperatorem
3207 2343 3268 2397 II.
3299 2344 3454 2412 (Vide
3484 2344 3631 2399 Vail-

2033 2435 2185 2491 Iattlii
2218 2437 2536 2491 nomismata
2563 2435 2736 2506 Impp.
2766 2435 2925 2490 Rom.
2958 2437 3111 2491 Tom.
3143 2436 3206 2490 II.
3244 2438 3339 2491 Ed.
3371 2440 3425 2493 5.
3458 2437 3630 2495 Paris.

2043 2545 2100 2601 p.
2131 2529 2306 2596 258.),
2334 2530 2474 2583 victo
2498 2540 2677 2585 autem
2695 2529 2898 2593 Albino,
2928 2529 3308 2600 Imperatorem
3337 2531 3425 2585 IX.
3455 2533 3637 2602 appel-

2038 2622 2226 2677 latum.
2255 2621 2431 2690 (Apud
2455 2621 2852 2676 Mediobarbutn
2879 2622 2932 2676 in
2971 2621 3145 2691 Itnpp.
3181 2623 3338 2678 Rom.
3373 2625 3630 2682 numism.

2037 2713 2102 2766 ad
2129 2713 2185 2768 2.
2207 2713 2329 2768 I97.
2364 2712 2461 2768 Ed.
2485 2711 2699 2767 Mediol.
2725 2712 2885 2768 1750.
2919 2728 2972 2783 p.
3000 2712 3156 2786 271.)
3187 2715 3492 2778 Enimvero,
3515 2731 3637 2770 cum

2040 2807 2254 2862 nomine
2283 2805 2634 2877 Imperatoris,
2655 2805 2794 2875 quod
2820 2808 3058 2862 numeris
3081 2807 3390 2862 distinctum
3415 2809 3467 2862 in
3491 2823 3640 2862 num-

2039 2899 2142 2954 mis
2191 2900 2480 2969 reperitur,
2525 2906 2639 2953 tum
2690 2897 3054 2953 Romanorum
3111 2901 3332 2970 Augusti
3385 2901 3636 2954 exornati

2048 2989 2270 3055 fuerint,
2299 3006 2418 3045 cum
2452 2989 2577 3060 quid
2607 2990 2660 3044 in
2689 2991 2827 3045 bello
2853 3004 2921 3045 eo
2945 2991 3162 3044 nomine
3188 2991 3408 3059 diguttm
3439 2992 3641 3059 gessis-

2040 3095 2161 3139 sent
2203 3083 2315 3153 (de
2339 3098 2400 3136 ea
2427 3098 2485 3136 re
2509 3080 2574 3136 V.
2608 3081 2788 3136 Dionis
2810 3080 2978 3137 Cassii
3031 3082 3183 3136 Rom.
3213 3081 3373 3145 His!.,
3405 3083 3498 3136 lib.
3529 3082 3641 3136 XL.

2041 3187 2093 3229 c.
2121 3173 2210 3228 44.
2233 3188 2288 3242 p.
2317 3172 2476 3257 :572.)
2505 3190 2519 3226 :
2548 3171 2678 3243 age!
2731 3173 3033 3237 videamus,
3061 3188 3168 3242 quo
3199 3173 3541 3228 referendum
3573 3176 3643 3231 sit

337 3282 460 3336 quae
485 3266 588 3320 dici
615 3279 771 3334 posse
809 3271 996 3319 contra
1035 3261 1367 3316 viderentur.
1398 3258 1582 3330 Itaque
1615 3273 1737 3314 cum
1765 3257 1851 3312 hic
1881 3273 1940 3312 se
1965 3234 2010 3296 (δ
2044 3263 2146 3319 hoc
2192 3244 2331 3318 intra
2362 3245 2492 3318 illud
2535 3273 2746 3333 tempus
2793 3265 2971 3319 sexies
3017 3265 3297 3333 repetitum
3343 3280 3642 3335 cognomen

343 3357 538 3413 offerat
578 3357 790 3411 occasio
831 3357 883 3410 in
925 3355 1310 3410 dubitationem
1361 3351 1586 3407 vocandi
1632 3350 1940 3420 opinionem

352 3448 642 3518 quamdam
690 3447 1036 3517 popularem,
1078 3457 1239 3516 atque
1281 3446 1394 3515 ipsa
1439 3459 1529 3501 res
1575 3445 1843 3514 postulet,
1886 3451 1944 3498 ut

349 3541 517 3612 paulo
566 3539 722 3594 aliter
789 3539 1020 3593 rationes
1083 3538 1451 3593 subducantur
1500 3552 1514 3589 :
1569 3544 1780 3590 servato
1830 3536 1944 3605 ipso

347 3639 781 3702 argumentorum
811 3645 1025 3700 genere,
1059 3630 1198 3698 quod
1226 3628 1523 3684 adhibitum
1551 3637 1632 3683 est
1659 3643 1688 3679 a
1733 3642 1944 3682 summo

351 3725 506 3789 viro,
559 3722 786 3778 candide
826 3723 1218 3793 disputabimus
1257 3737 1376 3792 qua:
1421 3729 1780 3776 consentanea
1823 3730 1948 3776 sunt

350 3817 564 3871 veritati
610 3816 746 3885 ipsi,
774 3825 830 3870 et
872 3830 1103 3884 quanam
1155 3815 1208 3869 in
1255 3829 1315 3869 re
1361 3814 1654 3869 sentiamus
1699 3813 1944 3879 diversa,

351 3907 500 3961 salva
549 3908 743 3977 pietate
773 3909 828 3962 in
873 3916 1077 3961 tantum
1122 3908 1330 3973 virum,
1359 3907 1512 3976 cujus
1560 3921 1752 3962 nomen
1796 3907 1948 3961 nobis

353 4001 514 4055 etiam
559 4012 642 4056 est
685 4010 808 4070 post
852 4009 1080 4056 mortem
1130 4001 1466 4066 venerabile,
1492 3998 1696 4070 adjecta
1736 4000 1947 4055 dissen-

355 4090 524 4146 tiendi
570 4079 787 4146 ratione
835 4091 972 4146 infra
1022 4091 1348 4146 notabimus.
1382 4089 1513 4146 Cum
1559 4091 1624 4146 ad
1671 4093 1949 4161 imperium

356 4185 601 4238 venisset
636 4183 874 4250 Severus,
924 4185 1234 4254 videretque
1269 4183 1602 4238 Pescennium
1642 4183 1864 4256 Nigrum
1897 4185 1947 4238 in

357 4271 512 4345 Syria
541 4275 726 4344 copias
755 4290 945 4346 parare
967 4317 982 4341 ,
1014 4277 1206 4346 quibus
1226 4289 1307 4342 ise
1351 4276 1450 4330 sibi
1482 4287 1808 4346 opponeret,
1841 4276 1949 4345 pri-

360 4381 549 4429 mum,
594 4382 663 4421 ne
709 4382 774 4422 ex
830 4376 1056 4436 utraque
1105 4376 1254 4437 parte
1305 4379 1656 4437 premeretur,
1714 4368 1954 4422 Albinum

315 4516 318 4518 ν
363 4455 660 4513 Britannici
710 4458 983 4513 exercitus
1011 4458 1200 4512 ducem
1247 4458 1392 4523 fecit,
1418 4459 1576 4528 eique
1611 4469 1663 4513 et
1706 4475 1956 4516 nummos

2046 3354 2405 3424 Imperatoris.
2449 3353 2654 3424 Nempe
2702 3356 2752 3409 in
2785 3355 2889 3410 isto
2935 3356 3192 3425 temporis
3236 3358 3408 3426 spatio
3450 3367 3532 3411 ter
3566 3359 3645 3414 Ie-

2048 3447 2228 3517 gimus
2286 3445 2529 3502 Severum
2573 3462 2600 3498 a
2636 3444 2792 3518 Nigri
2833 3446 3088 3502 militibus
3128 3447 3405 3502 victoriam
3459 3463 3647 3519 reporv

2049 3547 2212 3605 tasse,
2246 3549 2459 3606 tresque
2493 3547 2682 3608 gentes
2707 3527 3070 3593 Os‘roenorum
3092 3579 3107 3604 ,
3151 3538 3548 3595 Adiabenorum
3594 3550 3649 3596 et

2050 3631 2285 3686 Arabum
2319 3629 2614 3695 subiecisse
2643 3629 3005 3684 Romanorum
3031 3632 3297 3700 potestati.
3330 3631 3493 3702 Igitur
3518 3645 3643 3686 cum

2051 3721 2172 3784 Itos,
2221 3723 2332 3791 jam
2383 3721 2594 3776 devicto
2643 3719 2962 3784 Pescennia,
3003 3723 3307 3792 subegerit,
3351 3725 3646 3778 referamus

2051 3827 2351 3884 cognomen
2399 3811 2734 3884 Imperatoris
2779 3813 2860 3868 VI.
2900 3811 3012 3869 VII.
3049 3814 3180 3870 VIII.
3219 3816 3284 3869 ad
3331 3817 3498 3871 victos
3547 3816 3648 3871 bos

2051 3906 2276 3975 populos
2328 3903 2431 3976 (I),
2487 3919 2551 3959 ac
2619 3916 2832 3959 nomen
2882 3904 3215 3975 Imperatoris
3271 3906 3356 3961 III.
3429 3919 3646 3978 prnpter

2051 3997 2295 4066 praelium
2342 3996 2694 4067 Cyzicenutn,
2740 3995 2829 4051 IV.
2860 3997 2930 4050 ob
2971 4014 3196 4067 pugnam
3249 3998 3538 4074 in._Nic:c:c
3583 4015 3648 4054 ac

2051 4087 2132 4144 Cit
2179 4090 2472 4159 angustiis,
2505 4089 2569 4142 ν.
2616 4088 2848 4158 denique
2886 4089 2956 4144 ob
3003 4089 3223 4160 Nigrum
3275 4093 3415 4162 apud
3461 4093 3651 4148 Portas

2053 4178 2268 4236 CiIiCtas
2311 4190 2663 4250 prostratum,
2696 4179 2885 4234 Severo
2912 4180 3186 4235 decretum
3231 4197 3350 4237 esse
3381 4182 3644 4243 dicamus.

2057 4272 2175 4330 .Iam
2206 4273 2577 4343 dispiciamus,
2607 4272 2694 4327 cui
2737 4273 2950 4328 tandem
2984 4290 3209 4330 numero
3234 4275 3373 4330 Trib.
3403 4277 3520 4333 I’ot.
3549 4281 3651 4340 ad.

2053 4367 2306 4438 jiciantur
2334 4369 2558 4438 singulze
2607 4367 2839 4422 nominis
2881 4365 3214 4438 Itnperatorii
3254 4380 3396 4424 nota:
3428 4389 3441 4426 ί
3480 4389 3644 4443 natu,

2056 4461 2101 4516 si
2128 4476 2248 4515 eum
2279 4460 2707 4529 cognoverimus,
2735 4469 2924 4531 Sponte
2954 4476 3013 4516 se
3039 4462 3224 4518 oII'eret
3256 4463 3299 4516 is
3336 4479 3529 4528 annus,
3561 4468 3648 4522 cui

263 4602 278 4614 ,
365 4549 635 4615 decrevit,
667 4560 724 4604 et
745 4548 847 4603 alia
879 4548 1101 4603 honoris
1131 4561 1494 4605 monumenta.
1533 4550 1782 4618 Posthac,
1817 4553 1954 4606 lecto
1981 4589 2036 4649 Β
2059 4553 2260 4625 quaevis
2278 4568 2450 4624 pugna
2466 4552 2782 4622 assignanda
2803 4562 2884 4608 est
2905 4552 3171 4623 (i).Atqui
3192 4568 3487 4623 cognomen
3511 4555 3648 4626 Imp.

367 4655 469 4712 per
510 4641 710 4695 Italiam
743 4641 912 4696 milite
953 4650 1008 4695 et
1053 4642 1225 4696 classe
1271 4651 1523 4696 exornata
1549 4684 1565 4708 ,
1614 4642 1797 4712 elapso
1844 4643 1956 4698 fere

369 4747 555 4787 mense
579 4731 738 4787 Iunio
763 4732 843 4803 (Ξ)
877 4741 939 4787 Α.
968 4731 1194 4787 CXCIII.
1223 4744 1408 4788 contra
1437 4732 1662 4805 Nigrum
1692 4737 1960 4804 prolccms

430 4822 505 4885 (1)
537 4821 726 4888 Nempe
751 4821 830 4871 hic
855 4822 980 4888 liber
1000 4823 1214 4888 scriptus
1246 4830 1319 4873 est
1357 4837 1418 4873 eo
1442 4833 1667 4888 tempore
1685 4863 1699 4885 ,
1727 4838 1831 4888 quo
1847 4838 1960 4885 gra-

369 4883 534 4933 viores
555 4883 854 4947 calamitates
893 4885 1183 4947 Quistiauis
1234 4883 1562 4947 exliectandie
1589 4883 1794 4936 erant'a
1828 4883 1962 4937 Deo-

370 4959 476 5011 ru_t_n
500 4945 778 5011 cultoribus,
807 4945 944 5011 (Coll.
971 4959 1078 5009 cap.
1107 4946 1177 5006 1.)
1202 4948 1251 4995 b.
1279 4945 1324 4996 e'.
1351 4955 1407 4997 ut
1431 4955 1598 5011 postea
1621 4951 1832 5011 dicetur,
1854 4963 1962 4998 cum

371 5008 584 5072 edictum
607 5009 782 5056 Severi
804 5008 854 5058 in
880 5008 1044 5072 lucent
1064 5011 1343 5072 prodiisset,
1358 5008 1688 5072 littierentque
1711 5010 1966 5060 Christiani

371 5069 435 5118 de.
470 5072 735 5119 securitate
773 5084 878 5120 sua.
912 5070 1012 5119 Sed
1051 5069 1193 5119 istum
1233 5071 1452 5120 libellum
1492 5069 1969 5121 cunt"l‘ertu|liauus

372 5139 718 5196 componeret,
761 5133 860 5192 jatn
903 5133 1166 5196 triﬁdatus
1208 5144 1308 5182 erat
1354 5132 1587 5191 Rutilius,
1636 5134 1717 5195 qui
1764 5136 1968 5196 primum

373 5193 632 5254 aliquoties
651 5193 859 5243 salutem
898 5195 1106 5257 petierat
1145 5193 1255 5257 fuga
1276 5230 1291 5255 ,
1318 5203 1484 5257 postea
1513 5193 1720 5257 nummis
1752 5193 1844 5244 Sibi
1886 5210 1970 5257 pa-

375 5266 487 5320 cctn
505 5256 906 5320 comparaverat,
923 5257 1012 5304 sed
1035 5256 1389 5320 denuo’captus
1412 5256 1470 5304 ad
1492 5256 1780 5320 supplicium
1805 5256 1970 5307 rediit.

378 5316 521 5379 Quod
555 5329 674 5376 ergo
695 5330 905 5367 necesse
933 5326 1008 5367 est
1039 5317 1215 5367 factum
1249 5316 1361 5368 esse
1391 5325 1507 5366 ante
1547 5316 1756 5379 iniquam
1795 5320 1973 5368 Severi

375 5377 574 5442 legem,
615 5386 666 5428 et
705 5393 880 5442 novum
925 5380 1005 5429 dat
1041 5389 1385 5442 argumentum
1425 5379 1533 5441 ejus
1568 5377 1698 5441 quod
1734 5381 1975 5438 diximus,

378 5438 680 5503 Christianos
699 5445 792 5490 sub
815 5441 1007 5492 Severo
1028 5438 1142 5492 ant'e
1183 5457 1290 5491 eam
1329 5438 1504 5503 capitis
1535 5438 1788 5492 damnatos
1811 5444 1974 5492 tuisse.

443 5503 517 5565 (Ξ)
551 5502 771 5565 Namque
804 5504 1071 5565 incipiente
1107 5505 1253 5555 Iunio
1275 5505 1334 5553 A.
1361 5503 1564 5555 CXCIII.
1605 5503 1803 5553 Romam
1820 5506 1978 5553 Seve-

380 5565 649 5628 rusrvenit;
675 5567 803 5628 qupd
839 5573 973 5628 patet
993 5574 1113 5620 tum.
1139 5581 1250 5617 cum
1270 5569 1388 5628 dies,
1414 5565 1576 5615 LXVI.
1617 5580 1739 5628 quos
1776 5567 1982 5628 imperio

385 5623 505 5673 Didii
528 5623 707 5676 Iuliani
728 5623 970 5690 Dio'llib.
1019 5628 1233 5679 Lxxut.
1275 5642 1317 5677 c.
1345 5627 1454 5686 ult.,
1495 5643 1542 5690 p.
1588 5623 1769 5690 ista),
1796 5623 1875 5676 {illi
1917 5628 1978 5677 ll.

388 5698 588 5754 nienses
607 5702 662 5738 ac
682 5691 729 5740 5.
768 5689 904 5750 dies,
930 5703 1054 5752 quos
1091 5694 1139 5740 ei
1174 5693 1458 5754 Spartianus
1487 5689 1553 5754 [in
1587 5689 1810 5754 Iuliano,
1839 5705 1882 5754 c.
1907 5691 1977 5754 9.)

390 5748 1253 5826 gi‘p‘tti't,‘up_iuerettius,incipiendo
1289 5753 1391 5826 av.
1415 5748 1623 5826 Kalend.
1651 5752 1830 5826 .zprilis,
1856 5748 1979 5826 b._e'.

388 5806 608 5876 _XX\;III.
632 5812 807 5876 Martii,
830 5806 933 5876 quo
960 5816 1040 5864 die
1076 5806 1392 5865 interfectum
1411 5828 1525 5865 esse
1553 5806 1860 5864 l’erti‘nacein
1900 5814 1986 5864 Ju-

387 5872 470 5923 ius
490 5870 786 5937 Capitolinus
802 5870 875 5939 (in
901 5877 998 5924 vita
1023 5876 1317 5935 Pertinacis,
1340 5891 1384 5926 c.
1411 5877 1505 5940 15.)
1535 5876 1711 5929 refert.
1737 5879 1973 5942 Apparet,

883 5961 1317 6024 TERTL’LLIANI
1360 5961 1408 6022 I.

2030 4741 2036 4747 -
2061 4708 2176 4773 Inde
2201 4720 2296 4757 non
2315 4709 2492 4773 minus,
2518 4707 2760 4757 Severum
2783 4707 2892 4773 fere
2914 4705 3167 4773 die_Junii_
3183 4707 3229 4757 2.
3255 4711 3430 4773 summi
3454 4709 3658 4773 Imperii

2064 4771 2256 4819 clavum
2279 4771 2564 4832 sumpsisse,
2592 4782 2652 4818 ex
2679 4783 2777 4832 quo
2808 4769 2891 4817 die
2913 4769 3229 4832 deducendos
3250 4770 3392 4817 simul
3411 4769 3658 4826 esse"l‘ri-

2062 4832 2264 4899 bunitjae
2308 4831 2567 4899 potestatis
2603 4830 2839 4899 terminos
2876 4842 2970 4878 non
2999 4830 3374 4899 ldem‘ons‘trabo
3403 4834 3623 4895 pluribus
3644 4877 3660 4899 ,

2064 4891 2383 4960 quoniatu'id
2427 4891 2622 4960 quidem
2659 4892 3060 4960 facereptemiui
3107 4891 3156 4941 C.
3201 4892 3256 4942 G.
3300 4891 3662 4960 scltit'arziurn,

2067 4953 2482 5014 elegantissimum
2523 4953 2704 5011 virum,
2737 4954 2786 5000 in
2831 4953 2944 5002 diss.
2986 4953 3049 5002 de
3082 4959 3381 5007 numeranda
3417 4953 3669 5012 tribunititt

2066 5020 2292 5081 potestate
2337 5017 2659 5081 .tugustorttm
2687 5016 3038 5081 _Carsurnmqne
3087 5019 3221 5067 Rom.
3262 5020 3379 5070 Obs.
3421 5021 3503 5070 IV.
3543 5027 3666 5081 Quae

2068 5091 2180 5144 gum
2217 5078 2281 5125 ita
2319 5076 2450 5144 s_iut',
2491 5076 2616 5125 baud
2654 5077 2914 5144 obscurum
2955 5076 3030 5128 est
3069 5086 3288 5142 tempus,
3314 5096 3412 5144 quo
3446 5076 3670 5133 Severus

2069 5138 2221 5188 Roma
2248 5136 2491 5200 profectus
2521 5145 2617 5194 est,
2639 5140 2678 5187 si
2712 5140 2908 5200 quidem
2931 5146 3072 5190 recte
3096 5136 3493 5192 commemoravit
3517 5145 3670 5200 Spar-

2073 5203 2234 5252 tianus
2255 5199 2325 5263 (in
2351 5202 2444 5250 vita
2479 5200 2674 5268 Severi,
2700 5199 2750 5268 cI_
2768 5201 2840 5267 8.)
2865 5214 2980 5251 eum
3004 5203 3203 5252 Romam
3230 5208 3352 5253 intra
3374 5204 3516 5253 XXX.
3542 5199 3671 5268 dies,

2073 5275 2218 5327 quam
2243 5261 2305 5327 eo
2330 5269 2552 5327 venerat,
2575 5261 2855 5327 reliquisse.

2139 5324 2211 5387 (1)
2247 5323 2302 5372 In
2327 5325 2532 5392 nummis
2548 5323 2923 5392 3.Medl_(_lil_8l‘b0
2940 5325 2998 5392 ad
3019 5325 3192 5392 a._l96.
3216 5329 3532 5392 excitatiSLp.
3559 5329 3673 5392 9.70.

2077 5385 2360 5444 Cognoiuen
2396 5386 2518 5446 Intp.
2548 5385 2629 5434 VI.
2651 5396 2702 5434 et
2725 5385 2832 5436 VII.
2859 5387 3171 5447 conjungitur
3207 5401 3318 5436 cuin
3340 5389 3424 5438 Tr.
3449 5385 3556 5441 Pot.
3583 5391 3696 5446 ΙΙΙ..

2044 5504 2048 5509 ,
2081 5457 2133 5498 et
2150 5451 2342 5512 nomine.
2368 5447 2533 5512 Pa_rtb.
2556 5449 2700 5512 Arat):
2731 5447 2900 5512 Part1}:
2917 5449 3090 5512 Adial).
3118 5449 3324 5512 aliisque
3349 5453 3502 5512 signis
3525 5454 3678 5503 victo-

2079 5513 2180 5559 riae.
2209 5510 2401 5571 Pariter
2427 5509 2546 5570 Itnp.
2584 5509 2717 5558 VIII.
2758 5524 2802 5571 p.
2843 5509 2950 5571 271ἒ
2987 5523 3097 5557 cum
3139 5509 3334 5559 victbria
3376 5509 3602 5564 Parthica
3629 5525 3682 5564 et.

2082 5572 2167 5621 Tr.
2194 5571 2252 5619 Ρ.
2279 5570 2362 5618 IV.
2391 5586 2445 5621 ac
2480 5569 2590 5619 cum
2612 5569 2804 5635 iisdem,
2846 5569 3088 5635 tituloque
3127 5571 3336 5626 Aratiici.
3376 5575 3682 5635 Adiabenici,

2054 5635 2135 5682 -iu
2176 5633 2654 5696 inscriptioneapud
2675 5632 3035 5696 illuratorinm,
3064 5632 3114 5680 in
3151 5647 3275 5684 novo
3311 5636 3543 5686 thesauro
3579 5632 3680 5690 vet.

2085 5693 2464 5757 inscriptn'lom.
2494 5695 2530 5744 I.
2557 5693 2604 5757 ρ.
2631 5693 2738 5741 2H.
2769 5694 2966 5757 legitur.

2153 5756 2224 5817 (2)
2261 5756 2575 5818 Sedt'orsitau
2608 5756 2846 5818 quispiam
2878 5756 3094 5813 dixerit,
3120 5756 3211 5807 hos
3233 5771 3458 5810 nummos
3487 5774 3586 5812 non
3625 5776 3688 5814 eo

2092 5832 2298 5887 eat-usos
2319 5817 2472 5887 fuisse
2499 5817 2741 5887 tempore,
2766 5830 2862 5887 quo
2887 5818 3106 5887 Severus
3126 5821 3279 5871 victor
3304 5836 3366 5887 ex
3386 5826 3563 5887 pugnis
3582 5839 3693 5875 cum

2088 5879 2240 5938 Nigro
2263 5881 2427 5942 rediit,
2452 5881 2541 5930 sed
2565 5879 2735 5943 pbstea
2764 5879 2991 5941 demum,
3015 5881 3271 5946 ipsumque
3305 5879 3613 5948 Spartianum
3637 5889 3685 5934 in

3025 5961 3337 6046 (Ωααινεο)
