4242 6266
599 383 715 443 107

1744 373 2195 437 DISSERTATIO
2232 371 2323 434 DE
2359 374 2547 434 VERA
2588 372 2844 435 ETATE

3799 370 3904 431 108

608 494 706 553 III.
734 493 879 568 quod
903 490 1139 551 diximus
1165 492 1375 564 signum
1420 501 1543 550 esse
1585 490 1831 549 victoria:
1868 459 2201 561 CyzicéiisiS,
2229 490 2283 551 Α
2307 489 2336 562 §
2360 490 2415 548 9.
2454 518 2525 533 ---
2546 491 2786 547 Albinum
2825 491 2887 545 Α.
2923 486 3201 547 CXCVII.
3239 487 3557 563 interme
3581 486 3760 561 (hisee,
3783 502 3906 561 pro-

611 589 955 657 conjunctum
984 585 1283 655 reperimus
1309 597 1431 638 cum
1469 582 1616 639 Trib.
1647 583 1765 639 Pot.
1797 582 1861 638 Il.
1907 583 1926 647 ί
1944 580 2011 636 In
2039 579 2201 635 Laur.

611 678 824 749 Βενθενὶ
849 677 1226 740 continuatione
1254 677 1477 731 thesauri
1503 676 1958 748 Brandenburgici,
1988 692 2042 745 ρ.
2072 674 2201 730 690.

615 771 890 827 .Vaiuantii
944 771 1183 826 nutum.
1239 770 1416 841 Impp.
1446 769 1598 826 Ront.
1637 770 1771 825 7.1.
1801 788 1855 841 ρ.
1882 769 2008 824 est.
2035 767 2127 823 es.
2158 749 2220 821 et,

611 863 946 937 Mediobarbo
970 863 1039 917 ad
1062 881 1115 917 a.
1146 862 1270 921 I94.
1294 878 1351 933 ρ.
1377 861 1556 933 269.),
1584 861 1704 917 haec
1730 877 1857 917 vero
1876 858 2204 916 numeranda

609 964 697 1014 est
735 956 803 1012 ab
837 956 1010 1011 altero
1038 954 1126 1010 die
1153 952 1299 1009 Junii
1337 956 1405 1008 Α.
1433 952 1661 1010 CXCIV.
1693 951 1760 1007 ad
1788 951 2035 1008 eumdem
2064 950 2204 1006 diem

613 1049 742 1103 anni
774 1047 1046 1117 sequentis
1086 1045 1257 1119 (Coll.
1282 1054 1391 1100 not.
1416 1062 1473 1116 ς.
1501 1047 1658 1118 huius
1681 1045 1918 1098 sectionis
1940 1041 2209 1098 Schvsrsii

608 1140 740 1195 diss.
758 1137 903 1193 laud.
924 1138 1036 1192 obs.
1066 1134 1221 1207 11.);
1246 1149 1585 1207 consequens
1607 1137 1767 1206 igitur
1788 1145 1870 1190 est
1890 1175 1907 1200 ,
1938 1132 2044 1188 hoc
2068 1146 2210 1203 prat-

609 1229 746 1287 Iium
780 1230 1012 1301 primum
1038 1228 1105 1282 ad
1134 1226 1482 1297 posteriorem
1524 1235 1732 1297 partem
1759 1227 1826 1281 Α.
1859 1224 2085 1281 CXCIV.
2116 1233 2211 1279 aut

614 1325 854 1395 priorem
895 1323 963 1379 Δ.
1009 1320 1214 1378 CXCV.
1260 1334 1384 1377 esse
1418 1319 1779 1376 referendum.
1830 1319 1997 1375 Porro
2046 1333 2210 1373 num-

605 1429 735 1471 mus
750 1413 894 1485 apud
925 1411 1257 1468 Vaillantiaut
1287 1412 1530 1469 Severum
1554 1412 1690 1483 Imp.
1714 1410 1802 1494 IV.
1835 1410 2213 1466 Tribunitiam-

610 1523 721 1579 que
748 1514 1065 1578 potestatem
1093 1503 1181 1561 Ill.
1204 1506 1554 1561 sustinentem
1579 1504 1831 1569 exhibet,
1860 1512 1919 1559 et
1942 1510 2072 1558 sunt
2097 1501 2211 1569 ejus

606 1599 829 1671 generis
854 1597 1056 1654 nummi
1080 1596 1260 1667 plures
1278 1581 1419 1666 apud
1438 1594 1851 1659 Mediobarbutn;
1877 1606 2008 1664 ergo
2030 1591 2213 1647 incidit

612 1691 784 1746 altera
821 1704 994 1759 pugna
1030 1689 1083 1744 in
1120 1686 1313 1743 Nicaeae
1341 1686 1531 1757 Ciique
1559 1686 1820 1757 angustiis
1842 1685 1898 1739 in
1923 1682 2209 1739 A.CXCV.

608 1783 1001 1855 posteriorem,
1041 1789 1131 1836 aut
1162 1779 1434 1850 sequentis
1461 1779 1586 1833 anni
1612 1777 1945 1849 superiorem
1981 1783 2209 1846 partem.

612 1878 952 1949 Qttapmpter
989 1890 1284 1948 cognomen
1320 1875 1451 1943 imp.
1488 1872 1554 1929 V.
1598 1881 1653 1928 et
1694 1871 1884 1927 ultima
1924 1869 2147 1927 victoria
2182 1882 2212 1924 a

612 1971 785 2044 Nigro
813 1979 1104 2041 reportata,
1128 1984 1235 2025 non
1265 1967 1475 2023 videtur
1497 1966 1607 2021 lete
1626 1965 1716 2020 alii
1736 1978 1881 2018 anno
1904 1976 2065 2033 posse
2088 1961 2214 2016 vin-

604 2063 797 2127 dicari,
826 2063 930 2117 nisi
960 2062 1104 2125 huic,
1130 2075 1292 2130 quem
1317 2058 1575 2122 diximus,
1603 2058 1669 2111 Α.
1707 2052 1933 2112 CXCVI.
1964 2067 2084 2108 cum
2113 2051 2214 2123 igi-

609 2164 699 2210 tur
722 2152 1060 2208 Percennium
1106 2150 1257 2205 initio
1282 2148 1395 2205 fere
1423 2148 1541 2219 ejus
1564 2147 1691 2202 anni
1714 2144 2095 2219 prostravisset
2121 2143 2216 2199 Se-

609 2260 779 2311 verus,
798 2243 968 2313 pergit
996 2241 1051 2296 in
1072 2239 1535 2310 Mesopotamiam,
1558 2238 1788 2308 indeque
1805 2243 1992 2291 contra
2018 2234 2216 2290 Osroe—

609 2350 733 2402 nos,
761 2334 1064 2389 Adiabenos
1089 2339 1146 2388 et
1172 2332 1378 2389 Arabes
1397 2330 1695 2386 exercitum
1728 2327 1879 2383 ducit
1906 2326 2050 2399 (Dio,
2069 2324 2212 2380 Libr.

609 2425 827 2482 LXXV.
854 2425 1020 2494 init.).
1046 2423 1209 2479 Facta
1236 2423 1352 2478 haec
1380 2422 1559 2477 omnia
1584 2435 1708 2476 esse
1732 2426 1945 2490 oportet
1977 2433 2071 2472 sex
2102 2416 2217 2472 fere

610 2517 892 2574 mensibus
942 2515 1070 2588 (nisi
1108 2513 1334 2569 mavelis
1385 2513 1625 2569 ultimam
1666 2519 1870 2581 partem
1913 2510 2039 2564 anni
2078 2523 2215 2579 prat-

612 2606 855 2666 cedentis
881 2606 1049 2678 Nigro
1075 2615 1303 2662 mortem
1325 2595 1616 2674 attulisse),
1637 2618 1783 2671 cum,
1805 2602 1912 2658 hoc
1927 2616 2071 2657 anno
2096 2617 2215 2657 ver-

610 2708 759 2756 tente
791 2700 903 2770 jam
942 2708 1126 2753 contra
1162 2696 1406 2765 Αιιὺιωη
1442 2696 1740 2766 proiectum
1781 2708 1903 2749 esse
1931 2692 2212 2756 Severum,

610 2792 751 2847 ratio
795 2791 912 2861 ipsa
941 2789 1200 2860 temporis
1226 2788 1488 2855 suadeat,
1518 2799 1576 2842 ut
1603 2802 1702 2843 suo
1742 2786 1864 2841 loco
1910 2784 2207 2855 apparebit.
2304 2826 2309 2830 .

610 2885 684 2939 At
706 2898 813 2954 quo
842 2881 959 2938 ﬁeri
982 2891 1141 2952 pacto
1167 2882 1378 2951 potuit,
1411 2888 1469 2935 ut
1488 2878 1769 2936 mensibus
1794 2887 1902 2933 tam
1924 2877 2112 2949 paucis
2134 2884 2213 2931 tot

610 2984 897 3043 tantasque
926 2972 1367 3028 bellicosissimas
1390 2980 1579 3042 gentes
1598 2970 1912 3041 subegerit?
1955 2971 2022 3023 At
2072 2969 2212 3023 istud

611 3065 828 3136 quidem
861 3073 1038 3135 potest
1063 3065 1243 3120 animo
1284 3064 1509 3135 pulchre
1531 3063 1779 3133 concipi;
1802 3078 1930 3117 nam
1970 3062 2087 3132 ipse
2110 3059 2213 3117 Dio

614 3175 667 3216 c.
697 3161 752 3216 2.
787 3162 927 3217 libro
949 3161 1041 3215 cit.
1074 3158 1266 3214 harum
1306 3158 1547 3229 gentium
1568 3157 1735 3213 urbes
1776 3172 1808 3209 a
1836 3155 2013 3211 tribus
2040 3154 2216 3210 Severi

616 3252 874 3317 ducibus,
911 3266 1022 3306 non
1069 3264 1102 3304 a
1141 3249 1327 3305 Severo
1370 3248 1508 3319 ipso,

614 3344 815 3402 factum
842 3342 1069 3399 forsitan
1097 3352 1205 3407 est,
1250 3356 1372 3397 cum
1398 3340 1510 3411 jam
1533 3338 1722 3395 Albino
1749 3338 1962 3394 obviam
1992 3335 2213 3394 Severus

612 3438 832 3502 ivisset;
864 3451 1025 3502 nam,
1067 3448 1135 3490 eo
1164 3434 1424 3496 discessu,
1457 3430 1633 3487 Livius
1677 3447 1736 3486 se
1776 3432 1861 3487 bis
1885 3430 2212 3487 adversariis

608 3526 894 3598 opposuit,
922 3534 981 3580 ut
1008 3524 1218 3581 videtur
1247 3540 1311 3580 ex
1340 3522 1532 3579 eodem
1557 3521 1743 3589 Dione,
1779 3538 1826 3575 c.
1856 3524 1911 3577 9.
1966 3531 2061 3576 aut
2095 3521 2208 3592 jam

611 3617 943 3689 aliquantum
983 3629 1049 3672 eo
1079 3625 1340 3685 tempore,
1374 3629 1483 3685 quo
1508 3612 1735 3685 Nigrum
1768 3612 1988 3669 Severus
2026 3627 2213 3683 perse-

614 3706 902 3779 quebatur;
924 3706 1151 3776 plurima
1178 3704 1323 3761 enim
1343 3715 1455 3760 tum
1478 3703 1603 3759 fecit
1628 3720 1723 3775 per
1744 3704 1911 3760 duces
1933 3718 2060 3760 suos
2085 3722 2098 3759 :
2118 3714 2211 3761 aut

613 3800 718 3857 fuit
744 3800 960 3855 Severus
998 3798 1377 3869 qualicumque
1416 3797 1772 3854 barbarorum
1818 3798 2209 3869 suppressionc

620 3901 925 3949 contentus.
972 3891 1055 3946 Ac
1096 3888 1309 3945 videtur
1344 3898 1497 3945 certe
1546 3887 1768 3946 Severus
1834 3889 2071 3945 noiuisse
2114 3889 2210 3945 bas

613 3986 721 4043 sibi
741 3995 925 4058 gentes
949 3997 1172 4057 prorsus
1190 3982 1475 4055 subjicere,
1496 3998 1601 4041 nec
1612 3984 1728 4055 jam
1752 3993 1863 4042 tum
1892 3985 2209 4054 subiecisse,

617 4093 764 4144 cum,
805 4075 1037 4135 ducibus
1076 4084 1262 4131 contra
1314 4074 1499 4135 hostes
1545 4076 1793 4144 emissis,
1838 4077 2012 4133 aliena
2044 4076 2212 4134 Nisibi

616 4177 839 4243 ageret,
870 4170 1091 4242 ipseque
1139 4168 1356 4225 domum
1398 4177 1527 4240 post
1567 4168 1768 4225 vietum
1817 4170 2060 4225 Atbinum
2115 4169 2212 4225 bas

615 4261 922 4335 provincias
949 4275 1161 4316 summo
1182 4260 1384 4332 impetu
1411 4259 1742 4327 adoriretur;
1768 4260 1910 4332 quod
1940 4265 2054 4331 ipso
2080 4276 2213 4317 con-

617 4353 823 4409 ﬁrmari
846 4362 1027 4424 posset
1052 4350 1336 4408 Herodiani
1356 4352 1592 4417 silentio,
1620 4352 1713 4423 qui
1750 4352 1821 4408 de
1858 4352 1944 4408 his
1960 4353 2213 4424 gentibus

616 4448 724 4505 isto
768 4456 1013 4518 tempore
1040 4448 1196 4502 victis
1243 4445 1375 4502 nihil
1406 4446 1570 4503 habet
1596 4447 1836 4503 omnino.
1862 4446 2052 4519 Itaque
2097 4447 2212 4504 haec

618 4541 793 4612 prima
822 4539 1206 4631 lassanciatur
1230 4548 1392 4631 tante
1406 4538 1569 4631 tinem
1595 4538 1660 4594 Δ.
1702 4538 1931 4631 CXCVI.
1964 4539 2209 4597 Severum
2232 4569 2289 4631 Β

619 4641 808 4688 contra
834 4629 1075 4686 Albinum
1105 4643 1211 4685 non
1240 4625 1402 4685 luisse
1431 4627 1731 4700 proiectum
1763 4630 1865 4701 (I).

612 4809 716 4881 vita
752 4805 931 4859 Severi
948 4816 1032 4881 ,_'c.
1054 4805 1106 4881 9..
1131 4802 1405 4881 significare
1423 4804 1846 4881 anqdﬁSeverus
1867 4820 1963 4860 non
1985 4810 2079 4860 nisi
2104 4820 2214 4881 post

600 4843 1405 4945 ,gizzu'a'gutauin“;a§;;;u
1423 4843 1776 4945 erant;
1787 4843 1848 4945 ξεῖ
1868 4843 2213 4945 statim

602 4930 681 5002 de
702 4943 760 4979 re
784 4930 1053 5002 scripserit.
1079 4930 1178 4981 Sed
1212 4930 1477 5002 praeterea,
1505 4932 1635 5002 quod
1657 4930 1949 5002 Spartianus
1968 4933 2215 5002 discrepat

617 4990 915 5067 aliquantum
952 4994 1003 5041 in
1024 4990 1261 5067 narranda
1282 4993 1452 5067 hac_re
1465 4990 1501 5041 'a
1522 4990 1749 5067 'caiteris,
1774 4994 1935 5059 iisque
1970 4990 2214 5067 primariis

611 5053 953 5128 scriptoribus,
984 5067 1084 5128 nec
1105 5054 1203 5128 ini-si
1225 5053 1290 5126 de
1322 5057 1478 5128 prima
1510 5053 1763 5128 alteraque
1800 5053 2212 5128 pugna'loquitur

610 5117 799 5189 irrisio,
823 5116 958 5189 loco;
995 5116 1168 5189 negari
1204 5117 1285 5165 vix
1312 5116 1503 5189 potest,
1530 5116 1755 5189 quoniam
1780 5116 2208 5189 cogitomen'l‘mp.

730 5177 815 5252 IV_.
843 5177 1038 5252 V.'_cu_m
1052 5176 1260 5252 diverso
1282 5176 1592 5252 plane'l‘rib.
1628 5179 1738 5230 Pot.
1758 5176 1971 5252 numero
1999 5176 2210 5252 conjun-

611 5242 766 5302 gitur,
790 5239 885 5289 hoc
899 5238 1033 5290 Trib.
1052 5238 1161 5288 Pot.
1184 5238 1327 5301 signo
1348 5240 1546 5289 indicari
1569 5253 1720 5292 annos
1737 5256 1842 5302 eos,
1861 5244 2040 5302 quibus
2056 5247 2068 5295 i

652 5254 766 5310 ρῐΨ,
899 5254 1033 5310 ιηι).
1054 5254 1161 5310 Γρῐ..
1184 5254 1327 5301 Signo
1348 5254 1556 5310 tnmcart_
1569 5254 1720 5292 annos
1737 5256 1842 5304 80$,
1861 5254 2040 5307 quibus

611 5301 919 5363 abhostibus
943 5302 1190 5351 victoriam
1215 5310 1291 5351 ter
1313 5302 1597 5363 reportavit.

678 5361 746 5430 (η
782 5365 947 5427 Atque
970 5363 1051 5412 hic
1074 5375 1164 5413 nos
1195 5374 1294 5411 non
1315 5361 1551 5413 audemus
1574 5363 1715 5427 plura
1752 5378 1814 5416 ex
1847 5366 2020 5418 ordine
2042 5382 2211 5422 rerum

602 5432 881 5536 gestarum,
906 5438 1029 5498 quas
1050 5427 1565 5498 commemoravimus,
1603 5427 1856 5479 deducere
1875 5467 1890 5491 ,
1916 5431 2005 5479 sed
2040 5442 2209 5495 postea

642 5486 848 5535 abimus.
883 5486 1096 5536 Iudicart
1119 5494 1285 5536 autem
1309 5500 1373 5536 ex
1408 5486 1554 5536 dlClIS
1582 5494 1745 5536 potest
1764 5490 1830 5536 de
1852 5504 1933 5536 eo-
1957 5495 2085 5536 (mm
2110 5495 2210 5536 ιιιιι-

606 5486 848 5536 dabimus.
883 5486 1096 5537 Judicari
1119 5494 1285 5537 autem
1309 5500 1373 5536 ex
1408 5486 1554 5538 dictis
1582 5494 1745 5549 potest
1764 5490 1830 5540 de
1852 5486 1933 5553 eo,
1957 5486 2085 5549 quod
2110 5495 2210 5556 pla-

606 5546 1081 5625 ἐξιξίξὲίδεῑιξξωίοέφ
1096 5549 1555 5625 meaemeae.
1592 5550 1890 5625 ςίίεελδέω
1924 5554 2204 5625 Ακςίωζσ

606 5566 1007 5621 ευιιμιοδηεςωιο
1029 5566 1081 5613 τῷ
1103 5566 1283 5663 ψαᾶἓ
1306 5566 1378 5611 un
1406 5566 1555 5611 taua.,
1592 5566 1707 5601 mss.
1733 5566 1851 5614 921.
1871 5566 1890 5617 )
1924 5566 1981 5604 Δ.
2003 5566 2204 5608 CXCIV.

603 5613 819 5682 periisse
840 5610 1046 5720 Nigrum
1084 5610 1144 5660 A.
1166 5611 1199 5663 C
1288 5613 1363 5671 \.;
1386 5611 1580 5685 legatos
1601 5613 1652 5661 in
1691 5613 1895 5664 Galliam
1932 5616 1993 5665 ad
2025 5618 2209 5669 interﬁ-

592 5672 835 5722 ciendum
873 5673 1103 5721 Abtnum
1139 5686 1166 5721 a
1204 5674 1398 5723 Severo
1432 5687 1642 5724 missos.
1673 5683 1725 5724 et
1762 5676 1854 5724 hoc
1888 5691 2018 5724 anno
2057 5693 2209 5724 nan

602 5683 835 5722 ciendum
873 5683 1103 5744 Alpinum
1139 5686 1166 5721 a
1204 5683 1398 5723 severo
1432 5683 1642 5733 missos,
1673 5683 1725 5725 et
1762 5683 1854 5726 hoc
1888 5691 2018 5728 anno
2057 5693 2209 5744 prope

602 5734 1061 5814 Ξεξξρτιθὲξιὲἓιτέξ
1075 5735 1627 5814 εετυηιιξηςξξτξθὲηξὲξ
1660 5736 1850 5814 fuisse;
1870 5740 2121 5814 ειιιρ.[εειο
2143 5744 2203 5814 e-

596 5791 802 5874 PE‘EY‘;
822 5791 1628 5874 ςίίὲεξπξιεξΕι-Εεὲιὶεξάὶ,ἓεξγεςιξε
1653 5791 1905 5874 recusati
1928 5801 2019 5874 iii!
2038 5791 2201 5874 ,ςτέὰἰέ

580 5852 756 5904 deritn
784 5855 798 5928 ί
822 5867 932 5906 nam
954 5856 1019 5905 de
1042 5862 1265 5921 ternpore
1290 5856 1567 5919 prazliorum
1585 5860 1683 5923 jam
1708 5861 1808 5912 disi
1830 5896 1846 5926 ,
1868 5864 1983 5926 quid
2007 5852 2072 5916 sit
2090 5852 2205 5919 seti-

2294 5376 2425 5433 .quis
2444 5376 2572 5425 dicat
2588 5409 2604 5433 ,

2444 584 2602 656 batur
2629 586 2851 642 secundo
2867 601 2899 640 a
2927 596 3151 658 tmpore
3174 586 3452 658 expugnati
3479 582 3742 655 Byzantii.

2377 722 2621 778 Alterum
2668 737 2767 779 nec
2797 721 3067 780 mediocre
3107 723 3274 778 telum
3315 719 3384 777 ad
3427 719 3566 776 hanc
3606 733 3723 776 rem
3763 733 3901 775 exc-

2309 812 2575 882 quendam
2619 810 2916 869 existimari
2946 812 3107 870 debet
3135 823 3344 884 tempus
3363 852 3379 879 ,
3408 826 3515 882 quo
3541 819 3900 882 expugnatum

2311 902 2625 976 Byzantium
2673 915 2779 962 est.
2845 903 3088 978 Namque
3132 904 3237 960 hoc
3296 900 3401 960 Dio
3446 904 3519 959 ait
3559 903 3621 959 L.
3664 900 3900 958 LXXIV.

2311 1010 2362 1050 c.
2403 996 2493 1051 14.
2532 1013 2589 1069 p.
2633 998 2796 1054 I254.
2834 1008 3152 1069 occupatum
3184 1011 3304 1053 esse
3347 1011 3374 1050 a
3408 994 3581 1052 Severi
3625 995 3903 1063 militibus,

2310 1100 2432 1142 cum
2465 1087 2510 1142 is
2535 1087 2586 1143 in
2616 1087 2994 1160 MesOpotamia
3012 1097 3455 1155 commoraretur,
3478 1087 3534 1142 b.
3551 1103 3602 1144 e.
3623 1101 3904 1159 postquam

2315 1174 2535 1250 Nigrum
2563 1190 2930 1251 superaverat,
2959 1195 3022 1235 ac
3053 1180 3199 1250 prius
3226 1195 3383 1250 quam
3433 1189 3680 1251 pergeret
3708 1177 3905 1235 adver-

2312 1283 2406 1326 sus
2434 1273 2691 1327 Albinum.
2723 1273 2884 1345 Atqui
2913 1270 3236 1346 Byzantinos
3261 1272 3400 1328 fame
3426 1271 3643 1327 demum
3675 1273 3728 1327 in
3759 1271 3909 1328 dedi-

2315 1364 2513 1421 tionem
2538 1365 2784 1423 redactos
2803 1382 2944 1433 esse,
2964 1382 3084 1422 cum
3109 1377 3217 1423 tres
3238 1354 3476 1437 integros
3491 1379 3661 1421 annos
3683 1364 3910 1423 fuissent

2312 1458 2369 1514 in
2394 1457 2695 1526 obsidione,
2728 1459 2869 1515 idem
2896 1456 2998 1514 Dio
3029 1459 3307 1515 memoriae
3329 1458 3560 1530 prodidit
3584 1457 3703 1513 Lib.
3731 1459 3822 1513 cit.
3853 1473 3907 1515 c.

2318 1552 2406 1607 II.
2424 1567 2480 1624 p.
2506 1551 2691 1618 1252.;
2718 1569 2884 1624 quare
2907 1567 3297 1628 cognoscemus
3319 1568 3540 1619 annum,
3568 1567 3677 1623 quo
3694 1552 3910 1607 Severus

2316 1644 2371 1700 in
2401 1644 2782 1716 Mesopotamia
2809 1655 3051 1702 versatus
3079 1654 3186 1713 est,
3213 1660 3334 1701 cum
3362 1644 3674 1710 viderimus,
3699 1642 3912 1716 quando

2314 1734 2417 1793 ista
2435 1737 2644 1794 obsidio
2662 1730 2940 1794 exordium
2963 1738 3269 1809 sumpserit.
3292 1735 3398 1793 Sed
3415 1737 3530 1808 ejus
3550 1736 3758 1792 initium
3781 1750 3912 1791 con-

2310 1830 2557 1901 junctum
2584 1829 2818 1885 arbitror
2860 1844 2983 1886 cum
3025 1830 3177 1885 initio
3218 1829 3384 1899 ipsius
3424 1828 3781 1900 expeditionis
3813 1827 3912 1883 Se-

2318 1923 2422 1976 veri
2447 1929 2633 1978 contra
2677 1919 3016 1976 Percennium
3043 1921 3107 1976 A.
3139 1916 3362 1976 CXCIII.
3389 1920 3531 1991 quod
3561 1920 3784 1991 intelligi
3814 1934 3914 1992 po-

2319 2021 2425 2069 test
2449 2028 2515 2069 ex
2543 2027 2632 2081 eo,
2652 2012 2794 2084 quod
2817 2012 2904 2067 vix
2926 2019 3009 2068 est
3035 2006 3311 2091 credibile,
3328 2011 3592 2079 Severum,
3606 2026 3728 2067 cum
3749 2010 3915 2085 Nigro

2319 2113 2651 2173 occurreret,
2677 2119 2707 2159 a
2735 2114 2884 2175 tergo
2905 2103 3215 2159 relicturum
3248 2101 3417 2159 fuisse
3447 2104 3793 2161 fortissimam
3822 2120 3918 2160 ur-

2320 2196 2465 2261 bem,
2487 2212 2645 2268 quam
2670 2197 2770 2267 ipsi
2803 2193 2956 2267 Nigri
2981 2194 3177 2251 milites
3203 2180 3476 2260 tenebant,
3502 2203 3556 2252 et
3583 2211 3690 2267 quo
3715 2196 3911 2252 adver-

2319 2288 2393 2343 sis
2421 2288 2581 2344 rebus
2600 2302 2658 2343 se
2687 2288 2957 2358 recepturi
2983 2285 3242 2354 fuissent;
3268 2286 3519 2358 idemque
3547 2302 3669 2344 cum
3696 2302 3756 2343 re
3794 2288 3911 2359 ipsa

2319 2384 2520 2453 optime
2545 2382 2830 2438 consentit.
2865 2380 2974 2436 Fac
3026 2382 3231 2436 scilicet
3272 2397 3457 2450 mense
3477 2381 3592 2439 fere
3614 2381 3916 2453 Septembri

2320 2475 2387 2529 Δ.
2415 2473 2641 2530 CXCIII.
2676 2473 2919 2530 Severum
2948 2472 3106 2544 hujus
3130 2464 3542 2546 oppugnationis
3570 2472 3776 2530 initium
3815 2491 3915 2547 per

2319 2567 2517 2622 milites
2546 2565 2741 2622 fecisse
2789 2564 2983 2640 (Roma
3008 2567 3174 2635 enim,
3206 2566 3364 2623 Iunio
3385 2583 3523 2638 pene
3543 2556 3914 2639 prmterlapso,

2318 2656 2639 2713 discesserat
2663 2655 2691 2729 ς
2718 2654 2856 2712 VIII.
2890 2674 2946 2711 n.
2980 2656 3076 2729 ν.)
3108 2674 3123 2725 ;
3195 2657 3396 2713 incidet
3430 2650 3564 2714 sane
3589 2658 3916 2730 expugnatio

2318 2750 2455 2822 ipsa,
2478 2751 2524 2807 si
2548 2760 2668 2822 post
2691 2750 2977 2807 triennium
3002 2750 3267 2822 integrum
3300 2750 3435 2806 facta
3459 2759 3563 2820 est,
3587 2752 3642 2806 in
3672 2750 3918 2822 Septem-

2317 2844 2465 2900 brem
2489 2845 2556 2898 A.
2584 2841 2812 2899 CXCVI.
2832 2884 2848 2911 ,
2875 2858 2982 2913 quo
3009 2851 3256 2912 tempore
3285 2843 3528 2899 Severum
3566 2842 3621 2898 in
3666 2842 3914 2913 Mesopo-

2318 2935 2479 2989 tamia
2506 2934 2671 2990 fuisse
2695 2942 2920 3006 apparet
2942 2950 3007 2990 ex
3032 2934 3117 2999 iis,
3150 2949 3270 3005 quae
3296 2935 3348 2989 in
3378 2935 3746 3007 superioribus
3774 2935 3916 2991 dicta

2317 3036 2460 3083 sunt.
2488 3026 2656 3095 Quam
2686 3028 2756 3081 ob
2776 3042 2890 3099 rem
2916 3042 3024 3082 non
3054 3034 3138 3083 est
3162 3041 3388 3083 necesse
3410 3068 3429 3095 ,
3461 3037 3517 3082 ut
3545 3043 3576 3083 a
3606 3028 3783 3083 nativa
3816 3042 3916 3098 po-

2319 3128 2510 3175 testate
2533 3119 2816 3175 verborum
2833 3108 3241 3193 ἐπιὸλον,τριετῆ
3270 3131 3429 3192 χρόνον
3450 3120 3790 3188 recedamus,
3804 3135 3915 3192 quo

1535 3208 1730 3316 ξλρίεξ
1926 3208 2212 3315 έη;”(¹υοά
2234 3209 2285 3272 C
2318 3225 2378 3316 se
2403 3227 2433 3265 a
2458 3208 2776 3316 Tillemontio
3024 3220 3327 3316 passusest
3355 3208 3665 3316 Mos/ternm
3690 3217 3716 3265 ὁ
3742 3235 3914 3316 [ut-ata-

2314 3315 2471 3376 ρίτης,
2496 3304 2650 3374 cujus
2670 3302 3062 3375 interpretatio,
3093 3305 3146 3359 ni
3176 3303 3352 3372 fallor,
3385 3304 3438 3359 vi
3465 3304 3683 3376 quidem
3711 3305 3915 3361 verbo-

2303 3391 2436 3452 rum
2464 3412 2569 3452 non
2594 3396 2719 3452 facit
2741 3397 2892 3453 satis.
2914 3396 3098 3469 Itaque
3121 3413 3242 3453 cum
3266 3412 3455 3454 mense
3479 3397 3590 3455 fere
3610 3398 3915 3470 Septembri

2315 3491 2370 3546 in
2384 3488 2765 3559 Mesopotamia
2783 3498 3028 3546 versatus
3044 3489 3205 3545 fuerit
3225 3489 3463 3557 Severus,
3482 3489 3585 3545 nisi
3604 3491 3670 3545 Α.
3685 3489 3911 3547 CXCVI.

2308 3583 2421 3654 jam
2453 3585 2505 3637 in
2533 3582 2691 3639 finem
2721 3582 2977 3637 inclinato
3026 3582 3078 3637 in
3119 3581 3346 3638 Galliam
3375 3583 3559 3650 venire
3586 3597 3692 3639 non
3720 3583 3911 3653 potuit.

2314 3675 2501 3748 Neque
2518 3691 2648 3731 vero
2663 3684 2849 3746 postea
2875 3690 3037 3747 quam
3066 3675 3119 3731 in
3147 3674 3525 3745 Mesopotamia
3552 3676 3770 3732 Severus
3794 3675 3913 3733 fue-

2312 3777 2416 3835 rat,
2454 3783 2675 3841 usquam
2700 3769 2924 3840 legimus
2948 3772 3072 3826 eum
3085 3778 3278 3825 contra
3303 3767 3577 3843 Osroenas,
3605 3770 3912 3837 Adiabenos,

2314 3859 2599 3930 Arabesque
2638 3859 2805 3916 fuisse
2842 3860 3171 3931 profectum;
3231 3859 3329 3916 bos
3365 3860 3531 3926 enim,
3564 3870 3700 3918 teste
3749 3858 3917 3915 Dione

2315 3952 2356 4009 1.
2387 3951 2597 4010 LXXV.
2619 3967 2668 4008 c.
2694 3954 2752 4010 5.
2772 3969 2825 4024 p.
2854 3952 3009 4010 I257.
3030 3968 3150 4009 cum
3171 3951 3359 4020 Nisibi,
3388 3952 3595 4023 injurbe
3618 3952 3916 4023 Mesopota-

2315 4048 2459 4113 miae,
2481 4045 2696 4102 Severus
2712 4048 2876 4102 otium
2899 4047 3000 4102 sibi
3018 4046 3192 4113 daret,
3206 4045 3458 4103 Laternus
3473 4046 3735 4102 Candidus
3753 4054 3915 4117 atque

2317 4138 2489 4195 Livius
2512 4182 2526 4206 ,
2558 4140 2732 4197 Severi
2750 4141 2947 4207 duces,
2973 4143 3321 4212 subegerunt.
3346 4140 3501 4197 Unde
3535 4141 3768 4197 efﬁcitur
3786 4181 3801 4204 ,
3830 4140 3912 4196 fa-

2315 4248 2458 4289 mam
2477 4235 2545 4288 dc
2573 4231 2837 4288 seditione
2853 4232 3024 4287 Albini
3040 4232 3107 4288 ad
3126 4231 3371 4304 Severum
3398 4232 3452 4288 in
3474 4232 3910 4304 Mesopotamiam

2314 4321 2485 4379 fuisse
2503 4322 2743 4378 allatam.
2773 4323 3063 4379 Enimvero
3090 4338 3196 4379 non
3228 4323 3505 4399 abhorret,
3530 4324 3800 4389 Severum,
3818 4325 3912 4395 qui

2316 4415 2592 4471 celeritate
2629 4414 2836 4471 consilii
2892 4415 3156 4486 imprimis
3192 4415 3461 4483 utebatur,
3486 4416 3667 4470 statim
3697 4414 3912 4470 devicto

2320 4504 2487 4579 Nigro
2536 4506 2770 4571 misisse,
2797 4507 2886 4578 qui
2912 4507 3118 4577 Albino,
3147 4508 3431 4586 occasione
3454 4506 3733 4562 allatarum
3760 4506 3910 4564 litte-

2315 4606 2518 4669 rarum“,
2546 4603 2769 4659 insidias
2798 4602 3075 4672 facerent,
3119 4612 3175 4660 et
3202 4603 3288 4659 hae
3316 4602 3530 4673 quidem
3560 4611 3785 4674 repente
3810 4601 3910 4659 dc-

2320 4702 2476 4750 tectte
2503 4704 2648 4751 sunt:
2662 4695 2915 4767 quocirca
2932 4696 3099 4768 magis
3110 4704 3352 4768 apparet,
3381 4695 3492 4752 fere
3511 4697 3665 4752 Anno
3680 4693 3905 4751 CXCVI.

2301 4795 2561 4853 _vertente
2587 4784 2831 4843 Severum
2859 4788 2913 4844 in
2942 4787 3173 4847 Calliam
3196 4787 3539 4845 concessisse
3564 4787 3669 4860 (I).

2310 4940 2562 5007 tiendumj
2611 4939 2827 5007 Legamus
2850 4943 2983 5007 istos
3019 4944 3218 5007 integro
3252 4941 3364 4994 fere
3418 4954 3546 4993 anno
3581 4944 3910 5007 acquievisse,

2312 5003 2578 5067 antequam
2614 5003 2812 5055 litteras
2833 5004 3009 5054 Albino
3044 5003 3362 5056 tradidissent
3378 5040 3395 5066 ,
3412 5013 3499 5065 et,
3518 5018 3628 5055 cum
3650 5003 3708 5055 Ᾰ.
3728 5003 3907 5057 CXCV.

2313 5076 2470 5128 prope
2514 5072 2736 5115 exeunte
2773 5069 2968 5116 demum
3002 5067 3217 5118 detexta:
3243 5067 3330 5128 hae
3353 5067 3560 5117 fuissem
3582 5068 3784 5126 insidia,
3813 5068 3911 5117 Se-

3398 5130 3599 5181 ciscenti
3621 5136 3762 5180 recte
3784 5129 3912 5179 dici-

2312 5196 2411 5266 tur;
2424 5202 2469 5266 a_
2771 5190 2913 5266 ,‘Eel
2937 5188 3184 5266 integrum
3206 5188 3315 5240 fere
3349 5204 3527 5266 annum
3560 5190 3782 5266 φρανκε..
3807 5193 3911 5266 otio

2311 5253 2611 5313 transegisse
2631 5287 2647 5313 ,
2670 5251 2752 5302 vel
2771 5251 2967 5303 'Mbino
3002 5251 3193 5303 tantum
3230 5256 3535 5305 concessisse
3574 5254 3827 5316 temporis,
3854 5260 3913 5303 ut

2313 5313 2449 5387 vires
2463 5312 2752 5387 colligeret;
2774 5315 3262 5387 ettm‘a'q‘geritateg
3270 5317 3334 5365 sit
3354 5316 3508 5387 multo
3529 5315 3840 5387 propensius,
3865 5316 3910 5365 si

2778 5375 3064 5442 A._CXCVI.
3116 5370 3267 5441 prbp'e
3287 5370 3777 5442 vertente'Se'verus
3799 5370 3913 5442 pro-

2332 5437 2470 5503 'ectus
2488 5439 2555 5503 sit
2570 5437 2817 5503 adversus
2826 5438 3077 5503 Albinum.
3102 5437 3268 5503 neque
3291 5437 3497 5503 multum
3529 5440 3766 5503 temporis
3787 5437 3913 5502 prae-

2310 5500 2600 5565 termiserit,
2619 5513 2717 5565 quo
2739 5500 2871 5565 bello
2891 5500 3126 5550 dimica-e
3140 5500 3262 5565 cum
3280 5500 3457 5565 Albino
3477 5500 3734 5565 potuisset.

2373 5560 2442 5625 (I)
2470 5560 3067 5628 _Ali_a_r_n_'_v_i_am‘ingressus
3103 5573 3182 5614 est
3219 5560 3561 5628 Mosbemius,
3582 5565 3613 5628 δ
3644 5563 3725 5628 22.
3757 5560 3911 5613 Nam-

2375 5601 2442 5625 ,-,
2481 5601 2637 5610 --..-...
2669 5601 3067 5637 ..-...,...ε,.,ν...,...,
3105 5601 3182 5614 ν...
3220 5601 3520 5614 “suum.--
3587 5601 3613 5628 δ
3648 5601 3729 5638 ..-ε
3760 5601 3883 5613 ......

2316 5635 2418 5692 que
2454 5623 2513 5673 Α.
2536 5621 2737 5692 CXCVI.
2789 5631 2950 5692 inquit
2986 5633 3505 5692 e_xmnaum__m_
3531 5601 3909 5692 Ityzantmornm

2313 5686 2524 5747 urbem;
2551 5685 2677 5735 hanc
2697 5701 2836 5747 vero,
2859 5685 3150 5738 Herodian't'
3164 5695 3300 5739 teste
3323 5688 3407 5738 lib.
3435 5687 3523 5739 III.
3544 5685 3593 5739 οἵ
3615 5690 3667 5739 6.
3695 5687 3909 5738 nondum

2309 5744 2461 5797 fuisse
2492 5748 2543 5797 in
2580 5744 2875 5813 potestatein
2911 5748 3229 5813 Imperatoris
3261 5751 3544 5813 redactam,
3582 5763 3694 5801 cum
3714 5750 3913 5813 Albino

2310 5817 2625 5872 occurreret;
2643 5812 2799 5872 igitur
2820 5823 2937 5861 eum
2956 5810 3072 5863 esse
3096 5821 3267 5863 contra
3301 5810 3538 5863 Albinum
3554 5825 3681 5865 anno
3702 5810 3908 5863 CXCVI.

2309 5868 2769 5935 profectum.'Qitod
2788 5882 3135 5937 argumentum
3153 5910 3168 5938 ,
3186 5873 3323 5927 haud
3342 5887 3477 5938 nego
3493 5908 3510 5939 ,
3536 5885 3651 5927 esse
3672 5875 3912 5939 majorem

2311 5129 2611 5190 veruquui
2641 5131 2857 5180 ctu-renti
2881 5129 3085 5180 similior
3104 5143 3199 5190 qua
