4242 6266
333 378 445 438 109

1261 378 1349 435 AC
1390 373 1732 436 DOC'I‘RINA
1768 369 2207 432 SCRIPTORUM
2244 371 2727 433 TERTULLIANI.

3539 378 3643 435 HO

340 495 374 569 §
411 495 498 552 ιο.
543 524 612 538 —-
633 491 886 549 Probatur
910 493 1075 561 tertio,
1103 508 1166 549 ea:
1186 505 1345 560 asino,
1373 507 1474 563 quo
1500 489 1802 547 Carmllus
1820 488 1938 546 σοι·
1965 489 2020 551 Δ
2043 487 2302 546 molestus
2331 489 2522 546 fuerat.
2544 490 2730 560 Neque
2767 489 2814 544 is
2851 487 2946 552 tali
2971 488 3136 545 modo
3155 488 3473 547 clarissimis
3508 494 3636 562 qui-

697 587 827 642 saris
851 586 1144 659 dignitatem
1163 603 1190 641 e
1212 583 1351 642 SCto
1367 585 1583 655 accepit.

419 680 524 736 Sed
555 682 652 735 ista
679 681 892 750 quidem
921 690 976 736 ut
1014 680 1254 735 nondum
1292 678 1419 733 dant
1449 687 1654 734 certam
1683 677 1822 731 viam
1851 687 1944 731 ae-

347 781 532 830 curate
561 771 921 841 cognoscendi
957 787 1156 826 annum
1183 770 1364 825 Albino
1397 769 1640 835 fata-lem,
1662 777 1944 839 propterea

344 865 489 937 quod
511 865 747 919 nondum
797 875 1016 935 apparet
1059 863 1296 934 quandiu
1323 865 1421 918 ista
1439 863 1512 918 de
1541 875 1748 917 summa
1775 861 1946 931 impe-

351 959 418 1013 rii
441 957 714 1012 dimicatio
735 956 1027 1021 duraverit,
1059 957 1252 1026 magis,
1284 956 1498 1024 opinor,
1532 954 1687 1008 nobis
1711 965 1944 1022 scrupu-
1974 950 1977 958 ’

348 1049 457 1103 lum
485 1050 686 1104 eximet
714 1059 923 1119 tempus
949 1049 1227 1119 dignitatis
1249 1047 1511 1102 Ca-sarelc
1531 1040 1799 1100 Caucallo
1827 1043 1942 1099 col-

344 1141 559 1205 lattc,cx
575 1156 678 1210 quo
689 1142 970 1206 efficietur,
996 1141 1237 1193 Albinam
1258 1141 1321 1194 A.
1339 1137 1581 1194 CXCVII.
1603 1138 1824 1207 periisse
1839 1137 1884 1204 (I
1898 1134 1940 1201 ).

341 1234 474 1291 Sunt
499 1236 642 1289 enim
687 1235 1021 1304 antiquitatis
1046 1241 1397 1288 monumenta
1443 1231 1687 1302 quanam
1714 1272 1730 1295 ,
1761 1229 1939 1301 qualia

343 1325 536 1396 Pagius
561 1325 652 1396 (In
673 1327 851 1380 critica
886 1326 1162 1380 Annalium
1189 1323 1384 1378 Eccles.
1404 1322 1625 1378 thsaris
1654 1320 1813 1376 ϐατά.
1842 1320 1946 1375 lia-

267 1413 278 1426 ’
341 1419 497 1473 ronii.
533 1417 652 1473 Sec.
677 1415 744 1471 II.
777 1417 845 1471 ad
872 1432 923 1472 a.
955 1431 1004 1472 e.
1037 1415 1286 1472 CXCVII.
1329 1429 1476 1469 num.
1510 1414 1568 1468 2.
1597 1413 1740 1469 Edit.
1769 1412 1939 1468 Paris.

341 1510 505 1565 I689.
523 1509 738 1580 p.88.),
765 1523 939 1578 exque
959 1507 1196 1563 Gatherio
1218 1506 1529 1561 Moshemius
1549 1507 1726 1560 attulit
1745 1506 1796 1559 in
1810 1504 1942 1561 diss.

349 1603 497 1657 laud.
523 1600 553 1673 §
575 1601 765 1655 XXIII.
787 1603 838 1654 in
856 1601 1042 1671 quibus
1071 1599 1324 1654 Laterano
1349 1608 1404 1654 et
1451 1597 1644 1667 Ruﬁno
1665 1596 1813 1652 Cass.
1843 1595 1946 1650 Ca-

339 1693 570 1748 racallus
598 1697 767 1746 Caesar
798 1705 864 1745 ex
907 1690 1008 1745 SC.
1052 1689 1336 1744 Destinatus
1368 1701 1614 1744 vocatur.
1641 1691 1710 1743 At
1740 1689 1831 1743 illo
1859 1701 1946 1741 co.

336 1787 597 1856 gnomine
625 1784 868 1855 quamvis
903 1782 1013 1852 jam
1042 1783 1340 1837 Coracallus
1381 1797 1410 1836 a
1442 1791 1589 1852 patre
1631 1791 1741 1836 tutu
1786 1794 1946 1836 exor-

341 1855 499 1931 natus
529 1875 739 1940 fuisset,
760 1890 879 1929 cum
901 1875 1116 1929 Severus
1143 1876 1406 1929 adversus
1430 1875 1668 1928 Albinum
1698 1873 1941 1944 proﬁcis-
1972 1855 2021 1916 Β

339 1978 553 2025 cerettlr
577 1968 653 2037 (V
665 2010 676 2022 .
698 1967 1040 2038 Spartianlnn
1063 1969 1115 2021 in
1143 1967 1349 2023 Severo.
1365 1983 1419 2022 c.
1446 1967 1585 2038 10.);
1605 1967 1745 2022 istud
1763 1976 1944 2020 tamen

339 2076 600 2132 nusquam
628 2061 927 2129 reperimus
952 2074 982 2114 a
1013 2069 1203 2115 senatu
1227 2060 1602 2115 continuatum
1629 2072 1749 2114 esse
1770 2056 1940 2128 prius,

342 2169 500 2222 quam
534 2155 706 2210 victor
747 2153 967 2208 Severus
999 2153 1220 2207 Romam
1247 2194 1261 2218 ,
1295 2143 1564 2221 prostrato
1598 2149 1778 2204 Albino
1804 2191 1819 2216 ,
1849 2164 1940 2204 re-

342 2245 565 2311 diisset;
597 2256 704 2300 tum
737 2247 884 2299 enim
918 2244 1157 2300 Severum
1185 2243 1410 2313 legimus
1435 2242 1689 2297 Caesarem
1726 2239 1939 2295 Bassia-

341 2356 462 2394 num
516 2340 676 2407 ﬁlium
717 2355 865 2393 suum
917 2338 1227 2392 Antoninum
1263 2336 1516 2407 appellari
1539 2336 1756 2407 jussisse
1799 2336 1935 2405 (ap.

341 2431 519 2502 Spart.
550 2431 610 2485 L.
631 2447 682 2489 c.
717 2429 850 2502 ιιι).
877 2430 946 2484 At
974 2429 1116 2484 enim
1139 2428 1447 2482 Lateranum
1470 2435 1515 2480 et
1544 2427 1786 2494 Ruﬁnum
1811 2439 1943 2480 con-

343 2525 491 2580 sules
524 2524 693 2579 fuisse
725 2527 788 2578 Α.
822 2540 872 2593 p.
906 2523 971 2577 N.
1011 2523 1076 2578 C.
1126 2520 1378 2577 CXCVII.
1411 2519 1611 2576 docent
1651 2520 1775 2574 fasti
1827 2520 1947 2574 nni-

338 2618 502 2682 versi;
539 2617 716 2686 itaque
741 2616 812 2670 sit
837 2615 962 2680 hoc,
985 2615 1224 2668 Albinum
1248 2612 1436 2669 eodem
1455 2627 1597 2668 anno
1621 2612 1688 2683 (et
1720 2610 1810 2665 XI.
1826 2612 1942 2680 qui-

345 2711 460 2766 dem
471 2709 685 2766 Calend.
718 2710 875 2763 Mart.
899 2709 1320 2779 quemadmodum
1337 2695 1484 2762 habet
1506 2705 1847 2776 Spartianus.
1875 2705 1941 2759 L.

341 2820 393 2860 c.
426 2818 475 2858 c.
505 2802 596 2875 ll.)
626 2818 746 2858 cum
782 2806 889 2857 vita
923 2802 1207 2870 imperium
1241 2802 1506 2855 amisisse.
1549 2799 1679 2870 Quae
1708 2813 1829 2854 cum
1868 2800 1942 2854 ita

340 2896 468 2960 sint,
501 2905 646 2966 patet
670 2896 813 2966 quod
831 2893 1169 2950 efficiendum
1191 2893 1554 2964 promisimus,
1575 2909 1646 2950 ex
1665 2895 1766 2952 hac
1781 2909 1941 2951 occa-

340 2990 494 3044 sione
519 2988 658 3058 plebi
688 2987 759 3042 ad
785 2987 1112 3043 christianos
1150 2985 1424 3042 vexandos
1451 2995 1573 3056 post
1601 2986 1772 3042 Albini
1803 2987 1942 3042 inte-

339 3082 502 3138 ritum
531 3092 651 3135 nata
676 3123 690 3146 ,
733 3081 864 3135 istas
896 3080 1104 3150 priores
1144 3079 1575 3135 Christianorum
1599 3079 1942 3136 calamitates

340 3173 406 3228 Α.
435 3171 686 3228 CXCVII.
721 3172 929 3227 initium
957 3171 1191 3242 cepisse.

341 3278 375 3388 ς
404 3309 494 3364 ll.
523 3337 594 3349 —
625 3305 672 3361 E
703 3308 812 3363 loco
840 3308 1060 3380 quodam
1078 3307 1395 3364 Tertulliani
1415 3309 1483 3362 ad
1510 3308 1792 3379 Scapulam
1813 3347 1830 3374 ,
1853 3311 1944 3377 qui

425 3420 539 3458 cum
564 3405 664 3458 alio
684 3402 945 3473 Spartiani
969 3407 1248 3475 confertur,
1281 3401 1562 3457 ostenditur
1582 3417 1634 3455 α.
1660 3398 1942 3456 CXCVII.

423 3495 626 3550 initium
648 3495 837 3566 cepisse
860 3495 1076 3565 priorem
1107 3495 1239 3551 hanc
1280 3494 1594 3550 vexationem
1620 3492 1943 3550 Christiano-

422 3605 558 3644 rum.

421 3729 746 3786 Accedimus
789 3728 856 3784 ad
885 3729 1112 3785 alterum
1139 3734 1512 3799 argumentum
1537 3767 1553 3794 ,
1597 3739 1665 3782 ex
1695 3739 1802 3797 quo
1845 3724 1947 3780 ini-

341 3823 483 3880 tium
513 3823 670 3879 istius
697 3823 956 3877 tumultus
982 3838 1010 3876 a
1036 3822 1192 3892 plebe
1229 3819 1452 3876 excitati
1481 3818 1704 3875 delinire
1732 3819 1947 3875 voleba-

347 3916 700 3994 mus,_locum
733 3917 893 3971 istum
919 3915 1132 3985 quidem
1172 3915 1419 3985 superius
1475 3912 1504 3985 §
1545 3911 1599 3968 6.
1629 3913 1945 3983 productum

351 4025 386 4067 ε
409 4011 549 4066 libro
574 4009 884 4064 Tertulliani
921 4009 988 4064 ad
1029 4008 1329 4080 Scapulam,
1357 4008 1410 4062 in
1437 4021 1543 4078 quo
1576 4007 1794 4063 Severus
1818 4006 1950 4062 dici-

344 4107 463 4171 tur,
498 4123 516 4156 r
552 4103 890 4160 Clarissimas
913 4102 1138 4158 feminas
1163 4101 1600 4171 clarissimosque
1617 4100 1761 4154 viros
1787 4109 1950 4155 secta

361 4212 385 4248 ι
419 4195 726 4250 christiana:
752 4209 862 4249 non
886 4193 1048 4248 modo
1090 4209 1192 4247 non
1229 4193 1432 4246 laesisse
1460 4233 1473 4256 ,
1503 4205 1690 4246 verum
1718 4199 1771 4245 et
1791 4202 1952 4245 exor-

365 4305 386 4340 ι
425 4303 582 4344 nasse
615 4288 957 4353 testimonio,
989 4286 1293 4357 populoque
1320 4284 1372 4338 in
1402 4283 1724 4338 christianos
1753 4280 1950 4338 furenti

366 4399 388 4434 ι
424 4381 705 4437 restitisse.
741 4400 760 4433 ι
785 4381 938 4447 Quod
971 4395 1092 4434 cum
1123 4379 1339 4434 Severus
1367 4394 1471 4430 non
1504 4375 1690 4431 leccrit
1723 4390 1786 4430 eo
1813 4385 1950 4430 tem-

361 4485 514 4544 pore,
546 4487 653 4543 quo
675 4473 786 4543 jam
813 4471 1046 4527 edictum
1075 4476 1401 4539 opposuerat
1426 4466 1672 4536 religioni
1703 4465 1952 4522 christia-

2053 579 2282 636 busdaru
2311 580 2472 652 hujus
2495 581 2709 637 Iamiliaa
2729 579 3039 638 hominibus
3059 590 3173 636 tum
3202 581 3414 637 videtur
3437 579 3641 653 gratiﬁ-

2047 673 2159 727 cari
2188 673 2440 740 volllisse,
2464 691 2607 740 cum,
2635 674 2778 730 victo
2797 673 3001 738 sum.
3027 674 3230 730 bellum
3255 673 3469 730 Parthis
3496 675 3642 731 aliis-

2049 780 2154 835 que
2181 765 2417 822 Orientis
2454 768 2702 834 gentibus
2734 767 3034 833 intulisset,
3067 783 3097 822 a
3126 782 3234 837 quo
3266 767 3503 836 perfecto
3533 784 3642 824 non

2050 859 2211 914 rediit
2231 861 2398 928 prius,
2427 875 2586 928 quam
2617 858 2719 914 hoc
2753 858 2897 915 idem
2923 859 3156 916 edictum
3182 859 3444 915 adversus
3470 858 3645 916 chris-

2052 951 2224 1006 tianos
2273 952 2682 1024 promulgasset.
2725 952 2968 1023 Namque
2993 965 3107 1008 tum
3149 953 3366 1023 quidem
3407 962 3488 1009 tot
3528 963 3647 1010 erat

2050 1041 2207 1097 bellis
2232 1057 2353 1098 cum
2381 1044 2690 1100 fortissimis
2716 1045 3028 1100 nationibus
3055 1043 3381 1116 implicatus,
3409 1055 3470 1102 ut
3495 1046 3647 1102 credi

2049 1135 2137 1189 vix
2171 1137 2375 1206 possit,
2415 1152 2542 1192 eum
2579 1137 2652 1193 de
2689 1139 2991 1194 istiusmodi
3032 1138 3195 1195 rebus
3222 1139 3508 1212 cogitasse.
3537 1139 3646 1197 Sed

2050 1228 2214 1281 verba
2236 1226 2400 1282 etiam
2441 1228 2739 1283 Tertulliani
2777 1239 2903 1284 sunt
2937 1245 2998 1286 ea
3022 1271 3038 1298 ,
3069 1239 3128 1285 ut
3168 1230 3324 1286 facile
3347 1242 3641 1302 appareat,

2049 1317 2298 1374 Severum
2327 1334 2431 1376 non
2472 1322 2568 1375 has
2594 1321 2810 1393 quidem
2835 1364 2850 1388 ,
2879 1324 2976 1379 sed
3004 1324 3141 1379 alias
3165 1335 3341 1380 tamen
3372 1325 3598 1382 feminas
3621 1368 3640 1396 ,

2048 1414 2301 1483 virosque
2331 1412 2658 1470 clarissimos
2687 1431 2753 1472 eo
2783 1428 3025 1488 tempore
3055 1419 3287 1486 laesisse,
3320 1435 3351 1473 a
3378 1419 3572 1489 quibus
3597 1419 3645 1476 is

2049 1505 2374 1562 christianos
2411 1509 2664 1577 cupiebat
2700 1508 2953 1566 discerni.
2986 1513 3162 1581 Atque
3188 1527 3288 1583 ego
3313 1527 3420 1568 non
3450 1513 3644 1581 video,

2049 1601 2115 1654 ad
2140 1602 2302 1671 quale
2325 1611 2534 1672 tempus
2569 1604 2737 1674 possit
2765 1604 2844 1657 vis
2869 1604 2986 1659 istis
3021 1604 3165 1659 illata
3194 1605 3404 1672 referri,
3449 1606 3552 1661 nisi
3577 1605 3646 1662 ad

2050 1693 2100 1749 id
2128 1737 2143 1762 ,
2185 1709 2292 1765 quo
2319 1696 2607 1767 interfectos
2635 1696 2944 1766 Spartianus
2986 1699 3150 1754 refert
3176 1699 3254 1769 (in
3293 1697 3417 1756 Sev.
3445 1714 3497 1755 c.
3527 1699 3646 1770 12.)

2049 1790 2339 1842 innumeros
2369 1789 2540 1843 Albini
2567 1792 2790 1860 partium
2817 1792 2955 1844 viros
2975 1831 2992 1855 ,
3021 1793 3151 1846 inter
3173 1808 3298 1862 quos
3323 1793 3468 1848 multi
3497 1795 3646 1864 prin-

2051 1880 2186 1950 cipes
2203 1881 2441 1947 civitatis,
2470 1881 2644 1934 multa
2673 1882 2875 1951 [emittat
2915 1882 3137 1938 illustres
3189 1886 3393 1954 fuerunt
3432 1900 3451 1938 :
3485 1899 3648 1956 prep-

2052 1979 2223 2036 terea,
2254 1972 2396 2042 quod
2437 1974 2536 2028 ista
2565 1973 2616 2028 in
2643 1987 2704 2028 re
2733 1974 2874 2029 inter
2905 1975 3002 2029 hos
3035 1975 3326 2045 scriptores
3354 1985 3435 2031 est
3467 1978 3549 2032 vel
3593 1979 3648 2033 in

2051 2063 2229 2118 verbis
2251 2063 2493 2132 quasdam
2527 2065 2840 2121 similitudo.
2876 2066 2992 2137 Ego
3020 2082 3148 2123 vero
3171 2070 3254 2123 vix
3279 2068 3483 2136 dubito,
3517 2071 3648 2140 quin

2052 2153 2270 2211 Severus
2297 2157 2486 2212 horum
2515 2157 2932 2214 christiauorum
2968 2160 3118 2230 quasi
3157 2161 3378 2217 tutelam
3402 2176 3650 2232 suscepe-

2049 2249 2156 2316 rit,
2203 2263 2404 2319 eosque
2443 2253 2717 2306 ornaverit
2761 2252 3066 2307 testimonio
3097 2251 3185 2307 tali
3208 2295 3221 2320 ,
3252 2269 3356 2324 quo
3384 2253 3640 2324 doceret,

2050 2354 2142 2395 cos
2171 2354 2275 2394 non
2317 2355 2438 2396 esse
2476 2357 2543 2396 ex
2572 2343 2761 2397 amicis
2787 2343 2980 2412 Albini,
3015 2360 3083 2400 ne
3111 2346 3361 2415 populus,
3391 2361 3642 2404 caussam

2049 2430 2391 2500 Imperatoris
2418 2433 2778 2503 prmtendens,
2813 2434 2912 2490 hos
2947 2435 3253 2491 christiana
3279 2437 3523 2509 religioni
3549 2437 3648 2494 ad-

2049 2523 2222 2580 dictos
2252 2523 2646 2594 insequeretur,
2670 2533 2991 2597 raperetque
3016 2527 3068 2581 in
3100 2527 3384 2598 judicium,
3425 2529 3642 2600 quibus,

2048 2617 2152 2672 nisi
2178 2615 2318 2686 quod
2343 2617 2622 2674 christiani
2651 2631 2832 2675 essent
2852 2663 2867 2688 ,
2902 2619 3048 2676 aliud
3075 2622 3207 2677 nihil
3231 2621 3362 2678 vitio
3391 2624 3526 2679 verti
3551 2640 3649 2695 po-

2047 2715 2204 2762 terat.
2237 2706 2432 2764 Verum
2473 2711 2633 2780 igitur
2663 2713 2731 2767 sit
2761 2712 2914 2779 illud,
2943 2713 3119 2768 statim
3150 2721 3272 2785 post
3305 2725 3534 2772 mortem
3563 2717 3649 2771 Al-

2050 2799 2156 2854 bini
2183 2811 2238 2856 et
2264 2809 2390 2856 ante
2419 2802 2596 2858 Severi
2624 2805 3004 2877 profectionem
3035 2816 3218 2861 contra
3245 2807 3494 2875 Parthos,
3519 2809 3557 2863 i.
3589 2825 3646 2868 e.

2045 2892 2111 2949 Α.
2131 2891 2267 2948 CXC
2279 2892 2383 2950 VII.
2410 2896 2661 2966 populum
2687 2896 3009 2954 christianos
3040 2898 3091 2955 vi
3112 2912 3427 2971 aggressum
3455 2899 3643 2958 fuisse.

2049 3089 2078 3164 ᾗ
2143 3091 2233 3148 I2.
2301 3121 2373 3132 —
2426 3089 2576 3146 Idem
2655 3093 3029 3147 demonstratur
3107 3093 3317 3147 ulterius
3379 3110 3442 3148 ex
3501 3103 3650 3148 relate

1967 3212 2012 3278 ρ
2118 3185 2435 3257 Apologetici
2491 3184 2807 3240 Tertulliani
2835 3225 2851 3250 ,
2910 3194 3303 3255 cwterorumque
3356 3183 3600 3239 librorum
3627 3226 3644 3252 ,

2121 3282 2208 3350 qui
2236 3295 2349 3334 eum
2374 3287 2765 3335 antecesserunt.

2121 3453 2361 3528 Denique
2405 3461 2458 3512 et
2501 3455 2603 3512 hoc
2643 3467 2748 3511 non
2776 3455 2894 3512 leve
2932 3463 3016 3512 est
3043 3464 3414 3526 argumentum
3444 3463 3645 3511 nostra:

2046 3549 2364 3617 sententiae,
2397 3547 2539 3620 quod
2579 3557 2867 3620 appareat,
2915 3549 3300 3620 Apologeticum
3341 3545 3647 3604 Tertulliani

2049 3655 2158 3698 non
2199 3653 2358 3710 posse
2397 3639 2589 3697 litteris
2640 3639 2948 3695 mandatum
3002 3653 3159 3706 esse,
3205 3639 3307 3695 nisi
3347 3649 3472 3695 ante
3525 3639 3645 3696 illas

2050 3733 2198 3805 leges
2229 3731 2446 3804 Set-eri;
2485 3731 2552 3787 de
2594 3745 2694 3802 qua
2739 3746 2799 3787 re
2843 3745 3002 3786 nemo
3040 3730 3286 3786 dubitare
3313 3740 3523 3800 potest,
3555 3731 3645 3801 qui

2047 3827 2278 3898 cogitate
2304 3827 2447 3881 hunc
2489 3823 2725 3880 libellum
2773 3825 3045 3903 tractavit.
3084 3822 3190 3879 Sed
3220 3824 3416 3894 poterit
3440 3837 3505 3880 ex
3541 3823 3644 3891 iis,

2050 3934 2169 3991 quae
2221 3929 2404 3990 postea
2454 3917 2876 3988 disputabimus,
2922 3915 3070 3972 nullo
3123 3916 3337 3988 degotio
3386 3916 3642 3987 intelligi,

2049 4015 2213 4070 istam
2238 4012 2605 4068 defensionem
2639 4020 2877 4066 veterum
2918 4008 3330 4065 christianorum
3375 4017 3530 4063 tetate
3561 4009 3645 4062 in-

2055 4104 2304 4161 feriorem
2334 4117 2456 4161 esse
2495 4103 2644 4158 libris
2667 4101 2784 4172 cjus
2808 4101 2876 4154 ad
2902 4109 3150 4171 martyres
3171 4141 3184 4163 ,
3219 4100 3282 4153 de
3311 4099 3612 4170 spectaculis
3633 4140 3648 4164 ,

2053 4210 2212 4270 atque
2239 4202 2302 4252 de
2340 4196 2652 4252 idololatria.
2684 4193 3042 4263 Vicissimque
3069 4207 3156 4247 me
3186 4207 3342 4262 spero
3373 4193 3442 4247 ita
3488 4189 3649 4248 effec-

2058 4301 2235 4346 turum
2257 4331 2271 4355 ,
2304 4287 2444 4360 quod
2471 4289 2584 4342 istze
2613 4283 2886 4356 religionis
2912 4283 3218 4338 christiana:
3240 4281 3487 4337 vindicia:
3511 4282 3650 4337 scri-

2056 4393 2160 4453 ptae
2205 4381 2313 4436 sint
2363 4379 2462 4434 sub
2511 4377 2720 4432 initium
2776 4377 2840 4431 Α.
2893 4373 3204 4441 CXCVIII.,
3255 4384 3312 4429 ut
3359 4389 3520 4430 nemo
3562 4373 3650 4429 vel

2059 4472 2319 4529 mediocri
2349 4473 2398 4525 in
2433 4470 2517 4524 his
2540 4468 2740 4540 judicio
2781 4467 3034 4538 prmditus
3073 4466 3142 4521 de
3178 4467 3277 4520 ista
3303 4481 3364 4521 re
3405 4465 3651 4520 dubitare

369 4580 591 4631 norum,
619 4563 1070 4636 quemadmodum
1109 4562 1179 4616 ibi
1227 4559 1644 4630 diSputavimus;
1673 4557 1949 4628 assignau-

2062 4569 2254 4640 possit.
2285 4567 2461 4636 Quare
2506 4575 2614 4618 tum
2655 4562 2961 4633 apparebit,
3007 4560 3174 4614 libros
3219 4558 3282 4611 de
3332 4555 3656 4626 Spectaculis

367 4655 471 4712 dus
508 4666 590 4713 est
615 4659 666 4714 ei
693 4658 773 4713 rei
804 4671 977 4712 annus
998 4697 1014 4724 ,
1056 4669 1161 4726 quo
1189 4652 1407 4709 Severus
1433 4651 1668 4708 nondum
1699 4649 1799 4706 hac
1837 4651 1956 4721 lege

355 4833 464 4900 .vim
489 4841 602 4880 meo
627 4815 920 4900 habiturum,
1085 4825 1353 4900 Ποῖ-σόειιηί
1374 4825 1528 4900 verba
1549 4825 1827 4900 pugnarent
1840 4833 1958 4900 cu

367 4896 446 4952 iis,
470 4905 580 4956 quae
604 4893 778 4942 tradita
798 4887 914 4940 sunt
936 4903 963 4938 a
987 4891 1146 4940 Dione
1171 4889 1350 4949 Cassio,
1375 4889 1458 4951 qui
1483 4887 1725 4936 Severum
1748 4887 1817 4934 ait
1839 4897 1958 4932 nun-

369 4958 490 5020 tium
522 4955 586 5020 de
620 4962 761 5020 capto
781 4953 1009 5020 Byzantio
1032 4954 1080 5001 in
1119 4951 1462 5020 Mesollotamia
1488 4951 1766 5020 accepisse.
1792 4947 1958 5020 Atque

353 5019 414 5066 .is
433 5019 615 5067 merito
645 5009 915 5066 audiendus
938 5022 1016 5065 est
1034 5052 1047 5074 ,
1077 5022 1129 5064 et
1153 5009 1757 5076 repudiandaﬁerqdiani
1794 5017 1959 5076 aucto-

371 5081 515 5140 ritas.
539 5078 668 5142 quod
702 5081 799 5142 iam
822 5069 1333 5142 θενεείφζωοημῖαο
1360 5071 1582 5142 εεΗεβλ
1612 5069 1869 5142 Firmus
1908 5069 1958 5118 in

374 5151 472 5204 not.
497 5131 726 5204 ἔπε’-υἱωιῖ
751 5131 903 5198 (Ζιιςέἶ,
929 5131 978 5204 li:
1007 5139 1143 5188 1252.
1168 5138 1295 5204 §7Q.
1321 5141 1372 5204 et
1678 5195 1688 5204 _

439 5190 512 5265 (ι)
541 5201 629 5265 Usi
653 5214 824 5251 sumus
845 5190 903 5251 ad
926 5190 1062 5265 hanc
1086 5190 1194 5265 rem
1219 5195 1520 5265 emaciatam
1555 5190 1796 5265 dignitate
1818 5190 1963 5265 Carf-

377 5254 772 5331 calli'Caasarea,
801 5278 914 5331 cum
950 5264 1247 5331 Mosbemius
1276 5257 1599 5331 malueritgd
1615 5254 1734 5331 cam
1755 5254 1962 5331 retudi:

377 5328 615 5386 anitatem
639 5316 846 5389 Augusti
883 5324 1128 5378 Caracallo
1161 5323 1380 5389 collatam
1409 5319 1675 5389 adhibere.
1703 5316 1802 5366 Sed
1825 5318 1967 5389 istius

661 5377 765 5461 viii
785 5377 954 5461 partes
974 5383 1502 5461 τιθεενεξνεξ.¹ιίιῑ,δὲιίιιε
1524 5388 1602 5461 at
1625 5385 1800 5461 vius;
1821 5377 1964 5461 ita.

373 5447 1169 5513 p.66.Caracalla,inquit,Augusti
1184 5447 1425 5508 dignitate
1441 5450 1642 5513 ornatus
1653 5450 1730 5492 est
1741 5453 1802 5490 eo
1820 5453 1965 5499 anno,

379 5505 462 5576 qui
489 5513 710 5578 praelium
734 5505 1167 5578 Lugdunensium
1190 5505 1510 5578 consecutus;
1528 5505 1697 5578 Itaque
1721 5515 1969 5578 comaequ-

379 5561 502 5633 s'tet;
523 5588 640 5623 eum
665 5561 791 5637 nam
806 5561 867 5625 ii.
891 5572 1137 5625 cxcvnt.
1156 5575 1422 5637 accepisse,
1441 5561 1644 5617 Albinus
1666 5565 1722 5614 Α.
1741 5561 1969 5637 cxcvu.

384 5632 626 5701 occubuit.
650 5636 809 5701 Hujus
832 5637 1112 5701 argumenti
1128 5672 1141 5690 ,
1165 5633 1336 5701 dubito
1359 5632 1494 5701 fere,
1520 5643 1582 5701 an
1608 5632 1838 5701 superior
1862 5638 1972 5701 pro-

479 5699 562 5747 itio
585 5712 644 5746 ex
669 5689 918 5759 omnibus:
947 5711 1070 5760 quos
1101 5689 1340 5745 habemus
1359 5735 1371 5752 ,
1395 5689 1714 5755 scriptoribus
1738 5691 1801 5738 sit
1820 5689 1974 5760 mani-

556 5759 642 5807 uisi
667 5764 844 5807 eadem
868 5773 979 5807 esse
1004 5764 1266 5807 censeatur
1287 5771 1398 5806 cum
1422 5756 1578 5804 altera
1595 5753 1659 5802 de
1685 5753 1794 5807 ejus
1811 5748 1974 5807 digni-

356 5779 362 5791 ε
387 5748 532 5815 fessa.
556 5759 642 5808 nisi
667 5748 844 5813 callem
868 5748 979 5808 esse
1004 5764 1266 5822 censeatur
1287 5748 1398 5806 cum
1422 5748 1578 5804 altera
1595 5753 1659 5802 de
1685 5748 1975 5822 ejus-digni-

353 5867 360 5874 .
391 5823 735 5885 lalt3_AtIgusl.i
776 5828 831 5872 Α.
859 5820 1400 5885 CXCVIII._suscepta,
1440 5830 1552 5885 qua:
1586 5818 1833 5868 consentit
1867 5824 1978 5863 cum

387 5881 742 5949 Omnibus’ejus
762 5887 839 5938 rei
860 5882 1179 5948 signiﬁcando-3
1202 5881 1543 5936 monumentis.

2062 4671 2222 4732 atque
2247 4661 2309 4715 de
2349 4657 2643 4713 idololatria
2673 4654 2800 4710 nulli
2850 4652 2937 4706 alii
2967 4664 3108 4705 anno
3151 4661 3311 4716 posse
3351 4646 3651 4718 assignari,

2062 4752 2165 4807 nisi
2214 4752 2278 4805 A.
2335 4745 2606 4804 CXCVIII.
2656 4744 2945 4799 Enimvero
2990 4738 3339 4794 Tertullianus
3387 4747 3654 4810 martyres

2063 4841 2281 4915 pr0prio
2316 4839 2499 4894 libello
2524 4836 2590 4891 ad
2642 4832 2996 4890 constantiam
3045 4827 3493 4901 concordiamque
3523 4829 3652 4886 hor-

2064 4943 2204 4990 tatus
2229 4939 2312 4988 est
2338 4931 2507 5002 prius,
2541 4940 2699 4997 quam
2721 4940 2781 4980 se
2810 4925 3111 4993 accingeret
3130 4921 3194 4976 ad
3219 4922 3529 4979 scribendos
3550 4921 3651 4978 hos

2060 5027 2217 5093 duos,
2245 5039 2380 5096 quos
2407 5021 2658 5082 diximus,
2677 5015 2864 5071 libros.
2889 5014 3074 5086 Itaque
3101 5029 3321 5072 necesse
3345 5025 3429 5072 est
3447 5015 3649 5081 dicere,

2059 5121 2255 5177 librum
2283 5117 2352 5172 ad
2379 5125 2628 5185 martyres
2665 5111 2777 5166 fere
2801 5110 2866 5164 A.
2893 5108 3142 5167 CXCVII.
3174 5110 3226 5164 iu
3254 5109 3428 5165 lucem
3451 5109 3654 5164 editum

2064 5213 2248 5270 fuisse.
2294 5209 2424 5279 Quae
2449 5221 2557 5262 una
2598 5219 2684 5260 res
2715 5213 2952 5259 nostram
2999 5201 3316 5260 sententiam
3366 5199 3435 5255 de
3480 5212 3654 5265 anno,

2069 5319 2175 5377 quo
2215 5303 2331 5358 haec
2350 5298 2593 5370 superior
2621 5295 2832 5352 vexatio
2860 5295 3274 5350 christianorum
3301 5291 3531 5362 incepit,
3561 5303 3658 5360 po-

2069 5402 2148 5455 nit
2177 5407 2327 5454 cxtra
2371 5407 2585 5449 omnem
2633 5388 3040 5444 dubitationem.
3073 5383 3312 5454 Namque
3339 5381 3393 5436 lli
3415 5424 3429 5450 ,
3461 5381 3654 5453 quibus

2069 5492 2264 5547 librum
2295 5485 2505 5548 obtulit,
2523 5483 2630 5553 jam
2659 5480 2872 5536 fuerunt
2903 5487 3120 5549 prepter
3143 5475 3453 5544 religionem
3482 5473 3664 5528 chris—

2075 5587 2272 5640 tianam
2315 5581 2367 5636 in
2399 5577 2606 5632 vincula
2641 5572 2901 5642 cenjecti,
2929 5581 3274 5640 martyresque
3297 5567 3381 5622 isti
3413 5565 3664 5636 designati

2079 5679 2395 5746 argumento
2424 5678 2580 5734 sunt,
2615 5677 2725 5721 tum
2761 5664 2988 5719 Deorum
3019 5661 3252 5716 cultores
3290 5660 3396 5713 vim
3421 5658 3669 5712 christia-

2081 5768 2164 5823 nis
2212 5764 2473 5820 intulisse.
2525 5758 2631 5815 Sed
2676 5757 2851 5813 obiter
2896 5755 3010 5812 haec
3060 5751 3206 5822 fere;
3241 5765 3382 5808 nunc
3409 5753 3559 5822 plura
3600 5747 3671 5806 de

2080 5857 2234 5919 libris
2261 5857 2343 5915 his
2374 5856 2501 5930 ipsis
2526 5851 2790 5912 dabimus.
