4238 6262
567 385 665 442 ιιι

1707 363 2151 429 DlSSERTATlO
2193 362 2280 421 DE
2322 361 2506 418 VERA
2541 359 2802 420 ,ᾹΞΤΑΤΕ

3750 347 3860 403 ιη

570 500 598 573 §
649 501 736 557 15.
789 525 860 541 --
905 493 1062 552 ditas
1085 491 1198 564 ipsa
1235 489 1480 565 libforum
1511 489 1665 552 huius
1695 485 1890 559 generis
1929 482 2167 552 deﬁnitur
2194 483 2247 542 Α
2272 479 2450 534 tianos
2474 475 2765 532 ostendunt
2803 474 2913 545 jam
2959 465 3166 528 multis'
3185 465 3506 524 cruciatibus
3550 465 3862 522 tormentis-

645 594 737 656 ita,
767 601 820 645 ut
841 588 964 643 liber
983 586 1052 640 ad
1073 583 1328 655 Martyres
1363 582 1428 636 A.
1469 579 1607 637 CXC
1619 578 1752 635 VU.
1797 578 1862 635 sit
1903 583 2164 632 exoratus.

641 680 942 740 lloll'manni
963 678 1270 750 conjectum
1297 674 1664 747 exploduntur.

641 865 739 924 Est
773 864 931 936 igitur
971 865 1110 919 inter
1152 862 1308 932 hujus
1353 859 1566 932 generis
1609 857 1778 914 libros
1827 855 1873 910 is
1923 852 2163 924 primus,

569 974 728 1032 quem
796 956 1144 1011 Tcrtullianus
1192 954 1260 1008 ad
1311 952 1569 1021 Martyres
1624 946 1949 1020 perscripsit.
2004 943 2168 1023 Cujus

568 1053 692 1108 libri
722 1061 1097 1121 argumentum
1126 1049 1298 1122 ipsum
1319 1047 1427 1116 jam
1460 1056 1566 1098 tum
1596 1049 1873 1111 susceptas
1911 1037 2167 1092 adversus

569 1143 891 1200 christianos
919 1139 1224 1196 inimicitias
1245 1138 1609 1199 demonstrat;
1638 1143 1721 1188 est
1746 1132 1888 1186 enim
1929 1128 2166 1198 designa-

571 1239 636 1291 tis
692 1234 1002 1306 Martyribus
1052 1231 1284 1287 dicatum
1313 1229 1468 1299 (coll.
1512 1241 1560 1281 c.
1613 1226 1730 1296 l.);
1762 1222 1922 1278 modo
1973 1215 2173 1274 consti-

564 1328 824 1384 tuendum
863 1323 1062 1388 estid,
1096 1322 1363 1378 fuerintne
1405 1319 1490 1374 isti
1517 1329 1675 1383 ante,
1735 1331 1801 1369 an
1839 1321 1956 1384 post
1997 1308 2173 1366 Severi

567 1419 801 1475 edictum
832 1418 883 1471 in
923 1429 1194 1472 carcerem
1230 1411 1496 1481 conjecti;
1551 1418 1710 1478 atque
1736 1404 1862 1461 illud
1893 1401 2018 1458 mihi
2055 1413 2171 1454 ma-

567 1509 650 1581 gis
697 1508 870 1579 placet
923 1505 1163 1576 pluribus
1204 1509 1273 1558 de
1323 1500 1516 1557 causis.
1591 1499 1863 1581 Primum,
1917 1492 2170 1564 quoniam

566 1578 890 1656 christiano<
921 1613 1026 1650 non
1084 1593 1436 1666 Imperatoris,
1487 1589 1580 1645 sed
1623 1578 1950 1642 Proconsulis
1980 1585 2175 1651 iudicia

568 1692 840 1748 sustinere
894 1688 1024 1743 dicit
1075 1701 1124 1741 c.
1167 1685 1225 1739 2.
1280 1683 1435 1754 Quod
1508 1681 1761 1751 quidem,
1811 1678 1950 1734 haud
2003 1692 2172 1748 nego,

570 1783 677 1838 dici
707 1783 867 1837 etiam
910 1795 940 1833 a
986 1777 1300 1833 Tertulliano
1341 1776 1576 1845 potuisse
1598 1815 1611 1833 .
1655 1773 1699 1826 si
1733 1769 1992 1824 Pra‘sides
2021 1767 2179 1822 adhi-

569 1873 664 1929 biti
737 1871 932 1926 fuerint
993 1870 1062 1924 ab
1120 1869 1445 1938 lmperatore
1512 1864 1718 1933 legibus
1761 1871 1944 1915 contra
1999 1859 2173 1914 chris-

571 1967 748 2022 tianos
787 1962 1074 2019 diinicante
1095 2002 1110 2027 ,
1141 1969 1422 2030 propterea
1453 1956 1594 2028 quod
1623 1953 1888 2010 Prmsides
1915 1967 2009 2007 eas
2051 1966 2180 2006 exe-

573 2057 877 2128 quebantnr
915 2055 967 2109 in
1020 2052 1309 2122 provinciis
1341 2069 1353 2104 :
1386 2051 1478 2104 sed
1506 2057 1682 2102 tamen
1723 2062 1785 2100 ex
1836 2059 1902 2101 eo
1943 2045 2174 2114 primum

573 2149 743 2203 oritur
773 2146 916 2202 haud
964 2148 1139 2214 inepta
1192 2134 1461 2212 suspicio,
1509 2141 1619 2208 ipsa
1667 2139 1767 2192 hac
1809 2136 2063 2190 violentia
2111 2149 2178 2188 eo

579 2250 821 2310 tempore
848 2236 1113 2292 Prtesides
1169 2235 1337 2304 magis
1385 2246 1512 2288 usos
1553 2230 1718 2284 fuisse
1742 2271 1754 2292 ,
1789 2243 1948 2299 quam
2003 2227 2178 2296 ipsum

577 2334 895 2402 Augustum.
932 2331 999 2384 At
1024 2327 1068 2382 si
1100 2326 1240 2381 istud
1281 2322 1689 2394 argumentandi
1718 2336 1887 2391 genus
1937 2318 2181 2374 videatur

578 2423 632 2478 in
659 2432 943 2490 utramque
978 2427 1187 2490 partem
1213 2430 1369 2486 posse
1391 2413 1674 2482 disputari,
1705 2412 1843 2464 hanc
1865 2418 2178 2463 controver-

579 2515 713 2569 siam
743 2513 946 2568 diritnit
967 2510 1106 2565 haud
1137 2508 1297 2563 dubie
1325 2506 1374 2560 id
1403 2545 1418 2572 ,
1447 2503 1588 2574 quod
1616 2511 1699 2558 est
1723 2501 1790 2556 ad
1817 2500 2018 2555 calcem
2051 2512 2177 2553 nos-

589 2609 655 2663 tri
682 2606 881 2672 libelli,
911 2604 1000 2659 ubi
1045 2621 1058 2658 ε
1088 2603 1156 2656 ad
1199 2604 1294 2666 hoc
1312 2595 1521 2670 quidem
1543 2639 1558 2662 ,
1605 2596 1805 2667 inquit,
1840 2591 2181 2665 (patiendum

578 2701 636 2756 in
696 2713 856 2754 causa
898 2697 1033 2767 Dei)
1067 2696 1145 2750 uel
1177 2694 1444 2764 prazseutia
1471 2690 1614 2745 nobis
1641 2699 1869 2760 tempora
1911 2687 2188 2741 documen-

583 2802 635 2846 ta
662 2792 784 2856 sint,
822 2799 1026 2856 quanta:
1051 2786 1324 2858 qualesque
1353 2797 1581 2854 persona:
1609 2781 1903 2852 inapinatos
1930 2777 2185 2832 natalibus

581 2893 629 2937 et
677 2879 1010 2952 dignitatibus
1053 2887 1099 2933 et
1144 2876 1442 2946 corporibus
1486 2884 1533 2929 et
1581 2874 1813 2929 aetatibus
1863 2871 1968 2925 suis
2020 2871 2185 2924 exitus

582 2973 838 3041 referunt,
883 2971 1101 3024 hominis
1127 2983 1346 3031 caussa;
1372 2959 1460 3021 aut
1494 2965 1557 3019 ab
1586 2967 1733 3035 ipso,
1773 2964 1818 3018 si
1859 2971 2036 3016 contra
2073 2977 2187 3015 eum

583 3065 831 3138 fecerint,
870 3072 960 3118 aut
1007 3062 1071 3116 ab
1115 3059 1420 3114 adversariis
1465 3059 1609 3128 ejus,
1636 3057 1678 3111 si
1709 3071 1801 3124 pro
1845 3070 1903 3108 eo
1930 3052 2186 3115 steterint;

585 3159 726 3244 quod
775 3159 1046 3228 pertinere
1089 3155 1155 3208 ad
1207 3164 1446 3222 tempus,
1491 3164 1599 3221 quo
1637 3149 1705 3203 ab
1730 3147 1939 3204 aemulis
1977 3144 2183 3215 imperii
2214 3178 2258 3242 Ο

587 3238 803 3307 Severus
854 3257 1029 3304 tutum
1082 3246 1332 3303 redderet
1384 3244 1568 3300 orbem
1639 3241 1974 3306 Romanum,
2043 3238 2188 3294 nullo

591 3341 750 3398 modo
778 3340 1009 3396 dubitari
1055 3348 1252 3410 potest.
1301 3335 1434 3392 Nam
1475 3349 1597 3390 cum
1645 3333 1888 3390 sublatus
1933 3347 1965 3388 e
2010 3331 2189 3386 medio

590 3443 734 3491 esset
763 3433 1009 3497 Albinus,
1039 3439 1150 3486 tum
1188 3430 1418 3485 maxime
1455 3427 1699 3483 Severum
1745 3422 2190 3479 animadvertisse

594 3528 647 3582 in
697 3526 830 3588 bos,
884 3525 975 3594 qui
1029 3531 1290 3578 steterant
1337 3535 1367 3574 a
1424 3518 1572 3592 Nigri
1623 3519 1853 3573 Albinive
1905 3516 2184 3587 partibus,

596 3627 800 3673 tantum
847 3618 1095 3689 ignorant
1122 3616 1189 3681 ii,
1220 3615 1309 3685 qui
1341 3614 1456 3668 loca
1488 3613 1735 3682 superius
1780 3611 2006 3666 adducta
2047 3608 2188 3664 haud

593 3708 923 3765 intellexere.
983 3706 1060 3762 Ex
1099 3721 1204 3776 quo
1262 3721 1365 3758 non
1430 3703 1609 3759 minus
1655 3704 1779 3758 licet
1829 3708 2188 3772 cognoscere,

595 3813 704 3870 quo
764 3797 926 3853 modo
993 3796 1225 3866 potuerit
1301 3793 1643 3848 Tertullianus
1704 3791 1882 3846 dicere
1937 3790 2027 3870 (c.
2087 3789 2187 3860 2.)

517 3901 520 3905 '
600 3866 700 3947 bos
740 3889 1046 3959 designatos
1083 3896 1362 3956 martyres,
1406 3884 1634 3954 quibus,
1675 3891 1916 3936 nostrum
1957 3866 2191 3934 libellum

599 3981 1007 4055 componendo,
1039 3981 1252 4050 aliquod
1298 3978 1493 4033 afferre
1534 3977 1947 4032 allevameutum
1995 3977 2190 4037 voluit,

603 4093 703 4132 non
753 4076 1060 4148 participare
1101 4072 1349 4128 solemnes
1393 4072 1656 4124 nationum
1691 4070 1834 4136 dies,
1867 4085 2025 4139 neque
2065 4069 2194 4123 ciuili

598 4166 1002 4240 spectaculorum
1049 4162 1374 4218 clamoribus.
1407 4163 1721 4231 Quanquam
1771 4161 1914 4214 enim
1955 4175 2042 4215 me
2085 4175 2192 4214 non

605 4272 826 4330 prorsus
851 4257 1120 4328 praeterit,
1173 4255 1324 4309 ludos
1355 4254 1516 4309 etiam
1548 4253 1722 4308 editos
1755 4252 1914 4308 fuisse
1961 4257 2222 4306 eo‘tcm»

604 4365 758 4422 pore,
781 4366 890 4421 quo
918 4350 1163 4420 superior
1189 4348 1404 4403 Severus
1432 4361 1474 4402 a.
1492 4347 1704 4402 Parthis
1729 4345 2044 4418 cieterisque
2073 4346 2193 4401 bar-

603 4444 750 4500 baris
777 4443 1058 4506 rediisset;
1092 4440 1214 4494 facit
1246 4448 1422 4493 tamen
1454 4440 1552 4490 hoc
1594 4439 1766 4507 ipsum
1793 4447 2188 4507 argumentum,

2206 1826 2254 1884 B

2269 586 2375 643 que
2412 571 2728 640 exagitatos.
2778 567 2965 638 Neque
3003 575 3102 636 ego
3148 577 3290 619 nunc
3331 575 3550 628 vereor,
3604 575 3672 616 nc
3723 559 3864 615 hunc

2269 663 2507 720 libellum
2538 662 2590 717 in
2621 675 2904 716 numerum
2940 672 3124 714 eorum
3157 653 3394 712 referant
3424 652 3698 718 nonnulli,
3730 667 3865 720 quos

2269 756 2622 814 Tertullianus
2650 751 2986 824 composuit,
3032 765 3153 805 cum
3194 748 3261 804 ab
3288 746 3518 802 amicitia
3545 743 3866 800 orthodoxa:

2274 850 2531 906 Ecclesia:
2559 863 2616 904 se
2637 846 2951 902 removisset
2977 862 2991 910 ;
3024 849 3136 914 ipsa
3159 842 3301 897 enim
3332 840 3492 896 libelli
3518 849 3648 893 tetas
3671 837 3724 892 id
3751 839 3869 909 qui-

2272 941 2393 997 dem
2447 955 2549 996 non
2594 937 2890 1008 permittit,
2922 936 2966 990 si
3014 951 3196 990 verum
3229 944 3310 987 est
3359 933 3407 986 id
3457 929 3596 1002 quod
3632 928 3866 985 diximus

2271 1037 2436 1100 alias,
2479 1033 2506 1105 §
2547 1034 2602 1094 5,
2659 1031 3028 1086 Tertullianum
3055 1028 3196 1096 ιΙιιιὶιι
3238 1035 3362 1081 ante
3411 1027 3474 1080 A.
3517 1024 3620 1080 CC.
3669 1024 3868 1080 bellum

2275 1142 2379 1180 non
2408 1124 2674 1178 intulisse.
2715 1123 2830 1190 Qua
2871 1123 2922 1175 in
2955 1137 3014 1175 re
3044 1119 3286 1173 videmus
3320 1115 3690 1183 Holl'mannum
3714 1130 3743 1169 a
3766 1130 3865 1170 no-

2273 1217 2356 1273 bis
2378 1260 2392 1283 ,
2426 1226 2483 1270 ut
2507 1216 2667 1282 solet,
2698 1208 3137 1276 dissentientem,
3163 1210 3258 1265 sed
3287 1209 3352 1264 ad
3380 1209 3685 1280 opinionem
3715 1223 3866 1264 suam

2273 1309 2701 1366 confirmandam
2757 1321 2910 1362 usum
2951 1313 3266 1375 argumento
3294 1303 3420 1367 tali,
3464 1318 3528 1358 ex
3557 1317 3664 1374 quo
3700 1304 3870 1374 magis

2275 1411 2531 1472 appareat
2584 1399 2636 1455 id
2696 1399 2838 1470 quod
2878 1414 2975 1452 nos
3005 1410 3191 1451 contra
3233 1395 3541 1450 volebamus
3580 1393 3745 1464 (diss.
3773 1395 3866 1449 cit.

2275 1490 2468 1565 §lO.),
2495 1491 2740 1547 videlicet
2791 1500 3057 1560 martyres
3101 1489 3264 1554 istos,
3297 1487 3362 1541 ad
3395 1503 3528 1558 quos
3568 1497 3652 1542 est
3697 1487 3871 1542 oratio

2274 1583 2582 1640 Tertulliani
2647 1583 2884 1649 directa,
2949 1581 3218 1636 existimat
3279 1580 3472 1650 partim
3528 1577 3859 1635 orthodoxos

2277 1677 2478 1741 fuisse,
2511 1677 2703 1747 partim
2739 1675 3118 1740 Montanistas;
3166 1673 3324 1744 idque
3367 1673 3643 1739 effecisse,
3675 1682 3734 1727 ut
3759 1672 3872 1727 dis-

2281 1771 2460 1826 sensio
2515 1781 2634 1824 nata
2681 1770 2746 1822 sit
2800 1769 2941 1822 inter
2992 1780 3122 1832 eos,
3166 1781 3322 1835 quam
3363 1781 3429 1820 ex
3470 1766 3663 1819 animis
3688 1765 3876 1822 tollere

2281 1873 2507 1918 conatur
2549 1860 2894 1915 Tertullianus
2923 1858 3024 1914 sub
3052 1858 3168 1912 libri
3203 1858 3432 1912 initium.
3463 1857 3568 1911 Sed
3594 1857 3660 1912 ad
3691 1857 3878 1912 unien-

2281 1955 2382 2010 dos
2429 1968 2524 2010 eos
2563 1970 2689 2023 apus
2719 1961 2825 2006 erat
2853 1952 3140 2017 hortatore,
3184 1951 3353 2021 inquit
3382 1948 3765 2016 Holfmannus,
3791 1951 3878 2020 qui

2282 2050 2484 2119 utrique
2529 2050 2661 2117 parti
2707 2047 2831 2102 bene
2879 2057 3122 2118 cuperet,
3172 2049 3334 2117 qualis
3379 2059 3485 2101 erat
3531 2046 3880 2104 Tertullianus

2288 2140 2623 2206 Moutanista,
2673 2150 2719 2194 et
2766 2140 2819 2192 in
2849 2138 3130 2192 catholicos
3160 2138 3362 2205 quidem
3387 2154 3520 2208 sazpe
3555 2140 3877 2209 peracerbus,

2283 2248 2444 2304 neque
2488 2243 2652 2287 tamen
2700 2248 2784 2287 eos
2827 2233 2901 2285 ita
2959 2241 3013 2284 ut
3077 2232 3339 2286 luereticos
3405 2248 3633 2301 perosus.
3684 2232 3877 2288 Audio.

2283 2324 2392 2381 Sed
2447 2335 2502 2379 ut
2546 2336 2773 2395 utraque
2802 2339 2925 2394 pars
2956 2325 3262 2378 inimicitias
3300 2323 3568 2391 deponat,
3599 2333 3744 2380 certe
3771 2339 3878 2380 non

2285 2417 2574 2488 requiritur
2617 2425 2673 2470 ut
2712 2417 2768 2482 is
2798 2416 2894 2484 qui
2940 2430 3126 2484 pacem
3167 2415 3453 2470 conciliare
3493 2415 3703 2480 studet,
3744 2415 3880 2470 utri-

2285 2528 2390 2582 que
2419 2512 2851 2568 dissentientium
2885 2510 3078 2566 laveat.
3111 2507 3245 2563 Illud
3275 2509 3524 2564 nimirum
3557 2523 3772 2564 necesse
3796 2516 3882 2563 est

2287 2605 2486 2676 potius,
2531 2614 2590 2659 ut
2637 2604 2960 2659 dissidentes
3009 2604 3148 2658 inter
3188 2618 3266 2668 se,
3298 2618 3418 2656 cum
3448 2618 3515 2656 eo
3559 2603 3647 2672 qui
3695 2616 3880 2672 pacem

2287 2697 2538 2752 conciliat
2601 2695 2947 2752 concordent.
3015 2694 3234 2753 Planius
3299 2693 3492 2748 dicant.
3547 2694 3766 2748 Constat
3815 2709 3880 2748 ex

2289 2791 2554 2860 scriptore
2578 2791 2762 2844 nescio
2789 2804 2894 2858 quo
2917 2830 2932 2854 ,
2962 2789 3114 2858 cujus
3153 2787 3312 2842 Verba
3356 2787 3515 2841 habet
3548 2785 3789 2840 Eusebius
3817 2785 3882 2839 ll.

2290 2880 2355 2937 E.
2387 2881 2450 2936 V.
2483 2897 2541 2936 c.
2575 2882 2660 2936 16.
2692 2897 2742 2952 p.
2777 2879 2904 2937 252.
2933 2879 3062 2934 edit.
3091 2879 3400 2949 Caulabrig.
3445 2878 3737 2949 Readiugii,
3767 2891 3881 2945 eos,

2296 2974 2385 3043 qui
2419 2973 2618 3043 puriori
2649 2972 2900 3028 Ecclesia:
2925 2970 3120 3026 addicti
3140 2979 3313 3030 erant,
3340 2970 3474 3024 adeo
3499 2967 3886 3038 contempsisse

2291 3063 2659 3125 Montanistas,
2690 3072 2767 3126 ut,
2798 3063 2842 3118 si
2873 3077 3001 3117 casn
3041 3061 3268 3130 conjecti
3309 3076 3428 3115 cum
3457 3059 3585 3129 ipsis
3613 3059 3809 3112 fuerint
3830 3059 3883 3114 iii

2291 3156 2503 3211 vincula
2531 3197 2546 3222 ,
2595 3171 2809 3225 semper
2858 3171 2887 3209 a
2933 3155 3270 3209 Montanistis
3317 3152 3690 3216 dissenserint,
3723 3159 3885 3222 atque

2291 3246 2714 3303 detrectaverint
2757 3263 2942 3303 eorum
2999 3248 3334 3302 societatem.
3390 3245 3531 3300 ldem
3596 3259 3724 3300 vero
3775 3259 3882 3300 non

2297 3347 2474 3408 potest
2509 3338 2579 3393 de
2627 3337 2961 3393 Montanistis
3012 3337 3140 3402 dici,
3189 3353 3310 3392 eum
3362 3338 3477 3406 ejus
3519 3337 3598 3393 rei
3653 3351 3751 3392 nec
3779 3336 3887 3393 ulla

2292 3441 2505 3486 exstent
2526 3431 2744 3501 veStigia
2767 3471 2782 3496 ,
2816 3431 2940 3500 quin
2968 3431 3142 3500 potius
3174 3431 3288 3499 ipse
3332 3427 3699 3495 Tertullianus,
3723 3429 3884 3484 etiam

2294 3521 2347 3576 in
2389 3521 2539 3576 libris
2570 3522 2635 3576 iis
2684 3537 2818 3592 quos
2852 3522 3123 3592 popularis
3152 3515 3406 3577 Ecclesia).
3431 3521 3691 3576 doctrinis
3719 3535 3888 3592 Oppoo

2298 3611 2426 3678 suit,
2464 3610 2745 3682 Psycliicos
2767 3612 2834 3665 ab
2866 3613 3130 3667 barreticis
3152 3613 3418 3667 subtiliter
3442 3613 3756 3684 distinguat;
3791 3627 3887 3669 nec

2298 3702 2367 3757 ad
2411 3703 2572 3757 ullam
2619 3719 2752 3768 rem,
2787 3705 3318 3776 quarcredendornin
3345 3721 3373 3760 a
3401 3707 3704 3761 christianis
3733 3721 3888 3776 regu-

2296 3793 2402 3849 lam
2429 3796 2777 3867 attingerent,
2807 3798 3081 3854 discordes
3110 3813 3230 3853 esse
3250 3799 3598 3854 Montanistas
3625 3809 3676 3855 et
3706 3799 3888 3856 ortho-

2295 3889 2467 3944 doxos
2505 3893 2808 3946 conlirmet.
2857 3891 2962 3947 Fac
3003 3892 3180 3962 igitur,
3227 3902 3336 3945 tum
3362 3892 3472 3960 jam
3515 3891 3888 3946 Tertullianum

2295 3985 2654 4035 secessionem
2686 3981 2878 4038 fecisse
2923 3984 2991 4038 ab
3037 3983 3458 4038 ortliodoxornm
3486 3983 3736 4051 decretis,
3766 3999 3886 4039 cum

2297 4069 2491 4125 librum
2520 4073 2915 4139 conscriberet;
2951 4077 3205 4144 potuitne,
3232 4075 3367 4130 bona
3398 4092 3517 4130 cum
3547 4092 3642 4147 spe
3684 4086 3888 4133 tentare

2298 4175 2481 4232 pacein
2511 4163 2650 4219 inter
2687 4165 3012 4221 dissidentes
3039 4165 3278 4235 captivos
3305 4167 3745 4222 restaurandani‘!
3769 4166 3887 4224 Non

2297 4253 2586 4308 admodum
2618 4264 2766 4326 puto.
2801 4257 3185 4313 Abhorruisset
3211 4260 3352 4313 enim
3384 4258 3494 4314 fere
3532 4275 3561 4314 a
3605 4270 3890 4316 consuetu-

2296 4345 2420 4401 dine
2449 4363 2638 4402 eorum
2694 4350 2832 4404 inter
2870 4352 3107 4420 captivos
3151 4352 3239 4422 qui
3281 4352 3592 4409 orthodoxa:
3637 4354 3888 4409 Ecclesiae

2295 4452 2355 4494 se
2396 4442 2571 4496 socios
2616 4441 2904 4507 dicebant,
2953 4445 3102 4514 sequi
3148 4455 3409 4516 pnecepta
3452 4445 3887 4516 hominisCujus

601 4535 747 4607 quod
785 4533 853 4590 ad
894 4530 1177 4602 erigendos
1218 4541 1510 4601 martyrum
1551 4529 1760 4583 animos
1813 4530 1945 4599 petit
1985 4545 2015 4584 a
2066 4530 2271 4595 virisl)
2297 4541 2498 4586 sectam
2551 4533 2956 4589 detestabantur
3003 4535 3391 4616 vehementius.
3445 4535 3640 4592 Contra
3692 4553 3791 4606 ea,
3839 4540 3888 4597 si

527 4695 534 4702 ,
589 4627 952 4707 clarissimis,
983 4625 1075 4696 qui
1119 4623 1260 4679 idem
1288 4622 1493 4692 experti
1537 4630 1690 4675 erant
1719 4620 1919 4686 fatum,
1949 4629 2005 4674 ut
2041 4620 2195 4675 ludos

585 4721 964 4791 intelligamus
992 4731 1108 4783 eos,
1137 4729 1272 4785 quos
1296 4713 1470 4769 editos
1495 4712 1740 4767 novimus
1786 4721 2003 4782 pr0pter
2027 4713 2195 4767 victo-

604 4815 740 4869 riam
768 4811 1022 4882 aNigro,
1067 4808 1236 4879 magis
1286 4807 1447 4862 etiam
1497 4807 1566 4861 ab
1611 4805 1793 4858 Albino
1846 4813 2190 4874 reportaiam.

605 4903 872 4960 Casterum
926 4916 1026 4971 ego
1077 4916 1182 4957 non
1239 4899 1426 4955 dubito
1487 4898 1718 4970 primum
1775 4897 1950 4952 locum
2011 4907 2194 4952 nostro

606 4996 790 5066 libello
836 4993 1106 5059 vindicare
1145 4993 1286 5048 inter
1312 5006 1407 5048 eos
1429 5033 1443 5055 ,
1476 5006 1703 5061 quorum
1732 4999 1864 5045 tetas
1891 5000 2034 5044 certa
2075 5005 2197 5059 qua-

607 5088 732 5146 dam
780 5086 986 5144 ratione
1029 5084 1286 5149 cernitur,
1333 5092 1614 5154 propterea
1667 5082 1806 5154 quod
1852 5081 2196 5138 Tertulliauus

605 5197 713 5240 non
744 5179 903 5236 modo
929 5185 1318 5234 commemorat
1361 5184 1598 5230 mutuam
1640 5177 2042 5232 candidatorum
2092 5175 2197 5231 lm-

607 5277 741 5348 perii
790 5275 1046 5329 adversus
1093 5271 1258 5342 partis
1303 5271 1586 5324 contrarize
1632 5270 2190 5339 socios'violentiain,

603 5383 764 5439 quam
805 5382 918 5422 rem
950 5364 1056 5420 dici
1089 5379 1193 5418 non
1224 5369 1395 5431 potest
1434 5362 1675 5415 extitisse
1697 5403 1712 5426 ,
1746 5362 1846 5417 nisi
1873 5363 2063 5419 eodem
2095 5379 2194 5419 an-

604 5473 678 5516 no
704 5471 810 5529 quo
850 5457 1006 5528 periit
1054 5455 1287 5519 Albinus,
1336 5453 1390 5507 h.
1419 5467 1470 5508 e.
1504 5451 1843 5519 ,ιηωιογιι
1869 5471 1883 5519 ;
1914 5455 2006 5510 sed
2034 5457 2192 5510 etiam

606 5551 938 5608 mentionem
991 5549 1160 5621 injicit
1206 5545 1590 5611 calamitatum,
1632 5559 1764 5615 quas
1787 5545 2000 5603 subiere
2023 5546 2194 5604 chris-

573 5646 774 5709 .tiani,
826 5652 1075 5712 tanquam
1116 5656 1320 5705 earum,
1373 5655 1493 5709 quae
1540 5653 1680 5694 nunc
1723 5639 1936 5708 quidem
1985 5640 2191 5696 initium

525 5807 528 5810 _
604 5730 884 5806 ceperint;
930 5733 1214 5801 exterique
1232 5722 1441 5801 omnes
1481 5729 1625 5796 libri,
1675 5731 1866 5799 quibus
1896 5731 2192 5791 scribendis

545 5811 552 5819 ’
603 5827 941 5885 occasionem
975 5826 1088 5879 haec
1129 5834 1424 5893 temporum
1462 5821 1788 5894 perturbatio
1813 5821 1987 5891 dedit,
2017 5824 2190 5882 chris-

2299 4635 2547 4696 tanquam
2576 4626 2708 4681 civis
2739 4629 2969 4697 purioris
2997 4629 3253 4684 Ecclesia:
3285 4630 3398 4686 luce
3424 4633 3707 4702 scripsisse
3749 4632 3888 4687 dici-
3953 4646 3964 4649 ‘

2299 4728 2386 4773 tur
2412 4719 2803 4785 Tertullianus;
2840 4721 2977 4776 istud
3010 4731 3156 4801 certe
3196 4723 3376 4778 odium
3420 4724 3522 4778 dici
3558 4724 3680 4779 non'
3715 4733 3891 4795 potest

2299 4810 2680 4878 impedimento
2729 4812 2910 4876 fuisse,
2963 4811 3251 4883 quominus
3299 4827 3353 4871 et
3403 4815 3738 4871 Montanista:
3783 4831 3884 4885 ea,

2297 4904 2490 4973 quibus
2544 4904 2728 4958 moniti
2783 4915 3002 4971 essent,
3055 4913 3228 4983 amice
3296 4912 3565 4981 accepturi
3642 4911 3885 4966 fuissent.

2301 4994 2412 5049 lino
2458 4996 2546 5050 vix
2601 4996 2730 5050 mihi
2780 4999 3116 5067 persuadeo,
3164 4984 3537 5055 Tertulliauum
3584 5001 3649 5056 ad
3701 5017 3886 5072 pacem

2298 5087 2620 5158 martyribus
2649 5091 3129 5146 commendandam
3159 5108 3375 5146 usurum
3405 5093 3566 5148 fuisse
3598 5093 3699 5148 hoc
3727 5108 3887 5164 argu-

2299 5188 2478 5234 mento
2499 5178 2626 5248 Cap.
2656 5178 2699 5245 l,
2750 5181 2913 5250 quod,
2962 5184 3005 5236 si
3072 5181 3184 5252 paci
3231 5199 3353 5238 cum
3406 5185 3525 5241 aliis
3568 5183 3883 5252 studerent,

2297 5283 2517 5343 possent
2567 5271 2701 5328 forte
2755 5275 3042 5345 aliquando
3095 5286 3148 5330 et
3188 5276 3308 5331 aliis
3361 5291 3544 5345 pacem
3597 5271 3919 5344 conferre;'

2297 5379 2419 5420 cum
2491 5366 2664 5420 sciant
2719 5381 2937 5432 omnes,
2991 5368 3080 5437 qui
3139 5368 3255 5438 ejus
3323 5369 3518 5425 librum
3570 5371 3636 5425 de
3688 5371 3886 5442 pudici-

2297 5460 2369 5512 tia
2417 5459 2642 5531 legeriiit
2687 5460 2767 5531 (c.
2812 5459 2942 5531 2‘2),
2999 5476 3158 5531 quam
3217 5462 3411 5519 acerbe
3449 5463 3518 5519 de
3579 5463 3683 5520 isto
3733 5479 3884 5520 more

2295 5549 2456 5605 dandi
2512 5548 2692 5622 pacis‘
2728 5552 2934 5608 libellos
3001 5552 3341 5624 judicavcrit.
3411 5555 3650 5626 Denique
3701 5569 3886 5611 exem-

2297 5643 2386 5712 plo
2426 5644 2656 5700 hominis
2698 5647 2986 5714 auctorati,
3026 5647 3168 5718 quod
3220 5657 3304 5704 est
3353 5649 3403 5702 in
3455 5657 3642 5704 nostro
3704 5649 3886 5706 libello

2295 5749 2346 5791 c.
2380 5737 2433 5791 5.
2481 5752 2584 5794 non
2631 5737 2838 5808 minus,
2885 5754 3043 5808 quam
3089 5741 3142 5794 in
3175 5741 3347 5809 primo
3374 5740 3443 5794 ad
3472 5741 3702 5796 nationes
3750 5742 3885 5799 libro

2295 5842 2344 5883 c.
2403 5828 2514 5900 l8,
2560 5845 2663 5887 non
2720 5843 2834 5902 ρει,
2888 5831 3028 5904 quod
3059 5833 3146 5889 diu
3188 5833 3569 5890 immorcmur.
3626 5834 3708 5892 Sit
3755 5849 3884 5892 sane
