4242 6266
381 325 494 383 “3

1295 323 1383 378 AC
1424 320 1767 380 DOCTRINA
1808 318 2241 379 SCRIPTORUM
2279 322 2763 380 TERTULLIANI.

3584 335 3688 393 IN

387 437 585 494 librum
637 444 874 492 nostrum
926 435 1275 492 recentiorem
1327 451 1447 492 esse
1491 438 1614 500 illo,
1669 436 1790 506 quis
1843 434 1983 490 dicet
2012 437 2064 496 Α
2091 436 2302 491 seruira
2333 434 2594 491 l’llistoire
2611 435 3101 510 Ecclésiustiquedes
3130 456 3210 495 sia
3231 443 3682 513 premierssieeles,

391 547 456 588 ca
515 531 580 586 de
621 546 809 585 caussa
869 540 1110 586 nostrum
1185 546 1303 586 esse
1371 530 1711 584 Montanismi
1765 543 1984 598 suSpec-

393 633 528 690 tum,
561 623 659 679 nisi
685 623 794 694 jam
822 635 970 678 certo
999 633 1205 678 constet
1235 623 1309 690 id,
1339 623 1482 694 quod
1509 622 1755 677 falsitatis
1798 631 1983 691 postea

385 717 797 781 convincamus,
849 716 1015 770 libros
1041 716 1106 768 ad
1135 716 1360 769 nationes
1389 715 1554 770 fuisse
1591 729 1620 768 a
1665 711 1983 766 Tertulliano
2023 758 2032 767 .

388 807 660 864 confectos
687 849 700 869 ,
733 819 1012 879 postquam
1042 824 1161 863 cum
1193 808 1530 862 Montanistis
1561 807 1980 862 familiaritatem

388 901 766 956 contraxerat?
796 901 1058 956 Prii-terea
1087 902 1129 954 si
1161 900 1508 967 Ifo/l'nmnnus
1549 900 1647 954 sibi
1675 901 1837 954 licere
1883 913 1981 969 pn-

386 994 536 1055 tavit,
586 1003 645 1047 ut
699 1003 940 1048 nostrum
995 994 1232 1049 libellum
1287 993 1636 1062 posteriorem
1691 1007 1811 1045 esse
1868 991 1982 1045 istis

385 1082 532 1137 libris
556 1083 795 1149 diceret;
841 1085 996 1139 nobis
1043 1085 1293 1155 parijnre
1317 1084 1472 1148 licet,
1518 1083 1614 1138 hos
1660 1083 1980 1151 posteriores

381 1177 686 1232 existimare
715 1186 936 1239 nostro;
967 1177 1127 1246 idque
1152 1192 1218 1232 eo
1248 1177 1415 1246 magis
1438 1217 1453 1240 ,
1482 1189 1591 1243 quo
1615 1175 1814 1229 certius
1857 1183 1942 1230 est
1963 1215 1978 1239 ,

381 1271 522 1326 hunc
547 1272 648 1326 Sub
687 1272 985 1326 vexationis
1017 1271 1227 1326 initium
1253 1313 1266 1338 ,
1299 1271 1416 1325 illos
1439 1271 1491 1325 in
1518 1271 1636 1340 ipso
1667 1269 1819 1339 quasi
1854 1283 1976 1338 pcr-

382 1363 703 1418 turbationis
729 1372 862 1418 testu
886 1364 1170 1434 prodiisse.

380 1499 408 1571 §
454 1502 543 1557 li.
600 1531 675 1543 —
728 1501 877 1584 Liber
925 1502 986 1554 de
1031 1501 1342 1570 Spectaculis
1391 1500 1451 1552 Α.
1499 1497 1812 1555 CXCVIII.
1847 1516 1973 1554 con-

451 1594 691 1661 scriptus.
737 1589 1110 1645 ’Dubitutiones
1155 1589 1466 1645 Tillemontii
1491 1632 1508 1657 ,
1567 1590 1873 1658 Holfmanni
1928 1599 1974 1645 et

451 1681 671 1752 Dupinii
689 1682 970 1735 solvuntur.

2091 526 2327 582 tom.Ill.
2357 529 2486 583 edit.
2516 529 2868 586 Paris.I70I.
2903 531 3064 587 in-P.
3118 547 3172 602 p.
3218 533 3390 604 210.).
3436 535 3543 592 Sed
3598 537 3686 594 isti

2088 621 2346 690 opinioni,
2367 637 2473 692 quo
2493 624 2670 678 minus
2685 623 2946 678 calculum
2970 623 3302 694 adjiciamus,
3333 627 3555 699 impedit
3575 631 3684 701 pri-

2087 729 2232 768 mum
2263 715 2382 776 hoc,
2414 715 2556 784 quod
2585 714 2936 770 Tertullianus
2961 718 3217 787 praesides
3243 718 3386 775 dicat
3431 731 3682 780 auctores

2087 805 2447 859 calamitatum
2484 807 2535 860 in
2563 806 2905 872 christianos,
2933 817 2989 862 ut
3014 807 3315 866 abhorrens
3345 810 3591 870 videatur
3614 815 3683 870 ab

2086 897 2185 952 ista
2211 900 2461 953 cautione
2491 915 2554 952 ac
2575 899 2753 955 studio
2781 899 3096 955 Tertulliani
3118 903 3428 958 removendi
3455 919 3485 958 a
3503 905 3676 962 chris-

2086 990 2242 1043 tianis
2266 1004 2480 1045 onmem
2507 990 2868 1060 suspicionem
2905 991 3161 1061 neglecta!
3183 992 3400 1062 pietatis
3419 993 3678 1051 adversus

2086 1083 2487 1153 Imperatorem.
2531 1083 2712 1152 Itaque
2741 1083 2838 1137 bac
2882 1087 2994 1152 ipsa
3021 1084 3271 1139 cautione
3319 1085 3451 1141 alias
3475 1085 3683 1142 Tertul-

2083 1175 2222 1230 liano
2242 1176 2412 1231 ubivis
2438 1175 2697 1239 adhibita,
2721 1191 2880 1246 quam
2905 1176 2991 1231 hic
3012 1177 3201 1232 abesse
3224 1177 3489 1244 videmus,
3507 1179 3678 1235 addu-

2081 1269 2320 1322 cimuriu
2349 1283 2469 1322 eam
2499 1271 2818 1322 sententiam
2848 1277 2903 1322 ut
2952 1268 3258 1335 credamus,
3289 1279 3528 1340 tempore
3548 1269 3677 1326 editi

2083 1361 2242 1428 hujus
2270 1361 2435 1416 libelli
2465 1361 2699 1416 nondum
2727 1361 3120 1417 sceleris'istius
3141 1361 3396 1416 adversus
3418 1363 3670 1419 christia-

2085 1469 2182 1507 nos
2216 1447 2530 1523 participem
2561 1451 2724 1509 fuisse
2755 1453 3017 1518 Severum,
3051 1453 3224 1523 qualis
3254 1463 3435 1509 tamen
3468 1453 3565 1508 fuit
3604 1454 3670 1510 Α.

2079 1545 2253 1601 CCIV.
2307 1561 2429 1600 cum
2477 1545 2585 1600 ludi
2616 1546 2700 1598 isti
2750 1546 3039 1601 saeculares
3083 1547 3390 1601 ederentur.
3459 1544 3662 1602 Deinde

2080 1637 2384 1692 efticeretur
2437 1637 2550 1706 ipsa
2597 1636 2698 1690 hac
2726 1635 3161 1691 dissentientium
3189 1635 3445 1706 opinione
3470 1678 3485 1699 .
3527 1636 3670 1693 hunc

2079 1730 2274 1784 librum
2303 1730 2558 1798 scriptum
2581 1743 2701 1784 esse
2729 1745 2760 1784 a
2789 1728 3112 1783 Tcrtulliano
3133 1769 3148 1794 ,
3201 1743 3322 1784 eum
3370 1729 3673 1784 transiisset

443 1793 647 1850 Eadem
682 1802 1016 1892 'en‘Pf’smct
1048 1793 1271 1892 dubium
1295 1809 1400 1892 "9"
1423 1804 1526 1892 θδίξ
1545 1794 1974 1892 (ιυίημΤενωίίίίμ
2007 1795 2053 1854 Β
2081 1821 2147 1876 ad
2191 1829 2368 1892 partes
2411 1793 2848 1874 hlontauistarum
2879 1836 2893 1883 ;
2933 1820 3074 1889 quod
3121 1819 3278 1889 longe
3298 1834 3456 1875 secus
3478 1829 3582 1884 est,
3611 1829 3667 1874 ut

373 1909 466 1945 nus
493 1891 684 1946 librum
708 1891 771 1944 de
797 1890 1119 1961 Spectaculis
1153 1890 1403 1946 ediderit.
1449 1889 1530 1944 Ad
1559 1890 1702 1956 quod
1729 1891 1972 1944 eflicien-

371 1985 495 2040 dum
529 1984 630 2039 nisi
663 1993 938 2037 uteremur
959 1983 1068 2036 alio
1094 1992 1434 2052 argumento,
1471 1998 1638 2050 quam
1673 1981 1773 2036 hoc
1794 2024 1807 2042 ,
1831 1981 1974 2051 quod

376 2077 526 2131 illum
590 2074 784 2130 librum
817 2075 1126 2129 excitaverit
1161 2074 1211 2126 in
1255 2087 1322 2127 eo
1372 2089 1528 2143 quem
1583 2074 1646 2126 de
1679 2074 1975 2128 idololatria

375 2167 590 2238 scripsit
646 2181 766 2236 cap.
821 2167 908 2229 l5,
952 2165 1205 2234 perfacile
1247 2175 1390 2220 esset
1436 2164 1772 2233 intelligere,
1834 2164 1974 2220 hunc

377 2269 436 2314 ut
485 2259 754 2314 minimum
809 2260 873 2312 A.
921 2256 1194 2311 CXCVIII.
1248 2255 1349 2312 luci
1409 2256 1633 2326 publica:
1673 2257 1973 2326 expositum

375 2351 578 2417 fuisse,
629 2367 749 2406 cum
829 2349 1176 2404 Tertullianus
1253 2347 1400 2401 illum
1447 2347 1634 2402 eodem
1686 2346 1798 2401 fere
1831 2361 1974 2402 anno

369 2459 490 2498 cum
535 2442 848 2498 christianis
894 2441 1395 2495 conmtunicaverit.
1439 2439 1546 2495 Sed
1598 2438 1755 2494 docet
1794 2440 1970 2508 ipsum

370 2536 485 2605 ejus
519 2537 571 2590 in
606 2537 714 2590 Iioc
752 2535 888 2589 libro
934 2533 1322 2589 conscribendo
1374 2533 1654 2587 consilium
1693 2529 1970 2586 everti-udi

370 2631 523 2685 istam
564 2629 907 2700 opinionem,
945 2627 1084 2697 quod
1120 2628 1432 2682 cliristianis
1474 2628 1660 2681 liceret
1708 2625 1970 2680 interesse

369 2722 739 2793 Spectaculis,
797 2722 1033 2775 maxime
1080 2728 1188 2774 tum
1237 2720 1378 2774 edita
1419 2719 1736 2788 Spectacula
1779 2719 1966 2783 fuisse,

369 2833 489 2886 qua:
515 2825 829 2884 contempta
859 2832 886 2868 a
917 2813 1225 2869 cltristianis
1271 2822 1523 2884 tanquam
1557 2814 1788 2881 expedito
1819 2813 1968 2866 morti

365 2926 564 2980 genere,
609 2909 838 2963 Deorum
876 2908 1110 2962 cultores
1147 2906 1396 2962 dicebant
1441 2907 1543 2976 (de
1588 2906 1761 2976 Spect.
1808 2923 1856 2959 c.
1891 2905 1964 2978 I).

366 3003 494 3070 ane
534 3002 752 3071 quidem
790 3000 943 3054 valde
987 2999 1206 3066 dubito,
1269 3015 1336 3052 an
1379 2999 1446 3054 de
1486 2999 1604 3054 aliis
1662 2998 1778 3067 capi
1825 2999 1964 3066 Spe-

365 3093 590 3150 ctaculis
639 3092 864 3164 passim,
909 3107 1067 3161 quam
1109 3090 1177 3145 de
1223 3089 1323 3150 iis.
1369 3106 1490 3162 qua:
1541 3100 1757 3158 propter
1789 3087 1962 3145 Severi

366 3188 595 3243 reditum
661 3187 1046 3256 victoriamque
1102 3185 1171 3240 ab
1212 3186 1396 3240 Albino
1445 3196 1764 3255 reportatam
1793 3227 1807 3250 ,
1857 3201 1962 3240 non

367 3282 555 3336 Roma:
619 3281 815 3347 solum,
865 3279 958 3335 sed
1007 3295 1100 3350 per
1153 3277 1454 3350 provincias
1505 3281 1664 3335 etiam
1716 3279 1859 3350 (coll.
1911 3292 1962 3334 c.

372 3374 460 3443 7.)
513 3372 654 3428 edita
700 3389 820 3428 esse
872 3373 1151 3442 leguntur;
1208 3375 1383 3444 qualia
1425 3374 1526 3427 isto
1593 3382 1835 3442 tempore
1865 3371 1962 3425 lia-

369 3467 462 3520 bet
508 3465 817 3536 Spartianus
866 3466 916 3520 in
958 3467 1158 3523 Severo
1217 3481 1267 3522 c.
1323 3466 1412 3522 14.
1472 3465 1712 3535 Namque
1760 3465 1803 3519 si
1842 3464 1966 3519 Ter-

369 3559 645 3612 tullianum
695 3557 849 3613 ludos
894 3573 1319 3616 commemorare
1344 3558 1587 3614 videmus
1627 3560 1714 3627 (c.
1745 3557 1869 3629 16.)
1901 3558 1964 3614 de

366 3650 624 3705 natalibus
645 3660 692 3706 et
714 3650 1020 3705 solemnibus
1037 3668 1209 3723 regum
1221 3661 1265 3704 et
1287 3651 1501 3722 publicis
1518 3651 1960 3721 prosperitatibus,

361 3759 592 3814 eumque
617 3744 824 3810 dicere,
859 3745 1034 3799 nullos
1051 3761 1078 3797 a
1107 3745 1251 3798 cultu
1281 3745 1508 3799 Deorum
1536 3746 1801 3798 innnnncs
1817 3759 1958 3811 esse,

362 3835 456 3888 sub
481 3852 798 3904 quocumque
825 3836 1028 3889 demum
1057 3837 1258 3890 nomine
1281 3849 1326 3889 et
1358 3836 1505 3889 titulo
1537 3837 1806 3890 ederentur
1830 3851 1848 3899 ;
1909 3835 1960 3890 id

363 3943 560 3997 nempe
616 3929 759 3999 quod
815 3928 1046 3984 diximus
1077 3932 1448 4000 suspicamur.
1501 3922 1733 3985 maxime
1762 3929 1960 3984 inducti

363 4033 430 4074 eo
481 4018 621 4090 quod
647 4020 893 4090 praesides
919 4020 1062 4076 dicat
1090 4021 1159 4091 (c.
1195 4021 1310 4090 ⁸50.)
1333 4031 1676 4091 persecutores
1715 4021 1962 4076 dominici

367 4112 606 4173 nominis.
635 4112 951 4178 saevioribus,
978 4130 1128 4183 quant
1156 4115 1253 4184 ipsi
1294 4126 1474 4168 contra
1503 4115 1809 4169 christianos
1857 4128 1959 4167 sw-

366 4202 566 4269 uierint,
593 4203 817 4272 ﬂammis
846 4205 1207 4258 insultantibus
1231 4206 1352 4260 olim
1380 4206 1745 4276 liquescentes;
1781 4205 1960 4260 etalio

367 4294 597 4364 quodam
626 4295 746 4350 loco
797 4295 866 4366 (c.
899 4295 1018 4368 26.)
1058 4297 1196 4367 quod
1241 4299 1293 4352 in
1333 4299 1636 4354 christianos
1677 4299 1962 4369 quotidiani

367 4388 538 4443 leones
586 4391 1001 4458 expostulentur,
1063 4409 1122 4446 ac
1172 4394 1510 4448 decernuntur
1565 4397 1956 4465 persecutiones.

2081 1927 2204 1966 mox
2238 1910 2524 1974 videbitur,
2554 1924 2616 1963 ac
2646 1908 2956 1977 repudiatur
2982 1909 3050 1962 ab
3078 1909 3207 1978 ipsis
3237 1909 3321 1963 his
3372 1910 3462 1978 qui
3515 1922 3669 1964 secus

2078 2004 2406 2060 existimant.
2448 2003 2629 2071 Neque
2657 2017 2786 2057 vero
2806 2002 3085 2067 aliorsum,
3108 2017 3267 2071 quam
3290 2000 3404 2057 fere
3423 2001 3488 2056 ad
3513 2001 3670 2072 hujus

2077 2095 2202 2150 anni
2234 2093 2503 2150 CXCVIII.
2529 2093 2738 2149 initium
2769 2134 2784 2157 ,
2841 2091 2982 2146 hunc
3008 2092 3202 2146 librum
3235 2090 3422 2146 referri
3446 2107 3542 2162 par
3565 2102 3668 2157 est,

2079 2189 2331 2257 quoniam
2361 2196 2487 2242 ante
2510 2186 2706 2242 Maium
2736 2186 2860 2240 anni
2903 2185 3281 2256 praecedentis,
3298 2185 3385 2240 vix
3410 2185 3666 2241 credibile

2078 2288 2194 2341 est,
2251 2277 2499 2332 Severum
2556 2275 2778 2330 Romam
2826 2275 3073 2340 rediisse,
3103 2291 3224 2331 cum
3249 2275 3354 2330 sint
3377 2283 3502 2348 post
3541 2291 3670 2348 pug-

2077 2385 2200 2424 nam
2228 2368 2636 2438 Lugdunensem
2672 2367 2721 2440 (§
2748 2369 2858 2438 I0.)
2887 2369 3050 2424 multa
3081 2369 3257 2424 adhuc
3289 2368 3357 2422 ab
3385 2369 3500 2439 ipso
3519 2385 3667 2426 com-

2077 2461 2252 2530 posita
2280 2460 2422 2528 (Vid.
2448 2458 2732 2514 Herodiani
2760 2459 2920 2525 Hist.,
2967 2458 3120 2518 1.·111.
3144 2459 3666 2539 c.8.ed.Boccleri):

2076 2553 2216 2608 unde
2247 2553 2327 2620 Iit,
2353 2561 2412 2609 ut
2439 2568 2539 2608 nec
2568 2554 2779 2608 libellus
2803 2556 2871 2608 ad
2901 2565 3150 2623 martyres
3179 2596 3194 2621 ,
3221 2554 3311 2624 qui
3355 2563 3540 2610 nostro
3588 2568 3664 2610 est

2073 2645 2340 2714 superior,
2370 2645 2470 2700 nisi
2498 2645 2565 2699 ad
2590 2645 2730 2700 illius
2747 2639 2874 2701 anni
2899 2645 3080 2712 linem,
3105 2647 3334 2716 scriptus
3357 2646 3658 2716 possitdici.

2074 2736 2167 2792 Cui
2195 2738 2238 2792 si
2263 2737 2525 2792 addamus
2553 2737 2625 2799 id,
2656 2738 2797 2808 quod
2823 2753 2923 2793 suo
2951 2739 3072 2794 loco
3100 2737 3435 2801 docebimus,
3468 2738 3662 2796 librum

2076 2829 2138 2883 de
2166 2827 2479 2884 ldololatria
2530 2830 2882 2900 posteriorem
2919 2843 3040 2884 esse
3061 2844 3126 2886 eo
3153 2829 3214 2883 de
3241 2829 3584 2900 Spectaculis,
3613 2842 3661 2886 et

2071 2920 2260 2976 eodem
2291 2935 2433 2975 anno
2453 2921 2807 2989 compositum
2834 2938 2848 2985 ;
2879 2921 2996 2976 h.cc
3027 2932 3206 2976 nostra
3239 2921 3307 2976 de
3333 2933 3491 2976 aitate
3546 2922 3666 2977 libri

2070 3012 2136 3066 de
2166 3012 2490 3078 Spectaculis
2517 3014 2782 3066 sententia
2817 3012 2939 3066 inde
2963 3012 3270 3066 necessario
3314 3013 3658 3083 intelligetur.

2077 3107 2245 3173 Atque
2273 3104 2386 3158 lucc
2413 3104 2599 3158 eadem
2628 3104 2744 3158 libri
2778 3114 2908 3159 aetas
2954 3106 3286 3159 demonstrat
3331 3105 3462 3159 satis
3487 3147 3502 3170 ,
3555 3121 3660 3160 non

2072 3210 2230 3265 posse
2251 3209 2372 3250 eum
2402 3193 2587 3248 haberi
2613 3197 2662 3247 in
2714 3211 2939 3248 numero
2977 3211 3162 3250 eorum
3184 3237 3200 3260 ,
3248 3211 3384 3264 quos
3420 3196 3664 3252 addictus

2069 3299 2232 3342 sectae
2263 3285 2705 3341 Montanistarum
2738 3285 3082 3340 Tertullianus
3124 3288 3485 3358 conscripsit;
3539 3289 3662 3346 huic

2068 3379 2211 3434 enim
2236 3377 2546 3447 adjunxisse
2574 3391 2634 3432 se
2658 3392 2779 3432 eum
2807 3379 2868 3431 Α.
2891 3378 2948 3431 Ρ.
2968 3378 3031 3432 C.
3051 3376 3112 3431 N.
3134 3375 3238 3433 CC.
3254 3393 3413 3449 supra
3426 3371 3662 3449 disputa-

2069 3469 2244 3523 vimus
2269 3484 2283 3533 ;
2311 3483 2489 3533 neque
2519 3466 2623 3522 ulla
2649 3477 2733 3522 est
2761 3468 2858 3537 ipsi
2886 3467 3026 3523 libro
3049 3469 3307 3538 impressa
3332 3478 3454 3524 nota
3474 3471 3660 3526 imbuti

2067 3559 2506 3616 Montanistarum
2537 3559 2811 3614 erroribus
2833 3559 3020 3614 animi.
3065 3562 3128 3616 At
3159 3560 3244 3615 hic
3279 3569 3454 3617 tamen
3502 3562 3658 3619 libel-

2069 3652 2152 3706 lus
2180 3651 2318 3706 libro
2343 3651 2406 3705 de
2429 3649 2629 3706 Corona
2662 3652 2927 3722 posu‘rior
2954 3660 3056 3717 est,
3090 3667 3246 3724 quem
3270 3669 3429 3709 nemo
3456 3653 3658 3710 Monta.

2067 3743 2229 3799 nismi
2259 3744 2408 3814 signa
2457 3743 2655 3799 habere
2707 3753 2885 3816 negat.
2927 3743 3005 3799 Ita
3056 3745 3168 3800 fere
3209 3744 3556 3812 Hoﬂ'mannus
3602 3748 3656 3803 in

2065 3837 2199 3896 diss.
2259 3837 2402 3892 laud.
2451 3836 2479 3909 ᾗ
2506 3837 2561 3892 7.
2591 3853 2605 3901 ;
2672 3852 2702 3891 a
2732 3853 2838 3908 quo
2876 3837 2922 3893 si
2952 3839 3216 3894 rationem
3237 3839 3358 3908 ejus
3380 3841 3453 3894 rei
3478 3848 3659 3910 postu-

2065 3931 2164 3994 las,
2193 3939 2435 3986 nostrum
2471 3930 2735 4000 prodiisse
2759 3930 2956 3986 librum
2990 3930 3298 4002 re5pondet,
3335 3949 3354 3984 ι
3389 3947 3512 3987 cum
3557 3947 3656 4002 pax

2066 4021 2324 4078 Ecclesia:
2354 4036 2460 4077 non
2490 4021 2706 4091 quidem
2729 4022 2913 4078 Severi
2942 4022 3153 4085 edictis,
3195 4021 3288 4077 sed
3330 4022 3658 4078 clamoribus

2067 4115 2248 4186 populi
2289 4124 2348 4171 et
2390 4115 2685 4171 Praesidium
2728 4115 3297 4170 attctoritale"sublata
3323 4124 3486 4170 esset.
3515 4133 3535 4169 ι
3588 4115 3658 4170 At

2065 4208 2256 4264 eodem
2285 4207 2373 4262 illo
2401 4216 2718 4279 argumento
2742 4206 3022 4271 adductus,
3052 4222 3176 4261 cum
3207 4206 3444 4261 animum
3473 4205 3661 4278 appel-

2065 4300 2197 4355 leret
2225 4299 2291 4354 ad
2316 4299 2657 4355 scribendum
2682 4298 2875 4353 librum
2906 4298 2973 4354 de
3002 4297 3356 4370 Spectaculis,
3389 4297 3662 4354 Tertullia-

2065 4407 2187 4444 num
2205 4391 2358 4460 plane
2376 4391 2630 4446 existimo
2645 4390 2960 4444 orthodoxa:
2981 4390 3195 4444 familiae
3212 4389 3450 4446 sodalem
3468 4389 3655 4445 fuisse.

372 4477 535 4550 Igitur
553 4481 664 4550 jam
693 4491 804 4537 tum
835 4483 1098 4540 Praesides
1127 4485 1396 4540 vexabant
1437 4486 1637 4542 Christi
1678 4487 1956 4554 cultores;
1984 4499 2038 4559 D
2068 4482 2305 4552 Namque
2351 4484 2456 4537 vim
2507 4482 2808 4553 argumenti
2851 4483 3105 4537 contrarii
3147 4483 3450 4537 universam
3498 4482 3552 4536 in
3593 4495 3660 4536 eo

372 4571 563 4641 quibus
579 4575 920 4644 pertinaciam
944 4576 998 4630 in
1019 4576 1308 4646 rejicieuda
1321 4577 1758 4647 Spectaculorum
1773 4578 1961 4649 volup-

373 4669 480 4717 tate
499 4663 655 4733 objici
697 4680 796 4721 usu
849 4678 1068 4723 venerat
1102 4667 1122 4738 (
1147 4683 1197 4724 c.
1232 4669 1284 4724 I.
1311 4670 1349 4737 ).
1393 4668 1682 4725 Enimvero
1727 4669 1960 4726 diximus

369 4751 496 4825 ετ.
545 4758 595 4812 in
625 4760 832 4814 caussis
903 4761 1136 4816 violandi
1216 4762 1537 4818 christianos
1601 4779 1720 4820 eam
1797 4764 1962 4821 fuisse

369 4845 629 4913 habitam,
659 4851 800 4920 quod
832 4851 884 4906 lii
907 4853 1008 4908 sibi
1036 4853 1280 4925 religioni
1353 4854 1611 4911 ducerent
1671 4856 1855 4910 venire
1892 4856 1961 4911 ad

367 4936 545 5001 Indos,
572 4940 847 5011 ipsamque
875 4943 1014 4999 hanc
1033 4946 1290 5000 Stevitiam
1321 4945 1580 5001 adversus
1599 4959 1694 5000 eos
1733 4946 1842 5015 jam
1892 4949 1958 5002 Α.

368 5025 622 5084 CXCVII.
653 5032 927 5088 extitisse:
971 5049 1129 5103 quam
1160 5035 1232 5089 ob
1268 5050 1380 5091 rem
1428 5035 1751 5090 ullum'lore
1802 5035 1960 5091 dubi-

372 5129 564 5186 tamus,
596 5122 688 5193 qui
717 5123 824 5178 alio
851 5141 1008 5194 quam
1036 5125 1138 5182 hoc
1165 5136 1256 5182 aut
1278 5128 1523 5198 sequenti
1541 5142 1682 5181 anno
1705 5128 1962 5197 scriptum

372 5225 492 5266 esse
515 5210 584 5267 de
616 5211 947 5282 Spectaculis
988 5216 1182 5273 librum
1226 5218 1452 5288 judicet.
1495 5219 1671 5289 Atque
1711 5233 1810 5290 ego
1853 5235 1962 5276 non

373 5301 562 5372 ignoro
607 5306 807 5360 multos
859 5305 1024 5364 fuisse
1057 5312 1108 5365 in
1135 5323 1198 5365 ea
1229 5311 1505 5380 opinione,
1549 5311 1699 5380 quasi
1747 5310 1956 5365 Tertul-

370 5396 540 5454 lianus
569 5409 754 5455 nostro
781 5401 832 5456 in
861 5402 1039 5458 libello
1061 5405 1388 5473 respexisset
1406 5403 1580 5473 potius
1600 5403 1757 5460 ludos
1781 5419 1955 5460 saecu-

371 5490 533 5556 lares,
557 5508 786 5563 quorum
827 5496 1142 5552 memoriam
1170 5506 1246 5551 tot
1277 5497 1509 5551 nummis
1539 5498 1786 5553 novimus
1811 5497 1962 5552 cele-

371 5581 580 5638 bratam
606 5623 621 5648 ,
652 5597 708 5640 et
738 5585 851 5656 ipse
894 5586 962 5642 ad
993 5587 1132 5644 hanc
1158 5590 1477 5645 sententiam
1503 5588 1779 5644 inclinavit
1801 5587 1962 5645 Tille—

377 5675 638 5743 montius,
679 5680 1138 5748 accuratissimus,
1185 5680 1289 5736 sia
1333 5682 1544 5738 ratione
1585 5681 1964 5754 chronologica

377 5764 691 5829 discesseris
715 5812 732 5842 ,
775 5771 967 5833 harum
997 5789 1179 5834 rerum
1208 5774 1475 5848 interpres
1508 5774 1804 5847 (Memoim
1836 5795 1965 5849 poor

2065 4589 2185 4629 esse
2253 4573 2408 4628 video
2479 4573 2621 4644 quod
2674 4574 2724 4627 in
2775 4574 2878 4627 isto
2961 4570 3098 4627 libro
3144 4571 3208 4624 de
3252 4570 3474 4633 Corona,
3526 4567 3653 4622 c.I.

2066 4662 2415 4718 Tertulliauus
2471 4662 3032 4732 bonam-longamque
3098 4675 3284 4730 pacem
3344 4657 3654 4716 cbristianis

2067 4754 2243 4808 adhuc
2267 4755 2432 4809 fuisse
2454 4754 2594 4808 dicat
2620 4769 2634 4817 ;
2658 4753 2743 4809 cui
2771 4751 2894 4820 quid
2921 4749 3351 4820 respondendum
3369 4749 3658 4821 sit,postea

2067 4844 2280 4900 dabitur
2305 4845 2637 4900 commodior
2658 4842 2868 4897 dicendi
2892 4841 3060 4894 locus.
3094 4840 3197 4895 Sed
3225 4840 3362 4897 istud
3385 4859 3412 4894 a
3432 4844 3660 4898 veritate

2067 4936 2301 4989 alienum
2353 4943 2434 4987 est
2461 4975 2477 4998 ,
2532 4933 2675 5002 quod
2725 4933 2786 4985 de
2825 4931 3143 5000 Spectaculis
3167 4932 3302 4988 liber
3329 4935 3562 5006 scriptus
3589 4936 3663 4990 sit

2066 5034 2189 5096 post
2233 5025 2424 5080 librum
2472 5024 2534 5078 de
2565 5023 2809 5086 Corona;
2857 5022 3010 5092 cujus
3064 5025 3140 5080 rei
3187 5033 3377 5082 testem
3401 5026 3662 5080 trahemus

2065 5117 2240 5188 ipsum
2274 5115 2640 5171 Tertullianum
2671 5116 2826 5184 plane
2854 5115 3204 5182 contrarium,
3234 5118 3324 5186 qui
3353 5116 3408 5172 in
3449 5117 3553 5171 isto
3599 5116 3664 5169 de

2069 5209 2268 5265 Corona
2292 5210 2471 5265 libello
2497 5224 2619 5279 cap.
2650 5207 2704 5264 6.
2742 5209 2857 5264 huic
2899 5208 3124 5264 materia:
3145 5248 3162 5274 ,
3196 5208 3403 5278 inquit,
3454 5215 3664 5276 propter

2066 5303 2380 5359 suaviludios
2407 5310 2624 5368 nostros,
2650 5315 2816 5372 grch
2857 5314 3053 5370 quoque
3091 5297 3224 5368 stylo
3274 5296 3659 5364 satisfecimus;

2066 5393 2336 5462 loquimur
2388 5400 2566 5446 autern
2605 5390 2674 5446 de
2705 5390 3078 5459 Spectaculis,
3132 5401 3252 5456 qua:
3305 5385 3464 5442 ducta
3513 5394 3665 5458 putat

2067 5497 2100 5538 e
2120 5481 2316 5537 diaboli
2347 5481 2648 5552 disciplina.
2680 5481 2748 5535 Et
2777 5481 2880 5536 hoc
2908 5480 3081 5548 ipsum
3113 5477 3218 5546 jam
3239 5475 3487 5532 Allixium
3508 5492 3664 5533 com-

2067 5574 2255 5638 movit,
2297 5581 2354 5628 ut
2386 5583 2626 5629 n05trum
2658 5572 2722 5626 de
2743 5569 3063 5640 Spectaculis
3083 5567 3278 5624 librum
3305 5569 3661 5640 antiquiorem

2068 5679 2135 5720 eo
2160 5677 2282 5720 esse
2310 5663 2656 5727 decerneret;
2685 5662 2839 5732 cujus
2862 5661 3161 5732 argumenti
3188 5659 3291 5715 vim
3313 5658 3668 5728 llo/[marinus

2069 5761 2180 5814 vult
2206 5756 2474 5829 frangere,
2504 5756 2643 5830 quod
2675 5756 2742 5814 de
2770 5771 2946 5828 στλεςο
2971 5753 3155 5813 libello
3193 5768 3502 5816 sermonem
3541 5768 3669 5814 esse
