4242 6266
593 334 699 392 illi
1629 325 2081 391 DISSEBTATIO
2117 324 2210 386 DE
2245 323 2432 385 VERA
2471 319 2727 386 ETATE
3402 319 3408 321 ⁷
3781 330 3888 392 116

600 449 942 522 pronunciat,
977 454 1260 521 negatque,
1286 444 1425 502 idem
1450 445 1517 503 tle
1537 445 1702 502 latino
1723 454 1941 517 propter
1955 441 2190 498 rationes
2218 445 2269 505 Α
2297 441 2462 514 (quod
2491 451 2670 499 tamen
2696 441 2896 503 factum
2921 447 3144 514 apparet
3169 456 3238 500 ex
3263 444 3411 501 omni
3437 441 3743 503 Tertulliani
3764 463 3884 508 ser.

594 552 626 598 a
655 558 712 600 se
739 543 997 599 adductas
1023 539 1364 598 sentiendum
1389 555 1528 596 esse.
1570 540 1746 610 Atque
1770 554 1871 609 ego
1905 552 2011 594 non
2056 536 2182 592 inl‘t-
2287 537 2500 609 mone);
2529 547 2788 608 provocat
2815 549 2962 594 certe
2991 536 3340 595 Tertullianus
3355 538 3420 593 ad
3450 554 3604 596 suum
3633 541 3695 594 de
3726 541 3888 612 Spec-

599 637 735 702 cier,
768 635 1144 690 Tertullinus»:
1171 618 1240 690 de
1266 647 1334 689 eo
1357 633 1496 688 libro
1519 632 1687 688 fuisse
1708 631 1984 697 locutum,
2025 642 2185 698 quem
2286 630 2468 687 mulis
2511 630 2746 696 librum,
2796 646 2955 702 quem
2987 631 3220 687 diximus
3259 631 3479 687 demum
3505 633 3571 688 Α.
3601 632 3880 692 CXCVIII.

593 728 665 784 de
682 726 1014 798 Spectaculis
1041 725 1172 780 olim
1195 739 1370 796 graec
1392 724 1787 796 composuisset
1813 739 1830 790 ;
1879 720 1974 779 sed
2014 733 2186 791 neque
2285 723 2547 794 scriptum
2577 721 2762 779 luisse.
2791 721 2978 792 Neque
2998 737 3127 778 vero
3148 723 3268 793 quis
3287 723 3448 779 debet
3479 723 3687 781 hmrere
3715 727 3767 781 in
3794 744 3883 797 eo,

592 819 727 875 illud
768 826 948 890 potest
993 831 1116 874 esse
1169 816 1480 883 obscurum,
1538 825 1665 873 ante
1707 816 1865 871 istum
1924 827 2180 885 grmeum,
2284 813 2429 886 quod
2455 829 2560 871 non
2589 813 2658 871 de
2690 829 2870 886 graeco
2898 815 3056 885 hujus
3083 816 3380 887 argumenti
3403 817 3558 886 libro,
3588 817 3684 876 sed
3712 819 3780 876 de
3807 821 3886 876 la-

593 912 758 968 Iatine
783 911 947 967 etiam
972 924 1097 966 cum
1122 917 1544 966 commentatum
1569 922 1691 964 esse
1720 907 1787 962 de
1811 905 2005 962 eodem
2028 919 2185 974 argu-
2287 909 2400 964 tino
2430 909 2714 980 loquatur;
2743 925 2868 966 nam
2917 920 3158 966 nostrum
3187 909 3424 966 libellum
3451 925 3573 966 cum
3613 913 3890 982 scripserit

592 1012 798 1060 mento.
839 1003 1029 1059 Nonne
1075 1003 1217 1058 enim
1268 1003 1314 1058 is
1340 1043 1355 1069 ,
1411 1003 1502 1073 qui
1543 1001 1612 1058 de
1660 999 1990 1071 Spectaculis
2011 1012 2184 1068 graec
2286 1001 2483 1068 latine,
2514 1000 2657 1056 haud
2709 1001 2894 1058 dubito
2933 1002 3083 1074 quin,
3113 1002 3156 1057 si
3187 1017 3422 1072 graecum
3451 1002 3518 1058 de
3547 1002 3888 1073 Spectaculis

593 1113 791 1168 quoque
819 1111 880 1152 se
904 1096 1106 1152 dixisse
1133 1095 1350 1160 fatetur,
1381 1094 1522 1150 idem
1555 1093 1658 1150 hoc
1686 1092 1920 1149 voluisse
1959 1087 2185 1149 censeas
2285 1094 2480 1150 librum
2505 1094 2763 1150 voluisset
2795 1094 3083 1161 denotare,
3124 1095 3274 1151 illum
3297 1094 3676 1166 designaturus
3704 1097 3886 1168 adjec-

593 1190 694 1245 dus
719 1199 821 1256 est,
853 1203 913 1244 se
938 1189 1067 1244 olim
1097 1187 1201 1242 alia
1231 1188 1394 1242 etiam
1427 1187 1603 1257 lingua
1634 1184 1781 1240 istud
1808 1191 2182 1254 argumentum
2286 1193 2344 1241 to
2383 1185 2614 1257 quodam
2653 1185 2820 1243 verbo
2891 1185 3120 1251 fuisset;
3170 1196 3330 1256 atque
3370 1202 3467 1242 nos
3507 1187 3616 1258 jam
3660 1188 3891 1246 diximus

593 1282 998 1340 tractasse?de
1026 1280 1325 1336 rationibus
1353 1290 1530 1334 autem
1557 1276 1944 1346 Ho/fntamtiiu
1972 1284 2185 1331 contra-
2287 1290 2318 1331 a
2364 1291 2543 1348 graece
2587 1292 2745 1348 posse
2792 1277 2858 1332 ad
2917 1279 3142 1340 latinum
3191 1276 3301 1348 jam
3374 1277 3633 1348 scriptum
3686 1279 3890 1351 absque

594 1379 728 1434 riam
759 1388 964 1450 partem
993 1377 1188 1444 allatis,
1215 1376 1325 1447 jam
1356 1375 1536 1430 monui
1568 1391 1657 1430 me
1679 1384 1864 1444 postea
1889 1373 2179 1428 dicturum.
2289 1383 2475 1425 errore
2532 1369 2916 1439 argumentari.
2988 1368 3178 1439 Neque
3229 1370 3390 1452 etiam
3446 1380 3714 1439 postrema
3765 1387 3888 1428 sen-

592 1469 783 1540 Neque
825 1477 910 1524 est
963 1467 1260 1524 audiendus
1311 1466 1604 1535 Dupim'us,
1656 1466 1745 1534 qui
1791 1464 1933 1520 hunc
1967 1461 2183 1534 quidem
2289 1462 2458 1517 tentia
2516 1461 2728 1519 videtur
2790 1461 3155 1527 admittenda,
3237 1477 3355 1532 quae
3411 1462 3567 1518 istam
3623 1463 3893 1533 publicam

590 1562 786 1617 librum
826 1576 950 1615 cum
995 1575 1062 1616 eo
1127 1559 1220 1630 qui
1253 1567 1337 1614 est
1377 1559 1440 1612 de
1482 1555 1811 1623 Idololatriu,
1868 1556 2086 1611 circiter
2113 1554 2183 1610 Α.
2293 1553 2532 1610 laetitiam
2575 1553 2868 1614 transferre
2917 1555 3028 1611 vult
3071 1555 3122 1610 in
3167 1555 3460 1610 decennalia
3511 1557 3702 1613 Severi.
3753 1558 3888 1614 Nolo

589 1654 746 1712 CCII.
777 1664 869 1710 aut
893 1652 1070 1708 CCIII.
1103 1653 1362 1722 scriptum
1385 1665 1509 1706 esse
1525 1651 1773 1721 opinatur
1803 1664 1833 1704 a
1866 1647 2184 1702 Tertulliauo
2298 1661 2438 1702 nunc
2466 1645 2740 1716 disputare
2776 1647 2842 1702 de
2869 1661 2954 1711 eo,
2981 1645 3122 1715 quod
3140 1656 3338 1718 pugnet
3359 1661 3479 1702 eum
3517 1647 3616 1704 hac
3637 1649 3889 1718 Opinione

591 1747 703 1818 jam
733 1745 800 1801 ad
827 1758 1043 1801 errores
1070 1744 1511 1799 Montanistarum
1542 1741 1760 1812 proclivi
1789 1741 1946 1811 (dans
1967 1740 2017 1794 la
2045 1753 2182 1794 nou-
2215 1805 2259 1818 __
2289 1736 2404 1806 ipsa
2459 1737 2615 1806 lmjus
2673 1737 2792 1793 libri
2848 1743 3092 1810 ὀρθοδοξία
3116 1780 3131 1802 ,
3183 1754 3340 1808 quam
3389 1739 3438 1794 ei
3479 1748 3664 1808 postea
3707 1742 3885 1797 vindi-

593 1805 732 1897 'velle
753 1837 1126 1908 Bibliothéque
1147 1837 1244 1892 des
1265 1845 1480 1892 auteurs
1496 1805 2084 1904 ecclesiastiqucs,édit.
2114 1832 2185 1888 de
2214 1805 2262 1865 Β
2290 1805 2571 1895 cauimus;
2609 1829 2703 1886 sed
2733 1839 2817 1886 est
2849 1839 3024 1885 tamen
3050 1831 3243 1902 aliquis
3279 1832 3568 1902 suspicioni
3603 1834 3750 1889 locus
3776 1878 3790 1903 ,
3823 1851 3888 1892 eo

591 1934 764 2001 Paris,
794 1930 954 1987 1693.
986 1930 1145 1986 ἱππ-κί’.
1189 1938 1228 1984 t.
1271 1929 1309 1983 Ι.
1365 1944 1416 1999 p.
1449 1929 1539 1984 9i.
1572 1937 1626 1984 et
1651 1926 1769 1982 l08.
1803 1933 1916 1980 not.
1948 1924 2184 1998 1.),Qua
2289 1925 2532 1987 tempore
2568 1920 2625 1974 in
2650 1921 2970 1976 christianos
2995 1921 3170 1977 adhuc
3201 1924 3547 1993 magistratus
3575 1925 3735 1981 luisse
3766 1928 3886 1982 eol-
3914 1989 3916 1991 ν

590 2024 645 2080 in
666 2039 724 2080 re
746 2024 1026 2092 deceptum
1048 2036 1172 2077 cum
1193 2035 1312 2076 esse
1333 2021 1580 2090 saepicor
1601 2018 1764 2074 natali
1788 2017 1930 2073 Geta
1943 2017 2180 2084 Cesaris,
2289 2009 2446 2065 latos.
2470 2009 2711 2083 Namque
2727 2024 2885 2066 Istam
2939 2014 3290 2082 quaestionem
3341 2026 3606 2085 quatenus
3625 2017 3888 2089 ejusmodi

590 2114 745 2184 cujus
766 2113 982 2169 memini
1013 2113 1342 2167 mentionem
1367 2111 1482 2166 ﬁeri
1529 2111 1582 2164 in
1624 2112 1774 2166 Actis
1821 2107 2092 2179 Perpetua
2135 2119 2183 2162 et
2289 2099 2532 2156 ofﬁcium
2557 2103 2805 2173 progredi
2827 2104 3049 2160 deberet
3069 2105 3122 2160 in
3146 2106 3481 2176 suscipienda
3507 2108 3753 2180 religiosa
3785 2111 3886 2166 ali-

595 2207 903 2274 Felicitatis,
936 2222 1054 2278 quae
1082 2205 1299 2276 quidem
1328 2205 1622 2261 creduntur
1650 2219 1720 2260 eo
1756 2217 1900 2258 anno
1954 2211 2184 2258 Inertem
2287 2208 2393 2263 qua
2463 2194 2852 2251 consuetudine
2926 2212 3046 2266 quae
3094 2196 3160 2251 ad
3208 2198 3432 2252 Deorum
3479 2201 3678 2256 cultum
3723 2205 3889 2272 pauli-

593 2300 846 2356 subiissc.
895 2298 1045 2352 llunc
1071 2313 1199 2352 vero
1224 2297 1456 2352 natalem
1509 2305 1652 2366 putat
1697 2310 1729 2350 a
1772 2293 2094 2350 Tertulliauo
2128 2293 2171 2349 in

2287 2296 2412 2353 sper
2435 2283 2717 2340 accederet
2739 2326 2754 2352 ,
2783 2285 2971 2341 dubito
3015 2302 3083 2341 an
3125 2297 3401 2344 tractasset
3432 2289 3774 2348 Tertullianus
3793 2338 3806 2361 ,
3840 2297 3884 2350 si

595 2392 734 2448 libro
761 2392 828 2446 de
850 2389 1158 2444 Idololatria
1188 2389 1498 2454 indicatum,
1525 2388 1678 2458 cujus
1704 2389 1804 2454 rei,
1831 2387 2017 2442 saltent
2041 2385 2096 2441 in
2117 2400 2171 2442 ec

2285 2371 2506 2442 quidem
2536 2379 2648 2428 tum
2688 2374 2965 2431 christiani
3008 2376 3230 2432 admissi
3273 2377 3340 2433 ad
3391 2381 3736 2462 magistratus
3778 2400 3882 2440 non

592 2484 712 2539 loco
759 2497 917 2554 quem
944 2481 1213 2548 excitavit,
1245 2481 1448 2536 nullum
1475 2489 1559 2536 es;
1603 2479 1888 2548 vestigium
1910 2519 1925 2545 ,
1977 2492 2040 2533 ac
2063 2516 2080 2544 ,
2137 2477 2183 2538 εἰ
2287 2475 2489 2521 essent.
2522 2465 2628 2523 Sed
2658 2467 2876 2538 quidem
2893 2467 3032 2524 haud
3061 2485 3218 2542 nego,
3246 2485 3332 2526 me
3354 2473 3718 2541 subdubitare,
3743 2478 3886 2546 quod

601 2584 766 2639 esset,
793 2575 844 2630 id
868 2573 1118 2630 nimirum
1142 2573 1356 2630 cederet
1383 2574 1434 2628 in
1461 2572 1928 2642 disceptationem,
1967 2569 2181 2625 ἱηιιιηοο
2285 2558 2516 2630 amplius
2554 2562 2947 2617 communicata
2973 2577 3092 2618 cum
3124 2563 3431 2621 christianis
3465 2565 3664 2623 fuerint
3709 2568 3886 2627 ollicia

595 2668 806 2723 xcritue
852 2663 1198 2720 Tertullianus
1251 2665 1482 2720 natalem
1528 2663 1739 2733 imperii
1788 2677 1860 2717 an
1896 2662 2022 2717 vitae
2045 2659 2186 2715 Gate
2284 2653 2496 2723 publica
2519 2693 2536 2720 ,
2567 2669 2688 2710 eum
2712 2655 2822 2725 jam
2860 2655 3079 2711 Severus
3105 2656 3338 2713 edictum
3366 2660 3436 2716 de
3457 2661 3714 2733 religione
3738 2664 3884 2719 chri-

592 2757 810 2814 thsaris
829 2758 943 2812 ?sit
973 2757 1133 2828 igitur
1156 2757 1364 2821 stabile,
1399 2756 1540 2811 hunc
1565 2756 1628 2808 de
1646 2754 1966 2825 Spectaculis
1986 2752 2182 2808 librum
2288 2746 2586 2800 Silanorum
2610 2761 2716 2801 non
2741 2747 3044 2818 recipienda
3075 2748 3302 2805 tulisset.
3334 2751 3522 2808 Restat
3559 2755 3717 2824 igitur
3751 2757 3883 2812 alte-

599 2851 801 2907 etlitum
828 2848 941 2906 fere
969 2848 1134 2906 fuisse
1159 2849 1258 2905 sub
1285 2850 1352 2906 A.
1381 2846 1651 2904 CXCVIII.
1686 2847 1915 2902 initium.
2285 2851 2407 2890 mm
2432 2837 2572 2906 (1110(Ι
2603 2837 2835 2893 animus
2882 2840 3304 2895 cclebl’alionulll
3335 2859 3534 2914 genus,
3575 2847 3717 2917 quod
3767 2859 3886 2918 post

2277 2925 2463 2984 Severi
2487 2942 2555 2983 ex
2592 2927 2761 2985 Gallia
2806 2929 3036 2986 reditum
3093 2933 3338 2990 extitisse
3385 2939 3725 3006 perspicuum
3779 2951 3881 2996 est.

592 2997 620 3070 θ
650 2998 738 3056 ιε.
759 3026 826 3040 -—
847 2995 999 3053 Liber
1022 2989 1406 3098 έεζέιοιοιίξιτία
1423 2987 1583 3098 {iter
1601 3000 1735 3098 αηιίιξ
1757 2978 2182 3098 αετξνίιξξξτίιιε·
2281 2978 2458 3091 6.5;;
2479 2978 2761 3078 ..λιιξᾷἱῇ
2797 2978 3725 3098 gill'aiﬁii’i'qiii2:133:
3779 2978 3882 3088 illi;

733 3089 912 3148 montii
940 3096 985 3145 et
1011 3083 1314 3153 Hoﬂ‘manui
1338 3082 1642 3153 conjectura:
1677 3077 2033 3182 dispelluntur.
2207 3157 2252 3193 ρ
2283 3077 2426 3170 ’8ώά
2453 3114 2690 3185 profecto
2703 3077 3179 3186 οὼὼπῶἔηὼὼ.
3200 3120 3308 3189 pe”
3329 3077 3503 3190 [inest
3530 3137 3594 3176 ex
3626 3077 3712 3187 eo:
3737 3125 3882 3193 quod

661 3225 814 3282 lluuc
833 3221 1028 3294 excipit
1056 3223 1118 3276 de
1137 3218 1443 3274 ldololatria
1468 3179 1702 3272 libellus.
1723 3213 1894 3282 Quem
1915 3227 2036 3270 cum
2058 3211 2183 3269 Ter-
2207 3179 2254 3225 υ
2288 3179 2638 3264 Tertullianus
2666 3210 2789 3276 isto,
2819 3225 2932 3281 quo
2956 3210 3150 3268 librum
3167 3179 3566 3286 hunc-scripsit
3589 3259 3604 3282 ,
3634 3179 3878 3289 tempore

591 3320 837 3375 tullimtus
861 3315 1141 3379 scriberet,
1167 3319 1318 3368 erant
1340 3319 1470 3366 sane
1495 3308 1724 3365 Romani
1744 3309 1985 3378 occupati
2011 3307 2062 3362 in
2090 3321 2176 3375 eo,

587 3426 694 3484 quo
709 3408 1055 3467 ostenderent
1081 3404 1319 3460 laetitiam
1339 3415 1602 3457 summam
1627 3399 1696 3455 de
1719 3406 2017 3470 temporum
2051 3398 2181 3454 isto-

590 3517 709 3557 rum
739 3498 1012 3564 felicitate,
1041 3509 1213 3565 eaque
1237 3493 1304 3549 de
1327 3507 1489 3548 causa
1518 3492 1661 3562 ipsas
1698 3489 1890 3558 ianuas
1911 3504 2037 3545 suas
2059 3489 2175 3543 lau-

589 3593 699 3653 reis
723 3595 1121 3646 exornaverant
1146 3594 1200 3640 et
1224 3584 1406 3639 multis
1435 3582 1672 3637 lucernis
1700 3580 1848 3654 (coll.
1870 3593 1920 3634 e.
1953 3577 2087 3650 15.).
2119 3577 2177 3634 Id

587 3698 718 3740 vero
735 3683 786 3737 in
808 3681 1068 3736 honorem
1089 3674 1434 3747 Imperatoris
1458 3674 1653 3728 factum
1683 3686 1824 3738 esse,
1847 3672 2180 3728 demonstrat

587 3773 763 3832 omnis
789 3769 1113 3840 disputatio,
1159 3782 1319 3839 quam
1366 3764 1580 3834 subjicit
1621 3762 1970 3818 Tertullinus
2017 3777 2179 3833 super

587 3867 687 3924 ista
717 3862 1012 3937 quastione
1038 3878 1050 3918 :
1083 3875 1151 3915 an
1182 3859 1351 3929 pietas
1373 3857 1681 3927 imperatori
1712 3854 1890 3912 debita
1917 3856 2175 3926 requirat,

587 3968 648 4014 ut
671 3954 946 4013 christiani
969 3995 982 4016 ,
1008 3951 1074 4007 ad
1101 3947 1483 4006 declarandum
1513 3947 1581 4004 de
1603 3947 1831 4004 Ctesaris
1853 3947 2028 4003 salute
2046 3963 2178 4018 gau-

587 4051 734 4107 dium
765 4090 779 4113 ,
807 4062 867 4104 se
896 4045 1126 4102 Deorum
1157 4041 1454 4098 cultoribus
1488 4040 1781 4112 adjungant
1804 4039 1955 4094 vario
1979 4039 2177 4096 laetitiae

586 4151 842 4215 apparatu
869 4139 895 4193 ?
917 4140 1060 4203 Haec,
1089 4137 1134 4192 si
1163 4135 1281 4205 quis
1308 4133 1649 4204 quaesiverit,
1679 4131 1745 4187 ad
1775 4145 2022 4202 quaenam
2040 4140 2176 4188 tem-

585 4251 717 4310 pora
742 4241 988 4306 spectent
1012 4272 1028 4299 ,
1076 4228 1253 4284 nullus
1291 4241 1393 4298 ego
1419 4225 1606 4281 dubito
1648 4224 1830 4280 dicere
1872 4241 1886 4276 :
1927 4222 1996 4278 ad
2031 4223 2175 4279 varia

586 4327 786 4383 laetitiae
811 4325 984 4396 signa,
1015 4320 1206 4392 quibus
1232 4318 1382 4389 quasi
1420 4317 1629 4384 Severo,
1657 4316 1844 4372 ebcllo
1865 4330 1987 4371 cum
2010 4330 2177 4372 temu-

579 4419 648 4476 lis
677 4416 882 4486 imperii
907 4413 1112 4479 reduci,
1141 4410 1368 4466 Romani
1391 4409 1803 4480 applaudebant.
1827 4407 2069 4479 Namque
2093 4418 2176 4464 ter

2282 3301 2580 3373 Astrologis
2615 3317 2786 3373 nuper
2827 3303 3113 3362 admodum
3149 3305 3348 3362 Urbem
3376 3317 3431 3364 et
3469 3309 3674 3364 Italiam
3717 3311 3883 3367 inter-

2283 3394 2477 3450 dictam
2499 3409 2621 3453 esse
2649 3408 3057 3460 commemorat.
3087 3414 3138 3454 c.
3168 3400 3223 3456 9.
3249 3401 3400 3470 Quod
3425 3403 3639 3473 quando
3677 3404 3747 3458 sit
3777 3403 3883 3462 lac-

2284 3495 2416 3551 tum,
2450 3502 2516 3542 ex
2551 3487 2833 3557 Spartiano
2871 3504 2979 3545 non
3012 3491 3190 3547 minus
3213 3493 3426 3551 discere
3454 3495 3598 3563 licet,
3631 3511 3791 3566 quam
3814 3513 3879 3552 ex

2280 3578 2399 3648 ipso
2425 3578 2760 3637 Tertulliano.
2794 3581 3056 3650 Primum,
3095 3583 3378 3641 audiamus
3425 3595 3667 3642 nostrum
3696 3605 3710 3643 :
3739 3590 3882 3659 Apon

2279 3669 2388 3740 log.
2451 3685 2502 3726 c.
2553 3671 2644 3727 35.
2675 3671 2782 3728 Sed
2831 3683 2880 3727 et
2930 3675 3017 3744 qui
3056 3691 3192 3730 nunc
3220 3716 3234 3740 ,
3294 3675 3505 3747 inquit,
3551 3680 3879 3735 scelestarum

2281 3764 2505 3830 partium
2530 3765 2654 3818 socii
2682 3775 2770 3818 aut
2795 3767 3058 3836 plausores
3077 3770 3302 3840 quotidie
3329 3773 3710 3840 revelantur,...
3726 3792 3880 3844 quam

2281 3857 2642 3912 recentissimis
2671 3857 2859 3914 laureis
2881 3870 3049 3931 postes
3074 3865 3470 3932 prtcstruebaut?
3502 3869 3668 3933 Quam
3687 3871 3877 3926 elatis-

2281 3949 2426 4004 simis
2470 3960 2520 4005 et
2559 3951 2858 4007 clarissimis
2903 3954 3122 4009 lucernis
3173 3959 3417 4013 vestibula
3464 3961 3760 4018 nubilabant
3781 3965 3872 4021 Ρ...

2283 4039 2407 4094 Νοη
2433 4050 2488 4094 ut
2517 4043 2708 4112 gaudia
2731 4042 2933 4114 publica
2960 4045 3287 4116 celebrarent,
3321 4049 3410 4104 sed
3447 4061 3501 4104 ut
3526 4062 3642 4107 uota
3669 4057 3878 4124 prapria

2272 4137 2387 4208 jam
2408 4134 2654 4191 edicerent
2684 4137 2738 4191 in
2765 4139 2937 4193 aliena
2961 4141 3369 4209 soletrmitate,...
3419 4160 3602 4200 nomen
3630 4148 3877 4217 principis

2280 4230 2334 4283 in
2361 4229 2514 4284 corde
2559 4240 2830 4286 mutantes.
2883 4230 3082 4288 Eadem
3130 4235 3292 4305 oﬂicia
3327 4235 3658 4306 dependunt,
3703 4249 3750 4294 et
3788 4241 3876 4311 qui

2278 4320 2576 4392 Astrologos
2602 4333 2649 4378 et
2679 4323 2954 4393 Aruspices
2981 4337 3026 4381 et
3057 4327 3289 4398 Augures
3323 4340 3368 4384 et
3399 4329 3584 4400 Magos
3612 4331 3676 4386 de
3703 4330 3875 4388 Cresa-

2267 4430 2392 4468 -rum
2418 4416 2586 4483 capite
2629 4417 2940 4472 consultant.
2985 4417 3089 4474 Sed
3130 4420 3182 4474 in
3223 4420 3327 4476 hoc
3371 4422 3702 4493 Apologetici
3749 4424 3872 4480 loco

579 4511 809 4583 legimus
836 4505 977 4576 apud
1020 4504 1310 4575 scriptores
1339 4511 1549 4556 veteres
1591 4499 1890 4556 istiusmodi
1917 4499 2045 4570 quid
2075 4499 2174 4555 iac-
2196 4513 2254 4577 ι)
2280 4503 2394 4561 haec
2422 4505 2601 4576 gaudii
2629 4507 2826 4578 publici
2851 4509 3001 4580 signa
3027 4509 3169 4565 edita
3199 4512 3321 4565 olim
3345 4526 3376 4566 a
3405 4512 3682 4570 sceleratis
3703 4512 3870 4570 fuisse

584 4615 699 4662 tum
740 4603 841 4660 sub
884 4598 1058 4656 Severi
1089 4596 1354 4667 imperio;
1386 4595 1618 4665 primum
1663 4594 1729 4649 A.
1775 4591 1998 4649 CXCIII.
2052 4609 2174 4651 cum

582 4698 821 4763 Severus,
847 4706 1070 4764 regnum
1086 4697 1462 4761 occupaturus,
1491 4687 1739 4751 Romam,
1769 4685 2052 4743 interfeuo
2075 4686 2175 4742 Ju-

581 4791 741 4854 liano,
770 4787 1021 4842 intrasset
1039 4781 1159 4854 (Dio
1176 4779 1315 4852 apud
1332 4778 1661 4850 Xiphilinsm
1685 4778 1747 4833 L.
1777 4777 2014 4835 LXXIV.
2038 4794 2089 4835 c.
2111 4780 2170 4835 2.

580 4897 635 4952 p.
669 4878 829 4934 1242.
856 4876 947 4947 C.)
973 4893 986 4941 ;
1017 4886 1223 4946 postea,
1245 4889 1368 4929 cum
1399 4873 1556 4926 victor
1579 4887 1646 4927 ex
1678 4871 1846 4928 Gallia
1877 4871 2128 4929 rediisset
2152 4914 2168 4942 ,

579 4971 766 5028 Albino
791 4976 1057 5040 prostrato
1085 4965 1404 5037 (Herodian.
1441 4965 1476 5020 l.
1509 4964 1598 5019 Ill.
1625 4979 1672 5021 c.
1705 4964 1761 5021 8.
1795 4965 2088 5035 Spartian.,
2118 4967 2172 5023 in

574 5064 782 5122 Severo
808 5075 858 5116 ο.
894 5057 1006 5130 12.)
1035 5074 1049 5123 ;
1082 5057 1314 5128 denique
1357 5059 1408 5112 in
1433 5055 1790 5114 decennalibus
1809 5059 2014 5128 imperii
2039 5061 2118 5114 sui
2149 5100 2165 5125 ,

573 5171 697 5213 cum
719 5141 1078 5210 reverteretur
1097 5163 1160 5204 ex
1191 5149 1411 5204 Oriente
1440 5147 1582 5220 (Dio.
1614 5149 1650 5204 l.
1683 5149 1918 5207 LXXVI.
1944 5166 1995 5207 c.
2029 5152 2081 5207 l.
2112 5167 2165 5226 p.

572 5249 733 5307 1272.
753 5256 808 5305 et
836 5243 1058 5311 Herod.,
1089 5243 1128 5298 l.
1149 5241 1237 5296 Ill.
1261 5241 1456 5313 c.10.);
1482 5241 1623 5314 quod
1649 5255 1809 5299 omne
1831 5259 1998 5315 genus
2028 5245 2170 5301 mul-

570 5342 639 5398 tis
667 5338 974 5397 conllrmari
1023 5333 1263 5390 numeris
1306 5341 1501 5402 potest.
1555 5335 1730 5405 Atque
1760 5336 1989 5406 primum
2039 5336 2167 5393 illud

569 5431 715 5492 haud
765 5436 944 5502 potest
991 5442 1020 5482 a
1065 5425 1387 5481 Tertulliano
1434 5424 1745 5497 signiﬁcari.
1795 5426 2077 5499 Namque,
2111 5439 2169 5486 ut

565 5527 672 5582 hoc
715 5538 818 5580 non
865 5522 1039 5578 dicam
1062 5561 1077 5589 ,
1108 5521 1154 5578 si
1205 5517 1381 5575 adhuc
1439 5515 1628 5573 fuisset
1663 5518 1871 5588 imperii
1901 5521 2159 5590 aemulus,

569 5634 728 5692 quem
761 5616 978 5690 plurimi
1005 5615 1260 5685 optabant
1280 5656 1293 5676 ,
1319 5612 1494 5684 qualis
1521 5611 1686 5684 Niger
1711 5623 1826 5668 erat
1865 5625 1986 5685 post
2013 5631 2164 5673 moro

564 5719 676 5767 tem
703 5709 923 5774 Iuliani,
945 5707 1027 5760 vix
1057 5705 1438 5776 negligentiam
1467 5705 1520 5759 in
1544 5703 1878 5759 ostendenda
1904 5705 2162 5764 adversus

2281 4596 2626 4656 Tertullianus
2651 4599 2800 4663 dicit,
2832 4615 2953 4669 qua:
2992 4601 3044 4656 in
3072 4601 3209 4661 libro
3245 4611 3430 4660 nostro
3456 4621 3588 4658 nunc
3613 4605 3726 4662 ﬁeri
3758 4606 3872 4675 pla-

2279 4689 2500 4744 nissime
2542 4689 2759 4744 indicat.
2788 4689 2884 4745 Est
2919 4691 3081 4761 igitur
3107 4693 3210 4750 istc
3238 4695 3301 4748 de
3326 4693 3632 4750 ldololatria
3661 4696 3870 4752 libellus

2277 4791 2406 4838 ante
2435 4782 2843 4852 Apologetieum
2861 4786 3114 4855 scriptus,
3145 4787 3389 4857 adeoque
3411 4797 3537 4844 ante
3565 4790 3773 4850 initium
3800 4791 3866 4850 A.

2276 4874 2508 4931 CXCIX.
2557 4886 2612 4932 ut
2649 4887 2832 4948 postea
2860 4879 3160 4949 apparebit.
3211 4881 3324 4952 Ego
3363 4897 3495 4938 vero
3523 4883 3662 4938 haud
3689 4884 3868 4954 inepte

2273 4969 2534 5040 suSpieari
2576 4969 2762 5027 videor
2791 4972 2940 5039 mihi,
2974 4974 3156 5043 pulsos
3185 4973 3356 5030 Roma
3394 4973 3652 5045 Italiaque
3683 4975 3869 5032 Astro-

2271 5061 2423 5134 logos
2441 5071 2552 5118 tum
2569 5065 2754 5132 fuisse,
2776 5081 2904 5122 cum
2929 5081 2959 5121 a
2983 5068 3163 5123 multis
3183 5068 3250 5123 de
3277 5069 3450 5125 salute
3471 5069 3700 5125 Caesaris
3729 5067 3863 5124 fuis-

2276 5168 2399 5215 sent
2423 5159 2676 5214 consulti.
2708 5160 2887 5232 Atque
2920 5160 2996 5226 hi,
3028 5161 3120 5232 qui
3147 5162 3256 5218 tale
3283 5162 3411 5232 quid
3432 5162 3685 5218 sciscitati
3711 5171 3867 5218 erant

2271 5266 2338 5306 ex
2368 5250 2557 5321 Magis,
2585 5250 2776 5322 capitis
2803 5253 3199 5309 damnabantur
3226 5269 3293 5310 eo
3317 5263 3558 5325 tempore
3584 5254 3727 5321 fere,
3757 5268 3865 5326 quo

2272 5338 2491 5398 Severus
2540 5343 2978 5412 proﬁciscebatur
3015 5344 3277 5400 adversus
3317 5345 3568 5412 Parthos,
3595 5345 3650 5400 h.
3692 5361 3744 5401 e.
3791 5349 3857 5402 A.

2265 5433 2541 5488 CXCVI".
2577 5431 2729 5500 Quod
2777 5435 3098 5506 intelligitur
3125 5450 3156 5491 e
3184 5437 3303 5492 loco
3331 5437 3562 5507 quodam
3594 5437 3862 5509 Spartiani

2267 5523 2322 5578 in
2350 5525 2441 5579 vit.
2469 5524 2594 5580 Ser.
2618 5539 2666 5580 c.
2687 5527 2774 5582 15.
2803 5533 2983 5597 quem,
3004 5529 3256 5598 quoniam
3281 5530 3541 5585 nonsatis
3565 5539 3647 5586 est
3671 5543 3864 5586 excus-

2263 5629 2358 5673 sus
2379 5617 2446 5674 ab
2471 5618 2590 5673 aliis
2609 5657 2626 5685 ,
2653 5618 2742 5675 hic
2779 5620 3041 5692 subjicio:
3075 5621 3358 5694 Postquam
3403 5622 3620 5678 Severus
3652 5622 3863 5678 Parthi-

2264 5724 2379 5763 cum
2403 5710 2589 5765 bellum
2614 5723 2901 5782 susceperat
2927 5755 2942 5780 ,
2971 5717 3185 5786 trajecta
3214 5716 3435 5770 exercitu
3465 5731 3498 5769 α
3541 5713 3852 5783 Brundisio,

563 5815 761 5857 novum
780 5799 1050 5856 Caesarem
1092 5795 1366 5866 impietate
1396 5794 1554 5864 objici
1575 5794 1814 5865 potuisse
1849 5794 2152 5854 christianis
2261 5804 2556 5859 continuato
2580 5803 2758 5865 ilium
2772 5808 2969 5863 venitiu
2989 5807 3214 5879 Syriam,
3243 5806 3564 5879 Parthosque
3578 5810 3846 5865 subnwvit.
