4242 6266
348 277 453 337 H7

1304 266 1395 324 AC
1431 261 1778 324 DOCTRINA
1812 256 2250 341 SCRIPTORIJM
2287 254 2770 316 TERTULLIANL

3544 254 3653 312 “8

350 389 461 446 Sed
490 394 664 460 postea
683 383 739 441 in
764 382 973 457 Syriam
996 380 1166 448 rediit,
1193 379 1266 435 ita
1315 387 1371 433 ut
1424 394 1478 435 se
1507 385 1713 449 pararet
1747 392 1807 430 ac
1835 374 1943 431 bel-
1971 375 2025 439 Α
2050 387 2171 427 rum
2207 370 2514 427 Tertulliani
2542 378 2597 425 et
2633 366 2875 425 doctrina
2903 373 2960 424 et
2985 366 3221 425 candore
3260 366 3648 439 prmstantissi-

353 484 465 538 lum
490 480 703 536 Parthis
716 478 947 549 inferret.
970 475 1113 532 Inter
1141 475 1249 530 hac
1272 471 1651 528 Pescennianas
1678 468 1943 539 reliquias,

353 575 635 632 Plautiam
686 580 891 627 auctore
911 611 930 639 ,
987 569 1398 639 persequebatur.
1423 594 1492 608 --
1530 561 1727 619 Multos
1769 561 1941 625 etiam,

351 668 499 740 quasi
523 664 793 722 Citaltlcos
830 671 921 717 aut
965 669 1099 716 votes
1128 661 1192 715 de
1216 676 1310 715 sua
1338 657 1503 716 salute
1528 654 1943 718 consuluissent,

350 759 624 825 interemit,
665 755 935 827 {pracipue
976 760 1236 823 suspectos
1279 762 1683 820 unumquemque
1709 745 1948 799 idoneum

353 851 589 921 imperio.
633 847 797 905 Istum
840 847 1017 903 locum
1058 845 1104 901 si
1149 843 1494 901 conferamus
1535 854 1661 895 cum
1684 851 1756 893 eo
1787 849 1948 906 quem

354 944 516 1000 modo
551 958 621 1001 ex
659 939 976 998 Ter-tulliano
1004 939 1350 995 recitavimus
1371 978 1389 1003 ,
1417 941 1639 1005 apparet
1661 942 1948 1000 utrumque

353 1038 692 1111 scriptorem;
723 1048 847 1090 cum
878 1033 1128 1104 loquatur
1156 1030 1225 1089 de
1248 1028 1491 1099 reliquiis
1516 1024 1946 1086 adversariorum

355 1131 528 1188 Severi
550 1127 880 1200 pcrquisitis,
908 1126 1083 1196 ipsum
1110 1123 1274 1182 etiam
1299 1133 1529 1191 tempus,
1557 1132 1665 1188 quo
1688 1117 1788 1171 ista
1813 1128 1947 1169 eon-

354 1222 601 1293 tigerint,
624 1219 888 1280 delinire:
917 1215 1061 1285 quod
1087 1229 1244 1273 secus
1273 1223 1356 1270 est
1374 1212 1431 1267 in
1448 1207 1749 1266 enarrando
1774 1206 1949 1262 altero

351 1313 418 1369 de
446 1300 701 1371 adhibitis
716 1310 771 1366 in
796 1307 1084 1365 consilium
1116 1305 1427 1373 Astrologis.
1456 1299 1563 1356 Sed
1595 1295 1948 1369 quemadmo-

350 1405 480 1462 dum
520 1402 655 1459 illud
701 1401 859 1457 nobis
890 1399 985 1454 dat
1047 1397 1189 1453 viam
1232 1403 1434 1450 certam
1504 1387 1810 1449 inveniendi
1855 1401 1949 1443 ve-

350 1514 471 1555 ram
496 1507 713 1554 aetatem
741 1492 1054 1565 Apologetict'
1069 1508 1092 1556 ;
1138 1490 1210 1544 ita
1241 1488 1343 1542 hoc
1378 1483 1597 1557 quidem
1627 1496 1726 1537 nos
1761 1480 1942 1548 docet,

348 1606 450 1649 cos
491 1589 583 1660 qui
612 1587 794 1659 Magos
820 1585 888 1641 de
910 1584 1081 1639 salute
1103 1579 1331 1637 Caesaris
1352 1574 1683 1648 percunctati
1712 1574 1944 1640 inerant,

352 1681 468 1737 fere
488 1678 679 1736 eodem
710 1687 948 1744 tempore
973 1674 1137 1728 luisse
1173 1670 1475 1733 extinctos;
1504 1682 1576 1722 ex
1601 1680 1710 1736 quo
1750 1665 1945 1721 saltem

348 1768 666 1839 intelligitur
718 1765 772 1821 id
815 1736 957 1834 quod
982 1761 1315 1825 volebamus,
1349 1768 1538 1815 nosu'o
1566 1757 1623 1812 in
1649 1756 1789 1811 libro
1814 1752 1944 1808 Ter-
1975 1736 2023 1799 Β

351 1860 623 1915 tulliattunt
652 1857 719 1913 de
755 1855 929 1910 altero
954 1851 1385 1909 celebrationutn
1408 1862 1607 1919 genere
1629 1846 1731 1903 sub
1757 1844 1945 1901 Seuero

350 1949 513 2006 luisse
550 1947 811 2005 locutum.
871 1943 1230 2012 Quanquam,
1274 1940 1321 1996 si
1349 1939 1582 1996 velimus
1626 1936 1783 1992 istam
1829 1950 1946 1992 rem

350 2058 592 2119 quaerere
615 2040 890 2106 subtilius,
922 2046 977 2093 et
1003 2035 1265 2093 adbibere
1289 2033 1487 2104 legem,
1515 2047 1547 2086 e
1572 2046 1676 2101 qua
1700 2028 1947 2085 ordinem

354 2136 411 2191 in
449 2133 611 2201 rebus
631 2132 795 2204 gestis
824 2128 1106 2187 narrandis
1126 2144 1159 2182 ει
1197 2125 1480 2194 Spartiano
1511 2122 1830 2193 plerumque
1852 2120 1922 2176 ob

355 2235 625 2284 servatum
670 2223 1025 2296 iudicandum
1074 2233 1196 2276 esse
1240 2216 1611 2287 experimento
1661 2212 1947 2271 didicimus

360 2319 542 2391 (quam
567 2318 779 2389 longum
805 2324 891 2373 est
914 2314 1001 2369 hic
1017 2310 1342 2369 luculentius
1368 2313 1691 2379 exponere);
1711 2320 1945 2376 cognos-

353 2423 477 2465 cere
504 2407 705 2472 licehit,
732 2404 877 2478 quod
904 2405 1005 2461 ista
1026 2401 1286 2473 supplicia
1311 2413 1520 2464 eorum,
1552 2398 1642 2468 qui
1670 2396 1839 2468 uagis
1863 2396 1946 2453 nsi

353 2510 478 2557 sunt
508 2499 575 2555 ad
606 2496 949 2570 intelligenda
973 2493 1184 2565 imperii
1206 2491 1384 2548 Severi
1406 2490 1536 2555 lata,
1563 2504 1671 2545 non
1697 2503 1948 2545 necessa-

353 2593 436 2647 rio
479 2591 777 2663 posteriora
818 2587 1066 2645 habenda
1097 2586 1207 2642 sint
1243 2581 1522 2655 suppliciis
1558 2580 1865 2638 constitutis
1892 2579 1947 2638 iu

353 2685 558 2741 amicos
598 2682 751 2754 Nigri
776 2680 1114 2756 supersntes.
1142 2676 1327 2749 Itaque
1369 2690 1491 2731 cum
1527 2678 1644 2729 haec
1670 2671 1950 2728 extiterint

453 2728 751 2843 ᾇῐϐἱῖιῦἷ
1142 2728 1464 2837 loco:
1475 2766 1734 2827 illahaud
1763 2765 1947 2835 inepte
1982 2728 1993 2733 ᾗ

356 2868 614 2941 assignari
637 2863 862 2939 possunt
880 2881 1022 2920 anno
1047 2859 1390 2933 praecedenti.
1409 2860 1539 2928 Quae
1562 2874 1685 2916 cum
1712 2858 1788 2915 ita
1816 2858 1945 2923 sint,

357 2970 504 3032 patet
530 2959 599 3015 ad
623 2962 839 3014 Annum
876 2952 1149 3013 CXCVIII.
1179 2953 1376 3013 librum
1406 2953 1469 3007 de
1495 2950 1806 3008 ldololatriu
1828 2964 1949 3020 per-

353 3054 548 3109 tinere.
583 3053 757 3124 Atque
786 3048 876 3105 hic
912 3062 1012 3120 ego
1040 3061 1148 3103 non
1175 3053 1307 3117 puto
1332 3058 1554 3101 necesse
1575 3058 1723 3109 eses,
1748 3051 1806 3097 ut
1832 3056 1949 3098 res-

356 3144 653 3216 pondeatur
700 3141 768 3198 ad
796 3155 895 3206 ea,
925 3153 1046 3210 qum
1075 3137 1242 3193 voluit
1282 3134 1639 3193 Tlllentoutius
1658 3174 1676 3203 ,
1704 3133 1850 3193 hunc
1877 3131 1946 3188 li-

355 3240 514 3296 brum
544 3237 801 3308 scriptum
828 3248 950 3292 esse
973 3248 1004 3288 a
1032 3230 1354 3288 Tertulliano
1378 3239 1661 3301 postquam
1713 3229 1831 3297 ipse
1859 3241 1949 3285 no-

360 3347 445 3387 vae
467 3330 692 3402 alicujus
715 3336 873 3387 secta
901 3336 1088 3384 auctor
1125 3325 1417 3383 extitisset.
1444 3322 1599 3391 Quod
1624 3321 1827 3391 absque
1862 3335 1953 3377 ra-

364 3424 515 3481 tione
534 3422 679 3478 omni
695 3418 1012 3486 defenditur,
1023 3428 1081 3476 et
1093 3427 1176 3474 est
1195 3417 1267 3475 ab
1283 3412 1948 3483 Ho/fntonnoeonlutatum

362 3514 503 3571 diss.
559 3514 649 3570 cit.
692 3511 803 3584 δε.
834 3528 885 3582 p.
924 3511 1058 3581 5L,
1122 3510 1216 3581 qui
1267 3506 1634 3580 argumentis,
1677 3520 1709 3562 e
1755 3504 1951 3577 quibus

362 3606 601 3664 eruenda
619 3604 847 3663 cst'libri
876 3615 1040 3673 atas,
1072 3602 1355 3661 nobiscum
1395 3599 1511 3662 lere
1536 3603 1806 3661 consentit
1828 3636 1845 3666 ,
1875 3598 1951 3656 ita

360 3711 537 3756 tamen
562 3740 578 3766 ,
612 3707 671 3755 ut
711 3713 742 3753 a
782 3697 1101 3753 Tertulliano
1129 3694 1448 3751 Montanista
1496 3693 1647 3750 illum
1678 3690 1952 3751 existimet

358 3793 634 3864 scriptum.
663 3792 794 3861 Quae
839 3790 1059 3861 quidem
1098 3788 1281 3860 opinio
1329 3797 1475 3843 stare
1518 3801 1626 3842 non
1673 3793 1877 3857 potest,
1902 3781 1950 3837 si

357 3902 544 3941 verum
573 3894 657 3940 est
686 3885 739 3940 id
760 3884 905 3956 quod
942 3882 1188 3954 superius
1215 3882 1496 3952 probatum
1526 3878 1773 3937 dedimus
1796 3919 1811 3943 ,
1841 3891 1949 3931 non

359 3981 464 4037 nisi
481 3982 550 4037 Δ.
567 3979 671 4039 CC.
695 3994 819 4037 eum
839 3992 899 4035 se
918 3976 1211 4034 contulisse
1237 3975 1306 4032 ad
1331 3973 1668 4044 disciplinam
1691 3971 1947 4026 diatoni.

358 4075 544 4147 Neque
570 4074 638 4131 ad
664 4089 784 4130 eam
804 4072 1150 4131 asserendam
1172 4071 1311 4127 bene
1339 4066 1683 4136 llo/Intonuit:
1708 4065 1951 4122 adhibuit

357 4169 535 4226 locum
557 4167 859 4225 Tertulliani
874 4167 1042 4240 ipsius
1066 4165 1153 4239 (de
1168 4164 1308 4220 ldol.
1337 4178 1390 4219 c.
1407 4161 1522 4233 22.)
1544 4178 1560 4216 :
1582 4159 1635 4215 Μ
1643 4159 1735 4217 ulti
1755 4159 1946 4225 dicunt,

362 4279 506 4319 nemo
533 4278 587 4319 se
613 4261 755 4317 debet
777 4262 1139 4333 promulgare;
1167 4273 1326 4331 quem
1353 4256 1466 4313 vult
1488 4255 1779 4322 indicasse,
1809 4251 1953 4324 quod

364 4355 525 4412 fuerit
547 4355 659 4425 jam
688 4364 800 4410 tum
828 4354 969 4415 inter
993 4351 1345 4409 Montanistas
1365 4357 1422 4405 et
1451 4347 1785 4405 orthodoxos
1805 4362 1953 4417 quie—

2052 480 2199 520 mum
2228 464 2401 519 audeo
2443 463 2647 519 dicere.
2680 462 2844 533 Cujus
2887 471 3020 519 mtas
3048 462 3259 518 tametsi
3287 462 3504 532 copiose
3531 461 3649 517 dis-

2052 565 2235 627 putata
2273 555 2344 610 sit
2386 555 2455 609 ab
2479 552 2727 610 omnibus
2749 594 2764 618 ,
2796 553 2887 622 qui
2916 560 3142 609 caeteros
3169 553 3331 609 etiam
3347 554 3514 608 libros
3541 568 3652 609 non

2053 649 2296 720 tetigere,
2328 647 2559 703 maxime
2578 662 2610 702 a
2639 645 2946 711 Memmio,
2974 636 3373 717 elegantissimo
3393 646 3530 714 viro,
3563 649 3653 704 cui

2050 739 2155 797 hoc
2194 743 2248 796 in
2294 756 2495 812 genere
2543 740 2731 812 primm
2770 739 3075 805 debentur;
3121 749 3302 796 tamen
3327 748 3446 807 post
3490 739 3653 794 istam

2051 848 2289 891 messem
2320 833 2445 888 licet
2473 832 2649 903 spicas
2677 830 2937 903 quasdam
2973 832 3224 901 colligere
3245 873 3259 897 ,
3285 840 3464 902 atque,
3513 845 3649 901 prae-

2053 928 2317 984 termissis
2342 927 2409 982 iis
2436 941 2557 998 quae
2584 925 2900 981 doctissime
2928 933 3053 979 sunt
3092 923 3232 989 dicta
3270 924 3341 978 ab
3379 937 3479 989 eo,
3524 923 3653 979 bre-

2050 1020 2268 1076 vissime
2292 1033 2451 1089 quam
2477 1031 2783 1089 possumus,
2812 1016 2978 1071 veluti
3026 1031 3119 1086 per
3135 1014 3333 1086 gradus
3351 1013 3653 1070 ascendenc'

2050 1110 2142 1178 do,
2189 1126 2308 1181 qua:
2361 1111 2462 1166 ista
2510 1110 2583 1165 de
2623 1124 2684 1165 re
2729 1109 2955 1165 dicenda
3009 1101 3303 1173 babenius,
3351 1121 3645 1177 exponere.

2053 1203 2292 1259 Primum
2316 1202 2476 1273 igitur
2498 1202 2717 1268 nemini,
2749 1201 2838 1272 qui
2871 1199 2971 1255 fuit
3014 1201 3068 1255 in
3100 1214 3166 1255 eo
3203 1199 3343 1255 libro
3371 1199 3649 1254 tractando

2053 1309 2176 1351 cum
2200 1310 2328 1351 cura
2358 1294 2535 1363 aliqua
2558 1304 2823 1357 versatus,
2857 1302 3035 1364 potest
3054 1308 3174 1349 esse
3201 1293 3517 1357 obscurum,
3544 1293 3651 1348 isto

2052 1396 2295 1457 tempore
2321 1387 2555 1442 nondum
2580 1385 2745 1442 fuisse
2772 1386 2943 1456 legem
2970 1385 3151 1442 Severi
3185 1393 3372 1442 contra
3398 1385 3652 1441 christia-

2051 1494 2150 1536 nos
2178 1480 2454 1537 emissam.
2483 1479 2759 1548 Namque,
2791 1480 2930 1534 hunc
2959 1478 3154 1534 librum
3190 1477 3465 1535 offerendo
3504 1478 3650 1534 Prae—

2050 1572 2255 1628 sidibus
2279 1614 2296 1640 ,
2326 1573 2446 1643 quis
2487 1571 2674 1627 credet
2717 1570 3093 1626 Tertulliamtm
3142 1570 3212 1626 ab
3245 1571 3313 1625 iis
3364 1578 3652 1639 expectare

2053 1666 2312 1736 potuisse,
2342 1676 2400 1722 ut
2428 1667 2562 1721 iram
2585 1666 2846 1721 adversus
2871 1666 3194 1721 christianos
3214 1675 3527 1733 conceptam
3542 1680 3653 1720 non

2051 1760 2361 1829 mitigarent
2387 1760 2583 1824 solum,
2611 1758 2708 1814 sed
2731 1759 2891 1828 plane
2913 1759 3264 1828 deponerent.
3288 1757 3652 1813 dimitterent-

2049 1865 2153 1921 que
2182 1864 2281 1907 eos
2322 1850 2679 1905 innocentes?
2717 1851 2762 1904 si
2805 1860 2982 1905 tamen
3020 1848 3344 1905 Prmsidibus
3383 1848 3652 1919 agendum

2050 1944 2240 1999 luisset
2265 1943 2563 1999 secundum
2593 1943 2768 1998 Seueri
2820 1944 2964 2012 leges
2983 1984 2999 2009 ,
3033 1958 3062 1995 a
3092 1942 3286 2012 quibus
3316 1954 3416 1996 nec
3452 1941 3653 1997 licebat

2050 2036 2135 2091 Vel
2163 2036 2327 2090 latum
2358 2049 2589 2105 unguunt
2625 2033 2918 2098 recedere;
2950 2032 3248 2102 praesertim
3280 2046 3404 2086 cum
3430 2038 3653 2087 consta-

2050 2136 2153 2193 ret,
2177 2135 2378 2196 quanta
2402 2124 2697 2181 acerbitate
2724 2139 2853 2179 usus
2881 2123 3008 2179 olim
3040 2122 3230 2178 fuisset
3257 2121 3516 2178 adversus
3532 2136 3650 2189 eos,

2050 2232 2188 2289 quos
2214 2217 2552 2273 intellexerat
2579 2215 2758 2272 ofﬁcio
2782 2214 2979 2285 iudicis
3024 2213 3164 2269 haud
3204 2213 3341 2269 bene
3370 2210 3653 2269 dehnctos

2050 2310 2127 2384 (ν.
2175 2310 2519 2379 Sper-tinuum
2568 2309 2622 2366 in
2675 2308 2801 2365 Sev.
2846 2321 2900 2365 c.
2927 2306 3032 2379 8.).
3073 2307 3259 2377 Neque
3297 2320 3429 2364 vero
3453 2306 3653 2362 mirum

2050 2403 2139 2460 cui
2167 2403 2337 2458 videri
2366 2403 2547 2468 debet,
2580 2402 2625 2458 si
2654 2400 2919 2458 Prasides
2939 2415 3062 2457 cum
3097 2400 3254 2471 plebe
3276 2399 3379 2456 soli
3405 2399 3652 2471 injuriosi

2049 2493 2268 2550 fuerqu
2293 2494 2346 2549 in
2367 2492 2713 2555 christianos,
2735 2507 2894 2563 quam
2916 2492 2986 2548 ob
3015 2507 3130 2547 rem
3159 2505 3265 2547 non
3286 2488 3355 2546 ad
3379 2489 3651 2546 Caesarem

2051 2585 2224 2657 ipsum
2246 2584 2591 2640 Tertullianus
2613 2584 3002 2655 provocaverit,
3029 2597 3203 2654 neque
3228 2581 3506 2638 christiani
3528 2596 3654 2637 sese

2050 2679 2355 2751 receperint
2379 2678 2433 2733 in
2454 2677 2571 2749 ejus
2591 2678 2833 2733 tutelam.
2853 2677 3062 2732 Etenim
3090 2675 3137 2731 si
3165 2674 3465 2739 christiani,
3487 2687 3654 2730 occa-

2050 2772 2204 2827 sione
2231 2784 2419 2827 eorum
2455 2770 2549 2840 qui
2589 2777 2813 2841 propter
2842 2767 2998 2838 Nigri
3047 2766 3318 2837 Albinique
3356 2765 3651 2821 amicitiam

2053 2862 2440 2934 plectebantur,
2471 2870 2691 2917 auctore
2716 2859 3023 2925 Plautiano,
3071 2873 3237 2916 omne
3280 2858 3650 2915 calamitatum

2050 2970 2222 3026 genus
2249 2954 2655 3018 sustinuerunt;
2703 2951 2823 3007 talis
2861 2950 2928 3005 ad
2971 2950 3241 3006 Ctesarem
3292 2948 3647 3019 provocatio.

2052 3052 2270 3115 propter
2285 3058 2551 3099 summam
2563 3040 2859 3105 Plautiani,
2891 3037 3146 3095 Prtetorio
3171 3036 3436 3107 Praefecti,
3460 3045 3652 3093 aucto-

2051 3136 2263 3190 ritatem
2294 3134 2470 3187 locum
2499 3145 2607 3187 non
2635 3129 2823 3185 luisset
2844 3129 3122 3193 habitura;
3157 3141 3227 3185 ne
3251 3136 3363 3184 tum
3387 3127 3605 3197 quidem
3630 3168 3648 3195 ,

2050 3227 2098 3284 si
2126 3226 2262 3280 facta
2287 3231 2434 3279 esset
2460 3222 2529 3277 ad
2553 3223 2728 3291 ipsum
2755 3219 3116 3285 Plautinum,
3146 3217 3655 3288 impotentissimum

2052 3315 2597 3384 crudelissimuqu
2626 3311 2919 3366 hominem.
2970 3309 3239 3367 Praeterea
3274 3307 3562 3379 quomodo,
3608 3308 3658 3365 si

2053 3410 2138 3468 vel
2169 3409 2399 3465 maxime
2430 3406 2742 3462 Plautiam
2766 3411 2955 3461 auctor
2979 3401 3115 3459 tanti
3150 3402 3375 3459 sceleris
3409 3401 3463 3457 in
3505 3400 3653 3458 chri-

2052 3502 2254 3559 stianos
2279 3515 2387 3555 non
2418 3496 2600 3564 fuerit,
2628 3494 2918 3568 quomodo,
2949 3495 3187 3565 inquam,
3210 3508 3242 3550 a
3271 3493 3483 3560 Seuero,
3522 3492 3649 3551 inli-

2054 3594 2166 3649 nite
2206 3601 2262 3648 et
2288 3605 2478 3646 aurum
2506 3597 2565 3645 et
2589 3587 2793 3645 caedem
2833 3586 3111 3644 hominum
3159 3585 3525 3644 innocentium
3587 3601 3655 3644 ac

2054 3684 2338 3742 seditionis
2395 3691 2774 3753 suspectorunt
2843 3678 3257 3749 concupiscente
3284 3720 3301 3745 ,
3374 3678 3655 3751 impetrari

2055 3778 2313 3834 auxilium
2344 3776 2606 3846 potuisset
2627 3773 2887 3830 adversus
2920 3771 3093 3844 plebis
3116 3770 3335 3833 furiose
3370 3771 3602 3842 impetus
3625 3773 3652 3827 ‘l

2047 3872 2227 3940 Quam
2265 3869 2555 3926 verendum
2616 3875 2734 3924 erat
2794 3868 2994 3937 potius,
3050 3879 3172 3923 cum
3238 3864 3475 3921 nondum
3548 3879 3653 3934 pu-

1998 3980 2001 3985 '
2055 3964 2225 4022 blieas
2267 3977 2409 4018 acum
2466 3959 2773 4015 christianis
2834 3956 3143 4014 inimicitias
3196 3955 3541 4027 suscepisset,
3565 3955 3656 4011 ad-

2056 4055 2318 4111 monitum
2372 4051 2566 4108 libellis
2616 4049 3031 4109 ebristianorum
3057 4088 3072 4115 ,
3120 4061 3187 4103 eo
3237 4060 3650 4119 progressurum

2057 4147 2252 4213 fuisse,
2286 4154 2345 4202 ut
2372 4145 2535 4201 etiam
2570 4142 2711 4199 mala
2732 4183 2748 4210 ,
2777 4142 3095 4198 auctoritate
3121 4130 3217 4196 Sua
3249 4140 3541 4197 Praesidum
3568 4139 3653 4196 lu-

2057 4254 2239 4298 rorem
2270 4235 2661 4300 conﬁrmando,
2708 4233 2962 4305 augeret?
3005 4232 3117 4288 Hac
3146 4233 3308 4303 igitur
3354 4245 3417 4289 re
3456 4230 3661 4289 consti-

2058 4341 2192 4399 tuta,
2221 4330 2401 4386 dicere
2428 4340 2652 4385 necesse
2677 4333 2762 4382 est
2788 4340 2941 4391 sane,
2969 4324 3113 4395 quod
3137 4323 3487 4396 Apologctico
3516 4324 3653 4381 εει-ί-

364 4448 471 4503 stio
496 4413 693 4519 agitata
721 4445 790 4502 de
820 4444 941 4516 iuga
983 4444 1039 4501 in
1063 4443 1457 4515 persecutione.
1499 4440 1703 4512 Nempe
1741 4413 1856 4511 ipsa
1877 4453 1953 4495 se-

2060 4422 2238 4479 bendo
2279 4418 2619 4476 occasionem
2662 4415 2872 4473 dederit
2909 4413 3051 4470 facta
3091 4428 3122 4469 a
3150 4415 3306 4485 plebe
3334 4415 3660 4471 christiano—

367 4539 479 4593 rics
491 4538 753 4594 orationis
775 4536 846 4593 de
867 4536 1017 4592 muni
1044 4536 1325 4605 negatione
1348 4531 1474 4590 ﬁdei
1500 4545 1807 4589 sermonem
1834 4544 1954 4589 esse

2059 4531 2181 4573 rum
2210 4512 2558 4587 perturbatio.
2598 4510 2775 4581 Atque
2799 4506 3152 4579 quorumdam
3179 4506 3419 4562 locorum
3448 4505 3659 4561 Tertul—

370 4628 565 4697 docet,
590 4643 769 4700 neque
790 4627 858 4685 de
884 4627 1007 4700 fuga
1038 4621 1214 4694 unice;
1243 4634 1297 4681 et
1324 4640 1389 4682 ex
1417 4623 1789 4695 antiquissima
1807 4630 1955 4681 vete-

369 4739 490 4780 rum
509 4723 924 4780 cbristianorum
974 4719 1198 4778 historia
1221 4762 1236 4788 ,
1264 4718 1428 4775 veluti
1457 4717 1739 4790 ex-lguatii
1757 4731 1820 4774 ac
1845 4715 1956 4777 Ρο-ιν

370 4816 568 4887 tympi
609 4816 877 4886 exemplo,
904 4822 1161 4886 apparet,
1182 4812 1423 4871 diversas
1444 4812 1584 4869 inter
1607 4813 1753 4883 ipsos
1778 4811 1963 4881 purio-

370 4909 447 4965 ris
472 4908 727 4973 doctrina:
750 4907 1076 4967 christianos
1119 4920 1187 4964 ea
1234 4905 1303 4963 de
1343 4921 1404 4963 re
1437 4902 1605 4962 luisse
1641 4904 1956 4961 sententias.

370 5000 480 5057 Sed
504 5011 678 5057 ortam
711 5000 851 5063 banc
881 4999 1214 5056 orthodoxos
1243 4999 1383 5056 inter
1400 5006 1457 5054 et
1479 4981 1827 5054 Montanistas
1846 4996 1962 5051 dis-

369 5092 703 5164 putationem
748 5108 817 5149 ex
855 5092 1000 5150 iacto
1054 5091 1241 5150 militis
1290 5092 1380 5160 qui
1427 5103 1687 5146 coronam
1724 5086 1965 5143 lauream

372 5186 723 5256 repudiavit,
782 5186 1027 5258 adeoque
1078 5185 1220 5243 hunc
1276 5183 1471 5240 librum
1529 5189 1653 5252 post
1696 5195 1819 5237 eum
1870 5180 1963 5250 qui

372 5288 458 5334 est
480 5278 544 5333 de
562 5278 769 5339 Corona
797 5280 1059 5350 scriptum
1109 5292 1230 5335 esse
1251 5320 1268 5346 ,
1309 5276 1363 5333 id
1388 5291 1516 5332 vero
1544 5283 1629 5331 est
1665 5273 1920 5329 hariolari
1943 5314 1959 5340 ,

371 5386 481 5427 non
527 5372 797 5441 probare;
842 5372 1001 5444 quale
1048 5386 1219 5443 genus
1264 5366 1675 5441 argumentandi
1711 5365 1872 5423 debet
1895 5365 1966 5421 ab

371 5464 519 5517 omni
548 5463 913 5534 disputatione
943 5462 1329 5521 alienissimum
1360 5475 1500 5518 esse.

371 5554 403 5626 ᾗ
430 5555 512 5615 l6.
541 5585 613 5596 —-
636 5556 996 5627 Apologeticus
1051 5554 1116 5610 Α.
1147 5552 1368 5611 CXCIX
1428 5550 1729 5622 compositus
1764 5549 1977 5605 demon-

1072 5657 1284 5705 uratur.

450 5748 696 5824 Sequitur
717 5727 1151 5821 elegantissimus
1186 5743 1562 5815 Apologeticus,
1598 5755 1756 5814 quem
1808 5738 1974 5800 libros

2052 4608 2190 4665 lieni
2211 4607 2292 4676 (l)
2323 4605 2407 4663 vis
2433 4604 2506 4660 ita
2531 4610 2616 4659 est
2645 4598 2948 4664 manifesta,
2975 4595 3037 4653 ut
3065 4597 3325 4652 absonum
3354 4597 3512 4665 plane
3545 4596 3654 4663 sit,

2060 4701 2205 4757 aliud
2225 4700 2296 4755 ibi
2316 4698 2465 4770 quid,
2487 4710 2648 4767 quam
2673 4708 2793 4752 eam
2815 4706 2927 4747 rem
2952 4701 3215 4761 quaerere.
3237 4685 3389 4744 Unde
3408 4685 3552 4754 ﬁt,ut
3569 4703 3663 4744 ne-

2061 4804 2168 4863 que
2187 4791 2293 4847 dici
2319 4788 2670 4843 Tertullianus
2688 4784 2853 4855 possit
2872 4782 3013 4838 hanc
3034 4779 3450 4836 cbristianorum
3471 4778 3657 4836 deleu-

2061 4882 2273 4941 sionem
2283 4878 2565 4935 tradidisse
2581 4874 2924 4941 Prtesidibus,
2950 4871 3052 4929 nisi
3081 4885 3203 4926 cum
3214 4885 3386 4927 annus
3400 4869 3655 4928 CXCVII.

2063 4988 2218 5032 suam
2252 4972 2362 5042 jam
2395 4981 2662 5026 summam
2682 4964 3081 5035 complevisset;
3109 4974 3394 5036 propterea
3412 4962 3553 5035 quod
3567 4961 3661 5019 lto-

2064 5080 2185 5121 rum
2200 5071 2439 5119 motuum
2457 5060 2693 5130 origines
2715 5054 2803 5113 isti
2819 5071 2962 5116 anno
2972 5055 3181 5113 idoneis
3196 5057 3524 5127 argumentis
3533 5055 3658 5111 vin-

2067 5156 2379 5215 dicavimus.
2399 5155 2580 5225 Itaque
2598 5166 2698 5210 nec
2712 5163 2848 5222 opus
2869 5159 2953 5209 est
2967 5151 3069 5208 isto
3086 5151 3206 5209 loco
3223 5148 3459 5220 (Apolog.
3478 5161 3523 5202 c.
3549 5144 3669 5219 35.)

2131 5310 2217 5375 (ι)
2238 5307 2467 5375 Apol-.9
2489 5307 2589 5375 ἤτε.
2616 5305 2823 5375 Quoties
2854 5319 2945 5358 suo
2976 5307 3099 5375 iure
3136 5314 3233 5375 ειοε.
3266 5299 3515 5375 “limis”?
3551 5296 3675 5375 xui.-

2131 5322 2205 5375 (1)
2238 5322 2402 5374 4pm.,
2422 5322 2467 5359 c.
2489 5322 2569 5363 ω.
2616 5322 2820 5366 unoues
2854 5322 2945 5358 διιο
3005 5322 3099 5355 ure
3136 5322 3226 5353 nos
3267 5322 3515 5350 "tumcum
3564 5322 3673 5349 vus-

2069 5377 2179 5438 g‘usq
2206 5371 2390 5421 invadit
2430 5369 2669 5438 lapidibus
2708 5375 2769 5438 et,
2811 5322 3085 5438 incendiis?
3138 5358 3673 5438 Ipsisnliiaccllanalium

2070 5423 2212 5502 furiis
2236 5448 2329 5484 nec
2352 5423 2556 5502 mortuis
2574 5436 2781 5502 parcunt
2802 5430 3113 5502 Christianis,
3137 5423 3250 5502 quin
3276 5423 3468 5502 illosnde
3493 5423 3674 5502 requie

2071 5484 2373 5568 sepulturae.
2401 5484 2634 5552 avellant,
2692 5492 2984 5562 dissecent,
3023 5484 3313 5560 distrahant.
3374 5486 3438 5536 Et
3493 5498 3538 5534 c.
3574 5484 3669 5533 ‘55.

2071 5558 2208 5626 139'“
2249 5569 2420 5626 ωοειε.
2443 5551 2842 5626 derasum“
2876 5543 3672 5626 φυηεεειιωρτεεειξβξιξῑξιλιξιβιὶξ·

2074 5607 2230 5671 illane
2253 5607 2424 5669 (κεῖθι-ἰ
2446 5607 2648 5679 ordines
2672 5625 2761 5679 pro
2784 5615 3095 5679 auctoritate
3112 5607 3331 5679 religiosi
3357 5621 3423 5679 ex
3446 5607 3575 5679 nde;
3601 5607 3676 5653 ni—

2074 5668 2147 5733 Βίι
2168 5668 2406 5731 hosticum
2428 5677 2513 5737 del
2530 5678 2636 5739 ipso
2664 5668 2868 5740 senatu,
2892 5675 2957 5727 de
2983 5675 3175 5726 en-ttte.
3198 5668 3263 5724 de
3285 5678 3477 5725 castris.
3503 5668 3569 5720 de
3590 5679 3679 5732 pa-

2074 5743 2211 5797 latiis
2233 5742 2353 5806 ipsis
2375 5744 2549 5805 spirat.
