4238 6262
504 194 609 273 ω

1574 208 2025 270 DISSERTATIO
2056 207 2152 269 DE
2190 206 2375 264 VERA
2415 196 2669 263 ASTATE
2744 212 2748 222 ’

3699 209 3802 266 {20

503 345 613 402 quo
656 330 797 386 inter
844 329 1025 386 hostes
1067 328 1278 398 imperii
1327 327 1558 394 Cassios,
1620 327 1812 399 Nigros
1862 324 2106 380 Albinos-
2132 324 2183 384 Α
2210 339 2334 387 mw,
2364 322 2454 393 qui
2491 338 2559 378 ne
2589 322 2860 378 minimam
2900 310 3116 391 quidem
3146 320 3275 378 dant
3299 320 3642 378 Montanismi
3682 337 3801 378 sus.

512 437 609 493 que
658 421 1005 476 Tertullianus
1062 419 1273 485 retulit,
1327 418 1393 473 ad
1432 418 1777 474 asserendam
1829 416 2101 486 Apologe-

516 515 606 571 tici
661 523 871 569 :etatem
928 526 1060 566 nece
1100 510 1376 566 Albiniana
1423 510 1810 579 posteriorem;
1859 507 2104 563 continet

511 617 693 662 tamen
726 607 770 660 is
801 606 915 675 ipse
955 596 1128 659 locus'
1148 603 1371 674 vestigia
1402 602 1647 672 quatdam
1680 616 1785 656 non
1814 599 2102 655 admodum

518 698 769 764 obscura,
794 695 988 767 quibus
1011 695 1319 751 insistentes
1347 703 1559 749 :rtatem
1586 704 1743 764 quam
1760 690 2105 762 Apolngetico

512 788 891 844 constituimus
913 787 1166 850 tribuere,
1199 786 1500 841 accuratius
1527 785 1770 840 invenire
1796 797 2100 853 possumus.

516 879 660 934 Nihil
683 879 793 950 jam
826 879 895 935 de
925 879 1213 948 congiariis
1244 878 1311 933 ab
1336 876 1663 948 Imperatore
1705 874 1902 947 populo
1929 872 2103 938 datis;

514 973 648 1027 nihil
690 971 759 1027 de
799 971 886 1026 die
915 971 1142 1038 solemni
1183 969 1446 1039 Principis
1475 968 1618 1024 omni
1654 966 1982 1021 lautitiarum
2013 978 2108 1034 ap-

512 1070 700 1134 paratu
718 1062 1018 1127 celebrato;
1039 1060 1171 1115 nihil
1202 1060 1269 1115 de
1291 1059 1426 1114 votis
1454 1073 1552 1129 pro
1580 1056 1921 1127 Imperatoris
1937 1055 2111 1111 salute

513 1152 780 1222 susceptis
797 1152 1072 1207 dicemus:
1097 1159 1221 1205 sunt
1240 1151 1384 1206 enim
1417 1149 1554 1213 lucc,
1587 1148 1673 1203 vel
1700 1161 1806 1201 non
1830 1156 1951 1217 apta
1979 1146 2110 1202 satis

516 1244 583 1300 ad
611 1258 724 1299 rem
752 1242 1118 1310 exequendam
1143 1284 1157 1308 ,
1189 1242 1274 1296 vel
1314 1256 1345 1295 a
1373 1240 1656 1295 Moshemio
1679 1238 1788 1308 jam
1819 1238 2111 1308 elegantis-

2207 417 2490 488 piciooem.
2536 426 2592 472 et
2637 427 2759 472 sunt
2804 417 3150 488 Apologetieo
3173 416 3505 486 superiores;
3548 416 3691 488 quod
3729 416 3799 473 de

2204 510 2342 566 libro
2368 527 2520 581 super
2543 511 2730 564 animi:
2758 511 3041 565 testimonio
3069 509 3209 566 ltaud
3239 510 3460 567 dubium
3489 510 3573 566 εει
3591 551 3605 573 ,
3652 524 3717 566 ac
3744 511 3809 564 de

2210 603 2353 658 libris
2390 602 2463 657 ad
2499 603 2732 658 nationes
2764 602 3043 672 probabile
3079 601 3389 658 admodum.
3438 602 3622 672 Neque
3667 616 3810 675 nunc

2207 693 2371 749 credo
2421 692 2535 748 fore
2577 693 2666 763 qui
2726 702 2915 764 putent
2981 692 3353 748 Tertullianum
3393 701 3503 747 tum
3543 692 3816 749 Montanis

2208 794 2346 842 stam
2388 784 2570 849 fuisse,
2612 799 2734 839 cum
2762 784 3167 855 Apologeticum
3194 795 3563 853 componeret.
3593 782 3809 839 Etenim

2209 875 2312 931 nisi
2353 875 2607 931 mavelim
2634 875 2836 946 tingere
2863 889 2983 930 cum
3014 873 3369 955 ﬂauereampo
3398 873 3463 929 V.
3482 874 3543 929 ϐ.
3565 873 3643 944 (in
3674 889 3811 944 pra--

2210 965 2303 1022 fat.
2336 966 2403 1021 ad
2446 967 2736 1023 editionem
2779 966 3063 1037 Apologet.
3108 965 3364 1036 Tertull.)
3434 964 3809 1021 Tuullianutn

2212 1059 2296 1115 bis
2323 1060 2460 1114 hanc
2488 1060 2803 1130 Apologiam
2856 1059 3124 1129 paululum
3162 1055 3494 1115 immutatam
3525 1060 3762 1117 edidisse
3792 1084 3819 1124 .'

2212 1152 2545 1221 argumentis
2590 1152 2790 1206 nostris
2830 1151 3025 1207 cedant
3073 1166 3294 1207 necesse
3322 1160 3406 1207 est
3429 1194 3443 1215 .
3474 1152 3668 1223 quibus
3692 1167 3811 1208 eam

2215 1243 2546 1312 superiorem
2594 1229 2716 1299 esse
2768 1242 2943 1299 Severi
3001 1242 3180 1299 edicto
3220 1242 3582 1314 probavimus.
3637 1246 3814 1315 Atque

503 1337 658 1393 sime
684 1336 970 1406 diSptllala.
1020 1334 1197 1391 Unum
1246 1334 1422 1390 locum
1470 1334 1826 1398 excutiamus,
1881 1340 1935 1385 ct
1987 1344 2111 1385 eum
2172 1360 2179 1367 ι
2217 1348 2317 1405 ego
2341 1334 2646 1405 opinionem
2679 1333 3022 1398 [laver-campi
3065 1351 3170 1389 non
3195 1335 3382 1405 probo,
3409 1349 3530 1390 cum
3555 1335 3815 1391 lectiones

519 1432 737 1504 quidem
806 1432 1053 1502 superius
1096 1432 1148 1486 in
1199 1431 1433 1486 medium
1481 1429 1798 1501 productum
1848 1428 1902 1500 (§
1959 1430 2026 1484 i5
2056 1428 2112 1498 );
2218 1424 2461 1495 qumdam
2497 1435 2672 1480 textus
2705 1424 2865 1496 hujus
2913 1425 3031 1480 libri
3089 1425 3462 1495 discrepantes
3509 1426 3666 1482 istam
3706 1440 3820 1482 rem

518 1531 803 1595 propterea
851 1521 992 1593 quod
1040 1532 1096 1576 et
1146 1522 1190 1576 is
1248 1537 1363 1576 rem
1411 1521 1721 1591 planissime
1771 1518 2009 1587 conﬁcit,
2062 1528 2119 1575 et
2219 1531 2327 1572 non
2371 1516 2656 1572 conﬁciant
2707 1518 2873 1583 satis;
2924 1517 3164 1587 mihique
3211 1534 3277 1572 ex
3339 1516 3559 1572 Eusebio
3606 1518 3820 1588 quidem

520 1622 703 1668 movet
731 1627 860 1678 nos,
887 1622 947 1667 ut
974 1612 1042 1667 ab
1072 1613 1224 1668 istius
1247 1612 1545 1667 doctissimi
1566 1613 1666 1667 viri
1706 1612 1968 1667 sententia
1993 1627 2121 1681 pau-
2221 1608 2289 1663 Η.
2319 1607 2382 1663 Ε.
2414 1607 2476 1662 L.
2507 1606 2573 1663 ll.
2603 1624 2721 1677 cap.
2748 1607 2804 1664 2.
2834 1617 3079 1674 constet,
3114 1609 3253 1679 quod
3299 1608 3607 1664 Tertulliani
3629 1611 3824 1680 Apolo-

508 1707 691 1761 -lulum
716 1705 1081 1761 deﬂectamus.
1109 1707 1197 1761 Ait
1220 1702 1379 1778 igitur
1403 1706 1773 1766 Tertullianas.
1797 1705 2120 1759 scelestarum
2150 1684 2197 1743 Β
2224 1700 2310 1771 gia
2342 1700 2504 1755 latine
2530 1700 2727 1770 scriptu
2751 1700 2842 1763 sit,
2871 1708 3163 1770 posteaque
3198 1715 3374 1770 graece
3412 1714 3694 1764 conversa,
3725 1700 3822 1755 sed

524 1798 748 1869 partium
775 1800 939 1853 socios
964 1807 1051 1852 aut
1095 1798 1361 1869 plausores
1380 1840 1395 1864 ,
1430 1807 1541 1868 post
1570 1797 1876 1852 vindemiam
1903 1798 2121 1868 parrici-
2224 1790 2367 1860 quod
2399 1790 2481 1846 bis
2500 1790 2640 1845 edita
2665 1791 2732 1846 sit
2755 1831 2771 1857 ,
2798 1802 2851 1846 et
2878 1791 3153 1846 immutata
3177 1790 3414 1861 quidem,
3460 1791 3609 1845 nttllo
3642 1792 3824 1847 modo.

525 1890 712 1944 durum
735 1890 1125 1944 racemationem
1152 1891 1492 1960 superstitem,
1520 1890 1748 1961 quotidie
1772 1889 2017 1952 revelari;
2050 1889 2126 1944 ait

2242 1882 2378 1951 Quod
2403 1883 2448 1938 si
2477 1882 2636 1949 igitur
2652 1882 2970 1951 concedant,
2996 1885 3399 1954 Apologeticutn
3430 1883 3608 1940 Severi
3652 1884 3829 1940 ediczo

526 1983 712 2049 etiam,
739 1981 986 2051 quosdam
1015 1982 1332 2052 Astrologos,
1363 1981 1615 2052 Augures,
1649 1980 1830 2051 Magos
1858 1980 1922 2034 de
1949 1979 2124 2034 Cma-

529 2089 647 2126 rum
685 2074 852 2144 capite
874 2074 1205 2128 consuluisse.
1249 2072 1451 2128 Eadem
1477 2072 1760 2142 conjunxit
1785 2071 2120 2142 Spartianus,

530 2162 817 2235 effecitque
863 2165 961 2219 ista
1008 2164 1327 2226 similitudo.
1373 2179 1493 2235 quae
1524 2164 1803 2232 utriusque
1847 2161 2128 2233 scriptoris

531 2254 648 2309 loca
693 2255 920 2310 excitata
967 2255 1283 2321 intercedit,
1325 2264 1382 2309 ut
1419 2265 1705 2324 utrumque
1735 2255 1923 2310 eadem
1969 2254 2129 2325 plane

533 2353 778 2415 tempora
809 2346 1110 2416 respexisse
1135 2346 1393 2403 dicerem.
1434 2345 1544 2403 Sed
1586 2346 1837 2417 quoniam
1868 2360 1965 2402 nec
1997 2344 2127 2400 Ter-

535 2436 786 2491 tulliantts
826 2438 1269 2493 consultationem
1325 2437 1600 2508 Magorum
1649 2420 2019 2507 plane'refert
2074 2437 2128 2492 in

536 2531 725 2587 eadem
757 2531 842 2586 illa
872 2542 1133 2600 tempora,
1164 2531 1217 2585 in
1236 2546 1354 2600 qua:
1380 2531 1635 2601 reliquias
1658 2530 1950 2585 amicttrum
1976 2527 2132 2599 Nigri

537 2623 859 2694 perquisitas
879 2665 894 2689 ,
925 2636 1023 2677 nec
1058 2621 1393 2692 Spartianus,
1434 2622 1523 2676 ιὼὶ
1555 2630 1765 2690 tempus
1792 2620 1993 2675 diserte
2023 2634 2129 2673 non

538 2715 747 2777 deﬁnit,
776 2713 1021 2769 ordinem
1052 2729 1233 2769 rerum
1271 2714 1673 2769 accuratissime
1712 2713 1989 2783 sequitur;
2033 2712 2090 2763 lit
2114 2749 2132 2775 ,

542 2813 602 2859 ut
629 2819 770 2860 nunc
796 2805 1072 2860 mittamus
1101 2819 1197 2869 ea,
1231 2820 1350 2874 qua:
1378 2803 1447 2861 de
1477 2803 1737 2859 consultis
1785 2804 1952 2873 magis
1992 2800 2134 2873 apud

544 2906 833 2968 utrumque
877 2898 1144 2969 leguntur.
1196 2897 1265 2952 At
1308 2897 1534 2952 alterum
1561 2910 1848 2966 sequamur
1874 2895 2131 2965 judicium

541 2989 835 3060 temporis,
885 3004 992 3058 quo
1040 2984 1276 3057 scriptus
1311 2996 1396 3043 est
1442 2987 1837 3058 Apologeticus,
1886 2985 2136 3041 videlicet

542 3080 688 3137 istud
714 3081 949 3137 studium
979 3080 1261 3147 Plautiani,
1284 3078 1631 3150 protrahendi
1656 3093 1845 3134 omnes
1866 3092 1982 3144 eos,
1999 3090 2136 3146 quos

544 3184 824 3243 suspectos
860 3173 1072 3228 dicebat
1114 3188 1315 3228 avers:e
1350 3188 1380 3226 a
1427 3171 1615 3228 Severo
1648 3171 1956 3227 voluntatis.
1989 3168 2134 3238 Hos,

547 3262 860 3335 Spartianus
884 3265 978 3331 ait,
1010 3274 1349 3334 persecutum
1377 3277 1499 3319 esse
1528 3260 1865 3317 Plautianum
1896 3261 2098 3318 interea
2120 3301 2136 3327 ,

544 3346 668 3413 cuin
712 3356 931 3414 Severus
974 3357 1203 3414 Parthos
1252 3357 1471 3414 adortus
1516 3355 1749 3423 fuisset,
1791 3354 2141 3426 rediissetque

547 3446 604 3504 in
648 3447 882 3518 Syriam,
931 3457 988 3502 ut
1032 3463 1091 3503 se
1121 3458 1335 3519 pararet
1376 3447 1444 3503 ad
1474 3447 1671 3503 bellum
1699 3446 1911 3502 Parthis
1949 3445 2140 3515 majori

548 3553 675 3594 cum
706 3540 753 3592 vi
779 3539 1132 3594 inferendum.
1158 3540 1446 3594 Enimvero
1479 3538 1733 3593 credibile
1765 3547 1869 3603 est,
1896 3537 2142 3593 Severum

550 3629 667 3687 fere
709 3639 833 3700 post
876 3631 1107 3686 medium
1147 3633 1212 3686 A.
1243 3630 1519 3696 CXCVIII,
1551 3630 1712 3687 fuisse
1740 3629 1996 3685 adversus
2015 3631 2145 3684 Par-

552 3723 674 3777 thos
701 3721 998 3793 profectum
1032 3722 1142 3795 (l);
1162 3739 1387 3794 quorum
1415 3724 1643 3792 impetus
1667 3737 1789 3777 cum
1814 3724 2143 3793 aliquantum

555 3812 925 3883 repressisset.
957 3814 1009 3868 in
1038 3812 1248 3884 Syriam
1289 3813 1447 3868 rediit
1486 3810 1658 3879 forte,
1699 3824 1758 3868 ut
1797 3812 1869 3867 ibi
1916 3813 2146 3868 hiemem

555 3903 892 3973 transigeret.
927 3902 1025 3960 Ubi
1053 3918 1175 3957 cum
1204 3911 1419 3973 pararet
1449 3916 1535 3968 ea,
1565 3917 1684 3972 quae
1724 3904 2028 3958 necessaria
2067 3903 2148 3957 vi-

556 3994 819 4051 debantur
836 3995 906 4051 ad
940 3996 1166 4051 Parthos
1189 3994 1330 4051 bello
1365 3994 1801 4067 persequendos,
1837 3993 2149 4051 Plantianus

558 4087 900 4159 investigavit
940 4101 1055 4152 eos,
1098 4100 1237 4158 quos
1279 4086 1597 4158 superstites
1646 4095 1870 4143 noverat
1915 4102 1948 4142 e
1992 4085 2153 4158 Nigri

561 4174 772 4251 amicis;
786 4177 929 4248 quod
961 4179 1119 4249 igitur
1147 4177 1260 4235 fere
1290 4178 1485 4234 factum
1515 4187 1598 4234 est
1623 4179 1722 4235 sub
1748 4178 1877 4233 anui
1916 4177 2149 4235 CXCIX.

555 4259 794 4327 initium.
846 4270 1023 4339 Quare
1067 4271 1256 4326 “nullus
1304 4286 1405 4341 ego
1454 4269 1660 4336 dubito,
1716 4271 1843 4341 quin
1888 4271 2152 4326 sententia

2229 1989 2350 2030 esse
2394 1974 2783 2046 antiquiorem:
2816 1990 2910 2031 eos
2947 1978 3186 2046 profecto
3214 1986 3429 2046 oportet
3469 1989 3655 2033 contra
3688 1994 3786 2032 nos
3807 2021 3822 2044 ,

2227 2067 2272 2121 si
2321 2067 2563 2137 possint,
2609 2066 2933 2135 certioribus
2969 2067 3301 2137 argumentis
3341 2084 3613 2140 pugnare,
3661 2086 3823 2141 quam

2229 2158 2313 2222 iis,
2360 2158 2553 2229 quibus
2598 2159 2920 2216 sententiam
2967 2176 2997 2216 a
3061 2160 3346 2216 Mosnemio
3399 2164 3820 2219 demonstratam

2234 2250 2584 2319 Hoﬁ'mannus
2615 2254 2965 2324 impugnavit,
2997 2270 3117 2323 quas
3157 2256 3289 2310 nihil
3327 2255 3595 2312 ﬁrmitatis
3632 2257 3834 2316 habere

2231 2344 2445 2416 egregie
2482 2346 2926 2400 commonstravit
2972 2345 3289 2402 Mosltemius
3318 2349 3370 2403 in
3437 2348 3708 2404 Addendis
3757 2350 3829 2405 ad

2231 2437 2341 2492 vol.
2372 2437 2387 2490 Ι
2417 2438 2548 2494 diss.
2579 2454 2796 2494 suarum
2831 2438 2962 2493 llist.
3002 2440 3209 2496 Eccles.
3252 2456 3308 2512 p.
3355 2442 3604 2498 ἨΜ-48.
3653 2445 3833 2511 Atque

2233 2546 2333 2586 nos
2364 2530 2463 2599 ipsi
2492 2531 2647 2586 alteri
2702 2531 3005 2599 Hoﬂ'ntanni
3060 2541 3376 2601 argumento
3422 2548 3522 2589 suo
3566 2534 3687 2589 loco
3746 2551 3836 2590 te-
3904 2588 3927 2600 ,

2234 2622 2639 2692 spondehimns,
2668 2625 2892 2678 alterum
2920 2640 3050 2680 vero
3078 2640 3359 2681 monemus
3375 2641 3498 2681 cum
3543 2629 3656 2697 ipsa
3686 2626 3842 2694 Half-

2236 2717 2411 2771 manni
2437 2718 2701 2771 sententia
2733 2733 2970 2788 pugnare
3007 2719 3178 2791 (lubet
3202 2720 3345 2775 enim
3379 2721 3476 2775 hos
3530 2720 3844 2777 Mosltemia-

2238 2823 2319 2862 na:
2357 2807 2699 2876 rcSponsioni
2727 2808 3004 2877 adjicere).
3032 2809 3163 2864 Nam
3191 2810 3234 2863 si
3282 2825 3407 2865 vera
3454 2821 3581 2865 sunt
3626 2811 3787 2866 etiam
3819 2853 3835 2878 ,

2237 2914 2360 2970 quae
2399 2899 2469 2955 de
2513 2901 2659 2955 cultu
2691 2900 2964 2971 Serapidis
3006 2900 3192 2956 Romae
3236 2917 3339 2972 .per
3391 2901 3634 2958 Severum
3686 2904 3845 2958 resti-

2244 3000 2357 3047 tuto
2391 2990 2743 3059 Hoffmannus
2778 2992 2946 3059 dicit,
2976 2993 3112 3048 facta
3145 3008 3268 3049 esse
3306 3008 3369 3048 ea
3417 3002 3525 3047 tttm
3573 2992 3792 3049 demunt
3823 3034 3839 3057 ,

2239 3098 2361 3140 cum
2392 3083 2702 3156 Egyptum,
2732 3084 2959 3139 devii-tis
2993 3085 3219 3152 Parthis,
3269 3094 3634 3156 peragrasset,
3684 3086 3742 3141 ιι.
3787 3101 3841 3143 e.

2240 3178 2309 3233 A.
2354 3177 2764 3242 CCll;concidit
2813 3177 2888 3245 id,
2937 3177 3081 3248 quod
3124 3190 3280 3234 antea
3326 3179 3670 3245 decreverat,
3719 3192 3846 3233 au'e

2243 3269 2421 3326 Severi
2471 3269 2702 3325 edictum
2744 3270 3004 3339 scriptum
3058 3269 3461 3341 Apologeticnm
3507 3283 3658 3336 esse;
3713 3285 3850 3341 quo-

2245 3361 2387 3416 niam
2408 3369 2533 3416 ante
2553 3363 2616 3415 A.
2640 3359 2818 3415 Ctllll.
2850 3360 3074 3415 Romam
3109 3361 3326 3417 Severus
3352 3376 3457 3416 non
3484 3361 3662 3428 rediit,
3690 3369 3747 3417 et
3765 3370 3845 3416 la-

2245 3453 2414 3508 menA
2426 3449 2576 3508 .CCll
2586 3452 2837 3507 .edictum
2854 3452 3111 3508 adversus
3125 3453 3447 3553 christianos
3461 3452 3849 3529 promulgatum

2245 3543 2429 3612 fuisse,
2473 3557 2633 3600 nemo
2685 3557 2821 3598 unus
2862 3559 3054 3599 vocare
3100 3545 3153 3599 in
3195 3543 3620 3601 contioversiam
3652 3553 3849 3614 potest.

2254 3678 2282 3750 §
2330 3680 2416 3736 17.
2467 3707 2542 3720 -
2588 3677 2731 3733 Libri
2786 3678 2890 3734 duo
2964 3679 3034 3734 ad
3090 3678 3338 3734 Nationes
3398 3694 3534 3734 anno
3609 3674 3851 3733 CXCIX.

2963 3770 3157 3842 scripti.

2326 3926 2518 3983 Narrat
2568 3925 2621 3982 in
2670 3926 3020 3999 Apologetico
3045 3942 3143 3981 suo
3171 3925 3563 3997 Tertullianusl
3584 3940 3705 3997 cap.
3740 3925 3806 3983 l6
3836 3930 3853 3997 )

2255 4020 2486 4092 proxime
2531 4017 2699 4074 fuisse
2736 4019 3057 4090 quemdam,
3117 4020 3209 4090 qui
3267 4019 3552 4090 imaginem
3601 4028 3853 4090 togatam,

2253 4113 2474 4169 auribus
2527 4114 2838 4170 instructam
2893 4113 3154 4179 asininis,
3204 4113 3376 4168 altero
3437 4112 3572 4183 pede
3636 4114 3860 4184 ungula-

2256 4214 2387 4272 tam,
2433 4205 2610 4273 addita
2667 4205 3013 4275 inscriptione
3034 4245 3049 4271 ,
3102 4203 3240 4260 Dens
3295 4186 3689 4259 cltristianorunt
3734 4221 3861 4258 ono-

2255 4298 2505 4361 cltoetes,~
2557 4297 2916 4368 proposuerit.
2986 4296 3133 4352 Idem
3169 4295 3566 4368 imperfectum
3609 4310 3729 4351 esse
3776 4311 3862 4349 rc-

562 4362 866 4446 μθδήθηήίθ
899 4378 1002 4459 (ΙΨ
1123 4362 1398 4459 θχᾳω·
1427 4363 1606 4459 "'0‘?"
1632 4363 1994 4459 _h“_"°"_bmm
2029 4379 2157 4418 om“
2179 4393 2233 4455 D
2261 4388 2363 4446 fert
2391 4391 2443 4444 in
2472 4362 2672 4459 priore-
2698 4389 2766 4441 ad
2816 4387 3068 4443 Nationes
3116 4362 3253 4443 libro
3287 4362 3346 4443 c.‘
3384 4388 3496 4453 14.;
3536 4386 3673 4458 quod
3698 4400 3861 4456 argn-

559 4434 735 4513 ratum
761 4469 882 4512 esse
910 4434 1199 4523 existimat,
1231 4434 1577 4533 relinquenda
1600 4456 1671 4509 sit
1705 4455 1804 4510 ista
1839 4454 1892 4510 in
1921 4470 2001 4521 re,
2032 4469 2154 4524 pro-

563 4559 748 4620 pterea
799 4548 943 4620 quod
977 4556 1086 4603 tum
1116 4547 1275 4603 modo
1316 4546 1576 4601 adversus
1619 4545 1843 4602 Parthos
1884 4546 2158 4616 profectus

562 4651 649 4700 εει
678 4641 919 4706 Severus,
943 4650 1113 4711 atque
1147 4639 1493 4720 Tertullianus
1532 4652 1640 4694 non
1663 4639 1733 4696 de
1758 4640 2012 4696 extinctis
2059 4640 2176 4693 Al-.

531 4755 534 4764 ι
564 4737 690 4798 bini,
723 4735 817 4793 sed
848 4735 1004 4807 Nigri
1027 4734 1216 4791 amicis
1250 4734 1509 4807 loquitur,
1531 4734 1619 4805 qui
1648 4742 1805 4789 erant
1825 4732 2002 4790 adhuc
2038 4738 2161 4804 post

567 4830 865 4885 Albinianos
893 4832 1227 4900 superstites.
1256 4830 1363 4887 Sed
1388 4845 1560 4902 neque
1583 4840 1841 4899 tempore,
1870 4829 1975 4884 isto
2014 4827 2160 4899 quod

567 4921 823 4987 diximus,
867 4923 1148 4991 posteriori
1192 4923 1325 4977 facta
1356 4938 1477 4978 esse
1507 4922 1717 4978 videtur
1751 4921 1867 4977 haec
1916 4921 2159 4976 inimico-

567 5015 686 5071 ruin
712 5014 887 5070 Severi
911 5015 1320 5085 pervestigatio;
1352 5016 1450 5069 hoc
1470 5016 1612 5069 enim
1644 5022 1902 5084 pugnaret
1925 5027 2046 5068 cum
2069 5027 2157 5090 eo,

570 5107 713 5179 quod
736 5106 934 5187 jant_A.
963 5106 1069 5161 CC.
1096 5100 1907 5160 Tertullianns"Montanistarum
1926 5104 2163 5174 partibus

518 5249 525 5253 ,
570 5199 829 5271 accessit,
873 5198 1198 5270 scripsitque
1234 5207 1358 5252 ante
1401 5198 1538 5253 hanc
1579 5197 1776 5253 factam
1811 5197 1880 5252 ab
1923 5196 2161 5253 Ecclesia

520 5344 526 5351 .
570 5278 934 5347 secessionem
963 5291 1130 5346 libros
1154 5292 1222 5344 ad
1254 5288 1502 5345 Nationes
1531 5299 1586 5346 et
1625 5290 1690 5343 de
1710 5288 2031 5345 Testimonio
2052 5290 2167 5344 atti-

631 5445 1203 5511 (1)7ProfectioAugttsti
1227 5446 1545 5511 conjungitur
1568 5444 1694 5511 apud
1718 5443 2085 5511 Mediobarbutn
2106 5442 2169 5511 a_d

564 5521 611 5559 a.
635 5504 810 5578 199.
826 5504 882 5571 .p.
909 5508 1013 5578 [Β.
1032 5504 1098 5578 εἰ
1115 5510 1239 5578 apud
1263 5504 1573 5578 V'aillantiutn
1593 5504 1806 5578 iungam:
1821 5506 1992 5578 lmpp.2
2012 5504 2106 5578 vol.
2128 5505 2165 5578 Ιζ

562 5586 614 5634 p.
640 5571 749 5634 ωδ,
782 5566 891 5620 ειιίη
914 5571 999 5634 Tr.
1025 5568 1088 5634 Ρ.
1107 5566 1202 5634 γι.
1227 5584 1336 5633 quae
1371 5572 1519 5634 desiit
1541 5568 1600 5617 A.
1626 5566 1844 5634 CiitilX._
1861 5566 2041 5634 taedio.
2068 5566 2171 5634 S_e_d

562 5626 690 5696 apud
713 5632 846 5681 illum
871 5648 918 5695 p.
947 5633 1054 5696 ΞἹᾷ
1077 5632 1202 5696 alius
1242 5626 1469 5696 nummus
1498 5633 1651 5696 habet
1668 5630 1847 5696 Severi
1886 5628 1973 5696 Τιςἶ
1997 5628 2057 5677 Ρ.
2083 5626 2167 5677 γι.

568 5689 681 5743 ςίιιη
704 5689 994 5755 cognomine
1017 5693 1131 5743 Par.
1157 5695 1243 5745 Ar.
1265 5693 1361 5743 'Ad.
1378 5694 1638 5756 signisque
1656 5691 1873 5743 victoriae
1896 5689 2019 5739 aliis.

2258 4492 2442 4537 mento
2495 4495 2617 4537 esse
2669 4488 2863 4548 potest,
2894 4479 3081 4534 eodem
3137 4478 3249 4534 fere
3292 4488 3536 4549 tempore
3572 4493 3692 4533 cum
3725 4478 3866 4547 Ap”.-

2259 4572 2495 4647 logetico
2536 4582 2823 4642 utrumque
2866 4570 2935 4624 ad
2982 4569 3233 4625 Nationes
3269 4570 3461 4625 librum
3501 4552 3704 4643 edittim
3743 4569 3869 4624 luis-

2261 4682 2341 4733 se,
2370 4675 2529 4734 atque
2564 4664 2658 4727 ita,
2704 4664 2756 4718 ni
2798 4663 2972 4728 fallor,
3020 4672 3078 4716 ut
3107 4671 3228 4732 post
3253 4677 3377 4718 cum
3409 4662 3462 4716 lti
3509 4662 3685 4718 lucem
3715 4660 3865 4715 vidc-

2264 4756 2391 4812 rint.
2417 4754 2715 4824 Utrumque
2742 4753 2998 4825 inquam;
3031 4753 3192 4809 verba
3232 4753 3375 4808 enim
3401 4794 3417 4817 ,
3446 4753 3640 4823 quibus
3669 4751 3864 4807 librum

2266 4848 2623 4918 posteriorem
2671 4845 2900 4913 orditur,
2949 4845 3132 4901 statim
3178 4859 3301 4900 eum
3348 4844 3513 4914 priori
3562 4841 3870 4913 subjectum

2262 4939 2552 4997 ostendunt
2598 4947 2717 5007 post
2766 4935 3168 5008 Apologeticum
3215 4955 3228 4991 :
3274 4947 3384 4991 tum
3426 4936 3679 5006 quoniam
3734 4932 3869 4987 illul

2266 5032 2493 5104 proxime
2518 5022 2730 5086 videtur
2759 5027 2977 5084 brevius
3007 5028 3266 5097 temporis
3293 5026 3524 5097 Spatium
3550 5025 3864 5096 designare,

2270 5140 2429 5197 quam
2459 5140 2657 5196 nuper;
2685 5134 2819 5186 tum,
2848 5115 3100 5195 quoniam
3146 5121 3492 5177 verisimilius
3530 5129 3615 5176 est
3656 5119 3701 5174 si
3747 5118 3870 5190 quis

2269 5218 2414 5273 dicat
2454 5216 2830 5271 Tertullianum
2881 5215 3110 5284 primum
3163 5212 3430 5268 Prin-sides
3473 5211 3866 5281 compellasse.

2270 5323 2499 5379 quorum
2530 5307 2820 5364 auctoritas
2848 5305 3018 5376 major
3046 5313 3192 5360 esset
3237 5304 3560 5374 animusque
3610 5300 3836 5358 tractabi
3856 5326 3873 5340 ο

2273 5400 2397 5464 lior,
2429 5415 2587 5471 quam
2618 5398 2820 5469 populi.
2851 5397 3024 5467 Atque
3055 5404 3181 5449 sunt
3202 5407 3402 5467 praeter
3428 5393 3544 5449 hmc
3586 5407 3694 5448 non
3738 5405 3868 5461 pan-

2274 5507 2358 5557 ca,
2389 5491 2583 5562 quibus
2612 5504 2801 5544 eorum
2849 5498 2978 5542 mtas
3009 5485 3176 5541 multo
3204 5485 3451 5553 superior
3483 5483 3661 5540 edicto
3692 5480 3875 5538 Seueri

2277 5583 2503 5654 intelligi
2539 5581 2747 5654 possit;
2775 5595 2804 5635 a
2838 5578 3028 5651 quibus
3052 5576 3435 5633 enumerandis
3461 5589 3550 5629 me
3576 5589 3721 5635 nunc
3756 5573 3874 5643 qui.
3940 5643 3959 5652 -

2282 5676 2405 5733 dem
2432 5677 2705 5741 contineo,
2753 5671 2845 5730 sed
2878 5679 2999 5728 utor
3039 5678 3215 5726 tamen
3258 5667 3325 5724 ad
3355 5666 3494 5724 hanc
3521 5681 3638 5723 rem
3665 5665 3875 5723 duobus
