4242 6266
351 285 453 345 121

1267 284 1359 342 se
1397 282 1741 343 noenum
1781 243 2218 349 scamonea
2258 291 2739 351 murenam.

3545 293 3655 354 12!

351 393 703 471 argumentis.
753 397 928 454 Unum
955 405 1058 464 est,
1099 397 1240 470 quod
1284 400 1374 457 isti
1423 401 1542 456 libri
1591 401 1698 457 sint
1748 403 1947 474 popqu
1972 407 2025 467 Α
2053 406 2160 462 Sed
2182 407 2387 472 dubito,
2417 424 2485 464 an
2508 422 2654 466 recte
2675 410 2744 466 ab
2773 408 3088 477 Ho/I'ntanno
3109 409 3170 465 ιι.
3197 424 3274 478 c.,
3297 424 3349 480 p.
3381 410 3471 467 54.
3501 410 3651 466 dica-

355 491 410 547 in
445 493 628 563 primis
654 491 938 557 destinati;
972 492 1220 559 alterum,
1254 495 1396 565 quod
1427 496 1705 550 victoriam
1727 513 1756 551 a
1784 495 1948 568 Nigro

355 593 517 655 atque
542 585 723 638 Albino
769 596 1018 654 tanquam
1073 601 1178 640 non
1220 587 1290 641 ita
1332 586 1499 641 multo
1543 595 1668 643 ante
1709 601 1951 659 reporta-

358 685 462 732 tam
511 677 836 748 signiticeut.
889 676 1144 748 Nuspiam
1203 678 1469 733 Praesidcs
1521 679 1841 750 alloquitur,
1894 692 1952 736 ut

356 767 482 826 iecit
507 771 561 825 in
609 771 982 842 Apologctico,
1029 771 1123 826 sed
1155 772 1311 827 unice
1341 773 1616 843 populum,
1651 789 1681 828 a
1711 790 1816 844 quo
1839 791 1950 830 nte-

355 863 488 918 mini
537 863 910 919 Tertullianam
953 865 1146 920 alicubi
1195 865 1356 921 etiam
1385 869 1464 936 (v.
1507 883 1557 923 c.
1596 867 1659 922 L.
1700 867 1740 923 l.
1782 884 1832 924 e.
1869 869 1954 942 3.)

355 955 555 1012 diserte
615 957 882 1015 Praesides
941 958 1278 1014 diatinxisse.
1341 959 1602 1030 Deinceps
1653 961 1789 1026 hos,
1839 962 1951 1026 ait,

357 1049 550 1120 quibus
615 1050 814 1106 dicavit
857 1052 993 1106 istos
1048 1052 1240 1119 libros,
1294 1068 1577 1109 accusasse
1628 1053 1952 1112 christianos

359 1143 469 1214 (L.
514 1145 556 1200 l.
612 1160 664 1200 c.
704 1146 794 1200 20.
822 1152 863 1217 );
914 1148 1056 1218 quod
1099 1147 1316 1218 quidem
1363 1150 1650 1204 convenire
1695 1151 1853 1205 video
1899 1151 1950 1205 in

356 1235 640 1304 Prmsides,
677 1251 853 1294 tamen
905 1241 1072 1294 multo
1128 1241 1296 1310 magis
1328 1240 1556 1296 refertur
1606 1241 1684 1295 ad‘
1714 1241 1948 1310 plebem.

359 1329 602 1402 Denique
657 1332 835 1401 ipsum
876 1347 1174 1402 cognomen
1238 1333 1540 1395 Nalionum,
1593 1333 1734 1402 quod
1775 1347 1858 1389 est
1897 1335 1951 1388 in

355 1422 550 1478 horum
595 1424 856 1479 librorum
902 1426 1207 1494 epigraphe,
1262 1427 1596 1481 manifestum
1646 1435 1730 1481 est
1766 1442 1794 1480 a
1823 1426 1952 1480 Ter.

354 1515 574 1570 tulliano
633 1517 856 1572 inditum
908 1533 1028 1573 esse
1080 1519 1163 1582 iis,
1207 1517 1296 1586 qui
1341 1517 1507 1574 dediti
1571 1529 1725 1572 erant
1787 1519 1953 1574 cultui

357 1609 612 1672 deorum;
637 1609 722 1664 hic
746 1626 873 1667 vero
911 1610 1121 1680 proprie
1160 1610 1368 1680 plebem
1401 1611 1827 1678 superstitiosam
1853 1612 1954 1666 de-

355 1700 535 1770 signat
563 1702 704 1756 haud
730 1703 909 1767 dubie,
943 1713 1220 1772 prepterea
1252 1704 1394 1774 quod
1428 1720 1564 1774 pene
1593 1705 1803 1764 eadem.
1827 1719 1947 1774 qum

348 1790 615 1860 disputata
645 1802 772 1847 sunt
801 1794 851 1846 in
883 1794 982 1847 hoc
1008 1803 1234 1866 utroque
1264 1796 1465 1859 libello,
1486 1796 1595 1866 jam
1624 1797 1950 1852 Praesidibus

350 1883 738 1939 consideranda
773 1887 1049 1955 proposuit
1085 1887 1140 1942 in
1183 1889 1553 1958 Apologctico.
1602 1889 1705 1944 Sed
1737 1905 1952 1958 nupera;

350 1975 540 2044 stragis
569 1973 725 2046 Nigri
763 1976 1034 2046 Albinique
1082 1979 1413 2034 mentionem
1443 1980 1609 2047 injicit
1637 1980 1737 2035 hoc
1767 1982 1948 2047 modo,

352 2075 410 2119 ut
429 2065 636 2137 Syriam
654 2067 960 2121 cadaverum
983 2069 1220 2123 odoribus
1236 2071 1454 2138 spirare,
1479 2069 1771 2145 Galliasque
1784 2073 1952 2126 adhuc

355 2155 609 2212 Rhodano
647 2175 738 2213 suo
765 2175 867 2212 non
904 2159 1074 2214 lavare
1097 2161 1276 2226 dicat;
1333 2162 1472 2232 quod
1514 2163 1639 2233 quid
1686 2165 1784 2220 sibi
1840 2165 1954 2220 vult

285 2309 292 2312 _
355 2248 499 2303 aliud
541 2266 696 2317 quam
748 2250 890 2316 hoc,
934 2253 1019 2307 vix
1053 2252 1212 2306 ﬁnem
1252 2253 1392 2310 bello
1433 2253 1608 2309 Severi
1633 2271 1752 2310 cum
1784 2256 1952 2326 Nigro

351 2352 512 2413 atque
535 2344 717 2398 Albino
760 2344 928 2400 fuisse
969 2345 1311 2414 impositum?
1350 2347 1478 2414 ane
1506 2349 1719 2419 quidem
1746 2351 1946 2416 omnia,

349 2433 483 2490 istos
507 2437 576 2489 ad
606 2435 855 2491 Nationes
877 2437 1042 2493 libros
1063 2452 1166 2492 non
1192 2449 1308 2508 post
1329 2440 1561 2493 edictum
1587 2439 1758 2494 Severi
1778 2441 1950 2496 editos

349 2527 513 2586 fuisse
544 2571 558 2592 ,
586 2530 681 2585 sed
708 2541 833 2586 ante
861 2571 876 2595 ,
919 2530 1219 2586 luculenter
1251 2533 1579 2598 ostendunt,
1623 2547 1951 2604 possuntque

351 2618 579 2676 educere
619 2635 808 2676 omnes
829 2662 844 2686 ,
873 2638 977 2676 non
1026 2631 1220 2690 praeter
1248 2639 1361 2677 rem
1407 2622 1504 2676 hos
1533 2625 1699 2678 libros
1725 2627 1950 2680 comites

355 2710 508 2767 datos
536 2727 567 2765 a
602 2713 758 2766 nobis
799 2712 963 2766 fuisse
995 2713 1342 2783 Apologetico
1385 2713 1683 2770 Tertulliani
1713 2758 1728 2782 ,
1755 2718 1950 2788 quippe

348 2818 484 2873 quos
511 2818 574 2858 ea
600 2804 668 2859 de
693 2820 854 2860 causa
882 2817 1089 2875 oportet
1117 2809 1346 2876 scriptus
1396 2823 1517 2864 esse
1539 2851 1552 2872 ,
1581 2825 1700 2864 cum
1723 2810 1834 2878 jam
1864 2811 1950 2865 di-

348 2895 510 2950 midia
546 2910 670 2966 pars
709 2898 772 2951 A.
804 2895 1036 2952 CXCIX.
1069 2895 1257 2952 fuisset
1300 2913 1580 2954 conversa.
1615 2900 1690 2954 Ex
1723 2915 1828 2970 quo
1857 2917 1951 2970 ap-

351 3000 501 3060 paret
530 2990 693 3045 simul
722 3031 737 3053 ,
773 2991 1011 3059 ipsorum
1040 3001 1316 3046 auctorem
1347 2991 1455 3046 tuin
1485 2991 1722 3047 nondum
1753 2994 1950 3050 abiisse

348 3085 401 3138 in
448 3082 892 3138 Montanistarum
926 3085 1248 3138 sententiam
1276 3125 1290 3148 ,
1323 3084 1586 3154 siquidem
1633 3085 1684 3139 id
1728 3085 1945 3140 demum
1973 3119 2018 3182 Ο

351 3175 418 3232 Α.
445 3175 550 3230 CC.
576 3177 822 3244 contigit,
855 3176 1030 3245 neque
1051 3175 1394 3230 inveniuntur
1420 3177 1469 3230 in
1495 3176 1644 3230 libris
1671 3177 1804 3237 istis,
1829 3192 1948 3244 quae

349 3267 710 3336 suspicionem
738 3266 1076 3322 Muntanismi
1107 3283 1324 3322 movere
1347 3270 1675 3335 aliquantum
1703 3277 1943 3338 possunt.

353 3358 427 3411 At
455 3374 616 3410 unum
647 3361 748 3412 hoc
775 3359 900 3411 mihi
924 3358 1389 3414 animadversione
1415 3359 1634 3428 diguttm
1660 3359 1865 3413 videtur
1895 3359 1947 3416 in

352 3445 663 3513 Hoﬂmanni
704 3449 1042 3518 argumentis,
1077 3449 1169 3518 qui
1211 3450 1382 3504 eidem
1400 3449 1750 3508 .similitudiui
1793 3449 1950 3503 iusis-

352 3549 475 3596 tens
501 3583 517 3606 ,
549 3557 666 3612 qum
692 3554 1058 3612 argunventum
1101 3545 1431 3614 Apologetici
1462 3545 1757 3615 horumque
1788 3543 1950 3599 libro-

343 3647 464 3687 rum
494 3633 774 3689 intercedit
799 3677 814 3700 ,
840 3637 1144 3705 pronuntiat
1170 3638 1222 3690 in
1253 3640 1576 3692 contrariam
1608 3646 1810 3706 partetu
1841 3652 1946 3691 non

342 3723 501 3779 bene.
549 3724 790 3794 Namque
822 3743 884 3782 ea
930 3728 1050 3798 ejus
1079 3729 1295 3799 epiuio,
1324 3745 1444 3798 quae
1468 3730 1518 3782 in
1555 3729 1653 3782 hoc
1682 3739 1943 3794 versatur,

343 3817 479 3884 quod
504 3819 621 3872 libri
645 3820 714 3872 ad
745 3819 994 3876 Nationes
1019 3838 1134 3875 cum
1157 3822 1326 3877 libello
1346 3823 1407 3877 de
1428 3822 1737 3877 Testimonio
1761 3825 1946 3878 animo:

341 3923 445 3962 non
479 3908 721 3976 ili/ferant
746 3912 808 3964 ab
839 3913 1188 3983 Apologetico,
1220 3916 1317 3968 nisi
1344 3915 1656 3984 prolixitate,
1689 3917 1945 3970 eamdem-

339 4014 434 4065 que
462 4001 828 4070 defensionem,
856 4021 1007 4074 quam
1042 4005 1385 4062 Tertullianus
1409 4008 1461 4060 in
1490 4008 1817 4076 Apologetico
1835 4009 1941 4064 rel-

340 4099 392 4144 ut
417 4091 470 4146 in
498 4109 724 4163 pugnum
741 4109 1133 4166 compresserat,
1162 4099 1422 4167 aliquanto
1472 4099 1624 4153 latius
1650 4101 1941 4167 explicent;

340 4199 402 4239 ea
437 4200 568 4241 vero
601 4201 701 4242 nec
739 4199 886 4244 recte
913 4205 973 4244 se
1017 4190 1177 4246 habet
1205 4194 1426 4247 omnino
1448 4235 1463 4260 ,
1497 4210 1596 4249 nec
1625 4203 1708 4249 est
1733 4195 1798 4248 ad
1827 4210 1940 4250 rem

340 4274 678 4333 eliicieudam
707 4281 838 4334 satis
885 4282 1096 4337 idonea.
1151 4284 1228 4338 De
1276 4285 1442 4353 ipsius
1485 4288 1781 4354 argumenti
1812 4303 1942 4342 con-

342 4370 586 4428 clusione
617 4373 747 4428 nihil
779 4375 970 4431 attinet
1009 4377 1223 4442 dicere;
1251 4387 1334 4432 est
1368 4380 1509 4432 enim
1543 4381 1643 4434 hoc
1668 4382 1798 4434 satis
1823 4381 1937 4435 dis-

2056 511 2142 556 tur
2166 502 2333 557 altera
2355 505 2502 573 quasi
2529 519 2650 573 pars
2674 520 2794 560 esse
2822 505 3210 563 commentarii.
3242 519 3400 575 quem
3425 504 3476 558 itt
3502 509 3647 574 Apo-

2053 595 2340 666 logclicum
2374 596 2721 651 'l'ertullianus
2742 597 3001 664 ediderit,
3025 614 3145 653 cum
3168 597 3290 652 libri
3310 597 3378 651 ad
3405 597 3650 654 Nationes

2054 687 2287 758 priorem
2335 687 2634 742 effeCt‘riut.
2687 688 2927 760 Namque
2959 691 3058 744 ista
3107 690 3265 744 verba
3319 689 3650 759 Apologetici

2054 795 2104 834 c.
2142 780 2226 834 17.
2256 780 2408 858 vu_ltis
2428 797 2491 834 ex
2509 782 2694 835 anima:
2723 782 2883 852 ipsius
2915 782 3197 836 testimonio
3226 782 3606 851 comprobemus
3628 783 3654 836 .’

2055 888 2174 940 quae
2198 887 2381 926 ansam
2415 871 2733 939 Ilo/fiumina
2761 876 2829 927 ita
2867 873 3130 929 sentiendi
3171 873 3370 929 dedere
3396 916 3412 940 ,
3445 889 3552 928 non
3584 875 3652 928 ita

2054 976 2359 1034 comparata
2396 967 2643 1020 videntur
2675 966 2802 1020 mihi
2825 1008 2840 1032 ,
2875 978 2931 1021 ut
2974 968 3179 1035 possint
3209 969 3438 1022 lectores
3464 983 3654 1022 omnes

2054 1055 2122 1111 ad
2153 1058 2311 1126 hujus
2337 1058 2607 1127 Opinionis
2628 1059 2909 1113 veritatem
2938 1059 3335 1130 agnoscendam
3358 1059 3650 1128 adducere,

2055 1165 2175 1205 cum
2214 1151 2404 1206 eodem
2437 1152 2528 1206 illo
2573 1151 2691 1208 loco
2734 1151 3080 1206 Tertullianus
3106 1162 3161 1205 et
3197 1152 3566 1206 demonstrare
3595 1167 3654 1206 se

2058 1255 2219 1310 posse
2247 1257 2408 1295 unum
2437 1241 2606 1296 Deum
2635 1257 2700 1297 ex
2730 1242 2847 1311 ejus
2870 1241 3121 1313 operibus
3146 1241 3286 1296 dicat
3310 1259 3324 1303 ;
3357 1241 3424 1296 de
3465 1257 3565 1312 qua
3595 1257 3654 1297 re

2058 1340 2235 1386 tamen
2281 1348 2542 1402 nusquam
2566 1349 2689 1388 eum
2722 1334 2936 1388 memini
2969 1349 3034 1388 ex
3079 1333 3320 1388 instituto
3356 1333 3649 1403 disputare.

2057 1423 2245 1477 saltem
2293 1425 2343 1478 iu
2393 1425 2532 1479 libro
2577 1425 2701 1492 tali,
2755 1425 2843 1494 qui
2899 1425 2968 1478 sit
3012 1423 3202 1480 eodem
3247 1433 3486 1494 tempore
3527 1439 3650 1479 cum

2057 1515 2418 1584 Apologeticis
2471 1516 2724 1585 scriptus.
2784 1513 2994 1570 Certius
3053 1517 3194 1569 hunc
3247 1515 3442 1569 librum
3501 1516 3650 1584 Apo-

2058 1608 2286 1678 logetico
2325 1608 2584 1678 a-qualem
2629 1622 2750 1664 esse
2791 1607 2951 1663 verba
2991 1607 3187 1662 docent
3225 1623 3324 1668 ea,
3357 1607 3549 1676 quibus
3595 1608 3650 1662 in

2055 1702 2294 1756 sectione
2345 1701 2527 1771 quinta
2563 1717 2614 1769 p.
2662 1701 2752 1756 ει.
2803 1703 2970 1754 utitur
3011 1698 3357 1753 Tertullianus
3406 1715 3424 1752 :
3454 1698 3654 1754 Divina:

2053 1793 2322 1860 scriptura:
2349 1808 2464 1863 qua:
2489 1809 2637 1861 penes
2661 1809 2752 1845 nos
2775 1791 2851 1844 vel
2875 1789 3086 1845 Judwos
3105 1801 3242 1856 sunt,
3267 1791 3425 1845 multo
3441 1791 3654 1845 saecula-

2053 1886 2192 1939 ribus
2238 1886 2417 1939 litteris
2466 1901 2567 1938 non
2613 1885 2811 1938 modica
2840 1883 3032 1937 tantum
3071 1893 3221 1938 wtate
3249 1884 3421 1953 aliqua
3446 1893 3650 1938 antece-

2055 1979 2201 2042 dunt,
2231 1989 2286 2032 ut
2316 1979 2425 2032 loco
2452 1995 2544 2033 suo
2571 1978 2881 2032 edocuimus.
2919 1977 3030 2035 lloc
3055 1993 3182 2033 vero
3209 1977 3421 2032 ubinam
3448 1977 3651 2043 docuit,

2054 2072 2156 2126 nisi
2200 2072 2251 2125 in
2284 2071 2677 2140 Apologetico?
2711 2085 2829 2140 cap.
2867 2069 2952 2124 l8.
3009 2085 3162 2140 seqq.
3195 2069 3364 2137 Quem
3393 2083 3514 2124 cum
3553 2067 3654 2123 sub

2056 2163 2264 2218 initium
2295 2164 2359 2217 A.
2412 2161 2668 2229 CXCIX,
2699 2177 2794 2217 eos
2826 2176 2954 2217 vero
2980 2162 3048 2214 ad
3072 2160 3320 2214 Nationes
3351 2161 3504 2230 paulo
3533 2169 3654 2231 post

2053 2257 2422 2325 composuerit
2453 2299 2468 2322 ,
2498 2272 2639 2310 anno
2671 2257 2774 2311 isto
2805 2272 2938 2324 pene
2979 2256 3196 2326 expleto
3226 2267 3468 2309 nostrum
3499 2254 3654 2308 libel-

2054 2350 2162 2404 lum
2189 2349 2424 2404 edidisse
2449 2349 2753 2404 censendus
2781 2359 2884 2402 est.
2917 2347 3099 2417 Neque
3131 2347 3180 2402 id
3207 2346 3465 2402 abhorret
3491 2345 3558 2400 ab
3587 2359 3653 2400 eo

2053 2442 2194 2511 quod
2215 2443 2313 2497 sibi
2330 2444 2380 2496 in
2403 2441 2580 2496 libello
2600 2440 2948 2494 Tertullianus
2993 2438 3371 2506 exequenduttt
3399 2437 3648 2508 sumpsit,

2053 2545 2108 2588 ut
2133 2535 2303 2588 annuli
2333 2545 2772 2603 persecutoresque
2818 2533 3207 2586 Christianorum
3249 2531 3469 2583 veritatis
3495 2537 3540 2582 et
3569 2545 3652 2581 er-

2053 2626 2184 2679 roris
2222 2627 2275 2679 in
2317 2641 2370 2679 se
2409 2635 2456 2679 et
2499 2625 2782 2694 iniquitatis
2811 2625 2862 2676 in
2893 2640 2974 2678 eos
3003 2623 3382 2676 revincerentur
3427 2617 3580 2691 (c.l.
3607 2618 3649 2690 ).

2055 2718 2161 2773 Sed
2232 2719 2283 2772 in
2354 2717 2556 2783 alium,
2613 2733 2843 2788 eumque
2913 2717 3264 2787 posteriorem
3333 2731 3444 2781 eo,
3493 2730 3650 2784 qneut

2053 2812 2307 2877 diximus,
2336 2826 2535 2866 annum
2558 2809 2950 2878 conjiciendum
2980 2808 3122 2863 hunc
3146 2809 3337 2863 librum
3368 2823 3471 2860 non
3499 2816 3647 2876 puto.

2054 2903 2263 2959 Etenim
2298 2912 2576 2972 praeterea,
2608 2901 2749 2972 quod
2781 2901 2924 2955 nulla
2957 2899 3009 2954 itt
3040 2900 3142 2955 isto
3173 2899 3309 2954 libro
3333 2897 3651 2968 signiﬁcatio

2053 2995 2390 3051 Montanismi
2423 3004 2698 3064 appareat,
2733 2992 2870 3046 haud
2897 2993 3072 3060 inepte
3097 2993 3218 3061 quis
3244 2991 3440 3044 dixerit
3461 2987 3485 3051 ,’
3505 2988 3662 3041 hunc-

2053 3085 2216 3140 veluti
2245 3085 2595 3153 appendicem
2626 3097 2748 3138 esse
2789 3080 3134 3152 Apologetico
3160 3080 3418 3148 librisque
3459 3075 3522 3130 ad
3559 3092 3652 3129 ua-

2053 3177 2224 3231 tiones
2259 3175 2555 3243 adjectum;
2595 3172 2845 3243 quoniam
2879 3172 2930 3224 in
2962 3185 3028 3225 co
3053 3169 3318 3238 disputata
3357 3175 3439 3220 cst
3493 3167 3652 3234 pau'o

2052 3268 2282 3338 amplius
2307 3267 2551 3322 doctrina
2577 3265 2888 3319 christiana.
2919 3261 3100 3331 Neque
3123 3260 3266 3314 ullus
3292 3260 3408 3327 ejus
3437 3258 3651 3329 generis

2052 3363 2192 3418 liber
2219 3361 2474 3416 adversus
2501 3361 2742 3427 ineptum
2774 3355 3006 3410 Deorum
3043 3346 3246 3410 cultum
3277 3364 3361 3409 est
3385 3369 3414 3406 a
3444 3349 3649 3406 Tei'tul-

2055 3455 2194 3509 liano
2235 3451 2602 3520 compositus,
2632 3449 2720 3517 qui
2756 3458 2936 3518 posset
2977 3447 3066 3500 alii
3109 3445 3335 3515 tempori
3368 3443 3648 3509 vindicari,

2052 3564 2212 3619 quam
2236 3545 2382 3610 huic,
2411 3559 2521 3614 quo
2547 3544 2658 3612 ipsa
2685 3541 2930 3596 violentia
2966 3543 3018 3596 in
3049 3524 3373 3595 christianos
3403 3536 3647 3607 require-

2051 3641 2144 3696 bat
2170 3639 2682 3695 demonstrationem
2713 3651 2935 3689 summae
2963 3635 3236 3704 iujuslititl:
3261 3632 3566 3704 eonspieuze
3595 3632 3648 3686 itt

2051 3733 2433 3803 superstitione
2464 3734 2606 3786 ferro
2636 3730 2974 3797 ﬂammisque
3000 3726 3361 3798 propaganda.

2608 3817 2998 3877 ARTICULUS
3037 3818 3124 3873 Ill.

2054 3917 2132 3971 De
2179 3917 2318 3971 libris
2355 3915 2678 3980 Tertulliani,
2709 3931 2920 3983 quorum
2959 3923 3004 3967 et
3043 3923 3167 3968 tetas
3198 3921 3241 3967 et
3271 3911 3646 3966 Montanismus

2743 4016 2958 4062 εοηειαι.

2047 4099 2074 4171 §
2099 4101 2148 4154 ί.
2179 4130 2249 4141 -
2271 4099 2422 4155 Liber
2446 4100 2508 4154 de
2534 4099 2734 4154 Corona
2759 4100 2906 4172 Anno
2927 4097 3062 4153 CCI.
3083 4101 3287 4152 docetur
3309 4099 3641 4169 conscriptus.

2119 4194 2175 4248 In
2222 4196 2500 4264 superiore
2543 4194 2921 4259 diSpUlaliOIIiS
2973 4202 3122 4262 parte
3167 4193 3297 4246 satis
3337 4192 3643 4261 expositum

2043 4300 2163 4339 esse
2193 4296 2443 4355 putamus
2469 4285 2537 4340 de
2585 4286 2733 4339 libris
2780 4285 2842 4338 iis
2867 4327 2879 4345 ,
2928 4300 3158 4355 quorum
3200 4294 3331 4338 tetas
3357 4271 3641 4353 etipuritas

2042 4377 2302 4431 doctrina:
2328 4387 2477 4431 certo
2503 4377 2730 4446 quodam
2763 4377 2922 4430 modo
2951 4377 3088 4430 ellici
3114 4391 3271 4447 posse
3302 4376 3640 4430 videbantur.

339 4472 582 4531 putatum
607 4480 636 4518 a
670 4465 844 4531 nobis,
874 4476 929 4520 et
957 4467 1134 4522 adhuc
1162 4470 1482 4538 quibusdam
1513 4471 1562 4524 iu
1595 4472 1726 4526 locis
1752 4472 1936 4540 disliu-
1963 4474 2015 4533 D
2042 4467 2195 4522 Nunc
2219 4469 2461 4537 sequitur
2487 4469 2622 4522 alter
2651 4469 2802 4544 locus
2827 4510 2841 4534 ,
2865 4469 2952 4538 qui
2983 4468 3325 4538 perlt'aclabil
3351 4483 3447 4522 οίιε
3465 4507 3480 4532 ν
3509 4482 3642 4535 ίΙ¹¹ο’

341 4553 558 4608 tabitur.
591 4556 657 4611 Et
682 4561 928 4626 quamvis
955 4561 1006 4614 itt
1035 4561 1383 4632 Apologetico
1411 4562 1522 4618 fere
1544 4563 1738 4618 similia
1764 4567 1939 4620 tradat

341 4640 684 4702 Tertullianus
709 4664 914 4714 corum,
949 4667 1066 4719 qua:
1091 4650 1301 4706 fuerunt
1332 4653 1382 4706 in
1411 4654 1561 4708 libris
1585 4658 1653 4707 ad
1687 4654 1936 4712 Nationes

337 4739 612 4805 exposita;
638 4739 802 4794 multa
829 4749 1006 4796 tamen
1028 4752 1152 4796 stmt
1174 4745 1223 4796 in
1251 4745 1374 4807 isto,
1396 4761 1515 4813 qua:
1539 4746 1588 4798 in
1614 4745 1695 4800 his
1719 4763 1936 4817 prorsus

338 4839 446 4879 non
473 4837 701 4896 exstant,
731 4839 786 4886 ct
815 4832 1052 4887 vicissim
1083 4834 1132 4888 in
1162 4832 1266 4895 his,
1290 4851 1408 4904 qu:e
1438 4835 1631 4891 frustra
1663 4838 1713 4891 in
1739 4839 1936 4908 Apolo-

333 4920 511 4987 getico
530 4933 860 4989 quaaruntur.
906 4923 1059 4992 Quod
1087 4925 1174 4994 qui
1214 4928 1516 4994 perspicere
1546 4927 1756 4996 plenius
1781 4929 1931 4994 velit,

334 5024 458 5064 eum
506 5011 572 5065 ad
625 5012 930 5069 universum
981 5017 1174 5072 librum
1208 5019 1559 5086 posteriorem
1589 5019 1931 5085 remittimus,

333 5099 477 5169 quod
516 5112 763 5158 versatur
793 5106 844 5158 in
875 5106 1228 5174 explodendis
1262 5109 1542 5178 gentiliqu
1575 5109 1682 5161 Diis
1723 5126 1738 5160 :
1771 5109 1858 5162 ubi
1889 5111 1934 5164 si

333 5191 652 5251 disceSSeris
680 5197 749 5252 ah
771 5198 973 5254 ultimis
997 5200 1117 5255 libri
1140 5201 1487 5269 sectionibus,
1517 5201 1650 5256 nihil
1674 5202 1932 5270 reperies,

332 5283 479 5352 quod
503 5286 572 5339 sit
596 5286 648 5340 in
679 5288 1026 5358 Apologetico
1053 5300 1354 5346 tractatum.

334 5372 364 5444 §
411 5374 493 5432 18.
541 5405 613 5418 -
674 5377 826 5434 Liber
892 5382 956 5436 de
1015 5383 1299 5438 testimonio
1342 5383 1530 5439 animi:
1591 5383 1755 5441 eidem
1795 5403 1931 5442 anno

534 5547 538 5551 -
1006 5475 1269 5530 inseritur.

403 5555 522 5614 Stat
565 5557 697 5614 mihi
747 5560 934 5617 eadem
983 5566 1243 5620 sententia
1289 5565 1356 5622 de
1401 5581 1466 5622 eo
1513 5566 1737 5636 libello,
1770 5584 1929 5640 quem

331 5643 679 5705 Tertullianus
725 5653 789 5706 de
835 5651 1140 5709 Testintonio
1181 5657 1366 5711 anima’
1408 5660 1746 5730 conseripsit.
1777 5661 1932 5718 Hunc

331 5737 577 5806 equidem
621 5758 727 5799 nou
769 5759 906 5815 nego
945 5747 1203 5817 aequalem
1234 5764 1353 5805 esse
1383 5749 1531 5808 libris
1552 5753 1620 5806 atl
1657 5752 1927 5812 Nationes.

2042 4575 2158 4612 rtun
2185 4569 2317 4612 tetas
2346 4575 2452 4613 non
2482 4560 2659 4613 minus
2695 4568 2908 4612 constat
2932 4599 2946 4621 ,
2975 4573 3135 4628 quam
3175 4559 3224 4609 id
3250 4599 3263 4619 ,
3290 4557 3433 4625 quod
3476 4557 3581 4608 sint
3610 4569 3640 4608 a

2040 4648 2356 4703 Tertulliano
2377 4662 2485 4705 tttm
2516 4651 2668 4710 editi,
2697 4667 2818 4704 cum
2846 4650 2910 4702 ad
2944 4648 3173 4703 Montani
3195 4646 3532 4714 disciplinam
3558 4660 3634 4710 se,
3719 4673 3722 4678 -

2039 4739 2221 4792 relicta
2249 4750 2428 4794 vetere
2453 4782 2467 4806 ,
2493 4741 2828 4795 contulisset.
2862 4739 3004 4790 Inter
3028 4751 3162 4804 quos
3199 4740 3426 4805 primutn
3462 4735 3636 4789 locum

2043 4839 2188 4885 tenet
2213 4829 2350 4884 liber
2374 4830 2438 4884 de
2463 4831 2683 4894 Corona,
2714 4830 2765 4884 iu
2796 4829 2949 4896 cujus
2977 4837 3188 4881 :ctatem
3224 4838 3277 4881 ιιι
3306 4827 3638 4898 iuquiramus

2040 4925 2202 4995 paulo
2249 4924 2476 4992 plenius,
2511 4939 2688 4992 Operm
2721 4922 2931 4976 videtur
2961 4923 3185 4991 pretium
3213 4935 3332 4978 eSse
3354 4937 3419 4978 eo
3443 4925 3635 4991 magi=,

2036 5034 2142 5088 quo
2159 5019 2360 5072 certius
2389 5017 2475 5073 hic
2505 5017 2664 5072 veluti
2693 5022 2998 5087 παράπηγμα
3023 5025 3122 5079 est,
3148 5017 3212 5070 ad
3243 5019 3381 5086 quod
3412 5018 3635 5086 exigen-

2037 5112 2091 5166 di
2123 5121 2247 5165 sunt
2273 5113 2454 5165 caeteri
2496 5123 2685 5164 omnes
2714 5109 2856 5175 libri,
2890 5111 2933 5164 si
2967 5108 3094 5163 illud
3123 5110 3300 5164 veniat
3331 5111 3382 5162 in
3413 5119 3632 5161 contro-

2038 5205 2310 5266 versiam.
2361 5213 2536 5258 utrum
2582 5203 2691 5257 siut
2730 5213 2854 5258 aute
2915 5201 3218 5256 Tertulliani
3275 5200 3634 5256 deiectionem

2034 5296 2242 5368 scripti,
2273 5311 2485 5352 necne.
2527 5298 2639 5365 Qua
2675 5296 2740 5351 de
2763 5313 2819 5351 rc
2841 5311 2961 5351 cum
2993 5295 3271 5356 videamus
3297 5293 3486 5347 doctos
3531 5293 3634 5348 lto-

2036 5388 2208 5440 miues
2238 5387 2402 5440 variis
2431 5387 2570 5442 inter
2599 5401 2656 5440 se
2686 5386 2945 5441 dissidere
2969 5385 3274 5449 sententiis,
3305 5383 3498 5454 quibus
3525 5384 3628 5438 im-

2035 5480 2286 5550 pedivere
2314 5481 2481 5551 magis
2510 5482 2787 5538 veritatem
2814 5478 3192 5535 inveniendam
3222 5493 3382 5548 quam
3414 5477 3632 5548 expedi-

2033 5588 2197 5636 verc;
2247 5571 2473 5628 candide
2511 5571 2751 5627 dicemus
2777 5613 2790 5638 ,
2832 5587 2950 5641 qua:
2991 5570 3100 5625 veri
3149 5569 3341 5624 similia
3383 5567 3632 5624 videntur

2035 5665 2210 5727 nobis,
2241 5679 2303 5717 ac
2333 5680 2436 5719 una
2466 5677 2680 5720 tuemur
2706 5679 2877 5734 caque
2921 5665 3090 5734 prima
3124 5662 3242 5716 libri
3290 5662 3528 5718 sectione
3550 5702 3564 5728 ,
3597 5677 3628 5717 e
3681 5647 3688 5652 ’

2033 5771 2134 5827 qua
2163 5756 2275 5811 erui
2300 5763 2474 5828 potest
2497 5765 2550 5813 et
2572 5758 2683 5827 ipsa
2705 5755 2991 5828 SCl'iplUl‘iS
3012 5754 3276 5819 doctrina,
3306 5763 3359 5810 et
3389 5764 3619 5826 tempus,
