4238 6262
602 296 714 360 185

1629 352 1636 361 ,
1690 279 2140 345 DISSERTATIO
2179 277 2272 343 ne
2305 276 2494 338 vena
2531 279 2790 358 mare
2865 301 2868 304 -

3786 277 3896 342 ηι

603 427 712 486 quo
737 410 898 472 istum
926 409 1122 468 librum
1149 406 1203 464 in
1231 403 1502 477 publicum
1543 400 1783 474 protulit.
1827 399 2002 468 Atque
2049 395 2199 452 illam
2225 400 2278 462 Α
2302 409 2564 453 annorum
2593 397 2822 467 primum
2848 395 3029 453 statim
3071 394 3158 454 hic
3197 393 3599 467 intelligendum
3638 407 3746 451 non
3773 407 3896 456 esse

603 503 773 561 cuivis
818 502 942 557 licet
987 497 1284 568 intelligere
1312 511 1380 550 ex
1414 495 1515 548 ista
1556 490 1917 562 disputatione
1947 487 2198 543 universa

603 595 672 654 de
694 592 956 666 fugiendis
978 591 1062 654 iis,
1092 604 1210 660 qua:
1231 586 1316 642 vel
1343 584 1618 640 minimam
1642 581 1999 652 suspicionem
2022 579 2199 636 cultus

603 686 1095 747 commentitiorum
1119 684 1349 740 Deorum
1378 679 1614 736 excitare
1643 684 1880 748 possent;
1905 674 1996 730 ubi
2019 673 2195 729 disse-

605 790 813 841 rentem
839 776 1020 833 audiet
1053 773 1426 832 Tertullianum
1451 813 1466 838 ,
1498 786 1605 826 non
1633 783 1755 824 eum
1783 767 1997 839 quidem
2031 765 2196 837 placi-

604 872 754 938 dum,
783 869 1107 933 modestum,
1133 875 1293 938 atque
1314 864 1626 928 cedentem,
1649 860 1747 918 sed
1778 869 2072 925 austerum,
2101 856 2196 912 sed

607 964 984 1020 vehementem
1008 1001 1024 1028 ,
1054 957 1149 1015 sed
1179 959 1256 1013 ira
1282 957 1539 1013 adversus
1584 967 1741 1010 secus
1769 953 2062 1008 sentientes
2091 952 2196 1006 mi-

606 1055 846 1112 rabiliter
891 1053 1168 1110 incensum
1195 1093 1210 1118 ,
1242 1059 1301 1108 ut
1345 1049 1458 1106 fere
1499 1048 1677 1106 solent
1705 1047 1779 1113 ii,
1808 1046 1900 1118 qui
1942 1044 2104 1100 modo
2129 1043 2196 1098 ad

605 1149 945 1218 disciplinam
971 1146 1202 1215 aliquam
1235 1143 1533 1216 progressi,
1567 1141 1856 1212 plurimum
1877 1138 1977 1194 sibi
2007 1150 2197 1220 sapere

606 1241 876 1297 videntur.
911 1237 1146 1294 Alterius
1175 1237 1317 1310 enim
1350 1243 1512 1291 sectae
1557 1231 1943 1305 pastoresldum
1970 1230 2045 1284 ait
2075 1243 2196 1284 esse

605 1335 659 1387 in
685 1347 810 1403 pace
830 1331 1021 1394 leones,
1044 1329 1096 1382 in
1119 1328 1296 1399 prwlio
1319 1343 1511 1392 cervos,
1538 1341 1716 1394 eosque
1740 1323 1992 1393 respuisse
2023 1321 2200 1392 Spiri-

610 1410 690 1478 tus
720 1423 879 1478 sancti
909 1419 1239 1490 prophetiae;
1271 1426 1495 1490 apparet
1537 1432 1666 1472 sane
1699 1414 1931 1470 Montani
1965 1413 2201 1483 discipu-

610 1515 718 1569 lum
746 1514 832 1569 hic
857 1512 1020 1588 loqui,
1044 1527 1148 1566 non
1167 1510 1465 1566 communis
1488 1507 1743 1564 Ecclesia:
1760 1505 2018 1562 sodalem.
2041 1503 2202 1559 Nant-

607 1623 712 1679 que
733 1606 818 1661 his
846 1604 1023 1660 verbis
1043 1614 1096 1658 et
1129 1603 1264 1658 alius
1291 1617 1348 1658 se
1386 1601 1563 1672 gregis
1587 1614 1708 1655 esse
1736 1597 2017 1670 profitetur
2045 1612 2108 1652 ac
2139 1595 2198 1666 ii,

609 1712 838 1768 quorum
868 1694 1119 1750 doctores
1157 1693 1433 1764 impugnat
1455 1733 1469 1756 ,
1499 1700 1555 1746 et
1580 1691 1708 1761 quid
1755 1685 1909 1744 Suum
1940 1686 2199 1744 adversus

2301 486 2549 544 defendo.
2595 486 2807 543 Etenim
2853 488 3112 559 diSputari
3152 496 3358 559 potest,
3407 496 3584 542 utrum
3630 486 3732 542 hoc
3773 487 3883 558 gla-

2300 580 2586 636 diatorium
2617 597 2810 637 munus
2852 592 2906 638 et
2929 581 3296 652 congiarium,
3327 579 3470 650 quod
3513 578 3674 635 habet
3716 579 3887 651 Spar-

2303 674 2491 739 tianus,
2523 674 2665 730 idem
2687 674 2754 728 sit
2781 690 2844 730 ac
2871 674 3034 739 illud,
3063 673 3207 744 quod
3238 671 3418 728 datum
3446 687 3476 728 a
3509 671 3698 728 Severo
3723 672 3890 730 fuisse

2302 768 2501 838 populo
2547 766 2873 822 Herodianus
2915 767 3081 824 refert
3119 767 3260 839 (Lib.
3293 765 3375 821 III.
3405 781 3454 822 c.
3501 765 3556 822 8.
3596 765 3682 822 ed.
3727 767 3892 823 Boec.

2301 873 2358 930 p.
2405 859 2560 930 145.)
2603 875 2671 914 eo
2700 867 2939 930 tempore
2963 900 2978 925 ,
3009 875 3116 930 quo
3160 858 3227 914 ab
3271 858 3453 913 Albino
3485 857 3626 914 victo
3663 857 3896 918 Romam

2301 952 2556 1010 redierat.
2583 953 2768 1026 Neque
2788 955 2932 1010 enim
2957 955 3114 1026 objici
3141 954 3302 1011 debet
3326 954 3400 1021 id,
3429 954 3770 1025 Spartianum
3789 958 3898 1014 alio

2304 1042 2423 1098 loco
2453 1044 2530 1113 (in
2555 1043 2681 1103 Sev.
2712 1060 2762 1102 c.
2794 1044 2910 1115 1?.)
2939 1047 3102 1115 idem,
3124 1046 3266 1118 quod
3301 1047 3481 1102 statim
3515 1058 3635 1120 post
3663 1049 3895 1108 reditum

2305 1138 2524 1196 Severus
2555 1140 2756 1208 edidit,
2789 1155 3264 1198 commemorasse.
3293 1140 3571 1211 Namque,
3613 1151 3671 1196 ut
3724 1142 3894 1212 Spar-

2303 1234 2498 1288 tianum
2533 1249 2643 1290 non
2687 1235 2862 1291 dicam
2900 1235 3088 1292 eadem
3136 1234 3331 1305 stepius
3372 1233 3624 1304 tanquam
3683 1234 3896 1292 diversa

2303 1337 2553 1395 repetere
2575 1368 2589 1392 ,
2637 1327 2682 1382 is
2709 1327 2925 1398 quidem
2956 1343 3022 1382 eo
3057 1326 3111 1382 in
3152 1327 3269 1383 loco
3307 1343 3417 1382 non
3445 1327 3676 1396 loquitur
3700 1327 3769 1383 de
3789 1327 3892 1390 do-

2305 1419 2486 1473 nativo
2510 1434 2768 1475 concesso
2811 1419 3104 1484 militibus,
3147 1419 3243 1474 sed
3270 1419 3338 1474 de
3356 1433 3452 1486 eo,
3497 1418 3640 1490 quod
3679 1419 3896 1476 Severus

2304 1511 2563 1568 militibus
2590 1520 2792 1567 tantum
2819 1511 3208 1582 stipendiorum
3231 1551 3247 1576 ,
3277 1520 3530 1580 quantum
3563 1526 3720 1570 nemo
3744 1511 3897 1568 Prin-

2304 1605 2507 1675 cipum,
2535 1604 2766 1660 dederit.
2799 1603 2953 1673 Quod
2975 1604 3018 1658 si
3041 1603 3200 1674 igitur
3226 1602 3367 1659 idem
3395 1604 3722 1674 congiarium
3751 1611 3895 1660 uter-

2306 1713 2409 1766 que
2456 1699 2728 1766 respexit,
2785 1713 2915 1753 sane
2956 1697 3274 1766 intelligitur
3320 1713 3428 1752 non
3475 1696 3616 1751 idem
3661 1697 3897 1754 voluisse

607 1804 702 1846 eos
733 1789 971 1844 animum
998 1786 1365 1852 concitaverit,
1393 1788 1675 1855 perspicue
1705 1783 1920 1847 indicat,
1946 1781 2199 1839 nimirum
2230 1771 2278 1836 Β
2306 1788 2680 1844 Tertullianum
2700 1831 2714 1855 ,
2746 1803 2868 1844 eum
2907 1804 3049 1844 anno
3077 1788 3294 1845 demum
3324 1787 3598 1844 CXCVIII.
3627 1803 3659 1843 a
3697 1789 3899 1847 Senatu

606 1879 771 1946 illud,
801 1877 944 1949 quod
987 1891 1170 1932 secum
1221 1876 1410 1932 eadem
1457 1874 1714 1928 Paracleti
1761 1873 2200 1928 Montanistarum

612 1973 830 2028 decreta
857 1987 962 2028 non
990 1970 1210 2027 fuissent
1241 1969 1432 2027 secuti.
1463 1968 1613 2024 Hanc
1642 1967 1888 2024 eamdem
1929 1967 2050 2023 libri
2081 1981 2200 2023 sec-

611 2065 810 2120 tionem
842 2065 905 2118 iis
949 2063 1128 2118 verbis
1168 2061 1374 2118 orditur
1397 2102 1412 2128 ,
1441 2075 1560 2130 qua:
1599 2059 1761 2114 fontis
1791 2059 1958 2114 instar
1985 2069 2139 2126 sunt,
2170 2072 2203 2114 e

610 2172 718 2226 quo
744 2153 919 2209 onmis
942 2152 1232 2208 haurienda
1260 2161 1343 2207 est
1370 2152 1542 2206 natalis
1569 2150 1776 2205 notitia.
1807 2149 1883 2206 Ita
1910 2165 2036 2206 vero
2063 2149 2154 2206 ille
2183 2167 2197 2205 :

615 2248 862 2307 Proxime
899 2250 1037 2317 [acta
1083 2253 1156 2300 est
1196 2244 1474 2299 liberalitas
1518 2244 2054 2314 praestantissimorum
2092 2241 2203 2298 Int-

613 2350 946 2412 peratorum;
987 2337 1402 2410 expungebantur
1448 2337 1503 2391 in
1541 2338 1721 2391 castris
1738 2336 1932 2391 milites
1961 2336 2199 2394 laureati.

608 2433 892 2489 Adhibetur
941 2431 1151 2504 quidam
1203 2431 1308 2485 illic
1348 2431 1509 2503 ntagis
1567 2429 1660 2484 Dei
1699 2430 1844 2489 miles
1869 2459 1937 2472 --
1967 2431 2104 2486 solus
2132 2431 2200 2486 li-

615 2528 732 2582 bero
775 2524 965 2595 capite,
1010 2532 1364 2579 coronamento
1408 2525 1461 2577 in
1508 2540 1668 2578 manu
1705 2523 1887 2596 otioso.
1932 2553 2008 2566 --
2057 2522 2206 2579 Mur-

610 2634 725 2672 mur
750 2617 947 2672 tribuno
977 2615 1218 2686 defertur.
1249 2614 1439 2673 Statim
1465 2615 1694 2670 tribunus
1713 2629 1732 2670 :
1748 2614 1871 2680 Cur,
1893 2615 2074 2685 inquit,
2101 2622 2205 2670 tam

611 2709 838 2764 diversus
880 2708 1097 2762 habitu?
1133 2705 1350 2780 Negavit
1388 2707 1474 2762 ille
1502 2707 1597 2762 sibi
1637 2723 1751 2760 cum
1795 2708 1990 2762 ueteris
2031 2707 2202 2762 licere.

611 2803 833 2860 Caussas
857 2799 1206 2872 expostulatus
1238 2817 1257 2857 .'
1286 2785 1606 2857 Christianus
1629 2786 2056 2872 sum,respondit.
2088 2799 2203 2856 Ilu-

609 2895 696 2968 jus
726 2895 908 2952 militis
923 2893 1119 2951 factum
1149 2909 1270 2950 cum
1293 2894 1476 2952 caeteri
1505 2893 1783 2950 christiani
1810 2894 2203 2964 improbarent,

612 2989 982 3044 existimantes
1007 3027 1023 3054 ,
1055 2999 1121 3041 eo
1161 2994 1268 3042 tam
1293 2985 1488 3042 bonam
1525 2994 1580 3040 et
1604 2983 1816 3056 longam
1845 2999 2029 3055 pacem
2064 2986 2205 3055 peri-

611 3082 782 3138 clitari
804 3121 819 3145 ,
842 3089 1029 3137 contra
1069 3079 1255 3135 nititur
1292 3077 1424 3134 illud
1448 3077 1672 3134 summis
1702 3077 1947 3134 laudibus
1975 3077 2206 3136 eﬁ'erens

616 3174 980 3231 Tertullianus.
1039 3176 1213 3244 Atque
1265 3172 1320 3229 in
1370 3173 1476 3229 isto
1513 3173 1634 3230 loco
1683 3173 1914 3244 primum
1963 3173 2207 3230 videmus

614 3267 684 3322 ab
707 3282 773 3324 eo
801 3265 1171 3323 liberalitatem
1222 3264 1608 3336 Imperatorum
1658 3268 1966 3338 nuperrime
2012 3267 2207 3324 factam

617 3361 1066 3428 commemorari,
1097 3372 1232 3430 quos
1259 3357 1445 3414 dubito
1469 3374 1536 3415 an
1567 3359 1686 3431 quis
1711 3360 1844 3416 alios
1864 3359 2029 3416 fuisse
2052 3359 2207 3416 dixe-

611 3454 724 3518 rit,
758 3468 916 3523 quam
973 3452 1216 3509 Severum
1264 3461 1319 3510 et
1361 3451 1726 3520 Caracallum,
1767 3463 2051 3524 utrumque
2093 3453 2207 3510 Au-

619 3551 856 3614 gustum.
894 3543 966 3600 At
1000 3544 1142 3599 enim
1174 3544 1228 3600 in
1271 3544 1644 3614 superioribus
1686 3543 2014 3600 Caraeallum
2058 3544 2208 3601 dice-

623 3633 818 3688 bamus
859 3633 1119 3704 dignitate
1153 3635 1380 3702 Augusti
1421 3643 1530 3690 tum
1568 3634 1736 3690 fuisse
1763 3644 2012 3690 ornatum
2040 3676 2056 3703 ,
2086 3649 2210 3692 cum

626 3723 847 3780 Severus
875 3725 977 3799 iter
1009 3724 1062 3779 in
1095 3723 1372 3780 Orientem
1395 3723 1657 3792 adversus
1701 3723 1929 3783 Parthos
1958 3736 2206 3796 pararet,

623 3830 729 3887 quo
757 3814 869 3871 fere
897 3815 1026 3870 abiit
1053 3825 1174 3886 post
1198 3815 1471 3871 dimidiam
1512 3826 1716 3887 partem
1749 3818 1888 3872 Anni
1927 3817 2204 3874 CXCVIII.

622 3921 972 3974 conversam;
1003 3915 1058 3962 et
1084 3915 1270 3977 postea
1301 3906 1668 3970 ostendemus,
1703 3922 1905 3979 pacem,
1931 3924 2092 3980 quam
2123 3909 2210 3966 hic

625 3997 816 4054 adduci
844 3998 898 4052 in
926 3999 1223 4069 periculum
1266 4000 1509 4054 nonnulli
1537 3999 1858 4069 credebant,
1903 4015 2024 4057 esse
2051 4017 2206 4070 eam,

623 4106 725 4163 qua
756 4089 1072 4150 fruebantur
1101 4091 1375 4149 christiani
1399 4091 1635 4149 nondum
1663 4092 1838 4148 Severi
1879 4091 1996 4165 lege
2031 4094 2210 4164 publi-

626 4197 690 4240 ca
716 4185 1005 4256 exagitati,
1046 4199 1206 4257 quam
1237 4186 1397 4241 latam
1423 4201 1544 4243 esse
1570 4191 1634 4244 Α.
1658 4188 1812 4247 CCII.
1835 4200 2044 4250 constat
2073 4193 2214 4251 inter

2307 1881 2538 1952 dignitas
2579 1883 2804 1952 Augusti
2851 1883 2900 1935 in
2951 1880 3276 1937 Caraeallum
3328 1881 3544 1937 collata.
3603 1881 3801 1938 Verum
3851 1883 3899 1942 si

2306 1972 2466 2028 detur
2514 1972 2564 2027 id
2612 1974 2806 2041 etiam,
2839 1973 2982 2027 aliud
3014 1973 3346 2043 congiarium
3390 1974 3460 2029 ab
3508 1972 3834 2041 Herodiano,
3863 1990 3898 2032 ει

2307 2065 2588 2134 Spartiano
2618 2064 2762 2118 aliud
2807 2065 3066 2137 intelligi;
3098 2073 3275 2121 tamen
3321 2064 3463 2136 quod,
3489 2081 3557 2123 ex
3595 2070 3697 2123 hoc
3725 2069 3899 2136 primo

2307 2154 2425 2212 loco
2463 2155 2842 2224 excitavimus,
2891 2170 2999 2211 non
3047 2163 3220 2226 potest
3261 2155 3326 2212 ad
3369 2156 3543 2213 locum
3588 2156 3897 2214 Tertulliani

2306 2247 2497 2304 referri
2525 2263 2644 2304 eam
2697 2249 2767 2305 ob
2797 2262 3086 2316 caussam,
3109 2248 3233 2320 quia
3265 2249 3363 2318 ipsi
3389 2249 3458 2306 de
3487 2251 3759 2320 congiario
3789 2264 3900 2308 non

2308 2340 2411 2395 nisi
2464 2341 2664 2412 populo
2707 2339 2832 2396 dato
2863 2339 3132 2412 editisque
3180 2342 3528 2414 spectaculis,
3576 2340 3898 2399 Tertulliano

2309 2441 2486 2491 autem
2511 2432 2580 2490 de
2607 2449 2665 2490 re
2691 2435 2852 2506 plane
2881 2435 2986 2490 alia
3015 2434 3276 2492 militibus
3319 2435 3374 2491 in
3404 2436 3594 2493 castris
3633 2452 3897 2496 concessa

2307 2533 2392 2582 est
2418 2524 2640 2580 dictum.
2670 2524 2779 2581 Sed
2805 2541 2976 2596 neque
3001 2525 3090 2580 illa
3117 2535 3388 2598 postrema
3411 2529 3672 2586 sententia
3695 2529 3896 2586 admit-

2309 2617 2468 2675 tenda
2496 2629 2613 2688 est,
2644 2628 2704 2674 ut
2730 2619 2829 2675 ista
2856 2619 3177 2686 liberalitas,
3213 2619 3364 2677 finito
3393 2622 3445 2676 in
3471 2621 3691 2679 Oriente
3716 2624 3896 2691 bello,

2308 2711 2364 2770 in
2384 2711 2540 2784 Syria
2565 2713 2850 2784 contigerit
2874 2714 2940 2766 A.
2971 2711 3122 2769 CCII.
3148 2723 3268 2784 post
3308 2724 3617 2785 susceptum
3645 2715 3715 2772 ab
3748 2726 3896 2772 utro-

2307 2818 2413 2875 que
2458 2804 2702 2875 Augusto
2753 2803 3112 2860 consulatum.
3148 2804 3249 2873 Qui
3291 2805 3433 2863 enim
3473 2805 3590 2876 ejus
3629 2807 3707 2864 rei
3748 2809 3902 2868 solus-

2308 2896 2637 2959 mentionem
2667 2895 2835 2966 injicit
2861 2894 3040 2952 .Elius
3069 2896 3380 2967 Spartianus
3398 2939 3413 2965 ,
3445 2898 3620 2954 datum
3650 2915 3776 2966 esse,
3800 2901 3896 2966 ait,

2309 2986 2555 3043 militibus
2580 2989 2886 3044 cumulatius
2924 2989 3236 3060 stipendium
3259 3031 3273 3054 ,
3312 2989 3458 3060 quod
3483 2991 3667 3048 dubito
3707 3008 3774 3047 an
3799 2993 3899 3049 do-

2312 3082 2549 3137 nativum
2599 3081 2707 3138 dici
2765 3081 2977 3153 possit,
3021 3081 3178 3154 quale
3205 3081 3552 3139 Tertullianus
3593 3084 3899 3155 signiﬁcare

2312 3175 2542 3233 videtur.
2574 3176 2655 3231 Ac
2683 3175 2730 3231 si
2767 3177 2853 3232 vel
2903 3176 3134 3232 maxime
3163 3177 3306 3241 sint,
3349 3178 3436 3248 qui
3479 3177 3669 3235 malint
3693 3180 3746 3234 in
3790 3181 3896 3237 isto

2310 3269 2434 3326 loco
2465 3269 2735 3338 Spartia'ni
2779 3269 3091 3325 donativum
3122 3269 3452 3341 intelligere,
3481 3285 3580 3328 eos
3606 3286 3765 3342 spero
3786 3287 3906 3330 non

2310 3364 2527 3435 penitus
2555 3370 2957 3434 contempturos
2983 3363 3306 3425 sententiam
3336 3378 3511 3419 meam
3530 3404 3546 3430 ,
3576 3380 3680 3436 qua
3702 3367 3897 3424 libera-

2314 3454 2520 3514 litatem
2549 3469 2578 3509 a
2611 3453 2928 3512 Tertulliano
2945 3457 3248 3527 expositam
3274 3457 3439 3514 credo
3468 3473 3587 3515 eam
3615 3461 3920 3532 attingere,,

2313 3549 2384 3606 de
2409 3564 2511 3620 qua
2539 3547 2883 3620 Spartianum
2913 3549 3147 3606 locutum
3165 3563 3287 3606 esse
3306 3549 3440 3618 dixi,
3459 3549 3586 3608 dum
3615 3567 3677 3608 ea
3695 3552 3902 3610 refere-

2313 3647 2404 3702 bat
2426 3687 2442 3711 ,
2474 3658 2594 3714 qua:
2627 3645 2935 3701 acciderunt
2965 3653 3085 3714 post
3129 3653 3442 3715 occupatam
3471 3642 3900 3714 Ctesiphontem.

2311 3736 2445 3804 Quae
2475 3738 2547 3793 ita
2577 3752 2701 3794 cum
2733 3737 3194 3806 circumspicimus
3218 3778 3232 3803 ,
3262 3751 3368 3792 non
3396 3738 3575 3792 omnia
3605 3737 3776 3793 solum
3800 3779 3816 3803 ,
3854 3739 3903 3792 si

2311 3829 2593 3886 contentio
2613 3830 2856 3901 quietiam
2888 3839 2943 3886 et
2971 3829 3304 3900 comparatio
3331 3830 3422 3884 fiat
3440 3867 3457 3896 ,
3487 3830 3625 3889 bene
3654 3845 3714 3886 se
3740 3829 3910 3886 habe-

2312 3938 2395 3989 re,
2412 3923 2504 3980 sed
2527 3924 2783 3994 explicari
2807 3924 2966 3980 etiam
2990 3923 3202 3993 egregie
3222 3922 3448 3976 alterum
3473 3936 3630 3992 posse
3645 3937 3717 3978 ex
3734 3923 3904 3978 altero

2313 4014 2808 4074 animadvertimus.
2822 4015 2954 4071 Nam
2973 4015 3203 4085 primum
3222 4014 3324 4068 isto
3341 4023 3445 4070 tem
3452 4013 3729 4083 poreduos
3744 4012 3912 4070 fuisse

2315 4113 2590 4179 Augustos
2616 4107 2884 4168 neminem
2917 4106 3193 4177 prmterire
3218 4114 3414 4175 potest;
3446 4114 3561 4161 erat
3587 4105 3733 4161 enim
3750 4105 3911 4160 Cara-

2314 4202 2478 4258 callus
2489 4202 2599 4274 jam
2612 4209 2737 4256 ante
2753 4199 3147 4270 expeditionem
3159 4197 3462 4252 Parthicam
3481 4198 3545 4251 A.
3564 4195 3832 4253 CXCVIII.
3852 4203 3911 4253 et

628 4290 834 4332 0m"‘35-
863 4276 1016 4334 "unc
1043 4277 1200 4349 ἱείιυτ
1241 4278 1435 4334 “brum
1477 4282 1735 4352 seriIJlum
1763 4293 1975 4354 οροΐιθι
2013 4300 2138 4342 esse
2159 4285 2215 4344 ίη
2317 4311 2460 4352 nunc
2484 4310 2517 4351 a
2539 4295 2796 4351 militibus
2823 4295 2984 4350 etiam
3011 4292 3279 4364 particeps
3298 4292 3505 4362 imperii
3524 4290 3717 4348 dictus.
3747 4289 3910 4346 Dein-

630 4368 913 4425 ίηιθτνθυο
943 4384 1039 4439 θον
1073 4372 1216 4442 ειυοά
1259 4371 1328 4428 3b
1354 4387 1496 4430 anno
1526 4384 1678 4430 593W
1708 4375 1884 4434 δευθτί
1917 4376 1984 4434 ad
2011 4392 2214 4436 nonum
2317 4389 2386 4446 de
2399 4389 2710 4444 donativum
2725 4385 3913 4456 militibusdatumSpartianuscommemorat,

629 4461 854 4556 efﬂauit.
890 4461 946 4518 In
977 4460 1082 4534 quo
1123 4464 1381 4533 temporis
1419 4466 1594 4537 spatio
1636 4475 1746 4525 tres
1791 4469 2072 4526 observavi
2112 4486 2211 4528 an-
2240 4493 2295 4556 ι)
2320 4481 2868 4538 undeillaliberalitas
2887 4479 3342 4550 Imperatorumin
3361 4479 3555 4535 castris
3571 4475 3906 4546 intelligitur.

629 4569 730 4610 nos
758 4554 1142 4625 Imperatorum
1162 4556 1481 4614 liberalitate
1511 4569 1722 4616 notatos
1754 4579 1767 4616 :
1801 4562 2032 4632 primum
2083 4579 2216 4634 pau-

630 4645 682 4700 lo
735 4654 1024 4716 antequam
1071 4646 1291 4704 Severus
1344 4648 1776 4719 proficisceretur
1832 4654 1885 4708 in
1940 4655 2217 4718 Orientem

625 4737 693 4792 Α.
727 4736 1001 4794 CXCVIII.
1037 4738 1136 4810 (l).
1165 4739 1406 4795 Alterum
1452 4755 1654 4799 annum
1696 4742 1826 4800 CCI.
1858 4759 1980 4802 cum
2023 4747 2068 4802 is
2109 4750 2215 4804 mi-

625 4829 805 4884 litibus
833 4832 944 4886 suis
969 4872 984 4899 ,
1016 4842 1298 4904 propterea
1326 4833 1470 4906 quod
1500 4834 1829 4892 Caracallum
1867 4841 2165 4911 Augustum
2193 4884 2211 4909 ,

632 4918 811 4974 Getam
839 4921 1128 4992 Caesarem,
1152 4924 1417 4992 dixerant,
1449 4926 1851 5001 Ctesiphontem
1881 4933 2218 5002 Spoliandam

626 5013 934 5072 tradidisset
959 5015 1074 5087 (2);
1104 5019 1317 5074 tertium
1343 5021 1410 5075 A.
1441 5019 1588 5076 CCII.
1621 5036 1744 5078 cum
1774 5023 1990 5080 Severus
2024 5033 2080 5083 et
2121 5027 2220 5083 Ca-

626 5106 850 5167 racallus
906 5111 1009 5164 iter
1051 5107 1427 5181 [Egyptiacum
1455 5115 1842 5173 meditarentur
1869 5119 1967 5189 (5).
2013 5118 2220 5178 Horum

684 5287 758 5362 (1)
777 5288 1082 5362 ‘Spartianus
1104 5304 1159 5362 in
1177 5291 1368 5362 Severo
1385 5328 1400 5353 ,
1425 5295 1572 5362 c.14.
1603 5309 1614 5345 :
1649 5296 1930 5349 «Profectus
1953 5299 2013 5348 ad
2036 5299 2223 5353 bellum

619 5348 903 5474 ξὲἶὲὶιᾶἓῗὲη
929 5360 1039 5413 est,
1065 5354 1197 5406 edito
1227 5348 1517 5421 gladiatorio
1535 5372 1760 5420 munere,
1790 5348 1841 5411 et
1859 5348 2112 5425 congiario
2132 5348 2220 5425 p6;

879 5451 890 5462 .
912 5430 936 5460 δ

794 5426 890 5462 ato.
912 5430 936 5460 »

643 5540 648 5544 ἰ
691 5473 759 5537 [2)
795 5475 948 5548 Idem,
966 5491 1010 5529 c.
1040 5479 1114 5548 I_6.
1146 5494 1213 5548 :_u
1234 5480 1420 5548 Harum
1439 5483 1822 5548 appellationum
1851 5499 2000 5536 causa
2021 5485 2214 5536 donati-

620 5535 1019 5612 Vum'vnlilitibus
1057 5541 1384 5612 largissimum
1423 5535 1836 5612 dédit,_c0ncessa
1865 5535 2006 5599 omni
2053 5535 2218 5612 praeda

619 5599 1040 5672 ορρὲιὲῌῗειτριὲρίς
1066 5599 1194 5672 qua:
1215 5607 1400 5672 milites
1420 5599 1722 5672 ιιιιωςέεω-ηι.
1751 5625 1774 5652 η

1082 5659 1684 5742 ‘Post‘hoclcuml-ilium
1707 5673 1942 5742 majorem
1965 5672 2220 5742 consulem

621 5723 1312 5798 secumgdesignasset),dato
1341 5723 1587 5791 stipendio
1619 5723 1943 5788 cumulatiore
1957 5723 2210 5795 militibus,

622 5782 970 5840 Alexandria}!
993 5782 1206 5852 petiit.)
1297 5782 1306 5786 ’
1342 5782 1361 5786 ”
1381 5782 1388 5786 ’
1410 5782 1430 5791 ⁷
1447 5782 1468 5788 ⁷
1626 5782 1760 5786 '"""
1820 5782 1904 5787 ""
1923 5782 1940 5788 '
1958 5782 2200 5802 '~"---~—-;

2322 4576 2561 4647 Denique
2579 4577 2680 4632 sub
2694 4575 2900 4630 initium
2921 4573 3076 4642 hujus
3098 4573 3223 4627 anni
3248 4571 3376 4628 CCI.
3405 4572 3640 4628 nondum
3668 4578 3786 4626 erat
3812 4569 3908 4625 lex-

2318 4669 2565 4740 qutedam
2589 4683 2620 4723 a
2650 4666 2857 4723 Severo
2879 4665 3234 4736 promulgata,
3253 4680 3374 4736 quae
3389 4678 3626 4720 omnese
3653 4662 3914 4734 religione

2319 4761 2733 4820 Christianorum
2755 4767 2987 4824 arceret,
3024 4773 3259 4829 quorum
3287 4757 3542 4813 familiam
3575 4771 3704 4811 mox
3724 4755 3916 4811 turba-

2322 4865 2432 4909 tam
2453 4868 2574 4908 esse
2597 4866 2658 4908 ea
2686 4851 2981 4920 apparebit.
3011 4849 3118 4907 Sed
3153 4849 3256 4906 hoc
3282 4848 3592 4905 donativum
3619 4847 3786 4903 fuisse
3813 4847 3917 4903 sub

2322 4946 2530 5004 initium
2549 4947 2616 5000 A.
2634 4943 2765 5002 CCI.
2786 4943 3042 4998 militibus
3065 4942 3433 5007 distributum,
3458 4940 3514 4996 id
3538 4955 3668 4996 vero
3680 4954 3802 5000 cum
3819 4938 3918 4992 ha.

2323 5039 2445 5096 beat
2472 5038 2706 5105 aliquam
2731 5036 3139 5102 dubitationem,
3177 5033 3448 5105 quomodo
3487 5032 3678 5090 calculi
3705 5030 3919 5087 subdu-

2323 5129 2481 5187 cendi
2496 5129 2626 5196 sint,
2650 5127 2884 5184 breviter
2893 5141 3245 5195 exponemus.
3263 5124 3534 5195 Principio
3551 5122 3776 5177 velimus
3794 5121 3920 5176 ani-

2325 5222 2610 5292 madverti,
2630 5223 2772 5292 quod
2797 5221 2904 5275 alio
2931 5218 3162 5290 quodam
3183 5217 3302 5272 loco
3317 5215 3708 5286 disputavimus
3737 5212 3924 5285 (supra

2325 5315 2455 5388 διδ.
2478 5316 2578 5370 col.
2608 5315 2726 5370 II9.
2747 5315 2880 5385 not.)
2903 5312 3169 5382 Severum,
3189 5309 3404 5380 expleta
3430 5308 3596 5379 priori
3621 5315 3770 5379 parte
3790 5305 3918 5361 anni

2325 5409 2598 5469 CXCVIII.
2625 5409 2678 5464 in
2694 5407 2970 5464 Orientem
2987 5405 3153 5461 fuisse
3173 5405 3492 5476 profectum.
3504 5402 3642 5458 Huic
3655 5400 3800 5455 bello
3823 5397 3920 5452 ad-

2323 5519 2511 5561 versus
2534 5503 2758 5558 Parthos
2771 5507 3018 5570 suscepto
3045 5499 3207 5554 linem
3231 5497 3344 5552 fere
3375 5493 3632 5565 imposuit
3657 5495 3917 5559 occupata

2318 5596 2686 5666 Ctesiphonte.
2702 5592 3002 5663 Nam,quod
3017 5601 3202 5662 postea
3214 5588 3429 5644 demum
3439 5585 3752 5663 DioCassius
3765 5581 3920 5637 Seve-

2318 5706 2430 5746 rum
2450 5687 2614 5744 refert
2629 5688 2711 5743 bis
2731 5685 2926 5741 frustra
2950 5685 3125 5738 Atram
3140 5682 3507 5753 impugnasse;
3528 5679 3581 5733 in
3603 5691 3692 5744 eo,
3715 5675 3759 5729 si
3776 5679 3924 5728 recte
3996 5749 3998 5751 _

2320 5784 2473 5854 dixit,
2494 5783 2710 5841 Severus
2734 5796 2839 5839 non
2869 5769 3078 5837 videtur
3094 5765 3328 5836 multum
3352 5772 3612 5844 temporis
3633 5777 3924 5834 consump-
