4242 6266
1186 355 1193 359 _
1271 292 1363 352 AC
1401 290 1744 353 DOCTRINA
1783 291 2223 356 SCRIP'IORUM
2258 296 2745 362 TERTULLIANI.

344 411 506 477 sisse,
536 420 661 466 cum
702 407 870 468 altera
907 419 1080 478 eaque
1115 405 1588 465 vehementissima
1611 409 1768 478 hujus
1789 407 1937 465 urbis
1964 416 2018 478 Α
2045 413 2219 480 Getae,
2280 422 2337 470 et
2391 416 2649 474 Curat:an
2695 419 2991 477 laureatum
3053 429 3241 495 caput,
3293 421 3439 496 quod
3498 423 3642 485 hunc

346 501 673 573 oppugnatio
699 499 882 570 viginti
894 502 965 554 sit
989 499 1176 555 diebus
1195 499 1442 558 confecta
1489 501 1632 570 (Dio.
1653 500 1689 555 1.
1718 500 1933 558 LXXV.

347 608 404 649 c.
429 595 515 650 i3.
536 607 588 662 p.
617 591 1076 662 1265.),eamque
1097 593 1274 646 statim
1306 603 1550 648 secutum
1572 592 1674 648 iter
1688 593 1860 649 Severi
1885 594 1938 650 in

347 685 692 742 Palaestinam
717 693 879 755 atque
903 683 1219 756 Aigyptum.
1252 683 1362 742 Sed
1389 699 1606 755 quoquo
1635 685 1797 744 modo
1833 686 1938 744 hoc

345 777 660 847 accipiatur,
676 775 1085 846 Ctesiphontem
1106 775 1323 831 hiemali
1348 791 1514 847 prope
1542 787 1782 848 tempore
1803 794 1936 850 cap.

349 877 462 926 tam
486 885 606 927 esse
652 868 969 940 Spartianus
997 867 1281 924 conﬁrmat
1327 869 1380 924 in
1422 867 1547 927 Sev.
1580 883 1632 925 c.
1685 870 1776 927 16.
1824 871 1938 929 Hoc

344 961 450 1018 dici
471 977 576 1018 non
602 970 779 1030 potest
791 961 1054 1018 accidisse
1071 962 1111 1017 A
1123 1001 1137 1014 .
1159 959 1458 1028 CXCVIII.;
1479 962 1754 1033 quomodo
1768 965 1933 1032 enim,

347 1055 393 1111 si
421 1053 666 1110 dicamus
691 1054 856 1110 etiam
894 1052 1142 1109 Serm-tn
1179 1052 1361 1108 statim
1412 1061 1531 1123 post
1554 1065 1860 1124 susceptam
1906 1071 1938 1113 a

350 1144 618 1201 Coracatlo
649 1145 874 1218 Augusti
915 1131 1231 1215 dignitatem
1260 1143 1431 1200 Roma
1451 1144 1647 1201 abiisse
1665 1186 1682 1211 ,
1713 1161 1936 1216 querno.

343 1237 435 1303 do,
463 1239 703 1309 inquam,
733 1248 976 1307 tempore
1002 1247 1110 1294 tam
1133 1237 1283 1294 brevi
1315 1245 1519 1292 tantum
1565 1238 1666 1295 iter
1697 1238 1751 1298 in
1797 1240 1926 1296 ulti~

343 1346 459 1388 mas
487 1332 639 1401 quasi
673 1332 920 1402 regiones
939 1330 1216 1401 perﬁcere,
1238 1330 1463 1387 classem
1496 1345 1782 1397 exornare,
1805 1347 1932 1402 per-

340 1438 532 1496 agrare
570 1423 906 1488 Armeniam,
956 1421 1278 1488 Seleuciam,
1301 1421 1732 1495 Babylonemque
1770 1439 1933 1495 cape»

340 1533 425 1583 re,
457 1527 622 1588 atque
651 1526 863 1572 vastare
887 1515 1138 1572 Arabiam
1163 1515 1467 1584 potuisset?
1494 1514 1682 1585 Neque
1723 1518 1932 1574 veroid

340 1608 518 1678 magis
553 1622 702 1662 anno
725 1609 964 1677 sequenti
989 1606 1278 1677 contigisse
1293 1607 1555 1663 credibile
1580 1615 1682 1665 est.
1716 1609 1928 1667 Etenim

339 1711 470 1773 post
494 1709 706 1770 captain
735 1699 1156 1769 Ctesiphontem,
1194 1700 1491 1770 Atramque
1515 1700 1600 1758 bis
1627 1701 1929 1770 obsessam,

335 1792 558 1849 Severus
589 1789 734 1845 venit
777 1791 832 1845 in
882 1790 1116 1860 Syriam,
1165 1790 1252 1846 ubi
1299 1802 1486 1862 postea
1516 1791 1694 1850 fasces
1720 1796 1930 1866 imperii
1958 1781 2007 1842 Ι

335 1883 591 1953 suscepit.
617 1882 723 1940 Sed
759 1897 882 1942 eum
925 1897 1048 1937 cum
1094 1881 1205 1938 ﬁlio
1225 1884 1290 1937 A.
1327 1881 1478 1940 CCII.
1509 1883 1611 1941 hos
1633 1885 1887 1944 habuisse
1912 1929 1927 1957 ,

335 1979 550 2034 norunt,
581 1970 673 2039 qui
699 1967 868 2026 fastos
893 1969 1279 2026 consuluerunt
1325 1972 1592 2037 universi;
1625 1971 1804 2044 itaque
1843 1974 1928 2030 di~

336 2062 566 2120 certde
593 2062 718 2128 erit,
747 2078 843 2132 per
871 2071 981 2118 tres
1008 2062 1120 2118 fere
1146 2070 1239 2120 aut
1267 2062 1404 2120 duos
1433 2079 1605 2121 annos
1633 2066 1765 2122 nihil
1786 2069 1930 2139 egis-

336 2170 398 2212 se
427 2157 668 2213 Seuerum
707 2156 761 2212 in
804 2156 946 2212 bello
975 2156 1235 2211 adversus
1258 2165 1483 2213 caeteros
1509 2160 1882 2231 persequendo
1907 2179 1923 2216 :

345 2251 494 2320 quod
541 2264 760 2320 prorsus
787 2249 1064 2306 abhorret.
1097 2249 1285 2306 Restat
1311 2241 1472 2321 igitur
1495 2292 1511 2313 .
1557 2261 1616 2308 ut
1635 2264 1846 2324 captam
1893 2270 1926 2312 a

335 2342 527 2399 Severo
554 2341 958 2413 Ctesiphontem
989 2343 1059 2400 A.
1089 2340 1194 2399 CC.
1228 2342 1338 2400 fere
1367 2352 1612 2402 vertente
1641 2345 1882 2403 dicamus
1907 2387 1926 2418 ,

337 2437 490 2507 cujus
534 2437 944 2507 occupationem
987 2451 1109 2493 cum
1140 2437 1322 2496 statim
1373 2441 1657 2508 exceperit
1699 2442 1930 2512 Augusti

335 2528 565 2600 dignitas
597 2528 652 2582 in
680 2526 1006 2583 Caraeatlum
1032 2543 1063 2583 a
1093 2527 1353 2584 militibus
1377 2529 1572 2588 collata
1596 2573 1613 2599 ,
1654 2547 1720 2588 ac
1756 2533 1928 2590 dona-

339 2622 504 2678 tivum
536 2622 603 2678 iis
631 2637 697 2678 ca
722 2622 790 2678 de
814 2637 975 2677 causa
1028 2637 1367 2687 concessum;
1394 2623 1496 2680 hoc
1517 2635 1666 2682 certe
1695 2641 1802 2682 non
1823 2627 1930 2683 alio

334 2723 598 2787 tempore,
627 2714 729 2770 nisi
755 2714 859 2770 sub
882 2716 1010 2770 anni
1037 2713 1144 2770 CC.
1175 2716 1337 2770 tinem
1376 2727 1470 2772 aut
1517 2719 1794 2788 sequentis
1815 2719 1922 2775 ini.

335 2808 465 2864 tium
517 2809 762 2876 contigit.
814 2809 946 2878 Qua:
990 2808 1208 2879 quidem
1260 2826 1349 2867 res
1389 2814 1604 2884 egregie
1643 2813 1930 2870 conﬁrma-

336 2909 423 2957 tur
447 2901 511 2957 iis
530 2901 910 2972 antiquitatum
949 2901 1335 2968 monumentis,
1370 2919 1492 2973 quae
1521 2903 1804 2976 utriusque
1848 2905 1928 2962 rei

335 2995 649 3055 memoriam
681 2995 834 3051 nobis
875 2994 1227 3051 tradiderunt.
1268 2995 1516 3065 Etenim,
1574 3007 1632 3053 ut
1683 3012 1715 3054 a
1754 2999 1926 3055 victo-

2044 507 2260 578 quidem
2290 513 2588 581 Angustum
2615 553 2630 576 ,
2673 511 2822 568 illum
2866 512 3137 572 Cmsarem
3186 517 3356 574 fuisse
3391 517 3590 575 indicat
3615 559 3634 589 ,

2043 615 2166 656 cum
2194 602 2488 674 epigraphe
2518 623 2531 657 :
2565 603 2813 661 diter-nit.
2846 605 3062 678 Imperi.
3095 608 3297 679 Nempe
3323 625 3389 666 eo
3415 627 3522 666 non
3547 626 3636 668 so-

2044 691 2156 748 lum
2181 696 2532 750 conﬁrmatur
2559 696 2635 762 id,
2666 697 2808 767 quod
2837 698 3150 770 Spartianus
3176 700 3244 756 de
3269 711 3510 772 tempore
3538 703 3633 758 htt-

2036 786 2125 858 jus
2151 788 2219 843 ab
2248 789 2314 843 iis
2337 799 2600 859 suscepta:
2628 791 2903 861 dignitatis
2931 792 3176 860 tradidit,
3207 794 3303 849 sed
3330 793 3446 850 haec
3473 797 3635 854 etiam
3717 809 3720 811 ’

2039 892 2339 953 sequuntur
2372 924 2385 946 ,
2416 899 2537 954 quae
2565 893 2722 940 antea
2741 884 2996 951 diximus,
3027 902 3148 942 eam
3190 903 3304 942 rem
3329 890 3487 944 Anno
3507 886 3633 944 CCI.

2039 974 2304 1041 extitisse,
2330 973 2594 1043 siquidem
2637 992 2704 1032 eo
2753 991 2896 1032 armo
2939 976 3083 1031 Trib.
3126 977 3248 1032 Pot.
3283 977 3389 1032 ΙΧ.
3415 981 3634 1036 Severus

2040 1065 2296 1136 suscepit.
2337 1064 2444 1121 Sed
2470 1065 2759 1124 redeamus
2792 1067 2861 1122 ad
2891 1069 3086 1126 librum
3116 1069 3181 1126 de
3203 1070 3424 1126 Corona.
3464 1061 3635 1143 Hujus

2041 1158 2220 1214 locum
2273 1175 2436 1230 supra
2492 1176 2778 1218 excussum
2831 1162 3065 1220 dicimus
3129 1165 3355 1236 intelligi
3429 1168 3633 1237 optime

2040 1267 2200 1323 posse
2224 1294 2239 1320 ,
2285 1254 2330 1308 si
2366 1254 2677 1310 admittatur
2711 1258 2978 1312 sententia
2999 1273 3064 1313 ea
3083 1299 3096 1323 ,
3121 1274 3280 1328 quam
3321 1260 3475 1315 nobis
3505 1267 3632 1330 pro-

2038 1345 2198 1400 basse
2240 1346 2370 1401 satis
2401 1346 2664 1402 videmur.
2695 1347 2937 1418 Namque
2964 1366 3027 1404 ex
3055 1365 3119 1405 ca
3147 1350 3366 1420 intelligi
3397 1351 3632 1407 maxime

2038 1445 2234 1506 potest.
2259 1439 2349 1508 qui
2377 1437 2575 1494 factum
2597 1440 2689 1502 sit,
2720 1450 2775 1495 ut
2803 1441 3002 1497 milites
3027 1441 3252 1498 laureati
3278 1443 3624 1511 incederent;

2035 1536 2176 1607 quod
2201 1551 2360 1592 nemo
2399 1538 2580 1592 mirari
2625 1537 2822 1601 debet,
2871 1539 2961 1609 qui
2991 1539 3189 1594 milites
3234 1540 3397 1595 etiam
3443 1541 3630 1595 trium-

2035 1628 2263 1700 phantes
2283 1630 2490 1685 cinctos
2516 1629 2732 1684 coronis
2767 1629 2933 1686 fuisse
2976 1632 3151 1696 novit,
3198 1631 3354 1701 quale
3382 1631 3509 1701 quid
3539 1631 3627 1687 hic

2037 1719 2203 1776 fuisse
2226 1720 2382 1777 facile
2411 1721 2748 1791 perSpicitur.
2793 1721 2926 1776 Nam
2955 1731 3012 1778 et
3057 1736 3199 1777 nunc
3235 1721 3440 1776 subacti
3492 1737 3628 1791 pene

2034 1824 2191 1871 erant
2215 1830 2405 1871 omnes
2429 1855 2444 1877 .
2485 1815 2742 1869 adversus
2773 1830 2907 1884 quos
2935 1813 3154 1869 Seuerus
3192 1815 3490 1870 exercitum
3521 1814 3628 1869 du-

2033 1914 2186 1960 xerat
2210 1949 2225 1974 ,
2268 1907 2320 1960 in
2353 1907 2545 1976 primis
2567 1906 2884 1960 Parthorum
2909 1905 3315 1961 bellicosissima
3340 1905 3488 1960 natio
3510 1946 3525 1970 ,
3568 1886 3643 1960 et.

2033 1997 2151 2068 ipse
2173 1996 2410 2062 Severus,
2434 2013 2556 2053 cum
2577 2007 2793 2068 propter
2813 1997 3156 2053 articularem
3186 1996 3433 2051 morbum
3465 2009 3627 2064 agere

2035 2088 2360 2157 triumphum
2386 2087 2455 2143 de
2495 2088 2707 2144 Parthis
2739 2104 2844 2144 non
2873 2097 3088 2159 posset,
3117 2088 3184 2142 de
3209 2087 3412 2144 Judaeis
3444 2096 3625 2144 tamen

2032 2195 2160 2237 eum
2187 2180 2451 2252 agendum
2483 2181 2594 2236 ﬁlio
2614 2222 2628 2247 ,
2669 2196 2732 2235 ac
2764 2181 2996 2235 Parthici
3041 2178 3425 2249 compcnsaudi
3452 2178 3624 2248 gratia
3667 2231 3676 2244 ,

2036 2273 2297 2330 militibus
2321 2273 2458 2329 forte
2484 2275 2634 2345 signa
2665 2273 3106 2343 triumphantium
3125 2271 3410 2326 concessit.
3425 2272 3556 2336 Qum
3578 2269 3626 2325 si

2035 2375 2311 2423 teneamus
2335 2407 2351 2432 ,
2374 2365 2536 2420 simul
2565 2364 2691 2420 illud
2719 2365 2955 2434 aperitur
2974 2405 2988 2428 ,
3020 2379 3127 2433 quo
3160 2362 3320 2418 modo
3340 2377 3484 2418 nunc
3514 2370 3626 2415 tur-

2031 2459 2224 2516 bandae
2245 2459 2391 2530 pacis
2420 2459 2654 2530 suspicio
2674 2460 2984 2515 christianis
3005 2459 3238 2528 potuerit
3259 2456 3480 2512 oboriri.
3504 2455 3624 2529 Iam

2033 2553 2175 2610 enim
2206 2554 2459 2624 prostrati
2487 2563 2640 2608 erant
2668 2553 2852 2608 hostes
2879 2552 3222 2622 Imperatoris
3243 2566 3453 2616 omnes,
3479 2551 3625 2620 ipsa-

2032 2660 2138 2716 que
2161 2644 2338 2701 Sereri
2360 2644 2470 2714 jam
2494 2645 2652 2700 Otiosi
2672 2646 2935 2715 asperitas
2957 2643 3261 2698 minabatur
3282 2641 3625 2697 severitatem

2032 2755 2319 2808 summam,
2339 2755 2520 2811 quam,
2539 2739 2814 2795 districtus
2831 2739 2896 2794 ad
2905 2738 3006 2794 huc
3020 2736 3356 2808 graviori-bus
3371 2735 3622 2805 negotiis,

2033 2833 2142 2892 non
2184 2843 2430 2907 potuerat
2473 2835 2648 2907 sequi.
2695 2833 2764 2890 Et
2812 2834 2900 2888 isti
2947 2830 3342 2888 inﬂantur-tandm
3394 2829 3626 2884 tttaxime

2033 2921 2284 2984 idoneum
2309 2927 2586 2983 videbatur
2611 2926 2795 2981 militis
2823 2924 3151 2994 exemplum,
3179 2937 3337 2993 quem
3365 2935 3452 2986 eo,
3482 2919 3624 2990 quod

2033 3036 2284 3078 coronam
2313 3021 2646 3093 repudiasset
2671 3062 2684 3086 ,
2721 3019 3064 3090 parricidium
3092 3016 3430 3072 commisisse
3453 3054 3467 3078 ,
3495 3014 3623 3068 hos-

332 3088 412 3142 ria
441 3087 688 3143 Parthica
723 3087 1008 3154 exordiar,
1058 3102 1165 3144 non
1211 3087 1458 3144 Eusebius
1511 3091 1684 3145 solum
1708 3131 1725 3157 ,
1767 3091 1922 3162 cujus

339 3179 473 3208 [ιη-ιιι
498 3180 710 3208 “ubi...”
739 3192 883 3208 -..ι-..ς-
913 3181 1093 3208 ιιΑιΙΑυιΙ
1124 3181 1323 3208 :...t:...:..
1415 3184 1554 3208 I.--.-
1581 3183 1859 3208 -.:....._:----
1892 3199 1918 3208 ,ι

2035 3121 2248 3184 temque
2268 3087 2495 3168 Caesaris
2522 3087 2791 3180 publicum
2819 3108 3095 3167 exstitisse
3119 3149 3135 3177 ,
3182 3120 3282 3163 suo
3313 3119 3462 3161 more
3488 3104 3626 3159 Deo-

334 3179 473 3236 Iorte
496 3180 712 3251 quidam
739 3192 884 3236 stare
913 3181 1096 3236 nolent
1118 3181 1324 3252 judicio
1349 3221 1363 3247 ,
1413 3184 1554 3240 hanc
1581 3183 1862 3239 victoriam
1890 3199 1922 3239 a
1952 3179 1998 3208 υ
2031 3179 2418 3264 τυπιόυιιοηε
2445 3179 2864 3258 arbitrabantur.

337 3271 550 3327 Parthis
583 3313 598 3337 ,
628 3272 917 3327 Adiabenis
948 3313 964 3340 ,
998 3273 1371 3343 Arabibusque
1399 3284 1726 3344 reportatam
1750 3286 1927 3330 trans-

340 3363 448 3419 fert
476 3365 529 3418 in
551 3366 616 3419 Δ.
645 3364 752 3420 CC.
776 3363 1035 3434 (Chronic.
1064 3365 1126 3421 L.
1158 3366 1222 3422 II.
1245 3368 1312 3421 ad
1343 3366 1398 3421 Β.
1428 3381 1481 3422 a.
1513 3366 1655 3422 Edit.
1687 3367 1927 3440 Scaligeo

339 3455 409 3520 ri,
442 3470 494 3524 pi
525 3454 700 3525 172.).
734 3456 838 3511 Sed
870 3457 985 3512 fasti
1006 3458 1169 3513 etiam
1197 3458 1363 3529 (apud
1404 3458 1701 3516 Pamelium
1727 3462 1781 3516 in
1821 3463 1928 3517 vita

332 3546 565 3603 Tertull.
596 3563 648 3618 p.
682 3547 767 3604 I8.
799 3547 893 3619 II.)
919 3559 974 3605 et
995 3552 1198 3606 nummi
1223 3549 1386 3622 (apud
1431 3551 1821 3613 Mettiobarbum
1862 3555 1928 3611 ad

333 3656 386 3696 a.
414 3656 462 3696 c.
493 3641 616 3697 20f.
643 3658 696 3711 p.
726 3642 876 3714 274.)
897 3658 1193 3714 cognomen
1226 3643 1460 3699 Parthici
1491 3645 1711 3701 Maximi
1738 3647 1929 3704 Severo

327 3731 426 3788 ‘I'r.
454 3731 515 3787 P.
574 3733 703 3788 VIII.
761 3735 1049 3793 sustinenti
1098 3735 1370 3802 tribuunt,
1416 3752 1576 3808 quam
1620 3741 1927 3810 progredia

337 3825 514 3882 medio
545 3826 672 3882 anni
696 3825 801 3883 CC.
846 3827 914 3883 ad
944 3830 1068 3884 anni
1106 3831 1381 3899 sequentis
1410 3831 1640 3887 mediam
1672 3843 1877 3904 partem
1905 3873 1922 3900 ,

331 3933 490 3974 nemo
515 3921 743 3990 ignorat.
769 3921 1036 3991 Deinceps
1064 3924 1116 3976 in
1139 3921 1464 3978 Caraeallttm
1477 3926 1722 3995 Augusti,
1747 3927 1796 3980 in
1821 3926 1926 3982 Ge-

329 4019 436 4065 tam
467 4011 694 4068 Caesaris
721 4012 1032 4085 dignitatern
1069 4031 1098 4069 a
1151 4016 1406 4072 militibus
1437 4017 1684 4074 collatam
1715 4035 1835 4076 esse
1857 4023 1925 4077 A.

327 4101 458 4158 CCI.
491 4120 556 4160 ex
587 4105 873 4175 Spartiano
900 4107 1212 4179 intelligitur
1233 4110 1464 4178 quodam
1493 4112 1675 4179 modo,
1703 4115 1794 4183 qui
1824 4113 1926 4171 hoc

323 4197 407 4251 ait
437 4197 632 4252 factum
659 4212 814 4265 esse,
841 4213 963 4254 cum
994 4199 1296 4256 Coracallus
1340 4217 1536 4256 annum
1568 4203 1704 4259 Xlli.
1743 4214 1928 4275 ageret

325 4287 395 4357 (l.
418 4301 469 4343 c.
501 4302 552 4342 c.
583 4289 731 4360 10.);
762 4305 924 4361 quem
961 4305 1030 4346 eo
1055 4306 1198 4347 anno
1223 4293 1331 4363 egit
1354 4293 1496 4349 haud
1521 4295 1717 4361 dubie,
1752 4307 1808 4351 ut
1829 4311 1926 4368 ap-

327 4389 582 4451 paretex
623 4383 688 4437 iis
711 4399 834 4454 quae
879 4384 948 4440 de
995 4385 1114 4454 ejus
1142 4386 1304 4440 natali
1356 4387 1489 4443 alias
1533 4389 1924 4458 disputavimus

2032 3377 2149 3451 92.
2174 3408 2247 3422 —
2274 3379 2433 3436 Sectis
2477 3376 2800 3434 sentienti-um
2847 3374 3114 3446 opiniones
3155 3369 3536 3436 examinantur,
3579 3374 3626 3422 et

2105 3477 2357 3549 imprimis
2379 3473 2682 3532 Iloﬂ’manni
2699 3481 2744 3526 et
2761 3470 2925 3538 Orsii,
2953 3469 3040 3538 qui
3059 3467 3206 3522 illum
3227 3465 3291 3520 Δ.
3311 3463 3446 3520 CXC
3457 3462 3596 3517 VIII
3607 3500 3622 3516 .

2091 3573 2408 3650 tribuerant,
2456 3579 2500 3624 et
2537 3567 2702 3639 Pagii,
2730 3566 2819 3637 qui
2847 3580 2962 3620 eum
2985 3563 3330 3633 assignaoerat
3359 3558 3426 3613 Α.
3452 3555 3622 3614 CCII.

2103 3762 2193 3839 At,
2225 3775 2346 3816 cum
2387 3757 2472 3814 his
2521 3755 2851 3829 argumentis
2897 3751 3166 3818 inductus,
3210 3749 3404 3805 librum
3434 3747 3499 3801 de
3525 3745 3624 3801 CJ-

2027 3873 2157 3913 rona
2188 3857 2252 3912 A.
2284 3853 2415 3911 CCI.
2449 3855 2706 3923 scriptum
2751 3865 2872 3907 esse
2917 3847 3240 3906 contendam
3266 3887 3281 3911 ,
3309 3845 3468 3901 video
3509 3843 3623 3914 ple-

2029 3965 2226 4021 rosque
2252 3947 2644 4010 contradicere,
2664 3945 2906 4015 quamvis
2929 3942 2980 3997 in
3007 3942 3247 3997 diversas
3271 3941 3428 4010 plane
3447 3944 3624 4007 partes

2030 4043 2399 4118 pronuntient.
2448 4039 2689 4109 Namque
2729 4038 2950 4102 Orsius,
2998 4034 3211 4090 familia:
3260 4032 3624 4086 Dominicanm

2031 4139 2374 4196 doctissimus
2392 4133 2706 4197 monachus,
2731 4133 2953 4202 ejusque
2974 4127 3326 4198 adstipulator
3351 4122 3624 4190 lio/linan-

2031 4249 2127 4287 ηαδ
2183 4233 2247 4287 A.
2298 4209 2572 4286 CXCVIII.
2622 4225 2878 4280 Baronius
2920 4225 2986 4276 Α.
3035 4219 3269 4277 CXCIX.
3316 4217 3514 4288 Pagina
3554 4215 3618 4268 A.

2031 4325 2178 4384 CCII.
2225 4323 2486 4380 Patttelius
2530 4329 2584 4377 et
2611 4318 2836 4379 Allixius
2865 4317 2931 4370 Α.
2959 4313 3112 4370 CCX.
3161 4321 3433 4382 postremo
3465 4307 3626 4362 τειιοο

2031 4421 2253 4474 montius
2312 4417 2608 4483 imperante
2668 4409 2956 4465 Maximino
3007 4407 3074 4461 Α.
3123 4402 3428 4460 CCXXXV.
3499 4412 3624 4454 eum

335 4473 389 4542 (ᾗ
416 4475 517 4544 6.).
569 4477 649 4530 Ae
691 4475 848 4546 hujus
901 4477 1118 4548 quidem
1148 4479 1440 4534 auctoritas
1492 4481 1536 4534 si
1585 4479 1724 4536 forte
1769 4497 1926 4553 repu-

2031 4513 2232 4570 editum
2279 4473 2444 4564 fuisse
2493 4507 2761 4578 Opinatur.
2813 4502 2918 4559 Sed
2967 4501 3071 4564 isti,
3126 4500 3168 4553 si
3220 4513 3248 4550 a
3311 4491 3624 4549 Tertulliano

329 4566 531 4620 dianda
567 4568 772 4622 videtur
800 4579 1118 4640 propterea,
1174 4571 1315 4640 quod
1347 4573 1399 4625 in
1429 4571 1732 4629 deﬁnienda
1758 4574 1925 4630 Cara-

329 4659 458 4716 calli
491 4669 649 4717 aetate
695 4663 798 4718 sibi
844 4663 959 4734 ipse
987 4677 1095 4719 non
1123 4673 1334 4720 constat
1371 4666 1539 4732 satis;
1583 4667 1725 4724 hune
1777 4678 1927 4724 certe

327 4756 650 4824 scrupulum
681 4757 870 4812 eximit
930 4757 1361 4829 elegantissimus
1406 4776 1658 4817 nummus
1687 4761 1926 4818 thesauri

319 4849 464 4904 olim
493 4849 975 4922 Schwartzburgici,
1005 4868 1148 4907 nunc
1187 4851 1433 4920 Cothani,
1459 4869 1618 4922 quem
1645 4856 1922 4911 memoria

324 4939 493 5011 hujus
537 4943 616 4998 rei
673 4944 1056 5000 conservanda:
1118 4946 1442 5001 destinatum
1491 4947 1698 5011 fuisse,
1767 4947 1924 5003 dubi-

333 5036 460 5088 tari‘
490 5049 596 5090 non
653 5045 829 5106 potest
885 5038 984 5109 (1).
1033 5037 1164 5107 Ejus
1214 5039 1380 5094 altera
1409 5054 1531 5108 pars
1557 5048 1717 5110 caput
1744 5038 1924 5094 Seueri

334 5123 517 5180 laurea
563 5127 798 5182 cinctum
839 5128 995 5183 oﬂ'ert
1033 5129 1223 5187 addita
1287 5131 1636 5199 inscriptione
1668 5147 1680 5182 :
1707 5129 1928 5186 Severus

321 5216 468 5288 ’Aug.
518 5218 666 5274 Part.
710 5219 855 5274 Max.
891 5219 958 5276 Ρ.
989 5219 1069 5277 Μ.
1112 5219 1204 5276 Tr.
1253 5219 1322 5275 P.
1381 5219 1486 5275 IX.
1528 5222 1692 5276 altera
1725 5222 1923 5278 nudum

395 5400 470 5462 (1)
506 5399 631 5464 Eum
669 5412 780 5449 cum
821 5399 1016 5464 erudito
1057 5401 1180 5464 orbe
1218 5402 1590 5464 communicavit
1633 5399 1932 5464 Polycarpus

319 5460 614 5528 ,Teuuelius
637 5464 686 5528 in
707 5463 828 5514 diss.
851 5463 926 5514 Jo.
955 5460 1105 5514 Andr.
1131 5463 1363 5514 Schmidii
1389 5463 1614 5528 praesidio
1635 5460 1820 5528 habita,
1841 5460 1928 5514 ubi

329 5522 519 5588 selecta
556 5522 845 5574 nuutismata
869 5538 1040 5584 aurea,
1079 5532 1318 5588 argentea
1356 5522 1407 5575 ei
1432 5538 1566 5574 terea
1605 5522 1928 5588 tnaximi'mo-

323 5584 434 5634 duli
465 5599 530 5652 ea
555 5588 895 5652 gmphylacio
917 5584 1167 5640 Amstadio
1188 5588 1644 5649 Sehwartzburgico
1676 5586 1921 5652 explicat;

329 5658 447 5708 pag.
471 5647 548 5698 2'2.
582 5647 721 5712 seqq.
745 5647 911 5699 'Aliam
943 5652 1306 5712 inscriptionem
1327 5686 1341 5709 ,
1367 5652 1414 5699 in
1437 5647 1760 5712 qua—nomina
1775 5650 1924 5712 trium

321 5715 538 5766 pstor-um
567 5709 676 5760 cum
691 5709 826 5762 anno
862 5713 947 5764 Τι’.
972 5713 1030 5762 Ρ.
1058 5709 1138 5762 ΙΧ.
1174 5712 1351 5762 Severi
1390 5718 1443 5764 et
1456 5709 1558 5762 "I‘r.
1584 5710 1640 5760 P.
1669 5710 1753 5764 IV.
1777 5709 1920 5761 Cara-

331 5767 446 5884 gﬂi
467 5772 846 5884 ggunguutur,
869 5773 1019 5828 habet
1039 5773 1264 5839 Scaliger
1287 5775 1338 5826 in
1367 5774 1690 5830 animadvers.
1714 5773 1921 5838 Euseb,

330 5844 446 5896 pag.
468 5844 571 5884 zzu.

2031 4604 2365 4669 discesseris,
2405 4615 2594 4658 omnes
2625 4597 2692 4651 ad
2734 4609 2897 4650 unum
2942 4600 3190 4647 errarunt
3234 4589 3285 4641 in
3338 4599 3437 4649 eo,
3479 4579 3624 4652 quod

2030 4700 2173 4754 aliud
2206 4697 2514 4752 donativum
2543 4690 2803 4746 militibus
2832 4704 2862 4744 a
2900 4687 3087 4742 Severo
3113 4683 3295 4736 datum
3341 4676 3624 4733 intellexe-

2031 4795 2161 4858 rint,
2191 4805 2351 4861 quam
2374 4787 2515 4859 quod
2554 4785 2749 4840 debeat
2785 4781 3026 4849 intelligi.
3070 4775 3331 4844 Quocirca
3373 4784 3624 4843 superse-

2029 4883 2160 4939 dere
2192 4894 2470 4952 possemus
2493 4878 2559 4932 iis
2584 4873 2945 4936 confutandis,
2964 4870 3113 4936 dum,
3136 4865 3293 4941 quale
3315 4864 3624 4921 donativum

1965 5021 1968 5024 .
2030 4976 2119 5033 hic
2171 4974 2332 5030 fuerit
2379 4987 2410 5027 ει
2455 4969 2780 5026 Tertulliano
2834 4965 3144 5028 indicatum,
3199 4961 3498 5017 docuimus.
3554 4958 3624 5012 At

2029 5067 2279 5142 quoniam
2307 5081 2372 5122 ex
2397 5064 2548 5119 istius
2574 5059 2738 5116 libelli
2769 5067 3012 5128 tempore
3043 5053 3236 5127 pendet
3267 5052 3622 5124 plurimorum

2028 5163 2144 5234 ejus
2172 5161 2430 5218 librorum
2474 5153 2843 5226 chronologla,
2900 5151 3130 5221 facitque
3174 5149 3272 5203 ista
3313 5159 3470 5202 secus
3501 5155 3624 5198 sen-

2035 5256 2278 5312 tientium
2307 5250 2602 5308 confutatio
2633 5248 2920 5318 plurimum
2947 5243 3013 5299 ad
3044 5237 3466 5298 conﬁrmandam
3497 5247 3623 5288 nos-

2034 5359 2167 5404 tram
2196 5347 2540 5409 sententiam,
2563 5343 2692 5414 age!
2727 5354 2819 5396 eas
2845 5339 3124 5408 opiniones
3154 5331 3467 5387 brevissime
3491 5342 3622 5384 exa-

2031 5441 2317 5497 minemus.
2370 5439 2542 5507 Atque
2597 5434 2682 5488 hic
2712 5432 2779 5488 de
2824 5430 3078 5500 Opinione
3122 5423 3433 5479 Tillemontii
3489 5420 3624 5475 nihil

2033 5533 2225 5588 attinet
2247 5531 2429 5586 dicere
2456 5537 2756 5598 prOpterea,
2780 5522 2922 5594 quod
2949 5529 3055 5575 tota
3083 5518 3183 5574 ista
3210 5530 3300 5571 res
3323 5514 3454 5570 satis
3485 5522 3622 5567 trac-

2017 5634 2133 5682 ‘tata
2181 5624 2389 5679 videtur
2433 5621 2502 5675 ab
2552 5617 2870 5685 Hoﬂ'manno
2898 5613 2981 5687 (In
3010 5612 3141 5668 diss.
3201 5610 3265 5664 de
3308 5605 3616 5663 Tertulliani

2027 5716 2257 5776 omnibus
2283 5716 2340 5770 in
2370 5713 2715 5771 Montanismo
2753 5709 2975 5779 scriptis,
3006 5706 3036 5779 §
3068 5706 3121 5762 6.
3164 5717 3218 5775 p.
3269 5701 3362 5758 26.
3396 5700 3595 5771 seqq.),

2025 5818 2082 5868 et
2129 5809 2288 5882 plane
2335 5806 2575 5878 sequitur
2628 5803 2776 5863 illam
2820 5799 3107 5870 hmresim,
3151 5811 3272 5869 quae
3329 5809 3503 5867 neque
3551 5792 3618 5848 Α.
