4242 6266
604 318 709 383 «127

1704 301 2150 364 DISSEBTATIO
2190 298 2277 358 DE
2314 294 2504 356 VERA
2546 293 2801 354 ᾸΞΤᾹΤΕ

3791 293 3898 352 I28

604 425 836 486 CXCIX.
867 439 1042 498 neque
1070 423 1226 496 paulo
1248 428 1371 493 post
1393 420 1766 477 Tertullianum
1804 419 1917 473 vult
1953 416 2019 473 ad
2047 416 2200 471 Mon-
2227 417 2278 477 Α
2306 427 2494 469 omnes
2519 427 2640 467 eum
2667 410 2828 466 rebus
2863 406 2928 463 A.
2958 404 3232 464 CXCVIII.
3275 405 3441 477 gestis
3459 403 3672 478 egregie
3701 420 3900 498 conve.

533 577 537 581 ,
607 521 832 578 lanistas
878 517 1171 580 trausiisse,
1203 514 1344 584 quod
1389 515 1494 568 alio
1524 514 1643 568 loco
1687 513 2096 581 disputavimus.
2130 508 2201 564 Et

610 613 662 668 in
690 615 788 667 ista
811 610 1024 680 quidem
1049 617 1202 680 parte
1223 608 1598 678 disputationis
1624 607 1824 662 rectius
1847 615 2086 661 versatus
2114 611 2202 660 est

613 702 979 770 Ho/I'niannus,
1013 716 1170 771 quam
1205 711 1337 763 tum,
1370 714 1493 754 cum
1529 714 1681 754 suam
1734 699 1848 768 ipse
1892 698 2199 767 opinionem

609 793 853 865 protulit.
897 793 1022 848 Vult
1065 793 1206 848 enim
1249 791 1388 846 hunc
1431 791 1622 846 librum
1651 805 1718 845 eo
1747 799 1987 859 tempore
2038 789 2202 843 fuisse

605 887 991 957 conscriptum,
1017 902 1138 942 cum
1161 902 1262 956 pax
1283 885 1697 940 Christianorum
1727 898 1792 937 ne
1820 898 1849 936 a
1881 879 2204 935 Przesidibus

607 978 843 1050 quidem,
890 978 1084 1033 nedum
1125 980 1302 1032 edicto
1329 977 1542 1048 Augusti
1570 974 1883 1030 labefactata
1939 973 2117 1038 fuerit,
2149 981 2205 1027 et

607 1086 750 1127 anno
779 1071 994 1142 quidem
1025 1072 1087 1126 P.
1118 1071 1177 1127 c.
1211 1071 1276 1125 N.
1306 1069 1604 1132 cxcvut.;
1635 1085 1860 1137 quorum
1906 1067 2035 1123 illud
2063 1065 2204 1122 effici

606 1165 784 1222 credit
809 1183 899 1229 eo,
925 1165 1067 1236 quod
1102 1163 1444 1218 Tertullianus
1487 1161 1811 1217 christianos
1857 1161 2052 1216 referat
2084 1175 2200 1214 cre-

610 1258 832 1320 didisse,
864 1272 1049 1328 pacem
1079 1257 1400 1328 imprudenti
1429 1257 1634 1322 militis,
1659 1271 1815 1324 quem
1841 1256 1923 1309 hic
1944 1253 2204 1320 defendit,

612 1352 750 1406 facto
796 1352 1066 1407 turbatum
1118 1352 1212 1415 iri;
1268 1351 1370 1406 hoc
1419 1366 1546 1405 vero
1585 1350 1970 1417 potentis<imis
2016 1349 2088 1402 ait
2138 1346 2206 1402 ab

614 1443 763 1500 Orsio
792 1443 1212 1510 demonstratum
1236 1445 1564 1514 argumentis
1585 1458 1726 1498 esse.
1755 1443 1886 1510 Quae
1906 1457 2026 1497 cum
2054 1439 2209 1494 adhi-

618 1537 874 1594 berentur
910 1540 977 1592 ab
1026 1537 1372 1605 Holfmanno,
1439 1547 1493 1591 tit
1549 1538 1893 1590 labefactaret
1939 1532 2208 1588 Moshemii

611 1641 695 1685 τοῦ
750 1641 1020 1701 μακαρίτου
1063 1634 1382 1685 sententiam
1421 1629 1488 1684 de
1513 1643 1636 1683 vera
1663 1637 1820 1681 :ntate
1846 1624 2159 1696 Apologetici
2189 1640 2210 1688 ;

614 1720 703 1775 hic
730 1720 947 1790 quidem
995 1721 1080 1791 (in
1110 1721 1355 1773 nddena’is
1409 1720 1477 1771 ad
1521 1718 1621 1772 vol.
1655 1718 1694 1772 Ι.
1743 1717 1868 1772 diss.
1917 1732 2126 1770 suarum
2154 1715 2207 1768 in

2314 507 2449 572 nire,
2480 505 2573 560 sed
2621 518 2855 574 pugnare
2891 516 3016 561 cum
3037 514 3373 570 quocumque
3408 513 3553 553 anno
3578 498 3708 553 alio.
3736 497 3901 570 Igitur

2307 607 2362 654 et
2390 612 2488 652 nos
2531 610 2818 666 sequemur
2857 592 3155 648 doctissimi
3202 591 3300 646 viri
3352 589 3596 661 vestigia,
3648 591 3900 661 quoniam

2305 706 2574 755 veremur,
2617 704 2685 743 ne
2710 687 3028 743 misceamus
3053 700 3139 751 ea,
3167 699 3288 755 qua:
3309 683 3418 752 jam
3445 682 3515 737 ab
3544 697 3610 738 eo
3635 683 3900 753 permixta

2305 791 2430 838 sunt
2456 783 2604 845 satis,
2637 795 2699 834 ac
2728 795 2822 850 per
2852 778 3090 848 singulos
3117 779 3284 842 locos,
3312 790 3559 846 quamam
3587 789 3734 831 reete
3754 777 3907 834 dixe-

2306 878 2396 942 rit,
2438 889 2689 945 quaenam
2719 888 2897 937 secus,
2928 871 3137 941 adjecto
3187 868 3425 924 brevinri
3466 876 3903 938 argumentorum

2309 968 2663 1040 Pagiattorum
2712 965 2980 1029 examine,
3014 961 3385 1016 indicabimus.
3431 959 3488 1014 In
3516 959 3634 1015 loco
3663 959 3768 1015 isto
3795 961 3905 1032 pri-

2314 1075 2425 1124 mo,
2459 1060 2545 1128 qui
2568 1066 2652 1113 est
2678 1057 2746 1112 de
2792 1069 3016 1110 numero
3069 1051 3405 1134 liberalitatis
3436 1049 3612 1106 Severi
3657 1053 3904 1121 Augusti,

2310 1151 2594 1222 quinquies
2632 1148 2702 1202 ab
2730 1163 2796 1202 eo
2823 1147 3048 1200 donatos
3087 1131 3285 1199 milites
3305 1158 3446 1208 esse,
3477 1143 3660 1197 nescio
3681 1158 3747 1197 an
3776 1145 3906 1200 satis

2308 1252 2457 1298 recte
2485 1281 2500 1305 ,
2541 1241 2689 1304 dicit,
2734 1239 2996 1309 siquidem
3041 1238 3244 1307 aliquot
3296 1235 3498 1291 nunnni
3543 1235 3744 1305 septies
3784 1250 3904 1291 eam

2309 1343 2732 1389 commemorant
2760 1330 2854 1404 (V.
2891 1328 3150 1384 Vaillantii
3174 1328 3477 1382 nomismata
3500 1326 3674 1397 Impp.
3727 1327 3905 1394 Rom.,

2311 1435 2442 1482 tom.
2475 1425 2538 1480 ll.
2573 1441 2621 1495 p.
2653 1424 2778 1480 254.
2807 1428 2847 1492 );
2877 1422 2970 1477 sed
3006 1431 3181 1491 potest
3221 1420 3272 1474 id
3299 1418 3444 1474 salva
3473 1433 3531 1474 re
3558 1430 3906 1475 controversa

2317 1518 2567 1575 eonct-di.
2589 1517 2774 1587 Neque
2802 1527 2978 1570 tamen
3009 1515 3059 1569 in
3087 1529 3152 1569 eo
3186 1511 3366 1568 Orsius
3405 1511 3503 1566 sibi
3533 1521 3745 1567 constat
3775 1514 3908 1584 ipse,

2312 1610 2453 1682 quod
2479 1609 2857 1665 Tertullianum
2881 1609 2950 1662 de
2992 1606 3245 1660 donativo
3270 1604 3408 1658 Anni
3439 1602 3717 1659 CXCVIII.
3762 1604 3910 1660 locu-

2316 1713 2429 1758 tum
2458 1716 2579 1758 esse
2617 1701 2822 1772 jndicet
2852 1697 2997 1770 (pag.
3031 1696 3206 1765 104.),
3255 1705 3309 1751 et
3337 1704 3520 1765 postea
3564 1710 3688 1750 eum
3731 1704 3908 1751 tamen

617 1780 762 1867 Hist:
792 1810 936 1882 Eccl,
987 1780 1365 1879 ῥενιξηεηιειιηι,
1413 1825 1467 1880 ρ,
1515 1810 1640 1864 741,
1686 1805 2204 1877 εειια,),οοηρεάίι,
2239 1780 2287 1840 Β
2315 1795 2459 1850 dicat
2508 1793 2575 1848 de
2624 1801 2810 1863 quarta
2865 1789 3185 1845 liberalitate
3235 1802 3264 1840 a
3319 1802 3379 1841 se
3425 1786 3658 1842 indicata
3709 1787 3913 1843 dixisse

612 1899 768 1956 istam
802 1918 914 1956 rem
942 1902 1042 1956 rite
1079 1903 1147 1954 ab
1179 1901 1328 1955 Ursio
1351 1901 1514 1955 fuisse
1552 1901 1871 1969 expositam;
1903 1897 1996 1953 sed
2023 1885 2227 1966 negat,

614 1993 666 2048 id
696 2005 843 2050 reete
870 1986 1121 2064 proferri,
1152 1993 1293 2063 quod
1329 2008 1430 2048 non
1458 1995 1611 2047 simul
1643 2007 1772 2062 pace
1811 1992 1883 2045 uti
1930 1988 2208 2045 christiani

612 2089 905 2158 potuerint,
935 2097 988 2142 et
1017 2089 1084 2142 ab
1112 2088 1356 2142 hostibus
1407 2096 1585 2140 tamen
1626 2087 1739 2139 suis
1789 2083 1952 2137 variis
2002 2081 2210 2151 injuriis

563 2232 584 2248 ,
615 2178 777 2233 affici.
812 2181 987 2247 Atque
1015 2193 1115 2249 ego
1137 2178 1346 2232 tametsi
1380 2176 1528 2231 Orsio
1557 2191 1659 2230 non
1689 2175 1972 2238 assentiar,
2009 2174 2210 2242 potius-

617 2287 723 2342 que
752 2269 994 2326 refellam
1043 2281 1226 2341 postea
1256 2312 1271 2336 ,
1322 2272 1596 2338 sapienter
1649 2281 1825 2322 tamen
1871 2266 2211 2323 Mos/tendum

615 2361 995 2432 pronuntiasse
1023 2376 1287 2431 agnosco,
1320 2361 1408 2416 ubi
1450 2377 1538 2416 res
1587 2360 2002 2414 ebristianorum
2047 2357 2209 2423 dixit,

617 2467 737 2508 eum
763 2452 884 2516 aliis
909 2454 958 2506 in
987 2453 1274 2522 provinciis
1311 2453 1637 2522 urbibusque
1663 2450 1961 2520 tranquillze
1990 2449 2208 2516 fuerint,

626 2543 680 2598 in
703 2544 823 2598 aliis
869 2559 1241 2612 saepenumero
1267 2561 1296 2597 a
1327 2544 1649 2599 Praesidibus
1681 2543 1938 2606 turbatas,
1967 2551 2020 2596 et
2048 2543 2210 2596 talem

619 2635 696 2690 rei
749 2634 1058 2690 christiana:
1107 2635 1294 2691 faciem
1340 2644 1579 2703 tempore
1633 2635 1814 2704 scripti
1879 2634 2034 2704 hujus
2089 2633 2212 2689 libri

620 2743 810 2783 revera
835 2727 1018 2782 fuisse.
1049 2728 1277 2784 Pulchre
1299 2728 1441 2784 enim
1474 2728 1524 2782 id
1558 2727 1974 2798 potestintelligi
2022 2743 2053 2783 e
2075 2727 2215 2782 libro

621 2816 925 2873 Tertulliani
947 2819 1014 2874 ad
1044 2817 1349 2890 Scapulam;
1403 2835 1560 2890 quem
1606 2818 1808 2873 editum
1858 2833 1980 2874 esse
2045 2819 2213 2888 impe-

621 2917 776 2963 rante
800 2908 1070 2964 Ctiracallo
1115 2911 1326 2979 plurimi
1354 2925 1538 2964 eorum
1568 2911 1910 2974 conﬁtentur,
1942 2909 2034 2979 qui
2061 2909 2215 2978 quid.

623 3016 782 3070 quam
814 3001 866 3055 in
895 3001 998 3056 isto
1023 3016 1223 3072 genere
1247 3009 1550 3065 tentarunt;
1583 3010 1638 3055 et
1677 3000 1957 3069 apparebit
2004 2999 2054 3053 id
2099 3000 2218 3069 qui-

621 3091 744 3148 dem
775 3108 840 3147 ex
865 3093 951 3158 iis,
981 3109 1103 3162 qua:
1127 3103 1308 3162 postea
1341 3092 1673 3148 dOcebiinus.
1706 3091 1821 3146 Iam
1850 3091 1953 3145 isto
1981 3106 2049 3145 ex
2079 3090 2216 3145 libro
2243 3131 2289 3194 Ο

621 3185 740 3256 quis
772 3201 876 3241 non
903 3186 1064 3250 videt,
1096 3186 1342 3241 maximis
1365 3194 1476 3240 tum
1513 3185 1906 3240 calamitatibus
1943 3183 2220 3253 expositos

621 3277 947 3333 christianos
991 3279 1202 3334 fuisse?
1242 3279 1310 3334 Et
1356 3293 1514 3333 nemo
1569 3287 1746 3332 tamen
1779 3290 1916 3333 unus
1945 3286 2026 3331 est
2083 3274 2222 3329 inter

623 3363 916 3442 scriptores
955 3383 1186 3434 veteres,
1217 3372 1307 3441 qui
1338 3369 1661 3424 christianos
1707 3368 1808 3424 sub
1834 3365 2104 3422 Caracallo
2133 3381 2224 3421 ve-

625 3475 779 3520 xatos
803 3481 924 3521 esse
951 3467 1145 3521 tradat.
1174 3466 1327 3523 Unde
1357 3466 1498 3521 hoc?
1525 3465 1786 3520 Nimirum
1809 3469 1932 3536 quia
1958 3479 2087 3534 pace
2110 3475 2220 3518 tum

629 3557 944 3613 fruebantur
970 3559 1116 3613 nullo
1145 3559 1362 3630 Augusti
1389 3558 1566 3614 edicto
1595 3559 1801 3613 turbata
1832 3575 1847 3623 ;
1894 3557 1990 3612 sed
2019 3574 2046 3610 a
2076 3557 2221 3612 Prae-

582 3639 588 3646 ’
628 3650 804 3705 sidum
835 3659 1010 3706 tamen
1041 3651 1361 3707 crudelitate
1392 3668 1496 3705 non
1539 3651 1802 3705 vaciibant
1846 3649 2039 3705 ubivis.
2084 3648 2222 3704 Tum

627 3758 757 3799 vero
786 3758 845 3800 se
892 3744 963 3798 ita
1013 3759 1126 3800 rem
1179 3743 1431 3800 habuisse
1481 3744 1721 3807 omnino,
1772 3757 1895 3796 cum
1944 3741 1995 3796 in
2023 3740 2227 3796 litteras

630 3835 860 3891 referret
882 3835 1234 3890 Tertullianus
1261 3837 1389 3890 istas
1411 3836 1472 3890 de
1497 3834 1696 3890 Corona
1721 3833 2028 3904 Opiniones,
2052 3832 2224 3888 videri

631 3929 833 4002 optime
862 3939 1076 4000 potest,
1109 3930 1152 3983 si
1197 3929 1546 3983 admittuntur
1574 3943 1658 3993 ea,
1712 3942 1832 3996 quae
1880 3941 1978 3981 nos
2005 3926 2223 3995 quidem

631 4025 900 4076 sentimus
920 4020 986 4075 de
1016 4021 1170 4076 istius
1197 4020 1320 4075 libri
1343 4030 1519 4074 wtate.
1544 4019 1780 4090 Contigit
1800 4019 1940 4072 enim
1971 4017 2072 4072 hoc
2098 4017 2227 4071 laci-

634 4127 737 4168 nus
783 4111 970 4167 militis
999 4113 1050 4166 in
1081 4110 1320 4176 Oriente,
1355 4111 1494 4167 forte
1535 4112 1584 4166 in
1630 4110 1843 4166 Parthia
1896 4111 2080 4176 etiam,
2135 4108 2224 4164 ubi

636 4211 763 4259 ante
794 4203 968 4259 Severi
994 4204 1224 4259 edictum
1253 4203 1572 4258 christianos
1594 4203 1888 4272 exagitatos
1928 4201 2093 4256 fuisse
2119 4215 2226 4255 non

639 4293 869 4364 legimus
894 4294 1122 4363 uspiam;
1148 4295 1265 4360 sed,
1291 4311 1411 4364 quae
1432 4310 1460 4348 a
1483 4293 1804 4348 Tertulliano
1825 4301 2069 4348 enarrata
2101 4300 2229 4347 sunt

639 4387 694 4442 in
711 4387 1038 4458 Apologetico
1058 4387 1376 4465 czeterisque
1397 4385 1511 4455 ejus
1531 4385 1748 4457 generis
1774 4384 1944 4450 libris,
1971 4385 2021 4438 in
2047 4383 2229 4438 Africa

2314 1887 2392 1960 (p.
2425 1885 2593 1957 I06.).
2625 1886 2718 1940 Est
2745 1885 2888 1940 enim
2919 1884 3014 1937 ista
3047 1891 3255 1952 quarta,
3293 1889 3348 1935 ut
3398 1885 3509 1950 ipse
3539 1881 3765 1947 monuit,
3797 1881 3912 1938 hmo

2314 1979 2503 2035 eadem
2533 1979 2709 2048 plane,
2739 1992 2859 2047 qua:
2911 1983 3227 2044 occupatam
3280 1971 3679 2042 Ctesiphontem
3729 1985 3911 2030 secuta

2314 2079 2419 2127 est.
2447 2070 2688 2124 Alterum
2718 2069 2915 2132 locum,
2944 2081 3101 2136 quem
3141 2063 3286 2120 dedit
3327 2064 3565 2136 opinioni
3605 2062 3759 2135 Pagii
3783 2079 3912 2120 exa-

2315 2161 2604 2223 minanda),
2637 2177 2742 2216 non
2771 2159 3115 2229 repudiamus
3153 2173 3248 2227 per
3269 2171 3347 2221 se,
3379 2156 3472 2210 sed
3499 2164 3623 2211 sunt
3655 2167 3830 2212 tamen
3857 2157 3912 2214 in

2315 2255 2415 2310 ista
2460 2254 2854 2324 diSputatioue,
2901 2266 3021 2322 qua:
3063 2250 3284 2305 omnino
3314 2248 3519 2303 admitti
3551 2265 3656 2303 non
3687 2249 3906 2305 debent.

2315 2348 2531 2403 Etenim
2559 2348 2609 2403 id
2643 2348 2873 2418 primum
2912 2347 3088 2415 inepte
3112 2343 3241 2398 dicit
3270 2361 3282 2396 :
3314 2341 3688 2397 Tertullianum
3714 2342 3782 2397 de
3814 2359 3911 2398 ur-

2315 2441 2471 2497 banis
2523 2439 2780 2494 militibus
2826 2437 3009 2506 loqui,
3062 2435 3255 2506 quibus
3307 2433 3372 2488 ad
3420 2433 3720 2488 custodiam
3749 2432 3911 2489 Urbis

2316 2530 2549 2586 fuissent
2571 2529 2638 2584 ad
2670 2539 2879 2600 portam
2903 2528 3230 2582 Viminalem
3258 2536 3433 2580 castra
3464 2527 3732 2596 praetoria;
3757 2525 3911 2595 cujus

2317 2628 2394 2682 rei
2425 2642 2491 2680 ne
2519 2624 2671 2678 adest
2696 2623 2799 2678 ulla
2830 2622 3044 2694 quidem
3068 2619 3406 2690 significatio,
3435 2627 3490 2674 et
3513 2629 3660 2674 extra
3689 2618 3913 2674 Romam

2321 2727 2562 2787 tempore
2585 2715 2730 2782 belli,
2755 2715 2874 2785 quis
2893 2714 3122 2778 dubitet,
3153 2720 3327 2766 castra
3357 2711 3600 2767 Severum
3629 2710 3916 2766 habuisse?

2321 2814 2606 2881 Deinceps,
2629 2809 2769 2880 quod
2801 2818 3000 2863 nostra:
3026 2806 3305 2862 sententia:
3331 2804 3569 2860 maxime
3590 2803 3916 2859 contrarium

2323 2905 2590 2968 videmus,
2639 2899 3014 2956 liberalitatem
3072 2912 3287 2952 omnem
3335 2895 3464 2950 dicit
3494 2895 3642 2966 pacis
3679 2905 3919 2966 tempore

2323 2980 2550 3067 postque
2577 2992 2808 3048 reditum
2846 3007 2879 3046 e
2925 2989 3065 3044 bello
3105 2988 3302 3044 editam
3351 2987 3548 3051 fuisse;
3600 3001 3702 3056 qua
3743 2985 3811 3041 de
3859 3000 3919 3043 re

2325 3087 2690 3156 Spanhemius,
2719 3099 2876 3155 quem
2899 3082 3077 3137 obiter
3104 3080 3308 3145 citavit,
3329 3078 3462 3133 nihil
3485 3091 3703 3148 prorsus
3730 3076 3914 3132 habet.

2325 3177 2470 3234 Istud
2498 3193 2626 3233 vero
2657 3191 2755 3246 ego
2785 3174 2833 3229 si
2863 3174 2932 3229 de
2959 3172 3244 3242 congiariis
3271 3170 3372 3226 diei
3420 3183 3576 3240 posse
3600 3167 3915 3236 concedam,

2325 3271 2392 3325 de
2413 3269 2702 3333 donativis,
2732 3265 2891 3336 quale
2915 3265 3015 3318 hoc
3042 3273 3159 3318 erat
3188 3261 3328 3318 haud
3360 3261 3539 3326 dubie,
3573 3259 3921 3316 vehementer

2326 3361 2575 3432 equidem
2623 3359 2830 3414 dubito.
2877 3356 2992 3412 lino
3039 3357 3151 3428 ipsa
3183 3364 3306 3426 post
3341 3364 3550 3424 captam
3601 3350 3924 3422 Ctesiphon-

2329 3464 2435 3510 tem
2483 3453 2626 3508 edita
2676 3451 2993 3514 liberalitas,
3042 3449 3276 3504 admissa
3317 3447 3386 3504 ab
3435 3446 3606 3512 Ursio,
3658 3461 3782 3500 num
3815 3443 3923 3500 ullo

2327 3545 2489 3602 tnodo
2519 3560 2616 3614 per
2638 3543 2798 3599 verba
2829 3541 3098 3610 Spartiam'
3137 3540 3237 3594 alia
3271 3537 3496 3609 intelligi
3526 3544 3721 3608 potest,
3761 3551 3922 3607 quam

2327 3654 2447 3709 qua:
2476 3647 2626 3691 extra
2684 3635 2904 3690 Romam
2952 3634 3004 3688 in
3037 3633 3176 3687 bello
3217 3630 3359 3686 edita
3411 3629 3614 3685 fuerit?
3647 3629 3924 3684 Postremo

2327 3731 2382 3788 in
2416 3729 2766 3800 responsione
2795 3727 2861 3781 ad
2903 3727 3131 3782 alterum
3167 3723 3318 3794 Pagii
3347 3730 3752 3793 argumentum,
3783 3719 3926 3774 male

2330 3830 2753 3895 argumentatur,
2782 3819 2898 3874 dari
2948 3818 3066 3891 ejus
3093 3817 3399 3887 opinionem
3429 3829 3536 3868 non
3565 3826 3720 3884 posse
3765 3824 3924 3880 pr0p-

2333 3926 2500 3980 terea,
2527 3913 2667 3982 quod
2699 3911 2977 3966 christiani
3001 3910 3084 3964 vel
3120 3923 3304 3978 pacem
3331 3922 3360 3959 a
3397 3904 3722 3960 Prmsidibus
3744 3900 3830 3956 vel
3857 3899 3928 3955 ab

2330 4008 2658 4078 Imperatore
2691 4003 3010 4059 turbandam
3038 4001 3362 4062 timuissent;
3387 4014 3417 4052 e
3445 3995 3640 4067 quibus
3673 4009 3771 4049 nec
3795 3990 3926 4047 illud

2330 4093 2540 4158 defendi
2571 4115 2748 4168 posse,
2772 4099 2894 4167 quia
2917 4095 3029 4166 jatn
3060 4096 3124 4148 Α.
3155 4091 3282 4148 CCI.
3310 4090 3484 4145 vexati
3513 4084 3925 4144 fuissentchris-

2335 4194 2486 4256 tiani,
2518 4206 2690 4261 neque
2721 4189 2824 4243 hoc
2847 4189 3029 4253 etiam,
3061 4185 3225 4240 fuisse
3251 4185 3394 4240 enim
3425 4197 3492 4239 eo
3515 4196 3657 4236 anno
3685 4179 3929 4235 Severum

2331 4286 2609 4340 absentem
2651 4289 2708 4338 et
2726 4278 3219 4349 occupatissimum.
3251 4273 3404 4343 Quod
3437 4273 3702 4344 posterius
3730 4267 3930 4340 Oppido

2334 4377 2454 4432 leve
2492 4382 2596 4430 est.
2635 4373 2770 4427 Nam
2814 4382 2869 4427 et
2914 4369 3172 4425 militibus
3210 4365 3460 4422 donativa
3504 4370 3654 4418 extra
3701 4361 3931 4416 Romam

637 4453 974 4550 potissiniiun‘i
1023 4453 1458 4546 eastitere,utide
1499 4453 1679 4534 caueri
1713 4478 1763 4532 in
1795 4477 2013 4533 Oriente
2051 4476 2228 4531 cbris-
2254 4490 2308 4550 υ
2333 4469 2454 4526 data
2506 4475 2654 4532 sunt,
2696 4478 2750 4521 et
2796 4467 2898 4520 isto
2942 4479 3084 4518 anno
3124 4460 3248 4517 (2C1.
3283 4459 3423 4515 bello
3463 4455 3722 4550 orientali
3764 4453 3930 4511 finem

638 4573 766 4627 tiatii
797 4572 954 4642 plane
981 4573 1154 4626 vereri
1205 4580 1476 4640 poterant,
1517 4587 1585 4625 ne
1617 4585 1746 4640 pace
1779 4578 1995 4640 propter
2023 4570 2227 4624 facinus

640 4663 825 4719 militis
864 4663 1226 4734 privarentur.
1279 4663 1384 4718 Sed
1419 4662 1643 4717 influent
1672 4662 1726 4716 in
1765 4662 1972 4716 animos
2003 4660 2228 4716 forsitan

640 4755 912 4824 potentius
939 4755 1077 4810 Orsii
1099 4766 1435 4827 argutiienta;
1460 4758 1636 4824 itaque
1654 4769 1896 4825 quamam
1929 4765 2232 4825 quantaque

640 4844 742 4899 ista
768 4846 898 4911 sint,
938 4848 1261 4902 videbimus.
1319 4849 1458 4903 Sunt
1486 4861 1613 4903 vero
1638 4845 1972 4902 excursionis
1999 4847 2232 4901 Orsian

643 4945 754 4991 tres
785 4937 926 5005 loci,
963 4942 1155 5009 quibus
1189 4957 1300 4997 rem
1352 4943 1508 4997 istam
1547 4941 1832 5012 descripsit
1858 4941 1960 5014 (l).
1986 4942 2224 4997 Primum

641 5041 849 5098 monet,
901 5033 1042 5089 hunc
1065 5034 1259 5090 librum
1289 5037 1351 5089 A.
1405 5035 1674 5091 CXCVIII.
1721 5035 1981 5106 assignari
2011 5034 2232 5102 debere,

639 5125 949 5197 reperitque
970 5126 1313 5182 liberalitatis
1341 5127 1515 5182 Severi
1548 5128 1686 5198 apud
1716 5139 1922 5183 veteres
1947 5128 2237 5198 scriptores

643 5219 861 5289 vestigia
885 5235 900 5283 ;
925 5217 1122 5274 deinde
1146 5221 1378 5273 occurrit
1395 5219 1582 5291 Pugio,
1609 5221 1699 5292 qui
1721 5227 1784 5275 Α.
1805 5218 1954 5276 CCII.
1977 5224 2237 5291 scriptum

645 5309 789 5365 hunc
815 5312 1007 5366 librum
1055 5310 1496 5377 existimaverat;
1545 5321 1656 5367 tum
1689 5313 1944 5378 ostendit,
1993 5329 2113 5383 qua:
2139 5311 2234 5368 ad-

642 5403 818 5461 ducta:
841 5416 966 5462 sunt
991 5421 1020 5461 a
1053 5405 1383 5475 Tcrtulliano,
1404 5407 1564 5480 hujus
1588 5407 1922 5465 liberalitatis
1933 5430 2020 5478 περ
2031 5414 2234 5469 ιστάσεις

699 5612 785 5684 _(_l)
820 5611 877 5662 In
900 5611 1018 5684 diss.
1043 5611 1176 5674 hist.,
1200 5627 1298 5684 qua
1317 5614 1620 5684 ostenditur,
1647 5612 1932 5684 catholicam
1972 5611 2242 5684 Ecclesiam

647 5676 809 5740 tribus
847 5677 1091 5740 prioribus
1127 5676 1310 5726 seculis
1353 5677 1629 5740 capitalium
1655 5678 1908 5725 criminum
1945 5678 2048 5740 reis
2071 5687 2242 5740 paceni

563 5789 565 5791 ι
650 5742 704 5804 et
744 5736 1100 5787 absolutionem
1132 5740 1268 5786 neuti
1306 5735 1425 5787 nam
1454 5742 1767 5800 denegasse;
1806 5745 1930 5787 sect.
1960 5737 2020 5788 II.
2060 5735 2165 5798 (:ap.
2190 5735 2237 5785 5.

643 5799 969 5852 υικτεεδίουθ
990 5799 1039 5848 3.
1067 5807 1116 5852 ι).
1143 5799 1250 5852 1οι.
1271 5751 1386 5852 (Iw.
1409 5799 1483 5852 Ea
1509 5800 1689 5852 prodiit
1715 5800 2007 5852 Mediolani.
2034 5800 2166 5852 1750.
2189 5798 2235 5852 4.

650 5753 704 5783 ει
744 5753 1100 5787 ῖιυδοιυῑιοηριῐι
1132 5753 1268 5786 ουιιιι
1306 5753 1416 5787 "(IIII
1454 5753 1767 5800 denegasse;
1806 5753 1930 5787 SCCI.
1960 5753 2020 5788 ιι.
2060 5753 2165 5798 (78p.
2191 5753 2235 5785 0.

643 5798 969 5859 Digressioue
990 5799 1039 5848 3.
1067 5807 1116 5862 p.
1143 5799 1250 5857 ιοι.
1271 5753 1386 5852 (Iw.
1409 5799 1483 5855 Ea
1509 5800 1689 5864 prodiit
1715 5800 2007 5862 Mediolani,
2034 5800 2166 5881 1759.
2189 5798 2235 5852 4.

2336 4564 2553 4618 Severus
2574 4558 2845 4631 imposuit.
2884 4557 2991 4612 Sed
3039 4554 3194 4620 nihil,
3226 4554 3428 4617 fateor,
3454 4547 3798 4604 tribuendum
3849 4555 3933 4603 est

2337 4656 2491 4727 Pagii
2520 4652 2854 4725 argumentis
2896 4652 2999 4723 (l).
3043 4647 3298 4704 Caracalli
3335 4645 3479 4702 enim
3509 4641 3928 4714 quinquennalia,

2336 4763 2563 4819 quorum
2593 4761 2784 4802 caussa
2807 4744 3004 4800 editam
3040 4741 3150 4797 vult
3185 4739 3560 4796 liberalitatem
3612 4735 3933 4791 Tertulliano

2335 4849 2834 4906 cmumemoratam,
2855 4836 2922 4892 ad
2942 4836 3010 4892 A.
3036 4832 3210 4891 CCIII.
3235 4833 3520 4903 pertinent,
3548 4828 3636 4884 ubi
3664 4827 3783 4899 quis
3837 4840 3934 4882 ne-

2336 4934 2437 4992 scit
2463 4934 2572 5004 jam
2616 4930 2939 4987 christianos
2991 4927 3156 4982 fuisse
3214 4931 3434 4995 prapter
3471 4920 3644 4977 Severi
3697 4917 3932 4974 edictum

2338 5026 2484 5082 omni
2513 5025 2720 5080 scelere
2748 5022 3048 5078 laceratos?
3068 5018 3204 5074 Tum
3234 5029 3365 5070 vero
3387 5015 3437 5069 in
3455 5013 3626 5068 altero
3649 5023 3935 5080 argumen-

2340 5128 2395 5175 to
2418 5128 2473 5175 et
2499 5117 2603 5172 hoc
2631 5129 2910 5188 perperam
2941 5111 3160 5174 dicitur,
3189 5117 3394 5178 emptas
3437 5119 3559 5160 esse
3589 5103 3718 5159 istas
3749 5101 3934 5157 inimi-

2339 5211 2493 5267 citias
2541 5225 2571 5264 a
2626 5192 2922 5271 militibus,
2979 5211 3042 5258 ut
3093 5197 3399 5255 Diocletiani
3457 5206 3718 5266 tempore,
3773 5203 3937 5263 atque

2342 5303 2517 5359 omnis
2549 5301 2647 5356 ista
2693 5297 2958 5355 sententia
2988 5292 3295 5350 defenditur
3320 5297 3538 5360 prOpter
3577 5301 3696 5342 eam
3727 5282 3938 5353 opinio-

2343 5411 2464 5451 nem
2489 5434 2506 5461 ,
2535 5391 2676 5464 quod
2715 5404 2804 5447 res
2847 5386 3265 5444 cbristianorum
3291 5391 3418 5437 ante
3461 5378 3728 5435 decimum
3760 5373 3940 5432 Severi

2345 5503 2541 5544 annuat
2567 5484 2799 5542 nondum
2833 5466 3057 5536 fuissent
3087 5476 3332 5542 turbatze;
3351 5473 3492 5547 quod
3512 5480 3598 5528 est
3620 5483 3780 5542 supra
3804 5469 3941 5525 satis

2345 5580 2700 5638 confutatam.
2749 5575 2962 5633 Tertius
3006 5572 3238 5643 denique
3283 5563 3659 5639 disputationis
3704 5561 3943 5620 Ortiana:

2406 5733 2581 5799 (t)__Ea
2616 5731 2958 5799 proposuitAin
2982 5726 3176 5799 ‘Critica
3212 5721 3473 5778 Annalium
3509 5718 3712 5772 Baronii
3737 5716 3797 5771 ad
3821 5727 3868 5767 ι.
3893 5727 3940 5769 e.

2342 5791 2543 5853 CXCIX.
2567 5791 2687 5849 nis.
2710 5791 2761 5860 'p.
2786 5806 2852 5849 ut.
2875 5793 2955 5845 9t.
2979 5791 3063 5844 93.
