  <div class='ocr_page' id='page_1' title='image "/cluster/home/n/w/nwhite01/storage/ocr_20150623/1/hvd.32044054128335/086.png"; bbox 0 0 4242 6266; ppageno 0'>
   <div class='ocr_carea' id='block_1_1' title="bbox 327 338 440 411">
    <p class='ocr_par' dir='ltr' id='par_1_1' title="bbox 327 338 440 411">
     <span class='ocr_line' id='line_1_1' title="bbox 327 338 440 411; baseline 0.018 -2"><span class='ocrx_word' id='word_1_1' title='bbox 327 338 440 411; x_wconf 68' lang='lat' dir='ltr'><strong>res</strong></span> 
     </span>
    </p>
   </div>
   <div class='ocr_carea' id='block_1_2' title="bbox 1220 347 2698 415">
    <p class='ocr_par' dir='ltr' id='par_1_2' title="bbox 1220 347 2698 415">
     <span class='ocr_line' id='line_1_2' title="bbox 1220 347 2698 415; baseline 0.002 -7"><span class='ocrx_word' id='word_1_2' title='bbox 1220 352 1309 410; x_wconf 82' lang='lat' dir='ltr'><strong>AC</strong></span> <span class='ocrx_word' id='word_1_3' title='bbox 1349 347 1693 410; x_wconf 71' lang='lat' dir='ltr'><strong>DOC&#39;I‘RINA</strong></span> <span class='ocrx_word' id='word_1_4' title='bbox 1734 348 2171 411; x_wconf 80' lang='lat' dir='ltr'><strong>SCRIPTORUM</strong></span> <span class='ocrx_word' id='word_1_5' title='bbox 2209 352 2698 415; x_wconf 78' lang='lat' dir='ltr'><strong>TERTULLIANI.</strong></span> 
     </span>
    </p>
   </div>
   <div class='ocr_carea' id='block_1_3' title="bbox 3522 363 3630 422">
    <p class='ocr_par' dir='ltr' id='par_1_3' title="bbox 3522 363 3630 422">
     <span class='ocr_line' id='line_1_3' title="bbox 3522 363 3630 422; baseline -0.009 0"><span class='ocrx_word' id='word_1_6' title='bbox 3522 363 3630 422; x_wconf 74' lang='lat' dir='ltr'><strong>I30</strong></span> 
     </span>
    </p>
   </div>
   <div class='ocr_carea' id='block_1_4' title="bbox 337 464 3630 539">
    <p class='ocr_par' dir='ltr' id='par_1_4' title="bbox 337 464 3630 539">
     <span class='ocr_line' id='line_1_4' title="bbox 337 464 3630 539; baseline 0.001 -17"><span class='ocrx_word' id='word_1_7' title='bbox 337 466 516 535; x_wconf 84' lang='lat' dir='ltr'><strong>locus,</strong></span> <span class='ocrx_word' id='word_1_8' title='bbox 548 467 601 522; x_wconf 89' lang='lat' dir='ltr'><strong>in</strong></span> <span class='ocrx_word' id='word_1_9' title='bbox 623 479 728 539; x_wconf 87' lang='lat' dir='ltr'><strong>quo</strong></span> <span class='ocrx_word' id='word_1_10' title='bbox 751 464 913 523; x_wconf 81' lang='lat' dir='ltr'><strong>verba</strong></span> <span class='ocrx_word' id='word_1_11' title='bbox 943 464 1249 522; x_wconf 77' lang='lat' dir='ltr'><strong>Tertulliani</strong></span> <span class='ocrx_word' id='word_1_12' title='bbox 1279 467 1480 523; x_wconf 90' lang='lat' dir='ltr'><strong>nullum</strong></span> <span class='ocrx_word' id='word_1_13' title='bbox 1503 483 1701 523; x_wconf 90' lang='lat' dir='ltr'><strong>annum</strong></span> <span class='ocrx_word' id='word_1_14' title='bbox 1733 478 1928 538; x_wconf 76' lang='lat' dir='ltr'><strong>praeter</strong></span> <span class='ocrx_word' id='word_1_15' title='bbox 1956 473 2007 528; x_wconf 83' lang='grc' dir='ltr'><strong>Α</strong></span> <span class='ocrx_word' id='word_1_16' title='bbox 2031 478 2245 535; x_wconf 90' lang='lat' dir='ltr'><strong>mente,</strong></span> <span class='ocrx_word' id='word_1_17' title='bbox 2279 471 2470 528; x_wconf 91' lang='lat' dir='ltr'><strong>librum</strong></span> <span class='ocrx_word' id='word_1_18' title='bbox 2513 473 2580 528; x_wconf 91' lang='lat' dir='ltr'><strong>de</strong></span> <span class='ocrx_word' id='word_1_19' title='bbox 2624 471 2834 529; x_wconf 87' lang='lat' dir='ltr'><strong>CorOna</strong></span> <span class='ocrx_word' id='word_1_20' title='bbox 2871 473 2940 532; x_wconf 87' lang='lat' dir='ltr'><strong>ad</strong></span> <span class='ocrx_word' id='word_1_21' title='bbox 2987 473 3255 534; x_wconf 88' lang='lat' dir='ltr'><strong>decimum</strong></span> <span class='ocrx_word' id='word_1_22' title='bbox 3309 477 3486 536; x_wconf 83' lang='lat' dir='ltr'><strong>Severi</strong></span> <span class='ocrx_word' id='word_1_23' title='bbox 3525 495 3630 538; x_wconf 84' lang='lat' dir='ltr'><strong>an-</strong></span> 
     </span>
    </p>
   </div>
   <div class='ocr_carea' id='block_1_5' title="bbox 329 559 1927 631">
    <p class='ocr_par' dir='ltr' id='par_1_5' title="bbox 329 559 1927 631">
     <span class='ocr_line' id='line_1_5' title="bbox 329 559 1927 631; baseline -0.001 -14"><span class='ocrx_word' id='word_1_24' title='bbox 329 560 599 618; x_wconf 76' lang='lat' dir='ltr'><strong>CXCVIII.</strong></span> <span class='ocrx_word' id='word_1_25' title='bbox 635 561 898 630; x_wconf 81' lang='lat' dir='ltr'><strong>attingere</strong></span> <span class='ocrx_word' id='word_1_26' title='bbox 948 575 1108 631; x_wconf 85' lang='lat' dir='ltr'><strong>posse</strong></span> <span class='ocrx_word' id='word_1_27' title='bbox 1134 559 1393 626; x_wconf 72' lang='lat' dir='ltr'><strong>defendit,</strong></span> <span class='ocrx_word' id='word_1_28' title='bbox 1436 571 1652 617; x_wconf 90' lang='lat' dir='ltr'><strong>nonest</strong></span> <span class='ocrx_word' id='word_1_29' title='bbox 1691 560 1927 630; x_wconf 83' lang='lat' dir='ltr'><strong>aequiore</strong></span> 
     </span>
    </p>
   </div>
   <div class='ocr_carea' id='block_1_6' title="bbox 329 650 1929 722">
    <p class='ocr_par' dir='ltr' id='par_1_6' title="bbox 329 650 1929 722">
     <span class='ocr_line' id='line_1_6' title="bbox 329 650 1929 722; baseline -0.003 -14"><span class='ocrx_word' id='word_1_30' title='bbox 329 651 463 708; x_wconf 83' lang='lat' dir='ltr'><strong>Jove</strong></span> <span class='ocrx_word' id='word_1_31' title='bbox 490 661 762 707; x_wconf 87' lang='lat' dir='ltr'><strong>tractatus.</strong></span> <span class='ocrx_word' id='word_1_32' title='bbox 784 650 997 706; x_wconf 87' lang='lat' dir='ltr'><strong>Etenim</strong></span> <span class='ocrx_word' id='word_1_33' title='bbox 1017 651 1158 722; x_wconf 88' lang='lat' dir='ltr'><strong>quod</strong></span> <span class='ocrx_word' id='word_1_34' title='bbox 1178 651 1331 707; x_wconf 83' lang='lat' dir='ltr'><strong>istam</strong></span> <span class='ocrx_word' id='word_1_35' title='bbox 1355 653 1727 708; x_wconf 89' lang='lat' dir='ltr'><strong>liberalitatem</strong></span> <span class='ocrx_word' id='word_1_36' title='bbox 1755 651 1929 706; x_wconf 83' lang='lat' dir='ltr'><strong>Severi</strong></span> 
     </span>
    </p>
   </div>
   <div class='ocr_carea' id='block_1_7' title="bbox 328 743 1930 814">
    <p class='ocr_par' dir='ltr' id='par_1_7' title="bbox 328 743 1930 814">
     <span class='ocr_line' id='line_1_7' title="bbox 328 743 1930 814; baseline 0.001 -16"><span class='ocrx_word' id='word_1_37' title='bbox 328 743 599 798; x_wconf 74' lang='lat' dir='ltr'><strong>exstitisse</strong></span> <span class='ocrx_word' id='word_1_38' title='bbox 621 752 745 798; x_wconf 87' lang='lat' dir='ltr'><strong>ante</strong></span> <span class='ocrx_word' id='word_1_39' title='bbox 770 744 1170 812; x_wconf 87' lang='lat' dir='ltr'><strong>expeditionem</strong></span> <span class='ocrx_word' id='word_1_40' title='bbox 1199 744 1492 813; x_wconf 84' lang='lat' dir='ltr'><strong>partlticam</strong></span> <span class='ocrx_word' id='word_1_41' title='bbox 1518 753 1684 814; x_wconf 87' lang='lat' dir='ltr'><strong>putat,</strong></span> <span class='ocrx_word' id='word_1_42' title='bbox 1716 743 1766 798; x_wconf 90' lang='lat' dir='ltr'><strong>id</strong></span> <span class='ocrx_word' id='word_1_43' title='bbox 1799 758 1930 800; x_wconf 89' lang='lat' dir='ltr'><strong>vero</strong></span> 
     </span>
    </p>
   </div>
   <div class='ocr_carea' id='block_1_8' title="bbox 328 832 1927 905">
    <p class='ocr_par' dir='ltr' id='par_1_8' title="bbox 328 832 1927 905">
     <span class='ocr_line' id='line_1_8' title="bbox 328 832 1927 905; baseline 0.001 -17"><span class='ocrx_word' id='word_1_44' title='bbox 328 832 491 888; x_wconf 89' lang='lat' dir='ltr'><strong>habet</strong></span> <span class='ocrx_word' id='word_1_45' title='bbox 529 834 761 904; x_wconf 82' lang='lat' dir='ltr'><strong>aliquam</strong></span> <span class='ocrx_word' id='word_1_46' title='bbox 804 835 1234 905; x_wconf 85' lang='lat' dir='ltr'><strong>ambiguitatem.</strong></span> <span class='ocrx_word' id='word_1_47' title='bbox 1267 835 1398 890; x_wconf 80' lang='lat' dir='ltr'><strong>Nam</strong></span> <span class='ocrx_word' id='word_1_48' title='bbox 1441 836 1486 890; x_wconf 93' lang='lat' dir='ltr'><strong>si</strong></span> <span class='ocrx_word' id='word_1_49' title='bbox 1537 836 1637 890; x_wconf 89' lang='lat' dir='ltr'><strong>ista</strong></span> <span class='ocrx_word' id='word_1_50' title='bbox 1679 836 1759 890; x_wconf 91' lang='lat' dir='ltr'><strong>bis</strong></span> <span class='ocrx_word' id='word_1_51' title='bbox 1786 835 1927 891; x_wconf 89' lang='lat' dir='ltr'><strong>edita</strong></span> 
     </span>
    </p>
   </div>
   <div class='ocr_carea' id='block_1_9' title="bbox 330 925 1926 997">
    <p class='ocr_par' dir='ltr' id='par_1_9' title="bbox 330 925 1926 997">
     <span class='ocr_line' id='line_1_9' title="bbox 330 925 1926 997; baseline 0.001 -17"><span class='ocrx_word' id='word_1_52' title='bbox 330 935 433 991; x_wconf 84' lang='lat' dir='ltr'><strong>est,</strong></span> <span class='ocrx_word' id='word_1_53' title='bbox 471 926 700 996; x_wconf 90' lang='lat' dir='ltr'><strong>primum</strong></span> <span class='ocrx_word' id='word_1_54' title='bbox 730 927 794 980; x_wconf 83' lang='lat' dir='ltr'><strong>A.</strong></span> <span class='ocrx_word' id='word_1_55' title='bbox 824 925 1077 982; x_wconf 79' lang='lat' dir='ltr'><strong>CXCVII.</strong></span> <span class='ocrx_word' id='word_1_56' title='bbox 1117 939 1239 997; x_wconf 85' lang='lat' dir='ltr'><strong>pust</strong></span> <span class='ocrx_word' id='word_1_57' title='bbox 1279 927 1508 982; x_wconf 84' lang='lat' dir='ltr'><strong>reditum</strong></span> <span class='ocrx_word' id='word_1_58' title='bbox 1543 927 1734 993; x_wconf 83' lang='lat' dir='ltr'><strong>Severi,</strong></span> <span class='ocrx_word' id='word_1_59' title='bbox 1768 944 1926 996; x_wconf 89' lang='lat' dir='ltr'><strong>quam</strong></span> 
     </span>
    </p>
   </div>
   <div class='ocr_carea' id='block_1_10' title="bbox 328 1018 1924 1087">
    <p class='ocr_par' dir='ltr' id='par_1_10' title="bbox 328 1018 1924 1087">
     <span class='ocr_line' id='line_1_10' title="bbox 328 1018 1924 1087; baseline 0.002 -16"><span class='ocrx_word' id='word_1_60' title='bbox 328 1019 604 1073; x_wconf 76' lang='lat' dir='ltr'><strong>memoria:</strong></span> <span class='ocrx_word' id='word_1_61' title='bbox 657 1018 894 1087; x_wconf 85' lang='lat' dir='ltr'><strong>prodidit</strong></span> <span class='ocrx_word' id='word_1_62' title='bbox 943 1018 1295 1084; x_wconf 82' lang='lat' dir='ltr'><strong>Herodianus,</strong></span> <span class='ocrx_word' id='word_1_63' title='bbox 1328 1020 1524 1076; x_wconf 82' lang='lat' dir='ltr'><strong>deinde</strong></span> <span class='ocrx_word' id='word_1_64' title='bbox 1554 1024 1618 1075; x_wconf 78' lang='grc' dir='ltr'><strong>Α.</strong></span> <span class='ocrx_word' id='word_1_65' title='bbox 1649 1020 1924 1076; x_wconf 79' lang='lat' dir='ltr'><strong>CXCVIII.</strong></span> 
     </span>
    </p>
   </div>
   <div class='ocr_carea' id='block_1_11' title="bbox 329 1107 1924 1183">
    <p class='ocr_par' dir='ltr' id='par_1_11' title="bbox 329 1107 1924 1183">
     <span class='ocr_line' id='line_1_11' title="bbox 329 1107 1924 1183; baseline 0.004 -22"><span class='ocrx_word' id='word_1_66' title='bbox 329 1116 452 1162; x_wconf 91' lang='lat' dir='ltr'><strong>ante</strong></span> <span class='ocrx_word' id='word_1_67' title='bbox 501 1107 698 1163; x_wconf 83' lang='lat' dir='ltr'><strong>bellum</strong></span> <span class='ocrx_word' id='word_1_68' title='bbox 739 1109 998 1166; x_wconf 90' lang='lat' dir='ltr'><strong>adversus</strong></span> <span class='ocrx_word' id='word_1_69' title='bbox 1052 1111 1279 1166; x_wconf 83' lang='lat' dir='ltr'><strong>Parthos</strong></span> <span class='ocrx_word' id='word_1_70' title='bbox 1334 1122 1680 1181; x_wconf 65' lang='lat' dir='ltr'><strong>susceptum,</strong></span> <span class='ocrx_word' id='word_1_71' title='bbox 1714 1115 1924 1183; x_wconf 80' lang='lat' dir='ltr'><strong>tptalem</strong></span> 
     </span>
    </p>
   </div>
   <div class='ocr_carea' id='block_1_12' title="bbox 328 1199 1924 1271">
    <p class='ocr_par' dir='ltr' id='par_1_12' title="bbox 328 1199 1924 1271">
     <span class='ocr_line' id='line_1_12' title="bbox 328 1199 1924 1271; baseline 0.004 -15"><span class='ocrx_word' id='word_1_72' title='bbox 328 1199 640 1271; x_wconf 77' lang='lat' dir='ltr'><strong>Spartianus</strong></span> <span class='ocrx_word' id='word_1_73' title='bbox 688 1204 936 1268; x_wconf 86' lang='lat' dir='ltr'><strong>tradidit;</strong></span> <span class='ocrx_word' id='word_1_74' title='bbox 989 1204 1126 1269; x_wconf 74' lang='lat' dir='ltr'><strong>lucc,</strong></span> <span class='ocrx_word' id='word_1_75' title='bbox 1173 1204 1248 1259; x_wconf 89' lang='lat' dir='ltr'><strong>uti</strong></span> <span class='ocrx_word' id='word_1_76' title='bbox 1293 1205 1544 1270; x_wconf 80' lang='lat' dir='ltr'><strong>diximus,</strong></span> <span class='ocrx_word' id='word_1_77' title='bbox 1597 1208 1744 1261; x_wconf 88' lang='lat' dir='ltr'><strong>nttllo</strong></span> <span class='ocrx_word' id='word_1_78' title='bbox 1765 1208 1924 1262; x_wconf 89' lang='lat' dir='ltr'><strong>modo</strong></span> 
     </span>
    </p>
   </div>
   <div class='ocr_carea' id='block_1_13' title="bbox 327 1293 1922 1369">
    <p class='ocr_par' dir='ltr' id='par_1_13' title="bbox 327 1293 1922 1369">
     <span class='ocr_line' id='line_1_13' title="bbox 327 1293 1922 1369; baseline 0.006 -24"><span class='ocrx_word' id='word_1_79' title='bbox 327 1301 506 1361; x_wconf 84' lang='lat' dir='ltr'><strong>potest</strong></span> <span class='ocrx_word' id='word_1_80' title='bbox 535 1293 783 1364; x_wconf 74' lang='lat' dir='ltr'><strong>intelligi,</strong></span> <span class='ocrx_word' id='word_1_81' title='bbox 835 1311 936 1350; x_wconf 89' lang='lat' dir='ltr'><strong>nec</strong></span> <span class='ocrx_word' id='word_1_82' title='bbox 965 1295 1177 1351; x_wconf 88' lang='lat' dir='ltr'><strong>videtur</strong></span> <span class='ocrx_word' id='word_1_83' title='bbox 1205 1297 1468 1351; x_wconf 87' lang='lat' dir='ltr'><strong>intellecta</strong></span> <span class='ocrx_word' id='word_1_84' title='bbox 1513 1299 1580 1352; x_wconf 88' lang='lat' dir='ltr'><strong>ab</strong></span> <span class='ocrx_word' id='word_1_85' title='bbox 1629 1298 1800 1363; x_wconf 85' lang='lat' dir='ltr'><strong>Orsio,</strong></span> <span class='ocrx_word' id='word_1_86' title='bbox 1834 1301 1922 1369; x_wconf 86' lang='lat' dir='ltr'><strong>qui</strong></span> 
     </span>
    </p>
   </div>
   <div class='ocr_carea' id='block_1_14' title="bbox 325 1384 1923 1459">
    <p class='ocr_par' dir='ltr' id='par_1_14' title="bbox 325 1384 1923 1459">
     <span class='ocr_line' id='line_1_14' title="bbox 325 1384 1923 1459; baseline 0.006 -23"><span class='ocrx_word' id='word_1_87' title='bbox 325 1384 393 1436; x_wconf 79' lang='lat' dir='ltr'><strong>ad</strong></span> <span class='ocrx_word' id='word_1_88' title='bbox 422 1397 541 1438; x_wconf 87' lang='lat' dir='ltr'><strong>eam</strong></span> <span class='ocrx_word' id='word_1_89' title='bbox 574 1400 695 1440; x_wconf 90' lang='lat' dir='ltr'><strong>rem</strong></span> <span class='ocrx_word' id='word_1_90' title='bbox 738 1388 1158 1442; x_wconf 87' lang='lat' dir='ltr'><strong>coulirmandam</strong></span> <span class='ocrx_word' id='word_1_91' title='bbox 1191 1386 1542 1443; x_wconf 83' lang='lat' dir='ltr'><strong>Herodianum</strong></span> <span class='ocrx_word' id='word_1_92' title='bbox 1570 1390 1788 1459; x_wconf 88' lang='lat' dir='ltr'><strong>citavit;</strong></span> <span class='ocrx_word' id='word_1_93' title='bbox 1836 1391 1923 1446; x_wconf 84' lang='lat' dir='ltr'><strong>illa</strong></span> 
     </span>
    </p>
   </div>
   <div class='ocr_carea' id='block_1_15' title="bbox 323 1477 1924 1553">
    <p class='ocr_par' dir='ltr' id='par_1_15' title="bbox 323 1477 1924 1553">
     <span class='ocr_line' id='line_1_15' title="bbox 323 1477 1924 1553; baseline 0.006 -23"><span class='ocrx_word' id='word_1_94' title='bbox 323 1489 454 1531; x_wconf 86' lang='lat' dir='ltr'><strong>vero</strong></span> <span class='ocrx_word' id='word_1_95' title='bbox 482 1477 549 1531; x_wconf 88' lang='lat' dir='ltr'><strong>ad</strong></span> <span class='ocrx_word' id='word_1_96' title='bbox 576 1493 690 1532; x_wconf 87' lang='lat' dir='ltr'><strong>rem</strong></span> <span class='ocrx_word' id='word_1_97' title='bbox 723 1479 853 1533; x_wconf 83' lang='lat' dir='ltr'><strong>nihil</strong></span> <span class='ocrx_word' id='word_1_98' title='bbox 901 1479 1027 1534; x_wconf 82' lang='lat' dir='ltr'><strong>facit</strong></span> <span class='ocrx_word' id='word_1_99' title='bbox 1061 1480 1278 1537; x_wconf 90' lang='lat' dir='ltr'><strong>omnino</strong></span> <span class='ocrx_word' id='word_1_100' title='bbox 1324 1493 1630 1551; x_wconf 84' lang='lat' dir='ltr'><strong>prepterea,</strong></span> <span class='ocrx_word' id='word_1_101' title='bbox 1685 1483 1828 1553; x_wconf 90' lang='lat' dir='ltr'><strong>quod</strong></span> <span class='ocrx_word' id='word_1_102' title='bbox 1859 1498 1924 1538; x_wconf 90' lang='lat' dir='ltr'><strong>eo</strong></span> 
     </span>
    </p>
   </div>
   <div class='ocr_carea' id='block_1_16' title="bbox 321 1572 1926 1645">
    <p class='ocr_par' dir='ltr' id='par_1_16' title="bbox 321 1572 1926 1645">
     <span class='ocr_line' id='line_1_16' title="bbox 321 1572 1926 1645; baseline 0.003 -21"><span class='ocrx_word' id='word_1_103' title='bbox 321 1580 472 1625; x_wconf 77' lang='lat' dir='ltr'><strong>anno</strong></span> <span class='ocrx_word' id='word_1_104' title='bbox 519 1572 756 1626; x_wconf 88' lang='lat' dir='ltr'><strong>nondum</strong></span> <span class='ocrx_word' id='word_1_105' title='bbox 814 1583 928 1630; x_wconf 87' lang='lat' dir='ltr'><strong>erat</strong></span> <span class='ocrx_word' id='word_1_106' title='bbox 980 1574 1188 1644; x_wconf 85' lang='lat' dir='ltr'><strong>Augusti</strong></span> <span class='ocrx_word' id='word_1_107' title='bbox 1215 1575 1445 1645; x_wconf 90' lang='lat' dir='ltr'><strong>dignitas</strong></span> <span class='ocrx_word' id='word_1_108' title='bbox 1499 1576 1550 1630; x_wconf 91' lang='lat' dir='ltr'><strong>in</strong></span> <span class='ocrx_word' id='word_1_109' title='bbox 1600 1576 1926 1631; x_wconf 84' lang='lat' dir='ltr'><strong>Caracallum</strong></span> 
     </span>
    </p>
   </div>
   <div class='ocr_carea' id='block_1_17' title="bbox 322 1663 1924 1741">
    <p class='ocr_par' dir='ltr' id='par_1_17' title="bbox 322 1663 1924 1741">
     <span class='ocr_line' id='line_1_17' title="bbox 322 1663 1924 1741; baseline 0.004 -23"><span class='ocrx_word' id='word_1_110' title='bbox 322 1663 549 1718; x_wconf 89' lang='lat' dir='ltr'><strong>collata.</strong></span> <span class='ocrx_word' id='word_1_111' title='bbox 583 1665 688 1720; x_wconf 86' lang='lat' dir='ltr'><strong>Sed</strong></span> <span class='ocrx_word' id='word_1_112' title='bbox 737 1666 789 1720; x_wconf 93' lang='lat' dir='ltr'><strong>in</strong></span> <span class='ocrx_word' id='word_1_113' title='bbox 845 1666 908 1721; x_wconf 90' lang='lat' dir='ltr'><strong>iis</strong></span> <span class='ocrx_word' id='word_1_114' title='bbox 949 1666 1098 1733; x_wconf 89' lang='lat' dir='ltr'><strong>locis,</strong></span> <span class='ocrx_word' id='word_1_115' title='bbox 1130 1681 1264 1736; x_wconf 91' lang='lat' dir='ltr'><strong>quos</strong></span> <span class='ocrx_word' id='word_1_116' title='bbox 1293 1684 1360 1738; x_wconf 83' lang='lat' dir='ltr'><strong>ex</strong></span> <span class='ocrx_word' id='word_1_117' title='bbox 1398 1666 1701 1724; x_wconf 80' lang='lat' dir='ltr'><strong>Tertulliani</strong></span> <span class='ocrx_word' id='word_1_118' title='bbox 1727 1670 1924 1741; x_wconf 80' lang='lat' dir='ltr'><strong>Apolo-</strong></span> 
     </span>
    </p>
   </div>
   <div class='ocr_carea' id='block_1_18' title="bbox 321 1757 1922 1829">
    <p class='ocr_par' dir='ltr' id='par_1_18' title="bbox 321 1757 1922 1829">
     <span class='ocr_line' id='line_1_18' title="bbox 321 1757 1922 1829; baseline 0.004 -20"><span class='ocrx_word' id='word_1_119' title='bbox 321 1757 487 1826; x_wconf 84' lang='lat' dir='ltr'><strong>getico</strong></span> <span class='ocrx_word' id='word_1_120' title='bbox 513 1772 562 1812; x_wconf 90' lang='lat' dir='ltr'><strong>c.</strong></span> <span class='ocrx_word' id='word_1_121' title='bbox 599 1758 688 1812; x_wconf 84' lang='lat'><strong>55.</strong></span> <span class='ocrx_word' id='word_1_122' title='bbox 724 1757 964 1828; x_wconf 90' lang='lat' dir='ltr'><strong>libroque</strong></span> <span class='ocrx_word' id='word_1_123' title='bbox 994 1757 1058 1812; x_wconf 87' lang='lat' dir='ltr'><strong>ad</strong></span> <span class='ocrx_word' id='word_1_124' title='bbox 1091 1757 1378 1829; x_wconf 83' lang='lat' dir='ltr'><strong>Scapulam</strong></span> <span class='ocrx_word' id='word_1_125' title='bbox 1415 1775 1465 1815; x_wconf 90' lang='lat' dir='ltr'><strong>c.</strong></span> <span class='ocrx_word' id='word_1_126' title='bbox 1496 1761 1550 1816; x_wconf 71' lang='grc'><strong>4.</strong></span> <span class='ocrx_word' id='word_1_127' title='bbox 1584 1762 1780 1826; x_wconf 84' lang='lat' dir='ltr'><strong>attulit,</strong></span> <span class='ocrx_word' id='word_1_128' title='bbox 1818 1777 1922 1816; x_wconf 91' lang='lat' dir='ltr'><strong>non</strong></span> 
     </span>
    </p>
   </div>
   <div class='ocr_carea' id='block_1_19' title="bbox 323 1835 1924 1920">
    <p class='ocr_par' dir='ltr' id='par_1_19' title="bbox 323 1835 1924 1920">
     <span class='ocr_line' id='line_1_19' title="bbox 323 1835 1924 1920; baseline 0.002 -15"><span class='ocrx_word' id='word_1_129' title='bbox 323 1857 424 1916; x_wconf 65' lang='lat' dir='ltr'><strong>est,</strong></span> <span class='ocrx_word' id='word_1_130' title='bbox 449 1847 590 1920; x_wconf 89' lang='lat' dir='ltr'><strong>quod</strong></span> <span class='ocrx_word' id='word_1_131' title='bbox 621 1849 802 1904; x_wconf 85' lang='lat' dir='ltr'><strong>multis</strong></span> <span class='ocrx_word' id='word_1_132' title='bbox 831 1866 1126 1906; x_wconf 80' lang='lat' dir='ltr'><strong>versemur.</strong></span> <span class='ocrx_word' id='word_1_133' title='bbox 1154 1852 1290 1907; x_wconf 89' lang='lat' dir='ltr'><strong>Sunt</strong></span> <span class='ocrx_word' id='word_1_134' title='bbox 1317 1854 1462 1908; x_wconf 89' lang='lat' dir='ltr'><strong>enim</strong></span> <span class='ocrx_word' id='word_1_135' title='bbox 1490 1835 1574 1908; x_wconf 77' lang='lat' dir='ltr'><strong>isti</strong></span> <span class='ocrx_word' id='word_1_136' title='bbox 1607 1870 1635 1908; x_wconf 90' lang='lat' dir='ltr'><strong>a</strong></span> <span class='ocrx_word' id='word_1_137' title='bbox 1665 1856 1819 1908; x_wconf 88' lang='lat' dir='ltr'><strong>nobis</strong></span> <span class='ocrx_word' id='word_1_138' title='bbox 1848 1857 1924 1910; x_wconf 84' lang='lat' dir='ltr'><strong>ei-</strong></span> 
     </span>
    </p>
   </div>
   <div class='ocr_carea' id='block_1_20' title="bbox 327 1940 1926 2015">
    <p class='ocr_par' dir='ltr' id='par_1_20' title="bbox 327 1940 1926 2015">
     <span class='ocr_line' id='line_1_20' title="bbox 327 1940 1926 2015; baseline 0.004 -20"><span class='ocrx_word' id='word_1_139' title='bbox 327 1940 448 1996; x_wconf 86' lang='lat' dir='ltr'><strong>dem</strong></span> <span class='ocrx_word' id='word_1_140' title='bbox 493 1957 634 1996; x_wconf 91' lang='lat' dir='ltr'><strong>anno</strong></span> <span class='ocrx_word' id='word_1_141' title='bbox 672 1941 946 1997; x_wconf 78' lang='lat' dir='ltr'><strong>CXCVII].</strong></span> <span class='ocrx_word' id='word_1_142' title='bbox 993 1958 1057 1998; x_wconf 89' lang='lat' dir='ltr'><strong>ac</strong></span> <span class='ocrx_word' id='word_1_143' title='bbox 1101 1947 1347 2013; x_wconf 81' lang='lat' dir='ltr'><strong>sequenti</strong></span> <span class='ocrx_word' id='word_1_144' title='bbox 1384 1946 1676 2012; x_wconf 88' lang='lat' dir='ltr'><strong>vindicati,</strong></span> <span class='ocrx_word' id='word_1_145' title='bbox 1724 1947 1926 2015; x_wconf 59' lang='lat' dir='ltr'><strong>absvjue</strong></span> 
     </span>
    </p>
   </div>
   <div class='ocr_carea' id='block_1_21' title="bbox 326 2033 1922 2110">
    <p class='ocr_par' dir='ltr' id='par_1_21' title="bbox 326 2033 1922 2110">
     <span class='ocr_line' id='line_1_21' title="bbox 326 2033 1922 2110; baseline 0.004 -22"><span class='ocrx_word' id='word_1_146' title='bbox 326 2033 432 2089; x_wconf 86' lang='lat' dir='ltr'><strong>ullo</strong></span> <span class='ocrx_word' id='word_1_147' title='bbox 456 2049 631 2090; x_wconf 69' lang='lat' dir='ltr'><strong>causm</strong></span> <span class='ocrx_word' id='word_1_148' title='bbox 653 2046 854 2091; x_wconf 73' lang='lat' dir='ltr'><strong>nostra:</strong></span> <span class='ocrx_word' id='word_1_149' title='bbox 889 2036 1214 2092; x_wconf 89' lang='lat' dir='ltr'><strong>detrimento</strong></span> <span class='ocrx_word' id='word_1_150' title='bbox 1235 2079 1251 2104; x_wconf 93' lang='lat'><strong>,</strong></span> <span class='ocrx_word' id='word_1_151' title='bbox 1284 2048 1609 2110; x_wconf 73' lang='lat' dir='ltr'><strong>cmteraque,</strong></span> <span class='ocrx_word' id='word_1_152' title='bbox 1654 2038 1778 2094; x_wconf 91' lang='lat' dir='ltr'><strong>dum</strong></span> <span class='ocrx_word' id='word_1_153' title='bbox 1825 2041 1922 2095; x_wconf 85' lang='lat' dir='ltr'><strong>do-</strong></span> 
     </span>
    </p>
   </div>
   <div class='ocr_carea' id='block_1_22' title="bbox 325 2127 1922 2198">
    <p class='ocr_par' dir='ltr' id='par_1_22' title="bbox 325 2127 1922 2198">
     <span class='ocr_line' id='line_1_22' title="bbox 325 2127 1922 2198; baseline 0.004 -18"><span class='ocrx_word' id='word_1_154' title='bbox 325 2129 504 2181; x_wconf 86' lang='lat' dir='ltr'><strong>nativa</strong></span> <span class='ocrx_word' id='word_1_155' title='bbox 547 2137 696 2182; x_wconf 89' lang='lat' dir='ltr'><strong>extra</strong></span> <span class='ocrx_word' id='word_1_156' title='bbox 743 2127 968 2192; x_wconf 82' lang='lat' dir='ltr'><strong>Romam</strong></span> <span class='ocrx_word' id='word_1_157' title='bbox 1003 2127 1292 2184; x_wconf 88' lang='lat' dir='ltr'><strong>distributa</strong></span> <span class='ocrx_word' id='word_1_158' title='bbox 1347 2146 1467 2187; x_wconf 90' lang='lat' dir='ltr'><strong>esse</strong></span> <span class='ocrx_word' id='word_1_159' title='bbox 1508 2132 1785 2198; x_wconf 86' lang='lat' dir='ltr'><strong>novimus,</strong></span> <span class='ocrx_word' id='word_1_160' title='bbox 1828 2146 1922 2187; x_wconf 91' lang='lat' dir='ltr'><strong>sua</strong></span> 
     </span>
    </p>
   </div>
   <div class='ocr_carea' id='block_1_23' title="bbox 329 2221 858 2288">
    <p class='ocr_par' dir='ltr' id='par_1_23' title="bbox 329 2221 858 2288">
     <span class='ocr_line' id='line_1_23' title="bbox 329 2221 858 2288; baseline 0.006 -16"><span class='ocrx_word' id='word_1_161' title='bbox 329 2231 527 2288; x_wconf 84' lang='lat' dir='ltr'><strong>sponte</strong></span> <span class='ocrx_word' id='word_1_162' title='bbox 551 2221 858 2276; x_wconf 88' lang='lat' dir='ltr'><strong>concidunt.</strong></span> 
     </span>
    </p>
   </div>
   <div class='ocr_carea' id='block_1_24' title="bbox 481 2373 1798 2452">
    <p class='ocr_par' dir='ltr' id='par_1_24' title="bbox 481 2373 1798 2452">
     <span class='ocr_line' id='line_1_24' title="bbox 481 2373 1798 2452; baseline 0.004 -22"><span class='ocrx_word' id='word_1_163' title='bbox 481 2373 590 2445; x_wconf 76' lang='lat'><strong>§5.</strong></span> <span class='ocrx_word' id='word_1_164' title='bbox 630 2406 702 2416; x_wconf 94' lang='lat'>—</span> <span class='ocrx_word' id='word_1_165' title='bbox 726 2375 940 2432; x_wconf 88' lang='lat' dir='ltr'><strong>Baronii</strong></span> <span class='ocrx_word' id='word_1_166' title='bbox 981 2388 1279 2450; x_wconf 81' lang='lat' dir='ltr'><strong>argumenta</strong></span> <span class='ocrx_word' id='word_1_167' title='bbox 1323 2381 1672 2435; x_wconf 69' lang='lat' dir='ltr'><strong>conpelluntur</strong></span> <span class='ocrx_word' id='word_1_168' title='bbox 1705 2398 1798 2452; x_wconf 88' lang='lat' dir='ltr'><strong>pro</strong></span> 
     </span>
    </p>
   </div>
   <div class='ocr_carea' id='block_1_25' title="bbox 950 2469 1289 2526">
    <p class='ocr_par' dir='ltr' id='par_1_25' title="bbox 950 2469 1289 2526">
     <span class='ocr_line' id='line_1_25' title="bbox 950 2469 1289 2526; baseline 0.012 -4"><span class='ocrx_word' id='word_1_169' title='bbox 950 2471 1013 2523; x_wconf 86' lang='grc' dir='ltr'><strong>Α.</strong></span> <span class='ocrx_word' id='word_1_170' title='bbox 1045 2469 1289 2526; x_wconf 78' lang='lat' dir='ltr'><strong>CXCIX.</strong></span> 
     </span>
    </p>
   </div>
   <div class='ocr_carea' id='block_1_26' title="bbox 396 2598 1916 2679">
    <p class='ocr_par' dir='ltr' id='par_1_26' title="bbox 396 2598 1916 2679">
     <span class='ocr_line' id='line_1_26' title="bbox 396 2598 1916 2679; baseline 0.008 -25"><span class='ocrx_word' id='word_1_171' title='bbox 396 2598 619 2656; x_wconf 80' lang='lat' dir='ltr'><strong>Restant</strong></span> <span class='ocrx_word' id='word_1_172' title='bbox 661 2602 728 2659; x_wconf 90' lang='lat' dir='ltr'><strong>de</strong></span> <span class='ocrx_word' id='word_1_173' title='bbox 755 2619 895 2659; x_wconf 90' lang='lat' dir='ltr'><strong>anno</strong></span> <span class='ocrx_word' id='word_1_174' title='bbox 935 2607 1120 2677; x_wconf 88' lang='lat' dir='ltr'><strong>scripti</strong></span> <span class='ocrx_word' id='word_1_175' title='bbox 1169 2609 1324 2679; x_wconf 84' lang='lat' dir='ltr'><strong>hujus</strong></span> <span class='ocrx_word' id='word_1_176' title='bbox 1356 2608 1520 2665; x_wconf 88' lang='lat' dir='ltr'><strong>libelli</strong></span> <span class='ocrx_word' id='word_1_177' title='bbox 1549 2611 1761 2666; x_wconf 85' lang='lat' dir='ltr'><strong>decreta</strong></span> <span class='ocrx_word' id='word_1_178' title='bbox 1812 2611 1916 2666; x_wconf 74' lang='lat' dir='ltr'><strong>Ba~</strong></span> 
     </span>
    </p>
   </div>
   <div class='ocr_carea' id='block_1_27' title="bbox 325 2693 1917 2777">
    <p class='ocr_par' dir='ltr' id='par_1_27' title="bbox 325 2693 1917 2777">
     <span class='ocr_line' id='line_1_27' title="bbox 325 2693 1917 2777; baseline 0.008 -31"><span class='ocrx_word' id='word_1_179' title='bbox 325 2693 458 2748; x_wconf 87' lang='lat' dir='ltr'><strong>ronii</strong></span> <span class='ocrx_word' id='word_1_180' title='bbox 523 2705 686 2766; x_wconf 87' lang='lat' dir='ltr'><strong>atque</strong></span> <span class='ocrx_word' id='word_1_181' title='bbox 741 2695 963 2752; x_wconf 80' lang='lat' dir='ltr'><strong>Pamelii</strong></span> <span class='ocrx_word' id='word_1_182' title='bbox 1031 2701 1100 2755; x_wconf 91' lang='lat' dir='ltr'><strong>ita</strong></span> <span class='ocrx_word' id='word_1_183' title='bbox 1155 2705 1498 2771; x_wconf 79' lang='lat' dir='ltr'><strong>comparata,</strong></span> <span class='ocrx_word' id='word_1_184' title='bbox 1567 2718 1621 2758; x_wconf 90' lang='lat' dir='ltr'><strong>ut</strong></span> <span class='ocrx_word' id='word_1_185' title='bbox 1689 2706 1917 2777; x_wconf 70' lang='lat' dir='ltr'><strong>coxivelli</strong></span> 
     </span>
    </p>
   </div>
   <div class='ocr_carea' id='block_1_28' title="bbox 330 2788 1921 2868">
    <p class='ocr_par' dir='ltr' id='par_1_28' title="bbox 330 2788 1921 2868">
     <span class='ocr_line' id='line_1_28' title="bbox 330 2788 1921 2868; baseline 0.007 -26"><span class='ocrx_word' id='word_1_186' title='bbox 330 2788 475 2842; x_wconf 84' lang='lat' dir='ltr'><strong>nullo</strong></span> <span class='ocrx_word' id='word_1_187' title='bbox 503 2792 717 2860; x_wconf 85' lang='lat' dir='ltr'><strong>negotio</strong></span> <span class='ocrx_word' id='word_1_188' title='bbox 747 2793 972 2860; x_wconf 86' lang='lat' dir='ltr'><strong>possint.</strong></span> <span class='ocrx_word' id='word_1_189' title='bbox 1003 2792 1243 2864; x_wconf 85' lang='lat' dir='ltr'><strong>Namque</strong></span> <span class='ocrx_word' id='word_1_190' title='bbox 1263 2794 1516 2850; x_wconf 65' lang='lat' dir='ltr'><strong>But-anius</strong></span> <span class='ocrx_word' id='word_1_191' title='bbox 1547 2796 1638 2866; x_wconf 88' lang='lat' dir='ltr'><strong>(V.</strong></span> <span class='ocrx_word' id='word_1_192' title='bbox 1671 2798 1785 2868; x_wconf 83' lang='lat' dir='ltr'><strong>ejus</strong></span> <span class='ocrx_word' id='word_1_193' title='bbox 1817 2800 1921 2853; x_wconf 77' lang='lat' dir='ltr'><strong>An-</strong></span> 
     </span>
    </p>
   </div>
   <div class='ocr_carea' id='block_1_29' title="bbox 325 2881 1913 2948">
    <p class='ocr_par' dir='ltr' id='par_1_29' title="bbox 325 2881 1913 2948">
     <span class='ocr_line' id='line_1_29' title="bbox 325 2881 1913 2948; baseline 0.008 -15"><span class='ocrx_word' id='word_1_194' title='bbox 325 2882 464 2936; x_wconf 81' lang='lat' dir='ltr'><strong>nales</strong></span> <span class='ocrx_word' id='word_1_195' title='bbox 495 2881 791 2938; x_wconf 83' lang='lat' dir='ltr'><strong>Ecclesiast.</strong></span> <span class='ocrx_word' id='word_1_196' title='bbox 838 2885 903 2938; x_wconf 89' lang='lat' dir='ltr'><strong>ad</strong></span> <span class='ocrx_word' id='word_1_197' title='bbox 934 2902 983 2940; x_wconf 86' lang='lat' dir='ltr'><strong>a.</strong></span> <span class='ocrx_word' id='word_1_198' title='bbox 1025 2885 1156 2942; x_wconf 88' lang='lat' dir='ltr'><strong>CCI.</strong></span> <span class='ocrx_word' id='word_1_199' title='bbox 1201 2898 1328 2942; x_wconf 87' lang='lat' dir='ltr'><strong>tum.</strong></span> <span class='ocrx_word' id='word_1_200' title='bbox 1362 2889 1428 2944; x_wconf 94' lang='lat' dir='ltr'><strong>II.</strong></span> <span class='ocrx_word' id='word_1_201' title='bbox 1470 2891 1555 2945; x_wconf 91' lang='lat' dir='ltr'><strong>ed.</strong></span> <span class='ocrx_word' id='word_1_202' title='bbox 1588 2892 1706 2946; x_wconf 88' lang='lat' dir='ltr'><strong>Col.</strong></span> <span class='ocrx_word' id='word_1_203' title='bbox 1755 2891 1913 2948; x_wconf 84' lang='lat' dir='ltr'><strong>l609.</strong></span> 
     </span>
    </p>
   </div>
   <div class='ocr_carea' id='block_1_30' title="bbox 325 2972 1918 3046">
    <p class='ocr_par' dir='ltr' id='par_1_30' title="bbox 325 2972 1918 3046">
     <span class='ocr_line' id='line_1_30' title="bbox 325 2972 1918 3046; baseline 0.011 -23"><span class='ocrx_word' id='word_1_204' title='bbox 325 2984 446 3043; x_wconf 88' lang='lat' dir='ltr'><strong>pag.</strong></span> <span class='ocrx_word' id='word_1_205' title='bbox 478 2972 628 3046; x_wconf 71' lang='lat'><strong>299.)</strong></span> <span class='ocrx_word' id='word_1_206' title='bbox 653 2985 708 3029; x_wconf 90' lang='lat' dir='ltr'><strong>ut</strong></span> <span class='ocrx_word' id='word_1_207' title='bbox 736 2977 1006 3046; x_wconf 87' lang='lat' dir='ltr'><strong>probaret,</strong></span> <span class='ocrx_word' id='word_1_208' title='bbox 1060 2993 1180 3032; x_wconf 87' lang='lat' dir='ltr'><strong>eum</strong></span> <span class='ocrx_word' id='word_1_209' title='bbox 1226 2980 1418 3036; x_wconf 87' lang='lat' dir='ltr'><strong>librum</strong></span> <span class='ocrx_word' id='word_1_210' title='bbox 1467 2994 1742 3037; x_wconf 88' lang='lat' dir='ltr'><strong>exaratum</strong></span> <span class='ocrx_word' id='word_1_211' title='bbox 1797 2999 1918 3040; x_wconf 85' lang='lat' dir='ltr'><strong>esse</strong></span> 
     </span>
    </p>
   </div>
   <div class='ocr_carea' id='block_1_31' title="bbox 325 3062 1916 3144">
    <p class='ocr_par' dir='ltr' id='par_1_31' title="bbox 325 3062 1916 3144">
     <span class='ocr_line' id='line_1_31' title="bbox 325 3062 1916 3144; baseline 0.009 -28"><span class='ocrx_word' id='word_1_212' title='bbox 325 3062 519 3118; x_wconf 74' lang='lat' dir='ltr'><strong>A.CCI.</strong></span> <span class='ocrx_word' id='word_1_213' title='bbox 543 3077 827 3136; x_wconf 87' lang='lat' dir='ltr'><strong>antequam</strong></span> <span class='ocrx_word' id='word_1_214' title='bbox 851 3069 1070 3124; x_wconf 78' lang='lat' dir='ltr'><strong>Severus</strong></span> <span class='ocrx_word' id='word_1_215' title='bbox 1094 3070 1519 3140; x_wconf 74' lang='lat' dir='ltr'><strong>proﬁcisceretur</strong></span> <span class='ocrx_word' id='word_1_216' title='bbox 1543 3076 1592 3128; x_wconf 93' lang='lat' dir='ltr'><strong>in</strong></span> <span class='ocrx_word' id='word_1_217' title='bbox 1619 3075 1916 3144; x_wconf 79' lang='lat' dir='ltr'><strong>Orientem,</strong></span> 
     </span>
    </p>
   </div>
   <div class='ocr_carea' id='block_1_32' title="bbox 325 3152 1917 3232">
    <p class='ocr_par' dir='ltr' id='par_1_32' title="bbox 325 3152 1917 3232">
     <span class='ocr_line' id='line_1_32' title="bbox 325 3152 1917 3232; baseline 0.01 -23"><span class='ocrx_word' id='word_1_218' title='bbox 325 3152 379 3209; x_wconf 70' lang='lat' dir='ltr'><strong>It.</strong></span> <span class='ocrx_word' id='word_1_219' title='bbox 396 3165 534 3222; x_wconf 86' lang='lat' dir='ltr'><strong>e.,ut</strong></span> <span class='ocrx_word' id='word_1_220' title='bbox 551 3173 647 3211; x_wconf 90' lang='lat' dir='ltr'><strong>nos</strong></span> <span class='ocrx_word' id='word_1_221' title='bbox 668 3159 810 3230; x_wconf 91' lang='lat' dir='ltr'><strong>loqui</strong></span> <span class='ocrx_word' id='word_1_222' title='bbox 835 3162 1032 3215; x_wconf 90' lang='lat' dir='ltr'><strong>rectius</strong></span> <span class='ocrx_word' id='word_1_223' title='bbox 1047 3164 1917 3232; x_wconf 80' lang='lat' dir='ltr'><strong>solemus,A.CXCIX.,nummum</strong></span> 
     </span>
    </p>
   </div>
   <div class='ocr_carea' id='block_1_33' title="bbox 325 3247 1913 3327">
    <p class='ocr_par' dir='ltr' id='par_1_33' title="bbox 325 3247 1913 3327">
     <span class='ocr_line' id='line_1_33' title="bbox 325 3247 1913 3327; baseline 0.008 -28"><span class='ocrx_word' id='word_1_224' title='bbox 325 3247 555 3314; x_wconf 81' lang='lat' dir='ltr'><strong>excitat,</strong></span> <span class='ocrx_word' id='word_1_225' title='bbox 588 3251 741 3320; x_wconf 84' lang='lat' dir='ltr'><strong>cujus</strong></span> <span class='ocrx_word' id='word_1_226' title='bbox 774 3253 938 3305; x_wconf 89' lang='lat' dir='ltr'><strong>altera</strong></span> <span class='ocrx_word' id='word_1_227' title='bbox 973 3267 1096 3323; x_wconf 90' lang='lat' dir='ltr'><strong>pars</strong></span> <span class='ocrx_word' id='word_1_228' title='bbox 1127 3254 1370 3310; x_wconf 79' lang='lat' dir='ltr'><strong>Severum</strong></span> <span class='ocrx_word' id='word_1_229' title='bbox 1398 3273 1520 3312; x_wconf 91' lang='lat' dir='ltr'><strong>cum</strong></span> <span class='ocrx_word' id='word_1_230' title='bbox 1562 3259 1652 3312; x_wconf 87' lang='lat' dir='ltr'><strong>Tr.</strong></span> <span class='ocrx_word' id='word_1_231' title='bbox 1698 3260 1756 3314; x_wconf 86' lang='lat' dir='ltr'><strong>P.</strong></span> <span class='ocrx_word' id='word_1_232' title='bbox 1793 3259 1913 3327; x_wconf 80' lang='lat' dir='ltr'><strong>XL,</strong></span> 
     </span>
    </p>
   </div>
   <div class='ocr_carea' id='block_1_34' title="bbox 327 3338 1917 3420">
    <p class='ocr_par' dir='ltr' id='par_1_34' title="bbox 327 3338 1917 3420">
     <span class='ocr_line' id='line_1_34' title="bbox 327 3338 1917 3420; baseline 0.011 -28"><span class='ocrx_word' id='word_1_233' title='bbox 327 3338 496 3394; x_wconf 84' lang='lat' dir='ltr'><strong>altera</strong></span> <span class='ocrx_word' id='word_1_234' title='bbox 547 3342 912 3400; x_wconf 81' lang='lat' dir='ltr'><strong>liberalitatem</strong></span> <span class='ocrx_word' id='word_1_235' title='bbox 944 3346 1008 3400; x_wconf 91' lang='lat' dir='ltr'><strong>V.</strong></span> <span class='ocrx_word' id='word_1_236' title='bbox 1042 3348 1230 3416; x_wconf 85' lang='lat' dir='ltr'><strong>habet,</strong></span> <span class='ocrx_word' id='word_1_237' title='bbox 1262 3349 1516 3420; x_wconf 84' lang='lat' dir='ltr'><strong>additque</strong></span> <span class='ocrx_word' id='word_1_238' title='bbox 1564 3355 1730 3408; x_wconf 90' lang='lat' dir='ltr'><strong>multo</strong></span> <span class='ocrx_word' id='word_1_239' title='bbox 1756 3356 1917 3410; x_wconf 88' lang='lat' dir='ltr'><strong>etiam</strong></span> 
     </span>
    </p>
   </div>
   <div class='ocr_carea' id='block_1_35' title="bbox 333 3436 1918 3516">
    <p class='ocr_par' dir='ltr' id='par_1_35' title="bbox 333 3436 1918 3516">
     <span class='ocr_line' id='line_1_35' title="bbox 333 3436 1918 3516; baseline 0.011 -34"><span class='ocrx_word' id='word_1_240' title='bbox 333 3437 731 3488; x_wconf 83' lang='lat' dir='ltr'><strong>asseverantius</strong></span> <span class='ocrx_word' id='word_1_241' title='bbox 763 3454 775 3490; x_wconf 93' lang='lat'>:</span> <span class='ocrx_word' id='word_1_242' title='bbox 805 3436 934 3490; x_wconf 81' lang='lat' dir='ltr'><strong>hunc</strong></span> <span class='ocrx_word' id='word_1_243' title='bbox 965 3455 1224 3494; x_wconf 88' lang='lat' dir='ltr'><strong>nummum</strong></span> <span class='ocrx_word' id='word_1_244' title='bbox 1253 3442 1320 3494; x_wconf 84' lang='lat' dir='ltr'><strong>ad</strong></span> <span class='ocrx_word' id='word_1_245' title='bbox 1349 3459 1426 3496; x_wconf 86' lang='lat' dir='ltr'><strong>res</strong></span> <span class='ocrx_word' id='word_1_246' title='bbox 1456 3453 1686 3508; x_wconf 87' lang='lat' dir='ltr'><strong>nostras,</strong></span> <span class='ocrx_word' id='word_1_247' title='bbox 1717 3446 1780 3498; x_wconf 89' lang='lat' dir='ltr'><strong>de</strong></span> <span class='ocrx_word' id='word_1_248' title='bbox 1806 3448 1918 3516; x_wconf 81' lang='lat' dir='ltr'><strong>qui-</strong></span> 
     </span>
    </p>
   </div>
   <div class='ocr_carea' id='block_1_36' title="bbox 328 3521 1916 3602">
    <p class='ocr_par' dir='ltr' id='par_1_36' title="bbox 328 3521 1916 3602">
     <span class='ocr_line' id='line_1_36' title="bbox 328 3521 1916 3602; baseline 0.01 -26"><span class='ocrx_word' id='word_1_249' title='bbox 328 3521 424 3578; x_wconf 79' lang='lat' dir='ltr'><strong>bus</strong></span> <span class='ocrx_word' id='word_1_250' title='bbox 480 3526 638 3578; x_wconf 84' lang='lat' dir='ltr'><strong>acturi</strong></span> <span class='ocrx_word' id='word_1_251' title='bbox 686 3543 880 3595; x_wconf 84' lang='lat' dir='ltr'><strong>sumus,</strong></span> <span class='ocrx_word' id='word_1_252' title='bbox 921 3533 1170 3599; x_wconf 83' lang='lat' dir='ltr'><strong>pertinere</strong></span> <span class='ocrx_word' id='word_1_253' title='bbox 1219 3544 1355 3588; x_wconf 89' lang='lat' dir='ltr'><strong>certo</strong></span> <span class='ocrx_word' id='word_1_254' title='bbox 1404 3535 1554 3589; x_wconf 86' lang='lat' dir='ltr'><strong>scias.</strong></span> <span class='ocrx_word' id='word_1_255' title='bbox 1587 3537 1739 3602; x_wconf 83' lang='lat' dir='ltr'><strong>Quod</strong></span> <span class='ocrx_word' id='word_1_256' title='bbox 1787 3538 1916 3592; x_wconf 87' lang='lat' dir='ltr'><strong>mihi</strong></span> 
     </span>
    </p>
   </div>
   <div class='ocr_carea' id='block_1_37' title="bbox 323 3615 1917 3700">
    <p class='ocr_par' dir='ltr' id='par_1_37' title="bbox 323 3615 1917 3700">
     <span class='ocr_line' id='line_1_37' title="bbox 323 3615 1917 3700; baseline 0.011 -32"><span class='ocrx_word' id='word_1_257' title='bbox 323 3615 540 3672; x_wconf 83' lang='lat' dir='ltr'><strong>videtur</strong></span> <span class='ocrx_word' id='word_1_258' title='bbox 584 3632 649 3673; x_wconf 88' lang='lat' dir='ltr'><strong>eo</strong></span> <span class='ocrx_word' id='word_1_259' title='bbox 675 3620 983 3689; x_wconf 86' lang='lat' dir='ltr'><strong>planissime</strong></span> <span class='ocrx_word' id='word_1_260' title='bbox 1027 3625 1190 3680; x_wconf 91' lang='lat' dir='ltr'><strong>modo</strong></span> <span class='ocrx_word' id='word_1_261' title='bbox 1239 3626 1438 3681; x_wconf 90' lang='lat' dir='ltr'><strong>dictum</strong></span> <span class='ocrx_word' id='word_1_262' title='bbox 1461 3668 1476 3692; x_wconf 90' lang='lat'><strong>,</strong></span> <span class='ocrx_word' id='word_1_263' title='bbox 1507 3643 1614 3698; x_wconf 89' lang='lat' dir='ltr'><strong>quo</strong></span> <span class='ocrx_word' id='word_1_264' title='bbox 1643 3630 1770 3683; x_wconf 92' lang='lat' dir='ltr'><strong>olim</strong></span> <span class='ocrx_word' id='word_1_265' title='bbox 1812 3629 1917 3700; x_wconf 85' lang='lat' dir='ltr'><strong>Py-</strong></span> 
     </span>
    </p>
   </div>
   <div class='ocr_carea' id='block_1_38' title="bbox 325 3705 1914 3794">
    <p class='ocr_par' dir='ltr' id='par_1_38' title="bbox 325 3705 1914 3794">
     <span class='ocr_line' id='line_1_38' title="bbox 325 3705 1914 3794; baseline 0.011 -33"><span class='ocrx_word' id='word_1_266' title='bbox 325 3705 614 3778; x_wconf 74' lang='lat' dir='ltr'><strong>thagortei,</strong></span> <span class='ocrx_word' id='word_1_267' title='bbox 644 3725 765 3766; x_wconf 90' lang='lat' dir='ltr'><strong>cum</strong></span> <span class='ocrx_word' id='word_1_268' title='bbox 815 3728 882 3768; x_wconf 86' lang='lat' dir='ltr'><strong>ex</strong></span> <span class='ocrx_word' id='word_1_269' title='bbox 934 3716 1000 3769; x_wconf 90' lang='lat' dir='ltr'><strong>iis</strong></span> <span class='ocrx_word' id='word_1_270' title='bbox 1043 3727 1392 3787; x_wconf 74' lang='lat' dir='ltr'><strong>quaereretur,</strong></span> <span class='ocrx_word' id='word_1_271' title='bbox 1443 3737 1608 3790; x_wconf 88' lang='lat' dir='ltr'><strong>quare</strong></span> <span class='ocrx_word' id='word_1_272' title='bbox 1669 3723 1738 3776; x_wconf 92' lang='lat' dir='ltr'><strong>ita</strong></span> <span class='ocrx_word' id='word_1_273' title='bbox 1787 3724 1914 3794; x_wconf 91' lang='lat' dir='ltr'><strong>quid</strong></span> 
     </span>
    </p>
   </div>
   <div class='ocr_carea' id='block_1_39' title="bbox 322 3801 1911 3883">
    <p class='ocr_par' dir='ltr' id='par_1_39' title="bbox 322 3801 1911 3883">
     <span class='ocr_line' id='line_1_39' title="bbox 322 3801 1911 3883; baseline 0.011 -30"><span class='ocrx_word' id='word_1_274' title='bbox 322 3810 494 3866; x_wconf 81' lang='lat' dir='ltr'><strong>esset,</strong></span> <span class='ocrx_word' id='word_1_275' title='bbox 537 3801 665 3857; x_wconf 91' lang='lat' dir='ltr'><strong>illud</strong></span> <span class='ocrx_word' id='word_1_276' title='bbox 714 3819 870 3860; x_wconf 87' lang='lat' dir='ltr'><strong>suum</strong></span> <span class='ocrx_word' id='word_1_277' title='bbox 902 3808 1011 3878; x_wconf 89' lang='lat' dir='ltr'><strong>ipse</strong></span> <span class='ocrx_word' id='word_1_278' title='bbox 1047 3810 1179 3864; x_wconf 78' lang='lat' dir='ltr'><strong>dixit</strong></span> <span class='ocrx_word' id='word_1_279' title='bbox 1230 3811 1571 3882; x_wconf 89' lang='lat' dir='ltr'><strong>interponere</strong></span> <span class='ocrx_word' id='word_1_280' title='bbox 1623 3816 1911 3883; x_wconf 81' lang='lat' dir='ltr'><strong>Solebant;</strong></span> 
     </span>
    </p>
   </div>
   <div class='ocr_carea' id='block_1_40' title="bbox 323 3892 1914 3978">
    <p class='ocr_par' dir='ltr' id='par_1_40' title="bbox 323 3892 1914 3978">
     <span class='ocr_line' id='line_1_40' title="bbox 323 3892 1914 3978; baseline 0.01 -31"><span class='ocrx_word' id='word_1_281' title='bbox 323 3892 453 3947; x_wconf 87' lang='lat' dir='ltr'><strong>nihil</strong></span> <span class='ocrx_word' id='word_1_282' title='bbox 485 3904 567 3949; x_wconf 78' lang='lat' dir='ltr'><strong>est</strong></span> <span class='ocrx_word' id='word_1_283' title='bbox 603 3897 746 3951; x_wconf 88' lang='lat' dir='ltr'><strong>enim</strong></span> <span class='ocrx_word' id='word_1_284' title='bbox 786 3897 856 3952; x_wconf 90' lang='lat' dir='ltr'><strong>ab</strong></span> <span class='ocrx_word' id='word_1_285' title='bbox 882 3915 949 3954; x_wconf 87' lang='lat' dir='ltr'><strong>eo</strong></span> <span class='ocrx_word' id='word_1_286' title='bbox 990 3899 1201 3955; x_wconf 87' lang='lat' dir='ltr'><strong>Baronii</strong></span> <span class='ocrx_word' id='word_1_287' title='bbox 1225 3903 1385 3958; x_wconf 79' lang='lat' dir='ltr'><strong>t-ﬂ&#39;atu</strong></span> <span class='ocrx_word' id='word_1_288' title='bbox 1415 3907 1638 3961; x_wconf 80' lang='lat' dir='ltr'><strong>veritate</strong></span> <span class='ocrx_word' id='word_1_289' title='bbox 1678 3907 1914 3978; x_wconf 84' lang='lat' dir='ltr'><strong>tlisjtmc-</strong></span> 
     </span>
    </p>
   </div>
   <div class='ocr_carea' id='block_1_41' title="bbox 323 3983 1915 4057">
    <p class='ocr_par' dir='ltr' id='par_1_41' title="bbox 323 3983 1915 4057">
     <span class='ocr_line' id='line_1_41' title="bbox 323 3983 1915 4057; baseline 0.009 -19"><span class='ocrx_word' id='word_1_290' title='bbox 323 3983 448 4038; x_wconf 86' lang='lat' dir='ltr'><strong>tius.</strong></span> <span class='ocrx_word' id='word_1_291' title='bbox 497 3985 628 4039; x_wconf 79' lang='lat' dir='ltr'><strong>Nam</strong></span> <span class='ocrx_word' id='word_1_292' title='bbox 671 4001 794 4042; x_wconf 91' lang='lat' dir='ltr'><strong>cum</strong></span> <span class='ocrx_word' id='word_1_293' title='bbox 840 3989 984 4046; x_wconf 87' lang='lat' dir='ltr'><strong>clare</strong></span> <span class='ocrx_word' id='word_1_294' title='bbox 1031 3991 1232 4057; x_wconf 89' lang='lat' dir='ltr'><strong>tradat,</strong></span> <span class='ocrx_word' id='word_1_295' title='bbox 1261 4009 1456 4049; x_wconf 89' lang='lat' dir='ltr'><strong>annmn</strong></span> <span class='ocrx_word' id='word_1_296' title='bbox 1503 3997 1594 4052; x_wconf 87' lang='lat' dir='ltr'><strong>Tr.</strong></span> <span class='ocrx_word' id='word_1_297' title='bbox 1646 3999 1704 4052; x_wconf 85' lang='lat' dir='ltr'><strong>P.</strong></span> <span class='ocrx_word' id='word_1_298' title='bbox 1740 4000 1915 4054; x_wconf 79' lang='lat' dir='ltr'><strong>Severi</strong></span> 
     </span>
    </p>
   </div>
   <div class='ocr_carea' id='block_1_42' title="bbox 321 4076 1914 4154">
    <p class='ocr_par' dir='ltr' id='par_1_42' title="bbox 321 4076 1914 4154">
     <span class='ocr_line' id='line_1_42' title="bbox 321 4076 1914 4154; baseline 0.011 -26"><span class='ocrx_word' id='word_1_299' title='bbox 321 4076 610 4145; x_wconf 83' lang='lat' dir='ltr'><strong>septimum</strong></span> <span class='ocrx_word' id='word_1_300' title='bbox 632 4092 700 4133; x_wconf 91' lang='lat' dir='ltr'><strong>eo</strong></span> <span class='ocrx_word' id='word_1_301' title='bbox 725 4093 870 4135; x_wconf 87' lang='lat' dir='ltr'><strong>anno</strong></span> <span class='ocrx_word' id='word_1_302' title='bbox 899 4082 1103 4137; x_wconf 86' lang='lat' dir='ltr'><strong>initium</strong></span> <span class='ocrx_word' id='word_1_303' title='bbox 1125 4087 1442 4154; x_wconf 85' lang='lat' dir='ltr'><strong>sumpsisse,</strong></span> <span class='ocrx_word' id='word_1_304' title='bbox 1468 4099 1523 4142; x_wconf 89' lang='lat' dir='ltr'><strong>et</strong></span> <span class='ocrx_word' id='word_1_305' title='bbox 1547 4100 1722 4145; x_wconf 89' lang='lat' dir='ltr'><strong>tamen</strong></span> <span class='ocrx_word' id='word_1_306' title='bbox 1756 4107 1914 4145; x_wconf 89' lang='lat' dir='ltr'><strong>num-</strong></span> 
     </span>
    </p>
   </div>
   <div class='ocr_carea' id='block_1_43' title="bbox 323 4173 1910 4250">
    <p class='ocr_par' dir='ltr' id='par_1_43' title="bbox 323 4173 1910 4250">
     <span class='ocr_line' id='line_1_43' title="bbox 323 4173 1910 4250; baseline 0.01 -26"><span class='ocrx_word' id='word_1_307' title='bbox 323 4184 468 4224; x_wconf 91' lang='lat' dir='ltr'><strong>mum</strong></span> <span class='ocrx_word' id='word_1_308' title='bbox 494 4173 692 4227; x_wconf 76' lang='lat' dir='ltr'><strong>excitet</strong></span> <span class='ocrx_word' id='word_1_309' title='bbox 719 4187 839 4228; x_wconf 92' lang='lat' dir='ltr'><strong>cum</strong></span> <span class='ocrx_word' id='word_1_310' title='bbox 871 4174 961 4230; x_wconf 87' lang='lat' dir='ltr'><strong>Tr.</strong></span> <span class='ocrx_word' id='word_1_311' title='bbox 1007 4177 1066 4230; x_wconf 55' lang='grc' dir='ltr'><strong>Ι).</strong></span> <span class='ocrx_word' id='word_1_312' title='bbox 1096 4177 1187 4232; x_wconf 78' lang='lat' dir='ltr'><strong>XI.</strong></span> <span class='ocrx_word' id='word_1_313' title='bbox 1219 4179 1308 4248; x_wconf 90' lang='lat' dir='ltr'><strong>qui</strong></span> <span class='ocrx_word' id='word_1_314' title='bbox 1340 4181 1492 4250; x_wconf 89' lang='lat' dir='ltr'><strong>plane</strong></span> <span class='ocrx_word' id='word_1_315' title='bbox 1522 4182 1588 4236; x_wconf 89' lang='lat' dir='ltr'><strong>ad</strong></span> <span class='ocrx_word' id='word_1_316' title='bbox 1636 4186 1698 4237; x_wconf 85' lang='grc' dir='ltr'><strong>Λ.</strong></span> <span class='ocrx_word' id='word_1_317' title='bbox 1733 4184 1910 4240; x_wconf 83' lang='lat' dir='ltr'><strong>CCIV.</strong></span> 
     </span>
    </p>
   </div>
   <div class='ocr_carea' id='block_1_44' title="bbox 322 4253 1918 4338">
    <p class='ocr_par' dir='ltr' id='par_1_44' title="bbox 322 4253 1918 4338">
     <span class='ocr_line' id='line_1_44' title="bbox 322 4253 1918 4338; baseline 0.011 -23"><span class='ocrx_word' id='word_1_318' title='bbox 322 4271 432 4325; x_wconf 83' lang='lat' dir='ltr'><strong>aut,</strong></span> <span class='ocrx_word' id='word_1_319' title='bbox 464 4263 510 4317; x_wconf 91' lang='lat' dir='ltr'><strong>si</strong></span> <span class='ocrx_word' id='word_1_320' title='bbox 539 4253 706 4318; x_wconf 78' lang='lat' dir='ltr'><strong>mavis</strong></span> <span class='ocrx_word' id='word_1_321' title='bbox 732 4279 853 4320; x_wconf 91' lang='lat' dir='ltr'><strong>cum</strong></span> <span class='ocrx_word' id='word_1_322' title='bbox 909 4269 1024 4338; x_wconf 91' lang='lat' dir='ltr'><strong>ipso</strong></span> <span class='ocrx_word' id='word_1_323' title='bbox 1064 4267 1306 4334; x_wconf 86' lang='lat' dir='ltr'><strong>Baronio,</strong></span> <span class='ocrx_word' id='word_1_324' title='bbox 1333 4273 1400 4327; x_wconf 90' lang='lat' dir='ltr'><strong>ad</strong></span> <span class='ocrx_word' id='word_1_325' title='bbox 1436 4277 1536 4329; x_wconf 84' lang='lat' dir='ltr'><strong>An.</strong></span> <span class='ocrx_word' id='word_1_326' title='bbox 1575 4272 1750 4330; x_wconf 85' lang='lat' dir='ltr'><strong>CCVI.</strong></span> <span class='ocrx_word' id='word_1_327' title='bbox 1785 4277 1918 4332; x_wconf 81' lang='lat' dir='ltr'><strong>refe-</strong></span> 
     </span>
    </p>
   </div>
   <div class='ocr_carea' id='block_1_45' title="bbox 321 4356 1916 4436">
    <p class='ocr_par' dir='ltr' id='par_1_45' title="bbox 321 4356 1916 4436">
     <span class='ocr_line' id='line_1_45' title="bbox 321 4356 1916 4436; baseline 0.009 -26"><span class='ocrx_word' id='word_1_328' title='bbox 321 4356 523 4412; x_wconf 86' lang='lat' dir='ltr'><strong>rendus</strong></span> <span class='ocrx_word' id='word_1_329' title='bbox 545 4367 662 4423; x_wconf 90' lang='lat' dir='ltr'><strong>est;</strong></span> <span class='ocrx_word' id='word_1_330' title='bbox 691 4374 871 4415; x_wconf 91' lang='lat' dir='ltr'><strong>nonne</strong></span> <span class='ocrx_word' id='word_1_331' title='bbox 889 4367 1238 4432; x_wconf 87' lang='lat' dir='ltr'><strong>repugnantia</strong></span> <span class='ocrx_word' id='word_1_332' title='bbox 1263 4365 1528 4436; x_wconf 87' lang='lat' dir='ltr'><strong>loquitur?</strong></span> <span class='ocrx_word' id='word_1_333' title='bbox 1553 4369 1630 4422; x_wconf 82' lang='lat' dir='ltr'><strong>Ac</strong></span> <span class='ocrx_word' id='word_1_334' title='bbox 1651 4368 1720 4423; x_wconf 92' lang='lat' dir='ltr'><strong>de</strong></span> <span class='ocrx_word' id='word_1_335' title='bbox 1745 4370 1916 4426; x_wconf 87' lang='lat' dir='ltr'><strong>altero</strong></span> 
     </span>
    </p>
   </div>
   <div class='ocr_carea' id='block_1_46' title="bbox 322 4443 1972 4533">
    <p class='ocr_par' dir='ltr' id='par_1_46' title="bbox 322 4443 1972 4533">
     <span class='ocr_line' id='line_1_46' title="bbox 322 4443 1972 4533; baseline 0.011 -31"><span class='ocrx_word' id='word_1_336' title='bbox 322 4449 440 4517; x_wconf 87' lang='lat' dir='ltr'><strong>ejus</strong></span> <span class='ocrx_word' id='word_1_337' title='bbox 469 4462 782 4520; x_wconf 87' lang='lat' dir='ltr'><strong>argumento</strong></span> <span class='ocrx_word' id='word_1_338' title='bbox 812 4455 938 4524; x_wconf 90' lang='lat' dir='ltr'><strong>quid</strong></span> <span class='ocrx_word' id='word_1_339' title='bbox 966 4455 1172 4510; x_wconf 88' lang='lat' dir='ltr'><strong>dicam?</strong></span> <span class='ocrx_word' id='word_1_340' title='bbox 1202 4458 1343 4528; x_wconf 89' lang='lat' dir='ltr'><strong>quod</strong></span> <span class='ocrx_word' id='word_1_341' title='bbox 1374 4459 1522 4514; x_wconf 80' lang='lat' dir='ltr'><strong>duxit</strong></span> <span class='ocrx_word' id='word_1_342' title='bbox 1549 4461 1615 4515; x_wconf 90' lang='lat' dir='ltr'><strong>ab</strong></span> <span class='ocrx_word' id='word_1_343' title='bbox 1643 4477 1708 4517; x_wconf 90' lang='lat' dir='ltr'><strong>eo</strong></span> <span class='ocrx_word' id='word_1_344' title='bbox 1727 4504 1743 4524; x_wconf 86' lang='lat'><strong>,</strong></span> <span class='ocrx_word' id='word_1_345' title='bbox 1769 4464 1912 4533; x_wconf 88' lang='lat' dir='ltr'><strong>quod</strong></span> <span class='ocrx_word' id='word_1_346' title='bbox 1967 4443 1972 4450; x_wconf 27' lang='lat' dir='ltr'><strong>I</strong></span> 
     </span>
    </p>
   </div>
   <div class='ocr_carea' id='block_1_47' title="bbox 323 4541 1991 4624">
    <p class='ocr_par' dir='ltr' id='par_1_47' title="bbox 323 4541 1991 4624">
     <span class='ocr_line' id='line_1_47' title="bbox 323 4541 1991 4624; baseline 0.011 -31"><span class='ocrx_word' id='word_1_347' title='bbox 323 4549 450 4595; x_wconf 88' lang='lat' dir='ltr'><strong>ante</strong></span> <span class='ocrx_word' id='word_1_348' title='bbox 489 4541 624 4598; x_wconf 83' lang='lat' dir='ltr'><strong>hanc</strong></span> <span class='ocrx_word' id='word_1_349' title='bbox 659 4545 1056 4613; x_wconf 79' lang='lat' dir='ltr'><strong>expeditionem</strong></span> <span class='ocrx_word' id='word_1_350' title='bbox 1087 4549 1392 4606; x_wconf 78' lang='lat' dir='ltr'><strong>Parthicam</strong></span> <span class='ocrx_word' id='word_1_351' title='bbox 1422 4554 1603 4620; x_wconf 69' lang='lat' dir='ltr'><strong>nullm,</strong></span> <span class='ocrx_word' id='word_1_352' title='bbox 1651 4566 1768 4624; x_wconf 90' lang='lat' dir='ltr'><strong>post</strong></span> <span class='ocrx_word' id='word_1_353' title='bbox 1793 4573 1910 4612; x_wconf 86' lang='lat' dir='ltr'><strong>eam</strong></span> <span class='ocrx_word' id='word_1_354' title='bbox 1939 4565 1991 4624; x_wconf 84' lang='grc' dir='ltr'><strong>Ι)</strong></span> 
     </span>
    </p>
   </div>
   <div class='ocr_carea' id='block_1_48' title="bbox 319 4634 1912 4721">
    <p class='ocr_par' dir='ltr' id='par_1_48' title="bbox 319 4634 1912 4721">
     <span class='ocr_line' id='line_1_48' title="bbox 319 4634 1912 4721; baseline 0.01 -32"><span class='ocrx_word' id='word_1_355' title='bbox 319 4634 504 4689; x_wconf 65' lang='lat' dir='ltr'><strong>multa:</strong></span> <span class='ocrx_word' id='word_1_356' title='bbox 532 4637 864 4695; x_wconf 86' lang='lat' dir='ltr'><strong>calamitates</strong></span> <span class='ocrx_word' id='word_1_357' title='bbox 892 4640 1307 4698; x_wconf 89' lang='lat' dir='ltr'><strong>christianorum</strong></span> <span class='ocrx_word' id='word_1_358' title='bbox 1339 4647 1662 4702; x_wconf 82' lang='lat' dir='ltr'><strong>exstiterint.</strong></span> <span class='ocrx_word' id='word_1_359' title='bbox 1694 4648 1751 4703; x_wconf 92' lang='lat' dir='ltr'><strong>In</strong></span> <span class='ocrx_word' id='word_1_360' title='bbox 1805 4666 1912 4721; x_wconf 92' lang='lat' dir='ltr'><strong>quo</strong></span> 
     </span>
    </p>
   </div>
   <div class='ocr_carea' id='block_1_49' title="bbox 323 4727 1914 4805">
    <p class='ocr_par' dir='ltr' id='par_1_49' title="bbox 323 4727 1914 4805">
     <span class='ocr_line' id='line_1_49' title="bbox 323 4727 1914 4805; baseline 0.011 -26"><span class='ocrx_word' id='word_1_361' title='bbox 323 4727 565 4795; x_wconf 85' lang='lat' dir='ltr'><strong>peccavit</strong></span> <span class='ocrx_word' id='word_1_362' title='bbox 605 4727 919 4800; x_wconf 90' lang='lat' dir='ltr'><strong>dupliciter;</strong></span> <span class='ocrx_word' id='word_1_363' title='bbox 950 4732 1213 4802; x_wconf 86' lang='lat' dir='ltr'><strong>primum,</strong></span> <span class='ocrx_word' id='word_1_364' title='bbox 1245 4736 1386 4805; x_wconf 92' lang='lat' dir='ltr'><strong>quod</strong></span> <span class='ocrx_word' id='word_1_365' title='bbox 1436 4753 1527 4793; x_wconf 91' lang='lat' dir='ltr'><strong>eas</strong></span> <span class='ocrx_word' id='word_1_366' title='bbox 1575 4750 1702 4796; x_wconf 86' lang='lat' dir='ltr'><strong>ante</strong></span> <span class='ocrx_word' id='word_1_367' title='bbox 1749 4741 1914 4798; x_wconf 80' lang='lat' dir='ltr'><strong>fuisse</strong></span> 
     </span>
    </p>
   </div>
   <div class='ocr_carea' id='block_1_50' title="bbox 321 4823 1912 4895">
    <p class='ocr_par' dir='ltr' id='par_1_50' title="bbox 321 4823 1912 4895">
     <span class='ocr_line' id='line_1_50' title="bbox 321 4823 1912 4895; baseline 0.012 -23"><span class='ocrx_word' id='word_1_368' title='bbox 321 4823 634 4888; x_wconf 76' lang='lat' dir='ltr'><strong>negaverit,</strong></span> <span class='ocrx_word' id='word_1_369' title='bbox 666 4839 824 4894; x_wconf 87' lang='lat' dir='ltr'><strong>quam</strong></span> <span class='ocrx_word' id='word_1_370' title='bbox 859 4825 1131 4895; x_wconf 86' lang='lat' dir='ltr'><strong>profectus</strong></span> <span class='ocrx_word' id='word_1_371' title='bbox 1159 4829 1228 4883; x_wconf 90' lang='lat' dir='ltr'><strong>sit</strong></span> <span class='ocrx_word' id='word_1_372' title='bbox 1258 4829 1475 4886; x_wconf 83' lang='lat' dir='ltr'><strong>Severus</strong></span> <span class='ocrx_word' id='word_1_373' title='bbox 1503 4833 1759 4890; x_wconf 89' lang='lat' dir='ltr'><strong>adversus</strong></span> <span class='ocrx_word' id='word_1_374' title='bbox 1783 4836 1912 4891; x_wconf 87' lang='lat' dir='ltr'><strong>Par-</strong></span> 
     </span>
    </p>
   </div>
   <div class='ocr_carea' id='block_1_51' title="bbox 323 4910 1910 4999">
    <p class='ocr_par' dir='ltr' id='par_1_51' title="bbox 323 4910 1910 4999">
     <span class='ocr_line' id='line_1_51' title="bbox 323 4910 1910 4999; baseline 0.013 -35"><span class='ocrx_word' id='word_1_375' title='bbox 323 4910 467 4979; x_wconf 87' lang='lat' dir='ltr'><strong>thos,</strong></span> <span class='ocrx_word' id='word_1_376' title='bbox 495 4915 690 4972; x_wconf 88' lang='lat' dir='ltr'><strong>deinde</strong></span> <span class='ocrx_word' id='word_1_377' title='bbox 736 4917 878 4986; x_wconf 90' lang='lat' dir='ltr'><strong>quod</strong></span> <span class='ocrx_word' id='word_1_378' title='bbox 927 4919 1121 4974; x_wconf 91' lang='lat' dir='ltr'><strong>librum</strong></span> <span class='ocrx_word' id='word_1_379' title='bbox 1166 4922 1230 4976; x_wconf 86' lang='lat' dir='ltr'><strong>de</strong></span> <span class='ocrx_word' id='word_1_380' title='bbox 1269 4923 1469 4999; x_wconf 85' lang='lat' dir='ltr'><strong>Corona</strong></span> <span class='ocrx_word' id='word_1_381' title='bbox 1506 4942 1572 4982; x_wconf 90' lang='lat' dir='ltr'><strong>eo</strong></span> <span class='ocrx_word' id='word_1_382' title='bbox 1602 4928 1664 4980; x_wconf 86' lang='lat' dir='ltr'><strong>de</strong></span> <span class='ocrx_word' id='word_1_383' title='bbox 1691 4929 1910 4999; x_wconf 84' lang='lat' dir='ltr'><strong>Specta-</strong></span> 
     </span>
    </p>
   </div>
   <div class='ocr_carea' id='block_1_52' title="bbox 289 4996 1913 5090">
    <p class='ocr_par' dir='ltr' id='par_1_52' title="bbox 289 4996 1913 5090">
     <span class='ocr_line' id='line_1_52' title="bbox 289 4996 1913 5090; baseline 0.014 -34"><span class='ocrx_word' id='word_1_384' title='bbox 289 5004 450 5087; x_wconf 73' lang='lat' dir='ltr'><strong>culis</strong></span> <span class='ocrx_word' id='word_1_385' title='bbox 473 5009 844 5076; x_wconf 68' lang='lat' dir='ltr'><strong>posteriorem</strong></span> <span class='ocrx_word' id='word_1_386' title='bbox 873 5025 994 5082; x_wconf 80' lang='lat' dir='ltr'><strong>esse</strong></span> <span class='ocrx_word' id='word_1_387' title='bbox 1043 5027 1150 5068; x_wconf 91' lang='lat' dir='ltr'><strong>non</strong></span> <span class='ocrx_word' id='word_1_388' title='bbox 1199 4996 1532 5086; x_wconf 71' lang='lat' dir='ltr'><strong>cogitaverit.</strong></span> <span class='ocrx_word' id='word_1_389' title='bbox 1567 4996 1746 5090; x_wconf 77' lang='lat' dir='ltr'><strong>Atque</strong></span> <span class='ocrx_word' id='word_1_390' title='bbox 1784 5022 1913 5078; x_wconf 88' lang='lat' dir='ltr'><strong>illud</strong></span> 
     </span>
    </p>
   </div>
   <div class='ocr_carea' id='block_1_53' title="bbox 273 5095 1914 5186">
    <p class='ocr_par' dir='ltr' id='par_1_53' title="bbox 273 5095 1914 5186">
     <span class='ocr_line' id='line_1_53' title="bbox 273 5095 1914 5186; baseline 0.011 -34"><span class='ocrx_word' id='word_1_391' title='bbox 273 5095 719 5173; x_wconf 14' lang='lat' dir='ltr'><strong>lconlntavimus</strong></span> <span class='ocrx_word' id='word_1_392' title='bbox 756 5119 855 5158; x_wconf 88' lang='lat' dir='ltr'><strong>suo</strong></span> <span class='ocrx_word' id='word_1_393' title='bbox 892 5106 1179 5171; x_wconf 87' lang='lat' dir='ltr'><strong>loco;&#39;lt‘oc</strong></span> <span class='ocrx_word' id='word_1_394' title='bbox 1221 5125 1348 5165; x_wconf 86' lang='lat' dir='ltr'><strong>vero</strong></span> <span class='ocrx_word' id='word_1_395' title='bbox 1396 5112 1470 5168; x_wconf 89' lang='lat' dir='ltr'><strong>uti</strong></span> <span class='ocrx_word' id='word_1_396' title='bbox 1511 5130 1670 5167; x_wconf 85' lang='lat' dir='ltr'><strong>nemo</strong></span> <span class='ocrx_word' id='word_1_397' title='bbox 1717 5129 1914 5186; x_wconf 89' lang='lat' dir='ltr'><strong>negare</strong></span> 
     </span>
    </p>
   </div>
   <div class='ocr_carea' id='block_1_54' title="bbox 319 5193 1912 5277">
    <p class='ocr_par' dir='ltr' id='par_1_54' title="bbox 319 5193 1912 5277">
     <span class='ocr_line' id='line_1_54' title="bbox 319 5193 1912 5277; baseline 0.011 -34"><span class='ocrx_word' id='word_1_398' title='bbox 319 5200 521 5260; x_wconf 79' lang='lat' dir='ltr'><strong>potest,</strong></span> <span class='ocrx_word' id='word_1_399' title='bbox 557 5193 661 5249; x_wconf 91' lang='lat' dir='ltr'><strong>nisi</strong></span> <span class='ocrx_word' id='word_1_400' title='bbox 692 5196 777 5248; x_wconf 93' lang='lat' dir='ltr'><strong>cui</strong></span> <span class='ocrx_word' id='word_1_401' title='bbox 806 5197 1042 5253; x_wconf 67' lang='lat' dir='ltr'><strong>tenebrae</strong></span> <span class='ocrx_word' id='word_1_402' title='bbox 1065 5199 1173 5255; x_wconf 90' lang='lat' dir='ltr'><strong>sint</strong></span> <span class='ocrx_word' id='word_1_403' title='bbox 1207 5204 1614 5273; x_wconf 55' lang='lat' dir='ltr'><strong>mero.meridie</strong></span> <span class='ocrx_word' id='word_1_404' title='bbox 1636 5203 1741 5277; x_wconf 88' lang='lat' dir='ltr'><strong>(est</strong></span> <span class='ocrx_word' id='word_1_405' title='bbox 1770 5207 1912 5262; x_wconf 91' lang='lat' dir='ltr'><strong>enim</strong></span> 
     </span>
    </p>
   </div>
   <div class='ocr_carea' id='block_1_55' title="bbox 320 5281 1912 5362">
    <p class='ocr_par' dir='ltr' id='par_1_55' title="bbox 320 5281 1912 5362">
     <span class='ocr_line' id='line_1_55' title="bbox 320 5281 1912 5362; baseline 0.008 -24"><span class='ocrx_word' id='word_1_406' title='bbox 320 5292 377 5338; x_wconf 89' lang='lat' dir='ltr'><strong>et</strong></span> <span class='ocrx_word' id='word_1_407' title='bbox 401 5281 503 5339; x_wconf 86' lang='lat' dir='ltr'><strong>hoc</strong></span> <span class='ocrx_word' id='word_1_408' title='bbox 521 5288 654 5340; x_wconf 88' lang='lat' dir='ltr'><strong>satis</strong></span> <span class='ocrx_word' id='word_1_409' title='bbox 679 5287 1066 5362; x_wconf 87' lang='lat' dir='ltr'><strong>disputatum);</strong></span> <span class='ocrx_word' id='word_1_410' title='bbox 1097 5292 1166 5346; x_wconf 86' lang='lat' dir='ltr'><strong>ita</strong></span> <span class='ocrx_word' id='word_1_411' title='bbox 1195 5292 1262 5348; x_wconf 92' lang='lat' dir='ltr'><strong>de</strong></span> <span class='ocrx_word' id='word_1_412' title='bbox 1281 5297 1568 5351; x_wconf 89' lang='lat' dir='ltr'><strong>vexatione</strong></span> <span class='ocrx_word' id='word_1_413' title='bbox 1592 5296 1912 5351; x_wconf 78' lang='lat' dir='ltr'><strong>christiano-</strong></span> 
     </span>
    </p>
   </div>
   <div class='ocr_carea' id='block_1_56' title="bbox 318 5378 1945 5458">
    <p class='ocr_par' dir='ltr' id='par_1_56' title="bbox 318 5378 1945 5458">
     <span class='ocr_line' id='line_1_56' title="bbox 318 5378 1945 5458; baseline 0.01 -28"><span class='ocrx_word' id='word_1_414' title='bbox 318 5389 462 5442; x_wconf 78' lang='lat' dir='ltr'><strong>rum,</strong></span> <span class='ocrx_word' id='word_1_415' title='bbox 487 5379 603 5448; x_wconf 84' lang='lat' dir='ltr'><strong>lege</strong></span> <span class='ocrx_word' id='word_1_416' title='bbox 620 5378 798 5435; x_wconf 75' lang='lat' dir='ltr'><strong>Severi</strong></span> <span class='ocrx_word' id='word_1_417' title='bbox 824 5384 1151 5455; x_wconf 89' lang='lat' dir='ltr'><strong>antiquiore,</strong></span> <span class='ocrx_word' id='word_1_418' title='bbox 1177 5402 1281 5441; x_wconf 92' lang='lat' dir='ltr'><strong>non</strong></span> <span class='ocrx_word' id='word_1_419' title='bbox 1315 5397 1487 5458; x_wconf 79' lang='lat' dir='ltr'><strong>potest</strong></span> <span class='ocrx_word' id='word_1_420' title='bbox 1510 5403 1690 5444; x_wconf 89' lang='lat' dir='ltr'><strong>sermo</strong></span> <span class='ocrx_word' id='word_1_421' title='bbox 1712 5405 1833 5446; x_wconf 86' lang='lat' dir='ltr'><strong>esse</strong></span> <span class='ocrx_word' id='word_1_422' title='bbox 1859 5386 1945 5446; x_wconf 73' lang='lat' dir='ltr'><strong>in&#39;.&#39;</strong></span> 
     </span>
    </p>
   </div>
   <div class='ocr_carea' id='block_1_57' title="bbox 319 5463 1910 5555">
    <p class='ocr_par' dir='ltr' id='par_1_57' title="bbox 319 5463 1910 5555">
     <span class='ocr_line' id='line_1_57' title="bbox 319 5463 1910 5555; baseline 0.009 -32"><span class='ocrx_word' id='word_1_423' title='bbox 319 5482 388 5524; x_wconf 86' lang='lat' dir='ltr'><strong>eo</strong></span> <span class='ocrx_word' id='word_1_424' title='bbox 421 5470 485 5524; x_wconf 85' lang='lat' dir='ltr'><strong>de</strong></span> <span class='ocrx_word' id='word_1_425' title='bbox 510 5469 742 5541; x_wconf 85' lang='lat' dir='ltr'><strong>Corona,</strong></span> <span class='ocrx_word' id='word_1_426' title='bbox 772 5475 863 5529; x_wconf 92' lang='lat' dir='ltr'><strong>ubi</strong></span> <span class='ocrx_word' id='word_1_427' title='bbox 907 5476 1184 5533; x_wconf 84' lang='lat' dir='ltr'><strong>christiani</strong></span> <span class='ocrx_word' id='word_1_428' title='bbox 1228 5463 1480 5535; x_wconf 86' lang='lat' dir='ltr'><strong>dicuntur</strong></span> <span class='ocrx_word' id='word_1_429' title='bbox 1518 5482 1650 5537; x_wconf 88' lang='lat' dir='ltr'><strong>istas</strong></span> <span class='ocrx_word' id='word_1_430' title='bbox 1689 5484 1910 5555; x_wconf 86' lang='lat' dir='ltr'><strong>calami-</strong></span> 
     </span>
    </p>
   </div>
   <div class='ocr_carea' id='block_1_58' title="bbox 321 5570 1913 5646">
    <p class='ocr_par' dir='ltr' id='par_1_58' title="bbox 321 5570 1913 5646">
     <span class='ocr_line' id='line_1_58' title="bbox 321 5570 1913 5646; baseline 0.011 -32"><span class='ocrx_word' id='word_1_431' title='bbox 321 5570 457 5618; x_wconf 85' lang='lat' dir='ltr'><strong>tates</strong></span> <span class='ocrx_word' id='word_1_432' title='bbox 500 5577 747 5636; x_wconf 89' lang='lat' dir='ltr'><strong>tanquam</strong></span> <span class='ocrx_word' id='word_1_433' title='bbox 777 5578 1032 5625; x_wconf 88' lang='lat' dir='ltr'><strong>venturas</strong></span> <span class='ocrx_word' id='word_1_434' title='bbox 1078 5571 1463 5639; x_wconf 81' lang='lat' dir='ltr'><strong>extimescere;</strong></span> <span class='ocrx_word' id='word_1_435' title='bbox 1494 5588 1617 5628; x_wconf 90' lang='lat' dir='ltr'><strong>cum</strong></span> <span class='ocrx_word' id='word_1_436' title='bbox 1668 5585 1913 5646; x_wconf 85' lang='lat' dir='ltr'><strong>tempore</strong></span> 
     </span>
    </p>
   </div>
   <div class='ocr_carea' id='block_1_59' title="bbox 321 5650 1920 5736">
    <p class='ocr_par' dir='ltr' id='par_1_59' title="bbox 321 5650 1920 5736">
     <span class='ocr_line' id='line_1_59' title="bbox 321 5650 1920 5736; baseline 0.01 -30"><span class='ocrx_word' id='word_1_437' title='bbox 321 5663 412 5718; x_wconf 80' lang='lat' dir='ltr'><strong>eo,</strong></span> <span class='ocrx_word' id='word_1_438' title='bbox 438 5671 542 5724; x_wconf 83' lang='lat' dir='ltr'><strong>quo</strong></span> <span class='ocrx_word' id='word_1_439' title='bbox 577 5656 926 5716; x_wconf 87' lang='lat' dir='ltr'><strong>Tertullianus</strong></span> <span class='ocrx_word' id='word_1_440' title='bbox 972 5662 1024 5716; x_wconf 91' lang='lat' dir='ltr'><strong>iu</strong></span> <span class='ocrx_word' id='word_1_441' title='bbox 1069 5662 1308 5718; x_wconf 85' lang='lat' dir='ltr'><strong>chartam</strong></span> <span class='ocrx_word' id='word_1_442' title='bbox 1353 5664 1582 5736; x_wconf 86' lang='lat' dir='ltr'><strong>conjecit</strong></span> <span class='ocrx_word' id='word_1_443' title='bbox 1609 5666 1802 5720; x_wconf 90' lang='lat' dir='ltr'><strong>librmu</strong></span> <span class='ocrx_word' id='word_1_444' title='bbox 1852 5650 1920 5722; x_wconf 78' lang='lat' dir='ltr'><strong>de</strong></span> 
     </span>
    </p>
   </div>
   <div class='ocr_carea' id='block_1_60' title="bbox 323 5744 1910 5828">
    <p class='ocr_par' dir='ltr' id='par_1_60' title="bbox 323 5744 1910 5828">
     <span class='ocr_line' id='line_1_60' title="bbox 323 5744 1910 5828; baseline 0.013 -30"><span class='ocrx_word' id='word_1_445' title='bbox 323 5744 674 5818; x_wconf 81' lang='lat' dir='ltr'><strong>Spectaculis,</strong></span> <span class='ocrx_word' id='word_1_446' title='bbox 697 5753 807 5823; x_wconf 89' lang='lat' dir='ltr'><strong>jam</strong></span> <span class='ocrx_word' id='word_1_447' title='bbox 839 5754 906 5808; x_wconf 87' lang='lat' dir='ltr'><strong>ad</strong></span> <span class='ocrx_word' id='word_1_448' title='bbox 935 5755 1256 5812; x_wconf 82' lang='lat' dir='ltr'><strong>christianos</strong></span> <span class='ocrx_word' id='word_1_449' title='bbox 1285 5758 1537 5828; x_wconf 80' lang='lat' dir='ltr'><strong>imperum</strong></span> <span class='ocrx_word' id='word_1_450' title='bbox 1571 5775 1726 5817; x_wconf 88' lang='lat' dir='ltr'><strong>suum</strong></span> <span class='ocrx_word' id='word_1_451' title='bbox 1775 5762 1910 5818; x_wconf 82' lang='lat' dir='ltr'><strong>Deo-</strong></span> 
     </span>
    </p>
   </div>
   <div class='ocr_carea' id='block_1_61' title="bbox 320 5841 1979 5925">
    <p class='ocr_par' dir='ltr' id='par_1_61' title="bbox 320 5841 1979 5925">
     <span class='ocr_line' id='line_1_61' title="bbox 320 5841 1979 5925; baseline 0.01 -31"><span class='ocrx_word' id='word_1_452' title='bbox 320 5851 444 5896; x_wconf 85' lang='lat' dir='ltr'><strong>rum</strong></span> <span class='ocrx_word' id='word_1_453' title='bbox 469 5841 702 5903; x_wconf 86' lang='lat' dir='ltr'><strong>cultorcs</strong></span> <span class='ocrx_word' id='word_1_454' title='bbox 747 5847 1162 5907; x_wconf 86' lang='lat' dir='ltr'><strong>convertissem.</strong></span> <span class='ocrx_word' id='word_1_455' title='bbox 1190 5849 1366 5920; x_wconf 83' lang='lat' dir='ltr'><strong>Quare</strong></span> <span class='ocrx_word' id='word_1_456' title='bbox 1394 5867 1458 5911; x_wconf 88' lang='lat' dir='ltr'><strong>ex</strong></span> <span class='ocrx_word' id='word_1_457' title='bbox 1498 5843 1667 5925; x_wconf 78' lang='lat' dir='ltr'><strong>ipsius</strong></span> <span class='ocrx_word' id='word_1_458' title='bbox 1689 5853 1911 5912; x_wconf 81' lang='lat' dir='ltr'><strong>&#39;Baronii</strong></span> <span class='ocrx_word' id='word_1_459' title='bbox 1933 5847 1945 5911; x_wconf 75' lang='grc' dir='ltr'><em>Ῐ</em></span> <span class='ocrx_word' id='word_1_460' title='bbox 1974 5872 1979 5877; x_wconf 52' lang='grc' dir='ltr'><strong>ε</strong></span> 
     </span>
    </p>
   </div>
   <div class='ocr_carea' id='block_1_62' title="bbox 2035 561 2696 633">
    <p class='ocr_par' dir='ltr' id='par_1_62' title="bbox 2035 561 2696 633">
     <span class='ocr_line' id='line_1_62' title="bbox 2035 561 2696 633; baseline 0.008 -18"><span class='ocrx_word' id='word_1_461' title='bbox 2035 575 2160 615; x_wconf 90' lang='lat' dir='ltr'><strong>num</strong></span> <span class='ocrx_word' id='word_1_462' title='bbox 2190 561 2378 617; x_wconf 80' lang='lat' dir='ltr'><strong>referri</strong></span> <span class='ocrx_word' id='word_1_463' title='bbox 2407 565 2696 633; x_wconf 83' lang='lat' dir='ltr'><strong>Oportebit.</strong></span> 
     </span>
    </p>
   </div>
   <div class='ocr_carea' id='block_1_63' title="bbox 2104 674 3628 756">
    <p class='ocr_par' dir='ltr' id='par_1_63' title="bbox 2104 674 3628 756">
     <span class='ocr_line' id='line_1_63' title="bbox 2104 674 3628 756; baseline 0.01 -29"><span class='ocrx_word' id='word_1_464' title='bbox 2104 674 2132 746; x_wconf 66' lang='grc' dir='ltr'><strong>ς</strong></span> <span class='ocrx_word' id='word_1_465' title='bbox 2184 676 2237 729; x_wconf 76' lang='grc'><strong>4.</strong></span> <span class='ocrx_word' id='word_1_466' title='bbox 2292 705 2362 715; x_wconf 89' lang='grc'><strong>-</strong></span> <span class='ocrx_word' id='word_1_467' title='bbox 2432 675 2661 746; x_wconf 86' lang='lat' dir='ltr'><strong>Denique</strong></span> <span class='ocrx_word' id='word_1_468' title='bbox 2699 677 2922 735; x_wconf 86' lang='lat' dir='ltr'><strong>Pantelii</strong></span> <span class='ocrx_word' id='word_1_469' title='bbox 2960 691 3008 737; x_wconf 86' lang='lat' dir='ltr'><strong>et</strong></span> <span class='ocrx_word' id='word_1_470' title='bbox 3054 683 3264 750; x_wconf 80' lang='lat' dir='ltr'><strong>Allixii,</strong></span> <span class='ocrx_word' id='word_1_471' title='bbox 3312 685 3399 756; x_wconf 84' lang='lat' dir='ltr'><strong>qui</strong></span> <span class='ocrx_word' id='word_1_472' title='bbox 3444 685 3628 743; x_wconf 81' lang='lat' dir='ltr'><strong>librum</strong></span> 
     </span>
    </p>
   </div>
   <div class='ocr_carea' id='block_1_64' title="bbox 2033 767 3628 848">
    <p class='ocr_par' dir='ltr' id='par_1_64' title="bbox 2033 767 3628 848">
     <span class='ocr_line' id='line_1_64' title="bbox 2033 767 3628 848; baseline 0.009 -27"><span class='ocrx_word' id='word_1_473' title='bbox 2033 767 2166 822; x_wconf 80' lang='lat' dir='ltr'><strong>hunc</strong></span> <span class='ocrx_word' id='word_1_474' title='bbox 2205 770 2526 838; x_wconf 85' lang='lat' dir='ltr'><strong>conjec&#39;erant</strong></span> <span class='ocrx_word' id='word_1_475' title='bbox 2569 773 2620 825; x_wconf 88' lang='lat' dir='ltr'><strong>in</strong></span> <span class='ocrx_word' id='word_1_476' title='bbox 2667 774 2728 824; x_wconf 88' lang='grc' dir='ltr'><strong>Α.</strong></span> <span class='ocrx_word' id='word_1_477' title='bbox 2760 771 2950 829; x_wconf 79' lang='lat' dir='ltr'><strong>CCIX.</strong></span> <span class='ocrx_word' id='word_1_478' title='bbox 3000 773 3218 831; x_wconf 88' lang='lat' dir='ltr'><strong>Decreta</strong></span> <span class='ocrx_word' id='word_1_479' title='bbox 3263 778 3628 848; x_wconf 78' lang='lat' dir='ltr'><strong>exploduntur.</strong></span> 
     </span>
    </p>
   </div>
   <div class='ocr_carea' id='block_1_65' title="bbox 2104 882 3632 960">
    <p class='ocr_par' dir='ltr' id='par_1_65' title="bbox 2104 882 3632 960">
     <span class='ocr_line' id='line_1_65' title="bbox 2104 882 3632 960; baseline 0.008 -22"><span class='ocrx_word' id='word_1_480' title='bbox 2104 882 2185 938; x_wconf 78' lang='lat' dir='ltr'><strong>Ad</strong></span> <span class='ocrx_word' id='word_1_481' title='bbox 2213 883 2458 937; x_wconf 78' lang='lat' dir='ltr'><strong>Allixium</strong></span> <span class='ocrx_word' id='word_1_482' title='bbox 2479 885 2655 952; x_wconf 89' lang='lat' dir='ltr'><strong>venio,</strong></span> <span class='ocrx_word' id='word_1_483' title='bbox 2673 884 3045 943; x_wconf 87' lang='lat' dir='ltr'><strong>doctissimum</strong></span> <span class='ocrx_word' id='word_1_484' title='bbox 3068 889 3264 956; x_wconf 90' lang='lat' dir='ltr'><strong>virum,</strong></span> <span class='ocrx_word' id='word_1_485' title='bbox 3284 905 3441 960; x_wconf 90' lang='lat' dir='ltr'><strong>quem</strong></span> <span class='ocrx_word' id='word_1_486' title='bbox 3464 893 3632 951; x_wconf 88' lang='lat' dir='ltr'><strong>miror</strong></span> 
     </span>
    </p>
   </div>
   <div class='ocr_carea' id='block_1_66' title="bbox 2031 977 3628 1056">
    <p class='ocr_par' dir='ltr' id='par_1_66' title="bbox 2031 977 3628 1056">
     <span class='ocr_line' id='line_1_66' title="bbox 2031 977 3628 1056; baseline 0.008 -26"><span class='ocrx_word' id='word_1_487' title='bbox 2031 984 2138 1031; x_wconf 86' lang='lat' dir='ltr'><strong>tam</strong></span> <span class='ocrx_word' id='word_1_488' title='bbox 2184 977 2412 1033; x_wconf 88' lang='lat' dir='ltr'><strong>docilem</strong></span> <span class='ocrx_word' id='word_1_489' title='bbox 2457 994 2516 1034; x_wconf 90' lang='lat' dir='ltr'><strong>se</strong></span> <span class='ocrx_word' id='word_1_490' title='bbox 2559 981 2850 1049; x_wconf 83' lang='lat' dir='ltr'><strong>praebuisse</strong></span> <span class='ocrx_word' id='word_1_491' title='bbox 2881 982 2946 1037; x_wconf 90' lang='lat' dir='ltr'><strong>ad</strong></span> <span class='ocrx_word' id='word_1_492' title='bbox 2979 981 3200 1037; x_wconf 88' lang='lat' dir='ltr'><strong>Pamelii</strong></span> <span class='ocrx_word' id='word_1_493' title='bbox 3239 987 3577 1042; x_wconf 37' lang='lat' dir='ltr'><strong>Penteutiam</strong></span> <span class='ocrx_word' id='word_1_494' title='bbox 3611 1030 3628 1056; x_wconf 89' lang='lat'><strong>,</strong></span> 
     </span>
    </p>
   </div>
   <div class='ocr_carea' id='block_1_67' title="bbox 2028 1072 3628 1149">
    <p class='ocr_par' dir='ltr' id='par_1_67' title="bbox 2028 1072 3628 1149">
     <span class='ocr_line' id='line_1_67' title="bbox 2028 1072 3628 1149; baseline 0.007 -24"><span class='ocrx_word' id='word_1_495' title='bbox 2028 1089 2135 1143; x_wconf 88' lang='lat' dir='ltr'><strong>quo</strong></span> <span class='ocrx_word' id='word_1_496' title='bbox 2173 1072 2380 1140; x_wconf 84' lang='lat' dir='ltr'><strong>dubito,</strong></span> <span class='ocrx_word' id='word_1_497' title='bbox 2410 1090 2476 1128; x_wconf 90' lang='lat' dir='ltr'><strong>an</strong></span> <span class='ocrx_word' id='word_1_498' title='bbox 2522 1075 2643 1146; x_wconf 89' lang='lat' dir='ltr'><strong>quis</strong></span> <span class='ocrx_word' id='word_1_499' title='bbox 2689 1077 2859 1144; x_wconf 87' lang='lat' dir='ltr'><strong>magis</strong></span> <span class='ocrx_word' id='word_1_500' title='bbox 2901 1089 3087 1132; x_wconf 88' lang='lat' dir='ltr'><strong>contra</strong></span> <span class='ocrx_word' id='word_1_501' title='bbox 3115 1079 3351 1149; x_wconf 88' lang='lat' dir='ltr'><strong>auspicia</strong></span> <span class='ocrx_word' id='word_1_502' title='bbox 3397 1079 3461 1135; x_wconf 87' lang='lat' dir='ltr'><strong>ad</strong></span> <span class='ocrx_word' id='word_1_503' title='bbox 3492 1081 3628 1136; x_wconf 81' lang='lat' dir='ltr'><strong>deli-</strong></span> 
     </span>
    </p>
   </div>
   <div class='ocr_carea' id='block_1_68' title="bbox 2031 1165 3630 1236">
    <p class='ocr_par' dir='ltr' id='par_1_68' title="bbox 2031 1165 3630 1236">
     <span class='ocr_line' id='line_1_68' title="bbox 2031 1165 3630 1236; baseline 0.006 -17"><span class='ocrx_word' id='word_1_504' title='bbox 2031 1165 2281 1220; x_wconf 89' lang='lat' dir='ltr'><strong>niendam</strong></span> <span class='ocrx_word' id='word_1_505' title='bbox 2326 1167 2646 1236; x_wconf 80' lang='lat' dir='ltr'><strong>scriptorum</strong></span> <span class='ocrx_word' id='word_1_506' title='bbox 2694 1167 2998 1224; x_wconf 84' lang='lat' dir='ltr'><strong>Tertulliani</strong></span> <span class='ocrx_word' id='word_1_507' title='bbox 3044 1181 3257 1226; x_wconf 74' lang='lat' dir='ltr'><strong>tetatem</strong></span> <span class='ocrx_word' id='word_1_508' title='bbox 3299 1174 3630 1229; x_wconf 77' lang='lat' dir='ltr'><strong>accesserit?</strong></span> 
     </span>
    </p>
   </div>
   <div class='ocr_carea' id='block_1_69' title="bbox 2029 1256 3622 1330">
    <p class='ocr_par' dir='ltr' id='par_1_69' title="bbox 2029 1256 3622 1330">
     <span class='ocr_line' id='line_1_69' title="bbox 2029 1256 3622 1330; baseline 0.007 -18"><span class='ocrx_word' id='word_1_509' title='bbox 2029 1258 2205 1327; x_wconf 82' lang='lat' dir='ltr'><strong>Atque</strong></span> <span class='ocrx_word' id='word_1_510' title='bbox 2245 1257 2332 1311; x_wconf 74' lang='lat' dir='ltr'><strong>isti</strong></span> <span class='ocrx_word' id='word_1_511' title='bbox 2362 1256 2612 1324; x_wconf 83' lang='lat' dir='ltr'><strong>Pamelio,</strong></span> <span class='ocrx_word' id='word_1_512' title='bbox 2641 1263 2896 1330; x_wconf 87' lang='lat' dir='ltr'><strong>quoniam</strong></span> <span class='ocrx_word' id='word_1_513' title='bbox 2927 1261 3263 1318; x_wconf 86' lang='lat' dir='ltr'><strong>liberalitatis</strong></span> <span class='ocrx_word' id='word_1_514' title='bbox 3294 1266 3622 1322; x_wconf 82' lang='lat' dir='ltr'><strong>mentioaem</strong></span> 
     </span>
    </p>
   </div>
   <div class='ocr_carea' id='block_1_70' title="bbox 2031 1347 3615 1427">
    <p class='ocr_par' dir='ltr' id='par_1_70' title="bbox 2031 1347 3615 1427">
     <span class='ocr_line' id='line_1_70' title="bbox 2031 1347 3615 1427; baseline 0.006 -24"><span class='ocrx_word' id='word_1_515' title='bbox 2031 1347 2379 1405; x_wconf 86' lang='lat' dir='ltr'><strong>Tertulliauus</strong></span> <span class='ocrx_word' id='word_1_516' title='bbox 2431 1351 2630 1420; x_wconf 87' lang='lat' dir='ltr'><strong>injicit,</strong></span> <span class='ocrx_word' id='word_1_517' title='bbox 2660 1352 2870 1408; x_wconf 89' lang='lat' dir='ltr'><strong>libellus</strong></span> <span class='ocrx_word' id='word_1_518' title='bbox 2917 1354 2984 1408; x_wconf 89' lang='lat' dir='ltr'><strong>ad</strong></span> <span class='ocrx_word' id='word_1_519' title='bbox 3034 1355 3100 1409; x_wconf 85' lang='lat' dir='ltr'><strong>A.</strong></span> <span class='ocrx_word' id='word_1_520' title='bbox 3127 1355 3308 1411; x_wconf 78' lang='lat' dir='ltr'><strong>CCIX.</strong></span> <span class='ocrx_word' id='word_1_521' title='bbox 3342 1368 3504 1427; x_wconf 88' lang='lat' dir='ltr'><strong>atque</strong></span> <span class='ocrx_word' id='word_1_522' title='bbox 3547 1357 3615 1413; x_wconf 83' lang='lat' dir='ltr'><strong>ad</strong></span> 
     </span>
    </p>
   </div>
   <div class='ocr_carea' id='block_1_71' title="bbox 2030 1439 3626 1521">
    <p class='ocr_par' dir='ltr' id='par_1_71' title="bbox 2030 1439 3626 1521">
     <span class='ocr_line' id='line_1_71' title="bbox 2030 1439 3626 1521; baseline 0.008 -28"><span class='ocrx_word' id='word_1_523' title='bbox 2030 1439 2334 1494; x_wconf 86' lang='lat' dir='ltr'><strong>decennalia</strong></span> <span class='ocrx_word' id='word_1_524' title='bbox 2367 1442 2616 1496; x_wconf 81' lang='lat' dir='ltr'><strong>An:‘onini</strong></span> <span class='ocrx_word' id='word_1_525' title='bbox 2647 1443 2801 1514; x_wconf 89' lang='lat' dir='ltr'><strong>plane</strong></span> <span class='ocrx_word' id='word_1_526' title='bbox 2828 1445 3144 1502; x_wconf 72' lang='lat' dir='ltr'><strong>referendus</strong></span> <span class='ocrx_word' id='word_1_527' title='bbox 3171 1449 3379 1504; x_wconf 90' lang='lat' dir='ltr'><strong>videtur</strong></span> <span class='ocrx_word' id='word_1_528' title='bbox 3405 1449 3496 1521; x_wconf 87' lang='lat' dir='ltr'><strong>(In</strong></span> <span class='ocrx_word' id='word_1_529' title='bbox 3524 1452 3626 1506; x_wconf 81' lang='lat' dir='ltr'><strong>vita</strong></span> 
     </span>
    </p>
   </div>
   <div class='ocr_carea' id='block_1_72' title="bbox 2030 1533 3623 1608">
    <p class='ocr_par' dir='ltr' id='par_1_72' title="bbox 2030 1533 3623 1608">
     <span class='ocr_line' id='line_1_72' title="bbox 2030 1533 3623 1608; baseline 0.007 -21"><span class='ocrx_word' id='word_1_530' title='bbox 2030 1533 2360 1601; x_wconf 84' lang='lat' dir='ltr'><strong>Tertulliani,</strong></span> <span class='ocrx_word' id='word_1_531' title='bbox 2393 1539 2657 1607; x_wconf 62' lang='lat' dir='ltr'><strong>praemissa</strong></span> <span class='ocrx_word' id='word_1_532' title='bbox 2678 1539 2788 1607; x_wconf 86' lang='lat' dir='ltr'><strong>ejus</strong></span> <span class='ocrx_word' id='word_1_533' title='bbox 2814 1540 3051 1606; x_wconf 85' lang='lat' dir='ltr'><strong>operibus</strong></span> <span class='ocrx_word' id='word_1_534' title='bbox 3081 1558 3112 1594; x_wconf 85' lang='grc' dir='ltr'><em>α</em></span> <span class='ocrx_word' id='word_1_535' title='bbox 3142 1539 3401 1608; x_wconf 84' lang='lat' dir='ltr'><strong>Pamelio,</strong></span> <span class='ocrx_word' id='word_1_536' title='bbox 3429 1543 3623 1598; x_wconf 92' lang='lat' dir='ltr'><strong>Colon.</strong></span> 
     </span>
    </p>
   </div>
   <div class='ocr_carea' id='block_1_73' title="bbox 2032 1627 3626 1704">
    <p class='ocr_par' dir='ltr' id='par_1_73' title="bbox 2032 1627 3626 1704">
     <span class='ocr_line' id='line_1_73' title="bbox 2032 1627 3626 1704; baseline 0.004 -21"><span class='ocrx_word' id='word_1_537' title='bbox 2032 1627 2193 1683; x_wconf 79' lang='grc'><strong>1617.</strong></span> <span class='ocrx_word' id='word_1_538' title='bbox 2221 1628 2400 1683; x_wconf 87' lang='lat' dir='ltr'><strong>editis.</strong></span> <span class='ocrx_word' id='word_1_539' title='bbox 2435 1647 2487 1698; x_wconf 89' lang='lat' dir='ltr'><strong>p.</strong></span> <span class='ocrx_word' id='word_1_540' title='bbox 2515 1628 2607 1683; x_wconf 71' lang='lat'><strong>22.</strong></span> <span class='ocrx_word' id='word_1_541' title='bbox 2644 1630 2762 1700; x_wconf 84' lang='lat' dir='ltr'><strong>E.).</strong></span> <span class='ocrx_word' id='word_1_542' title='bbox 2795 1630 2900 1686; x_wconf 89' lang='lat' dir='ltr'><strong>Sed</strong></span> <span class='ocrx_word' id='word_1_543' title='bbox 2940 1633 3058 1701; x_wconf 83' lang='lat' dir='ltr'><strong>ejus</strong></span> <span class='ocrx_word' id='word_1_544' title='bbox 3095 1633 3308 1704; x_wconf 91' lang='lat' dir='ltr'><strong>quidem</strong></span> <span class='ocrx_word' id='word_1_545' title='bbox 3336 1634 3626 1690; x_wconf 85' lang='lat' dir='ltr'><strong>liberalita-</strong></span> 
     </span>
    </p>
   </div>
   <div class='ocr_carea' id='block_1_74' title="bbox 2030 1721 3628 1796">
    <p class='ocr_par' dir='ltr' id='par_1_74' title="bbox 2030 1721 3628 1796">
     <span class='ocr_line' id='line_1_74' title="bbox 2030 1721 3628 1796; baseline 0.005 -22"><span class='ocrx_word' id='word_1_546' title='bbox 2030 1727 2138 1775; x_wconf 90' lang='lat' dir='ltr'><strong>tem</strong></span> <span class='ocrx_word' id='word_1_547' title='bbox 2190 1721 2242 1775; x_wconf 92' lang='lat' dir='ltr'><strong>in</strong></span> <span class='ocrx_word' id='word_1_548' title='bbox 2301 1722 2416 1776; x_wconf 86' lang='lat' dir='ltr'><strong>istis</strong></span> <span class='ocrx_word' id='word_1_549' title='bbox 2470 1721 2852 1778; x_wconf 87' lang='lat' dir='ltr'><strong>decennalibus</strong></span> <span class='ocrx_word' id='word_1_550' title='bbox 2911 1725 3214 1791; x_wconf 77' lang='lat' dir='ltr'><strong>exstitisse,</strong></span> <span class='ocrx_word' id='word_1_551' title='bbox 3275 1741 3382 1781; x_wconf 90' lang='lat' dir='ltr'><strong>non</strong></span> <span class='ocrx_word' id='word_1_552' title='bbox 3435 1726 3628 1796; x_wconf 88' lang='lat' dir='ltr'><strong>probat</strong></span> 
     </span>
    </p>
   </div>
   <div class='ocr_carea' id='block_1_75' title="bbox 1954 1811 3628 1898">
    <p class='ocr_par' dir='ltr' id='par_1_75' title="bbox 1954 1811 3628 1898">
     <span class='ocr_line' id='line_1_75' title="bbox 1954 1811 3628 1898; baseline 0.005 -33"><span class='ocrx_word' id='word_1_553' title='bbox 1954 1838 2002 1898; x_wconf 81' lang='grc' dir='ltr'>Β</span> <span class='ocrx_word' id='word_1_554' title='bbox 2035 1811 2320 1878; x_wconf 78' lang='lat' dir='ltr'><strong>Pamclius,</strong></span> <span class='ocrx_word' id='word_1_555' title='bbox 2350 1813 2444 1868; x_wconf 85' lang='lat' dir='ltr'><strong>sed</strong></span> <span class='ocrx_word' id='word_1_556' title='bbox 2487 1814 2642 1886; x_wconf 87' lang='lat' dir='ltr'><strong>plane</strong></span> <span class='ocrx_word' id='word_1_557' title='bbox 2673 1814 2822 1884; x_wconf 81' lang='lat' dir='ltr'><strong>lingit</strong></span> <span class='ocrx_word' id='word_1_558' title='bbox 2849 1816 2913 1870; x_wconf 87' lang='lat' dir='ltr'><strong>ad</strong></span> <span class='ocrx_word' id='word_1_559' title='bbox 2943 1813 3241 1871; x_wconf 87' lang='lat' dir='ltr'><strong>libidinem.</strong></span> <span class='ocrx_word' id='word_1_560' title='bbox 3273 1816 3474 1873; x_wconf 85' lang='lat' dir='ltr'><strong>Tamen</strong></span> <span class='ocrx_word' id='word_1_561' title='bbox 3520 1817 3628 1873; x_wconf 91' lang='lat' dir='ltr'><strong>alio</strong></span> 
     </span>
    </p>
   </div>
   <div class='ocr_carea' id='block_1_76' title="bbox 2029 1907 3624 1984">
    <p class='ocr_par' dir='ltr' id='par_1_76' title="bbox 2029 1907 3624 1984">
     <span class='ocr_line' id='line_1_76' title="bbox 2029 1907 3624 1984; baseline 0.006 -24"><span class='ocrx_word' id='word_1_562' title='bbox 2029 1907 2262 1976; x_wconf 88' lang='lat' dir='ltr'><strong>quodam</strong></span> <span class='ocrx_word' id='word_1_563' title='bbox 2315 1907 2434 1962; x_wconf 85' lang='lat' dir='ltr'><strong>loco</strong></span> <span class='ocrx_word' id='word_1_564' title='bbox 2482 1907 2739 1984; x_wconf 81' lang='lat' dir='ltr'><strong>(Innotis</strong></span> <span class='ocrx_word' id='word_1_565' title='bbox 2786 1910 2854 1962; x_wconf 87' lang='lat' dir='ltr'><strong>ad</strong></span> <span class='ocrx_word' id='word_1_566' title='bbox 2901 1911 3034 1964; x_wconf 81' lang='lat' dir='ltr'><strong>hunc</strong></span> <span class='ocrx_word' id='word_1_567' title='bbox 3069 1911 3286 1980; x_wconf 88' lang='lat' dir='ltr'><strong>librum,</strong></span> <span class='ocrx_word' id='word_1_568' title='bbox 3333 1928 3454 1984; x_wconf 87' lang='lat' dir='ltr'><strong>pag.</strong></span> <span class='ocrx_word' id='word_1_569' title='bbox 3494 1913 3624 1970; x_wconf 75' lang='lat' dir='ltr'><strong>2I0.</strong></span> 
     </span>
    </p>
   </div>
   <div class='ocr_carea' id='block_1_77' title="bbox 2030 1999 3627 2076">
    <p class='ocr_par' dir='ltr' id='par_1_77' title="bbox 2030 1999 3627 2076">
     <span class='ocr_line' id='line_1_77' title="bbox 2030 1999 3627 2076; baseline 0.005 -22"><span class='ocrx_word' id='word_1_570' title='bbox 2030 2016 2083 2054; x_wconf 93' lang='lat' dir='ltr'><strong>n.</strong></span> <span class='ocrx_word' id='word_1_571' title='bbox 2136 2001 2215 2068; x_wconf 81' lang='lat' dir='ltr'><strong>I.)</strong></span> <span class='ocrx_word' id='word_1_572' title='bbox 2247 1999 2312 2054; x_wconf 90' lang='lat' dir='ltr'><strong>ad</strong></span> <span class='ocrx_word' id='word_1_573' title='bbox 2364 2017 2638 2055; x_wconf 91' lang='lat' dir='ltr'><strong>nummum</strong></span> <span class='ocrx_word' id='word_1_574' title='bbox 2687 2013 2939 2071; x_wconf 85' lang='lat' dir='ltr'><strong>provocat</strong></span> <span class='ocrx_word' id='word_1_575' title='bbox 2968 2004 3104 2058; x_wconf 91' lang='lat' dir='ltr'><strong>dicis</strong></span> <span class='ocrx_word' id='word_1_576' title='bbox 3152 2019 3364 2072; x_wconf 86' lang='lat' dir='ltr'><strong>caussa,</strong></span> <span class='ocrx_word' id='word_1_577' title='bbox 3395 2021 3627 2076; x_wconf 87' lang='lat' dir='ltr'><strong>eumque</strong></span> 
     </span>
    </p>
   </div>
   <div class='ocr_carea' id='block_1_78' title="bbox 2028 2092 3622 2168">
    <p class='ocr_par' dir='ltr' id='par_1_78' title="bbox 2028 2092 3622 2168">
     <span class='ocr_line' id='line_1_78' title="bbox 2028 2092 3622 2168; baseline 0.002 -21"><span class='ocrx_word' id='word_1_578' title='bbox 2028 2092 2188 2163; x_wconf 88' lang='lat' dir='ltr'><strong>hujus</strong></span> <span class='ocrx_word' id='word_1_579' title='bbox 2244 2096 2542 2164; x_wconf 87' lang='lat' dir='ltr'><strong>argumenti</strong></span> <span class='ocrx_word' id='word_1_580' title='bbox 2589 2113 2604 2149; x_wconf 87' lang='lat'><strong>:</strong></span> <span class='ocrx_word' id='word_1_581' title='bbox 2652 2093 2794 2166; x_wconf 86' lang='lat' dir='ltr'><strong>Imp.</strong></span> <span class='ocrx_word' id='word_1_582' title='bbox 2827 2095 2956 2150; x_wconf 71' lang='lat' dir='ltr'><strong>Cres.</strong></span> <span class='ocrx_word' id='word_1_583' title='bbox 2990 2095 3052 2149; x_wconf 89' lang='lat' dir='ltr'><strong>L.</strong></span> <span class='ocrx_word' id='word_1_584' title='bbox 3105 2097 3246 2168; x_wconf 83' lang='lat' dir='ltr'><strong>Sept.</strong></span> <span class='ocrx_word' id='word_1_585' title='bbox 3295 2097 3415 2153; x_wconf 81' lang='lat' dir='ltr'><strong>Seu.</strong></span> <span class='ocrx_word' id='word_1_586' title='bbox 3477 2096 3622 2152; x_wconf 89' lang='lat' dir='ltr'><strong>Pert.</strong></span> 
     </span>
    </p>
   </div>
   <div class='ocr_carea' id='block_1_79' title="bbox 2025 2183 3623 2258">
    <p class='ocr_par' dir='ltr' id='par_1_79' title="bbox 2025 2183 3623 2258">
     <span class='ocr_line' id='line_1_79' title="bbox 2025 2183 3623 2258; baseline 0.003 -20"><span class='ocrx_word' id='word_1_587' title='bbox 2025 2185 2256 2255; x_wconf 82' lang='lat' dir='ltr'><strong>Aug.....</strong></span> <span class='ocrx_word' id='word_1_588' title='bbox 2311 2183 2615 2239; x_wconf 86' lang='lat' dir='ltr'><strong>Liberalitas</strong></span> <span class='ocrx_word' id='word_1_589' title='bbox 2664 2186 2834 2257; x_wconf 82' lang='lat' dir='ltr'><strong>Augg.</strong></span> <span class='ocrx_word' id='word_1_590' title='bbox 2903 2186 3006 2241; x_wconf 90' lang='lat' dir='ltr'><strong>SC.</strong></span> <span class='ocrx_word' id='word_1_591' title='bbox 3063 2186 3161 2242; x_wconf 83' lang='lat' dir='ltr'><strong>Hic</strong></span> <span class='ocrx_word' id='word_1_592' title='bbox 3210 2189 3440 2258; x_wconf 91' lang='lat' dir='ltr'><strong>primum</strong></span> <span class='ocrx_word' id='word_1_593' title='bbox 3493 2187 3623 2242; x_wconf 90' lang='lat' dir='ltr'><strong>mihi</strong></span> 
     </span>
    </p>
   </div>
   <div class='ocr_carea' id='block_1_80' title="bbox 2028 2277 3624 2347">
    <p class='ocr_par' dir='ltr' id='par_1_80' title="bbox 2028 2277 3624 2347">
     <span class='ocr_line' id='line_1_80' title="bbox 2028 2277 3624 2347; baseline 0.004 -18"><span class='ocrx_word' id='word_1_594' title='bbox 2028 2278 2147 2347; x_wconf 86' lang='lat' dir='ltr'><strong>quis</strong></span> <span class='ocrx_word' id='word_1_595' title='bbox 2185 2277 2362 2343; x_wconf 87' lang='lat' dir='ltr'><strong>dicat,</strong></span> <span class='ocrx_word' id='word_1_596' title='bbox 2395 2278 2608 2332; x_wconf 88' lang='lat' dir='ltr'><strong>ubinam</strong></span> <span class='ocrx_word' id='word_1_597' title='bbox 2647 2279 2753 2333; x_wconf 88' lang='lat' dir='ltr'><strong>sint</strong></span> <span class='ocrx_word' id='word_1_598' title='bbox 2795 2279 3165 2334; x_wconf 87' lang='lat' dir='ltr'><strong>deeenualium</strong></span> <span class='ocrx_word' id='word_1_599' title='bbox 3197 2280 3380 2334; x_wconf 68' lang='lat' dir='ltr'><strong>notze?</strong></span> <span class='ocrx_word' id='word_1_600' title='bbox 3421 2280 3624 2336; x_wconf 86' lang='lat' dir='ltr'><strong>Deinde</strong></span> 
     </span>
    </p>
   </div>
   <div class='ocr_carea' id='block_1_81' title="bbox 2025 2371 3623 2440">
    <p class='ocr_par' dir='ltr' id='par_1_81' title="bbox 2025 2371 3623 2440">
     <span class='ocr_line' id='line_1_81' title="bbox 2025 2371 3623 2440; baseline 0.003 -16"><span class='ocrx_word' id='word_1_601' title='bbox 2025 2383 2146 2424; x_wconf 82' lang='lat' dir='ltr'><strong>eum</strong></span> <span class='ocrx_word' id='word_1_602' title='bbox 2187 2386 2287 2440; x_wconf 90' lang='lat' dir='ltr'><strong>ego</strong></span> <span class='ocrx_word' id='word_1_603' title='bbox 2331 2386 2439 2424; x_wconf 86' lang='lat' dir='ltr'><strong>non</strong></span> <span class='ocrx_word' id='word_1_604' title='bbox 2479 2372 2743 2440; x_wconf 87' lang='lat' dir='ltr'><strong>ignorem,</strong></span> <span class='ocrx_word' id='word_1_605' title='bbox 2779 2371 3020 2426; x_wconf 82' lang='lat' dir='ltr'><strong>Severum</strong></span> <span class='ocrx_word' id='word_1_606' title='bbox 3066 2383 3120 2427; x_wconf 88' lang='lat' dir='ltr'><strong>et</strong></span> <span class='ocrx_word' id='word_1_607' title='bbox 3157 2371 3478 2428; x_wconf 87' lang='lat' dir='ltr'><strong>Caracallum</strong></span> <span class='ocrx_word' id='word_1_608' title='bbox 3524 2372 3623 2428; x_wconf 89' lang='lat' dir='ltr'><strong>mi-</strong></span> 
     </span>
    </p>
   </div>
   <div class='ocr_carea' id='block_1_82' title="bbox 2026 2461 3622 2534">
    <p class='ocr_par' dir='ltr' id='par_1_82' title="bbox 2026 2461 3622 2534">
     <span class='ocr_line' id='line_1_82' title="bbox 2026 2461 3622 2534; baseline 0.003 -17"><span class='ocrx_word' id='word_1_609' title='bbox 2026 2461 2207 2517; x_wconf 88' lang='lat' dir='ltr'><strong>Iitilms</strong></span> <span class='ocrx_word' id='word_1_610' title='bbox 2232 2464 2531 2534; x_wconf 90' lang='lat' dir='ltr'><strong>populoque</strong></span> <span class='ocrx_word' id='word_1_611' title='bbox 2551 2465 2911 2518; x_wconf 86' lang='lat' dir='ltr'><strong>communiter</strong></span> <span class='ocrx_word' id='word_1_612' title='bbox 2939 2465 3080 2519; x_wconf 83' lang='lat' dir='ltr'><strong>aliud</strong></span> <span class='ocrx_word' id='word_1_613' title='bbox 3103 2465 3313 2520; x_wconf 89' lang='lat' dir='ltr'><strong>dedisse</strong></span> <span class='ocrx_word' id='word_1_614' title='bbox 3347 2467 3398 2520; x_wconf 88' lang='lat' dir='ltr'><strong>in</strong></span> <span class='ocrx_word' id='word_1_615' title='bbox 3427 2467 3622 2522; x_wconf 89' lang='lat' dir='ltr'><strong>decen-</strong></span> 
     </span>
    </p>
   </div>
   <div class='ocr_carea' id='block_1_83' title="bbox 2024 2557 3622 2629">
    <p class='ocr_par' dir='ltr' id='par_1_83' title="bbox 2024 2557 3622 2629">
     <span class='ocr_line' id='line_1_83' title="bbox 2024 2557 3622 2629; baseline 0.004 -17"><span class='ocrx_word' id='word_1_616' title='bbox 2024 2557 2262 2621; x_wconf 89' lang='lat' dir='ltr'><strong>nalibus;</strong></span> <span class='ocrx_word' id='word_1_617' title='bbox 2297 2558 2533 2625; x_wconf 90' lang='lat' dir='ltr'><strong>nunquid</strong></span> <span class='ocrx_word' id='word_1_618' title='bbox 2585 2557 2732 2626; x_wconf 86' lang='lat' dir='ltr'><strong>plura</strong></span> <span class='ocrx_word' id='word_1_619' title='bbox 2783 2557 2867 2612; x_wconf 90' lang='lat' dir='ltr'><strong>his</strong></span> <span class='ocrx_word' id='word_1_620' title='bbox 2927 2560 3195 2629; x_wconf 79' lang='lat' dir='ltr'><strong>congiaria</strong></span> <span class='ocrx_word' id='word_1_621' title='bbox 3227 2575 3330 2614; x_wconf 92' lang='lat' dir='ltr'><strong>non</strong></span> <span class='ocrx_word' id='word_1_622' title='bbox 3364 2571 3486 2615; x_wconf 91' lang='lat' dir='ltr'><strong>sunt</strong></span> <span class='ocrx_word' id='word_1_623' title='bbox 3529 2572 3622 2618; x_wconf 87' lang='lat' dir='ltr'><strong>aut</strong></span> 
     </span>
    </p>
   </div>
   <div class='ocr_carea' id='block_1_84' title="bbox 2022 2647 3623 2720">
    <p class='ocr_par' dir='ltr' id='par_1_84' title="bbox 2022 2647 3623 2720">
     <span class='ocr_line' id='line_1_84' title="bbox 2022 2647 3623 2720; baseline 0.004 -18"><span class='ocrx_word' id='word_1_624' title='bbox 2022 2648 2273 2703; x_wconf 88' lang='lat' dir='ltr'><strong>donativa</strong></span> <span class='ocrx_word' id='word_1_625' title='bbox 2299 2649 2478 2702; x_wconf 86' lang='lat' dir='ltr'><strong>edita?</strong></span> <span class='ocrx_word' id='word_1_626' title='bbox 2511 2647 2677 2704; x_wconf 76' lang='lat' dir='ltr'><strong>Nemo</strong></span> <span class='ocrx_word' id='word_1_627' title='bbox 2702 2665 2828 2704; x_wconf 89' lang='lat' dir='ltr'><strong>vero</strong></span> <span class='ocrx_word' id='word_1_628' title='bbox 2875 2650 2927 2705; x_wconf 91' lang='lat' dir='ltr'><strong>id</strong></span> <span class='ocrx_word' id='word_1_629' title='bbox 2961 2650 3176 2720; x_wconf 86' lang='lat' dir='ltr'><strong>quidem</strong></span> <span class='ocrx_word' id='word_1_630' title='bbox 3221 2652 3423 2720; x_wconf 84' lang='lat' dir='ltr'><strong>absque</strong></span> <span class='ocrx_word' id='word_1_631' title='bbox 3454 2662 3623 2709; x_wconf 85' lang='lat' dir='ltr'><strong>teme-</strong></span> 
     </span>
    </p>
   </div>
   <div class='ocr_carea' id='block_1_85' title="bbox 2023 2741 3617 2814">
    <p class='ocr_par' dir='ltr' id='par_1_85' title="bbox 2023 2741 3617 2814">
     <span class='ocr_line' id='line_1_85' title="bbox 2023 2741 3617 2814; baseline 0.004 -20"><span class='ocrx_word' id='word_1_632' title='bbox 2023 2741 2179 2796; x_wconf 87' lang='lat' dir='ltr'><strong>ritate</strong></span> <span class='ocrx_word' id='word_1_633' title='bbox 2229 2752 2318 2796; x_wconf 89' lang='lat' dir='ltr'><strong>aut</strong></span> <span class='ocrx_word' id='word_1_634' title='bbox 2352 2742 2647 2812; x_wconf 82' lang='lat' dir='ltr'><strong>ignorantia</strong></span> <span class='ocrx_word' id='word_1_635' title='bbox 2692 2743 2909 2797; x_wconf 86' lang='lat' dir='ltr'><strong>dixerit.</strong></span> <span class='ocrx_word' id='word_1_636' title='bbox 2957 2742 3088 2806; x_wconf 92' lang='lat' dir='ltr'><strong>Imo,</strong></span> <span class='ocrx_word' id='word_1_637' title='bbox 3121 2745 3386 2814; x_wconf 89' lang='lat' dir='ltr'><strong>siquidem</strong></span> <span class='ocrx_word' id='word_1_638' title='bbox 3432 2745 3617 2803; x_wconf 80' lang='lat' dir='ltr'><strong>Parne-</strong></span> 
     </span>
    </p>
   </div>
   <div class='ocr_carea' id='block_1_86' title="bbox 2023 2833 3619 2909">
    <p class='ocr_par' dir='ltr' id='par_1_86' title="bbox 2023 2833 3619 2909">
     <span class='ocr_line' id='line_1_86' title="bbox 2023 2833 3619 2909; baseline 0.006 -24"><span class='ocrx_word' id='word_1_639' title='bbox 2023 2833 2120 2887; x_wconf 85' lang='lat' dir='ltr'><strong>lius</strong></span> <span class='ocrx_word' id='word_1_640' title='bbox 2167 2849 2329 2888; x_wconf 90' lang='lat' dir='ltr'><strong>ausus</strong></span> <span class='ocrx_word' id='word_1_641' title='bbox 2361 2844 2442 2888; x_wconf 90' lang='lat' dir='ltr'><strong>cst</strong></span> <span class='ocrx_word' id='word_1_642' title='bbox 2466 2835 2587 2888; x_wconf 89' lang='lat' dir='ltr'><strong>aliis</strong></span> <span class='ocrx_word' id='word_1_643' title='bbox 2617 2835 2904 2890; x_wconf 88' lang='lat' dir='ltr'><strong>obtrudere</strong></span> <span class='ocrx_word' id='word_1_644' title='bbox 2930 2851 3130 2890; x_wconf 91' lang='lat' dir='ltr'><strong>annum</strong></span> <span class='ocrx_word' id='word_1_645' title='bbox 3159 2835 3380 2891; x_wconf 75' lang='lat' dir='ltr'><strong>CCVIII.</strong></span> <span class='ocrx_word' id='word_1_646' title='bbox 3415 2839 3619 2909; x_wconf 89' lang='lat' dir='ltr'><strong>absque</strong></span> 
     </span>
    </p>
   </div>
   <div class='ocr_carea' id='block_1_87' title="bbox 2023 2925 3613 2999">
    <p class='ocr_par' dir='ltr' id='par_1_87' title="bbox 2023 2925 3613 2999">
     <span class='ocr_line' id='line_1_87' title="bbox 2023 2925 3613 2999; baseline 0.006 -21"><span class='ocrx_word' id='word_1_647' title='bbox 2023 2925 2168 2979; x_wconf 92' lang='lat' dir='ltr'><strong>onmi</strong></span> <span class='ocrx_word' id='word_1_648' title='bbox 2193 2926 2400 2980; x_wconf 87' lang='lat' dir='ltr'><strong>ratione</strong></span> <span class='ocrx_word' id='word_1_649' title='bbox 2430 2925 2657 2992; x_wconf 87' lang='lat' dir='ltr'><strong>idonea;</strong></span> <span class='ocrx_word' id='word_1_650' title='bbox 2690 2927 2844 2981; x_wconf 83' lang='lat' dir='ltr'><strong>nobis</strong></span> <span class='ocrx_word' id='word_1_651' title='bbox 2876 2929 3110 2983; x_wconf 89' lang='lat' dir='ltr'><strong>vicissim</strong></span> <span class='ocrx_word' id='word_1_652' title='bbox 3143 2945 3250 2983; x_wconf 91' lang='lat' dir='ltr'><strong>non</strong></span> <span class='ocrx_word' id='word_1_653' title='bbox 3283 2941 3458 2999; x_wconf 92' lang='lat' dir='ltr'><strong>potest</strong></span> <span class='ocrx_word' id='word_1_654' title='bbox 3483 2933 3613 2988; x_wconf 86' lang='lat' dir='ltr'><strong>vitio</strong></span> 
     </span>
    </p>
   </div>
   <div class='ocr_carea' id='block_1_88' title="bbox 2024 3016 3616 3087">
    <p class='ocr_par' dir='ltr' id='par_1_88' title="bbox 2024 3016 3616 3087">
     <span class='ocr_line' id='line_1_88' title="bbox 2024 3016 3616 3087; baseline 0.005 -18"><span class='ocrx_word' id='word_1_655' title='bbox 2024 3016 2182 3079; x_wconf 80' lang='lat' dir='ltr'><strong>verti,</strong></span> <span class='ocrx_word' id='word_1_656' title='bbox 2214 3017 2260 3070; x_wconf 80' lang='lat' dir='ltr'><strong>si</strong></span> <span class='ocrx_word' id='word_1_657' title='bbox 2287 3033 2484 3072; x_wconf 89' lang='lat' dir='ltr'><strong>annum</strong></span> <span class='ocrx_word' id='word_1_658' title='bbox 2511 3017 2638 3073; x_wconf 87' lang='lat' dir='ltr'><strong>CCI.</strong></span> <span class='ocrx_word' id='word_1_659' title='bbox 2671 3019 3066 3087; x_wconf 84' lang='lat' dir='ltr'><strong>intelligamus;</strong></span> <span class='ocrx_word' id='word_1_660' title='bbox 3101 3020 3201 3074; x_wconf 90' lang='lat' dir='ltr'><strong>Itoc</strong></span> <span class='ocrx_word' id='word_1_661' title='bbox 3223 3023 3366 3075; x_wconf 89' lang='lat' dir='ltr'><strong>enim</strong></span> <span class='ocrx_word' id='word_1_662' title='bbox 3394 3018 3535 3076; x_wconf 71' lang='lat' dir='ltr'><strong>ann&#39;o</strong></span> <span class='ocrx_word' id='word_1_663' title='bbox 3561 3033 3616 3078; x_wconf 87' lang='lat' dir='ltr'><strong>et</strong></span> 
     </span>
    </p>
   </div>
   <div class='ocr_carea' id='block_1_89' title="bbox 2024 3108 3615 3182">
    <p class='ocr_par' dir='ltr' id='par_1_89' title="bbox 2024 3108 3615 3182">
     <span class='ocr_line' id='line_1_89' title="bbox 2024 3108 3615 3182; baseline 0.003 -19"><span class='ocrx_word' id='word_1_664' title='bbox 2024 3108 2318 3164; x_wconf 80' lang='lat' dir='ltr'><strong>liberalitas</strong></span> <span class='ocrx_word' id='word_1_665' title='bbox 2345 3110 2484 3164; x_wconf 88' lang='lat' dir='ltr'><strong>edita</strong></span> <span class='ocrx_word' id='word_1_666' title='bbox 2513 3120 2617 3176; x_wconf 83' lang='lat' dir='ltr'><strong>eSt,</strong></span> <span class='ocrx_word' id='word_1_667' title='bbox 2643 3118 2698 3164; x_wconf 92' lang='lat' dir='ltr'><strong>et</strong></span> <span class='ocrx_word' id='word_1_668' title='bbox 2734 3111 2804 3164; x_wconf 90' lang='lat' dir='ltr'><strong>ab</strong></span> <span class='ocrx_word' id='word_1_669' title='bbox 2834 3112 3088 3180; x_wconf 86' lang='lat' dir='ltr'><strong>Augustis</strong></span> <span class='ocrx_word' id='word_1_670' title='bbox 3117 3112 3300 3165; x_wconf 91' lang='lat' dir='ltr'><strong>etiam.</strong></span> <span class='ocrx_word' id='word_1_671' title='bbox 3331 3115 3400 3166; x_wconf 80' lang='lat' dir='ltr'><strong>At</strong></span> <span class='ocrx_word' id='word_1_672' title='bbox 3425 3127 3615 3182; x_wconf 90' lang='lat' dir='ltr'><strong>quam-</strong></span> 
     </span>
    </p>
   </div>
   <div class='ocr_carea' id='block_1_90' title="bbox 1945 3201 3616 3272">
    <p class='ocr_par' dir='ltr' id='par_1_90' title="bbox 1945 3201 3616 3272">
     <span class='ocr_line' id='line_1_90' title="bbox 1945 3201 3616 3272; baseline -0.002 -11"><span class='ocrx_word' id='word_1_673' title='bbox 1945 3201 1988 3262; x_wconf 93' lang='lat' dir='ltr'><strong>C</strong></span> <span class='ocrx_word' id='word_1_674' title='bbox 2022 3206 2103 3259; x_wconf 89' lang='lat' dir='ltr'><strong>vis</strong></span> <span class='ocrx_word' id='word_1_675' title='bbox 2147 3204 2364 3257; x_wconf 90' lang='lat' dir='ltr'><strong>omnino</strong></span> <span class='ocrx_word' id='word_1_676' title='bbox 2394 3205 2619 3272; x_wconf 90' lang='lat' dir='ltr'><strong>turpiter</strong></span> <span class='ocrx_word' id='word_1_677' title='bbox 2645 3218 2704 3256; x_wconf 88' lang='lat' dir='ltr'><strong>se</strong></span> <span class='ocrx_word' id='word_1_678' title='bbox 2751 3203 2866 3271; x_wconf 91' lang='lat' dir='ltr'><strong>ipse</strong></span> <span class='ocrx_word' id='word_1_679' title='bbox 2896 3203 3135 3268; x_wconf 89' lang='lat' dir='ltr'><strong>dederit,</strong></span> <span class='ocrx_word' id='word_1_680' title='bbox 3172 3213 3349 3258; x_wconf 88' lang='lat' dir='ltr'><strong>tamen</strong></span> <span class='ocrx_word' id='word_1_681' title='bbox 3392 3203 3616 3258; x_wconf 74' lang='lat' dir='ltr'><strong>Allixius</strong></span> 
     </span>
    </p>
   </div>
   <div class='ocr_carea' id='block_1_91' title="bbox 2021 3293 3608 3370">
    <p class='ocr_par' dir='ltr' id='par_1_91' title="bbox 2021 3293 3608 3370">
     <span class='ocr_line' id='line_1_91' title="bbox 2021 3293 3608 3370; baseline -0.001 -20"><span class='ocrx_word' id='word_1_682' title='bbox 2021 3297 2112 3370; x_wconf 87' lang='lat' dir='ltr'><strong>(In</strong></span> <span class='ocrx_word' id='word_1_683' title='bbox 2137 3297 2400 3348; x_wconf 83' lang='lat' dir='ltr'><strong>rarissima</strong></span> <span class='ocrx_word' id='word_1_684' title='bbox 2427 3295 2550 3361; x_wconf 81' lang='lat' dir='ltr'><strong>diss.</strong></span> <span class='ocrx_word' id='word_1_685' title='bbox 2593 3296 2656 3348; x_wconf 83' lang='lat' dir='ltr'><strong>de</strong></span> <span class='ocrx_word' id='word_1_686' title='bbox 2678 3293 2984 3347; x_wconf 84' lang='lat' dir='ltr'><strong>Tertulliani</strong></span> <span class='ocrx_word' id='word_1_687' title='bbox 3020 3294 3119 3346; x_wconf 85' lang='lat' dir='ltr'><strong>vita</strong></span> <span class='ocrx_word' id='word_1_688' title='bbox 3147 3304 3194 3347; x_wconf 86' lang='lat' dir='ltr'><strong>et</strong></span> <span class='ocrx_word' id='word_1_689' title='bbox 3233 3295 3455 3364; x_wconf 86' lang='lat' dir='ltr'><strong>scriptis,</strong></span> <span class='ocrx_word' id='word_1_690' title='bbox 3487 3309 3608 3364; x_wconf 80' lang='lat' dir='ltr'><strong>Cap.</strong></span> 
     </span>
    </p>
   </div>
   <div class='ocr_carea' id='block_1_92' title="bbox 2025 3387 3618 3459">
    <p class='ocr_par' dir='ltr' id='par_1_92' title="bbox 2025 3387 3618 3459">
     <span class='ocr_line' id='line_1_92' title="bbox 2025 3387 3618 3459; baseline 0.002 -18"><span class='ocrx_word' id='word_1_691' title='bbox 2025 3389 2114 3444; x_wconf 92' lang='lat' dir='ltr'><strong>VI.</strong></span> <span class='ocrx_word' id='word_1_692' title='bbox 2144 3407 2194 3459; x_wconf 87' lang='lat' dir='ltr'><strong>p.</strong></span> <span class='ocrx_word' id='word_1_693' title='bbox 2224 3389 2340 3458; x_wconf 71' lang='lat'><strong>49.)</strong></span> <span class='ocrx_word' id='word_1_694' title='bbox 2372 3389 2594 3442; x_wconf 84' lang='lat' dir='ltr'><strong>secessit</strong></span> <span class='ocrx_word' id='word_1_695' title='bbox 2622 3387 2674 3442; x_wconf 91' lang='lat' dir='ltr'><strong>in</strong></span> <span class='ocrx_word' id='word_1_696' title='bbox 2705 3387 2824 3457; x_wconf 86' lang='lat' dir='ltr'><strong>ejus</strong></span> <span class='ocrx_word' id='word_1_697' title='bbox 2852 3390 3212 3454; x_wconf 89' lang='lat' dir='ltr'><strong>sententiam;</strong></span> <span class='ocrx_word' id='word_1_698' title='bbox 3244 3403 3364 3441; x_wconf 90' lang='lat' dir='ltr'><strong>nam</strong></span> <span class='ocrx_word' id='word_1_699' title='bbox 3395 3389 3446 3443; x_wconf 91' lang='lat' dir='ltr'><strong>in</strong></span> <span class='ocrx_word' id='word_1_700' title='bbox 3480 3389 3618 3445; x_wconf 92' lang='lat' dir='ltr'><strong>libro</strong></span> 
     </span>
    </p>
   </div>
   <div class='ocr_carea' id='block_1_93' title="bbox 2022 3479 3610 3552">
    <p class='ocr_par' dir='ltr' id='par_1_93' title="bbox 2022 3479 3610 3552">
     <span class='ocr_line' id='line_1_93' title="bbox 2022 3479 3610 3552; baseline 0.001 -17"><span class='ocrx_word' id='word_1_701' title='bbox 2022 3483 2084 3535; x_wconf 87' lang='lat' dir='ltr'><strong>de</strong></span> <span class='ocrx_word' id='word_1_702' title='bbox 2113 3481 2346 3546; x_wconf 88' lang='lat' dir='ltr'><strong>Corona,</strong></span> <span class='ocrx_word' id='word_1_703' title='bbox 2391 3481 2597 3550; x_wconf 86' lang='lat' dir='ltr'><strong>inquit,</strong></span> <span class='ocrx_word' id='word_1_704' title='bbox 2631 3481 2894 3534; x_wconf 87' lang='lat' dir='ltr'><strong>excitatur</strong></span> <span class='ocrx_word' id='word_1_705' title='bbox 2938 3479 3151 3534; x_wconf 86' lang='lat' dir='ltr'><strong>libellus</strong></span> <span class='ocrx_word' id='word_1_706' title='bbox 3199 3479 3610 3552; x_wconf 42' lang='lat' dir='ltr'><strong>dcrspectaculis,</strong></span> 
     </span>
    </p>
   </div>
   <div class='ocr_carea' id='block_1_94' title="bbox 2020 3558 3616 3653">
    <p class='ocr_par' dir='ltr' id='par_1_94' title="bbox 2020 3558 3616 3653">
     <span class='ocr_line' id='line_1_94' title="bbox 2020 3558 3616 3653; baseline 0.004 -25"><span class='ocrx_word' id='word_1_707' title='bbox 2020 3579 2110 3648; x_wconf 88' lang='lat' dir='ltr'><strong>qui</strong></span> <span class='ocrx_word' id='word_1_708' title='bbox 2143 3580 2373 3647; x_wconf 85' lang='lat' dir='ltr'><strong>scriptus</strong></span> <span class='ocrx_word' id='word_1_709' title='bbox 2399 3558 2481 3630; x_wconf 91' lang='lat' dir='ltr'><strong>cst</strong></span> <span class='ocrx_word' id='word_1_710' title='bbox 2511 3577 2574 3630; x_wconf 90' lang='lat' dir='ltr'><strong>A.</strong></span> <span class='ocrx_word' id='word_1_711' title='bbox 2603 3574 2781 3629; x_wconf 88' lang='lat' dir='ltr'><strong>CCIV.</strong></span> <span class='ocrx_word' id='word_1_712' title='bbox 2818 3573 2869 3627; x_wconf 89' lang='lat' dir='ltr'><strong>Id</strong></span> <span class='ocrx_word' id='word_1_713' title='bbox 2905 3589 3032 3629; x_wconf 89' lang='lat' dir='ltr'><strong>vero</strong></span> <span class='ocrx_word' id='word_1_714' title='bbox 3061 3576 3238 3644; x_wconf 79' lang='lat' dir='ltr'><strong>inepte</strong></span> <span class='ocrx_word' id='word_1_715' title='bbox 3263 3575 3463 3653; x_wconf 77' lang='lat' dir='ltr'><strong>dictum</strong></span> <span class='ocrx_word' id='word_1_716' title='bbox 3494 3591 3616 3634; x_wconf 80' lang='lat' dir='ltr'><strong>esse</strong></span> 
     </span>
    </p>
   </div>
   <div class='ocr_carea' id='block_1_95' title="bbox 2021 3667 3590 3740">
    <p class='ocr_par' dir='ltr' id='par_1_95' title="bbox 2021 3667 3590 3740">
     <span class='ocr_line' id='line_1_95' title="bbox 2021 3667 3590 3740; baseline 0 -16"><span class='ocrx_word' id='word_1_717' title='bbox 2021 3687 2048 3724; x_wconf 90' lang='lat' dir='ltr'><strong>a</strong></span> <span class='ocrx_word' id='word_1_718' title='bbox 2075 3669 2330 3736; x_wconf 86' lang='lat' dir='ltr'><strong>Pamelio,</strong></span> <span class='ocrx_word' id='word_1_719' title='bbox 2355 3685 2512 3739; x_wconf 92' lang='lat' dir='ltr'><strong>quem</strong></span> <span class='ocrx_word' id='word_1_720' title='bbox 2537 3684 2699 3723; x_wconf 90' lang='lat' dir='ltr'><strong>unum</strong></span> <span class='ocrx_word' id='word_1_721' title='bbox 2727 3668 2991 3738; x_wconf 88' lang='lat' dir='ltr'><strong>sequitur,</strong></span> <span class='ocrx_word' id='word_1_722' title='bbox 3019 3667 3168 3724; x_wconf 80' lang='lat' dir='ltr'><strong>facile</strong></span> <span class='ocrx_word' id='word_1_723' title='bbox 3195 3668 3474 3739; x_wconf 76' lang='lat' dir='ltr'><strong>intelliget,</strong></span> <span class='ocrx_word' id='word_1_724' title='bbox 3498 3670 3590 3740; x_wconf 92' lang='lat' dir='ltr'><strong>qui</strong></span> 
     </span>
    </p>
   </div>
   <div class='ocr_carea' id='block_1_96' title="bbox 2019 3758 3617 3830">
    <p class='ocr_par' dir='ltr' id='par_1_96' title="bbox 2019 3758 3617 3830">
     <span class='ocr_line' id='line_1_96' title="bbox 2019 3758 3617 3830; baseline -0.003 -12"><span class='ocrx_word' id='word_1_725' title='bbox 2019 3777 2248 3830; x_wconf 87' lang='lat' dir='ltr'><strong>cumque</strong></span> <span class='ocrx_word' id='word_1_726' title='bbox 2271 3776 2452 3814; x_wconf 78' lang='lat' dir='ltr'><strong>secum</strong></span> <span class='ocrx_word' id='word_1_727' title='bbox 2479 3758 2806 3829; x_wconf 89' lang='lat' dir='ltr'><strong>reputaverit</strong></span> <span class='ocrx_word' id='word_1_728' title='bbox 2827 3773 2912 3824; x_wconf 89' lang='lat' dir='ltr'><strong>ea,</strong></span> <span class='ocrx_word' id='word_1_729' title='bbox 2934 3775 3051 3827; x_wconf 75' lang='lat' dir='ltr'><strong>qua:</strong></span> <span class='ocrx_word' id='word_1_730' title='bbox 3069 3774 3229 3827; x_wconf 88' lang='lat' dir='ltr'><strong>supra</strong></span> <span class='ocrx_word' id='word_1_731' title='bbox 3249 3759 3318 3814; x_wconf 89' lang='lat' dir='ltr'><strong>de</strong></span> <span class='ocrx_word' id='word_1_732' title='bbox 3341 3761 3442 3815; x_wconf 90' lang='lat' dir='ltr'><strong>isto</strong></span> <span class='ocrx_word' id='word_1_733' title='bbox 3463 3759 3617 3816; x_wconf 87' lang='lat' dir='ltr'><strong>libel-</strong></span> 
     </span>
    </p>
   </div>
   <div class='ocr_carea' id='block_1_97' title="bbox 2018 3851 3615 3920">
    <p class='ocr_par' dir='ltr' id='par_1_97' title="bbox 2018 3851 3615 3920">
     <span class='ocr_line' id='line_1_97' title="bbox 2018 3851 3615 3920; baseline 0.001 -13"><span class='ocrx_word' id='word_1_734' title='bbox 2018 3852 2072 3907; x_wconf 90' lang='lat' dir='ltr'><strong>lo</strong></span> <span class='ocrx_word' id='word_1_735' title='bbox 2092 3852 2568 3920; x_wconf 83' lang='lat' dir='ltr'><strong>pronuntiavimns;</strong></span> <span class='ocrx_word' id='word_1_736' title='bbox 2598 3866 2791 3920; x_wconf 89' lang='lat' dir='ltr'><strong>neque,</strong></span> <span class='ocrx_word' id='word_1_737' title='bbox 2809 3852 2851 3905; x_wconf 88' lang='lat' dir='ltr'><strong>si</strong></span> <span class='ocrx_word' id='word_1_738' title='bbox 2877 3867 3062 3904; x_wconf 90' lang='lat' dir='ltr'><strong>verum</strong></span> <span class='ocrx_word' id='word_1_739' title='bbox 3081 3851 3181 3906; x_wconf 91' lang='lat' dir='ltr'><strong>hoc</strong></span> <span class='ocrx_word' id='word_1_740' title='bbox 3199 3863 3362 3915; x_wconf 84' lang='lat' dir='ltr'><strong>esset,</strong></span> <span class='ocrx_word' id='word_1_741' title='bbox 3383 3854 3615 3909; x_wconf 88' lang='lat' dir='ltr'><strong>maxime</strong></span> 
     </span>
    </p>
   </div>
   <div class='ocr_carea' id='block_1_98' title="bbox 2019 3941 3608 4014">
    <p class='ocr_par' dir='ltr' id='par_1_98' title="bbox 2019 3941 3608 4014">
     <span class='ocr_line' id='line_1_98' title="bbox 2019 3941 3608 4014; baseline 0.001 -16"><span class='ocrx_word' id='word_1_742' title='bbox 2019 3943 2086 3999; x_wconf 91' lang='lat' dir='ltr'><strong>de</strong></span> <span class='ocrx_word' id='word_1_743' title='bbox 2129 3958 2196 3999; x_wconf 90' lang='lat' dir='ltr'><strong>eo</strong></span> <span class='ocrx_word' id='word_1_744' title='bbox 2225 3959 2388 4013; x_wconf 89' lang='lat' dir='ltr'><strong>super</strong></span> <span class='ocrx_word' id='word_1_745' title='bbox 2434 3941 2773 4010; x_wconf 77' lang='lat' dir='ltr'><strong>Spectaculis,</strong></span> <span class='ocrx_word' id='word_1_746' title='bbox 2810 3956 3054 3997; x_wconf 88' lang='lat' dir='ltr'><strong>caussam</strong></span> <span class='ocrx_word' id='word_1_747' title='bbox 3079 3958 3199 3998; x_wconf 89' lang='lat' dir='ltr'><strong>esse</strong></span> <span class='ocrx_word' id='word_1_748' title='bbox 3234 3943 3608 4014; x_wconf 86' lang='lat' dir='ltr'><strong>perspicimus,</strong></span> 
     </span>
    </p>
   </div>
   <div class='ocr_carea' id='block_1_99' title="bbox 2017 4038 3613 4113">
    <p class='ocr_par' dir='ltr' id='par_1_99' title="bbox 2017 4038 3613 4113">
     <span class='ocr_line' id='line_1_99' title="bbox 2017 4038 3613 4113; baseline -0.001 -16"><span class='ocrx_word' id='word_1_749' title='bbox 2017 4054 2343 4113; x_wconf 82' lang='lat' dir='ltr'><strong>quaprOpter</strong></span> <span class='ocrx_word' id='word_1_750' title='bbox 2390 4041 2526 4096; x_wconf 89' lang='lat' dir='ltr'><strong>liber</strong></span> <span class='ocrx_word' id='word_1_751' title='bbox 2571 4041 2633 4094; x_wconf 86' lang='lat' dir='ltr'><strong>de</strong></span> <span class='ocrx_word' id='word_1_752' title='bbox 2678 4038 2878 4095; x_wconf 90' lang='lat' dir='ltr'><strong>Corona</strong></span> <span class='ocrx_word' id='word_1_753' title='bbox 2922 4041 2986 4094; x_wconf 89' lang='lat' dir='ltr'><strong>ad</strong></span> <span class='ocrx_word' id='word_1_754' title='bbox 3033 4042 3098 4095; x_wconf 82' lang='grc' dir='ltr'><strong>Δ.</strong></span> <span class='ocrx_word' id='word_1_755' title='bbox 3131 4038 3354 4096; x_wconf 88' lang='lat' dir='ltr'><strong>CCVIII.</strong></span> <span class='ocrx_word' id='word_1_756' title='bbox 3393 4057 3499 4096; x_wconf 92' lang='lat' dir='ltr'><strong>non</strong></span> <span class='ocrx_word' id='word_1_757' title='bbox 3545 4039 3613 4096; x_wconf 89' lang='lat' dir='ltr'><strong>ad</strong></span> 
     </span>
    </p>
   </div>
   <div class='ocr_carea' id='block_1_100' title="bbox 1939 4132 3611 4202">
    <p class='ocr_par' dir='ltr' id='par_1_100' title="bbox 1939 4132 3611 4202">
     <span class='ocr_line' id='line_1_100' title="bbox 1939 4132 3611 4202; baseline -0.001 -12"><span class='ocrx_word' id='word_1_758' title='bbox 1939 4156 1941 4158; x_wconf 90' lang='grc'>·</span> <span class='ocrx_word' id='word_1_759' title='bbox 2016 4136 2178 4190; x_wconf 89' lang='lat' dir='ltr'><strong>alium</strong></span> <span class='ocrx_word' id='word_1_760' title='bbox 2225 4134 2411 4191; x_wconf 80' lang='lat' dir='ltr'><strong>referri</strong></span> <span class='ocrx_word' id='word_1_761' title='bbox 2461 4135 2700 4189; x_wconf 87' lang='lat' dir='ltr'><strong>deberet.</strong></span> <span class='ocrx_word' id='word_1_762' title='bbox 2758 4132 2942 4202; x_wconf 72' lang='lat' dir='ltr'><strong>Neque</strong></span> <span class='ocrx_word' id='word_1_763' title='bbox 2988 4132 3054 4187; x_wconf 88' lang='lat' dir='ltr'><strong>ad</strong></span> <span class='ocrx_word' id='word_1_764' title='bbox 3085 4137 3216 4198; x_wconf 64' lang='lat' dir='ltr'><strong>{eam</strong></span> <span class='ocrx_word' id='word_1_765' title='bbox 3262 4149 3375 4189; x_wconf 88' lang='lat' dir='ltr'><strong>rem</strong></span> <span class='ocrx_word' id='word_1_766' title='bbox 3421 4132 3611 4189; x_wconf 79' lang='lat' dir='ltr'><strong>delen-</strong></span> 
     </span>
    </p>
   </div>
   <div class='ocr_carea' id='block_1_101' title="bbox 2021 4223 3607 4283">
    <p class='ocr_par' dir='ltr' id='par_1_101' title="bbox 2021 4223 3607 4283">
     <span class='ocr_line' id='line_1_101' title="bbox 2021 4223 3607 4283; baseline -0.003 -1"><span class='ocrx_word' id='word_1_767' title='bbox 2021 4227 2250 4283; x_wconf 88' lang='lat' dir='ltr'><strong>dendam</strong></span> <span class='ocrx_word' id='word_1_768' title='bbox 2293 4226 2491 4281; x_wconf 90' lang='lat' dir='ltr'><strong>rectius</strong></span> <span class='ocrx_word' id='word_1_769' title='bbox 2517 4224 2758 4280; x_wconf 88' lang='lat' dir='ltr'><strong>adhibuit</strong></span> <span class='ocrx_word' id='word_1_770' title='bbox 2803 4239 3014 4279; x_wconf 90' lang='lat' dir='ltr'><strong>errores</strong></span> <span class='ocrx_word' id='word_1_771' title='bbox 3061 4223 3500 4280; x_wconf 81' lang='lat' dir='ltr'><strong>Moutanistarum</strong></span> <span class='ocrx_word' id='word_1_772' title='bbox 3556 4225 3607 4278; x_wconf 91' lang='lat' dir='ltr'><strong>in</strong></span> 
     </span>
    </p>
   </div>
   <div class='ocr_carea' id='block_1_102' title="bbox 2019 4317 3614 4387">
    <p class='ocr_par' dir='ltr' id='par_1_102' title="bbox 2019 4317 3614 4387">
     <span class='ocr_line' id='line_1_102' title="bbox 2019 4317 3614 4387; baseline -0.003 -11"><span class='ocrx_word' id='word_1_773' title='bbox 2019 4320 2158 4376; x_wconf 88' lang='lat' dir='ltr'><strong>libro</strong></span> <span class='ocrx_word' id='word_1_774' title='bbox 2180 4322 2241 4375; x_wconf 85' lang='lat' dir='ltr'><strong>de</strong></span> <span class='ocrx_word' id='word_1_775' title='bbox 2269 4319 2468 4373; x_wconf 82' lang='lat' dir='ltr'><strong>Corona</strong></span> <span class='ocrx_word' id='word_1_776' title='bbox 2494 4326 2859 4372; x_wconf 87' lang='lat' dir='ltr'><strong>occurrentes.</strong></span> <span class='ocrx_word' id='word_1_777' title='bbox 2885 4319 3029 4382; x_wconf 78' lang='lat' dir='ltr'><strong>Quos</strong></span> <span class='ocrx_word' id='word_1_778' title='bbox 3059 4317 3306 4387; x_wconf 90' lang='lat' dir='ltr'><strong>equidem</strong></span> <span class='ocrx_word' id='word_1_779' title='bbox 3358 4319 3443 4372; x_wconf 89' lang='lat' dir='ltr'><strong>isti</strong></span> <span class='ocrx_word' id='word_1_780' title='bbox 3477 4317 3614 4372; x_wconf 91' lang='lat' dir='ltr'><strong>libro</strong></span> 
     </span>
    </p>
   </div>
   <div class='ocr_carea' id='block_1_103' title="bbox 2018 4407 3611 4482">
    <p class='ocr_par' dir='ltr' id='par_1_103' title="bbox 2018 4407 3611 4482">
     <span class='ocr_line' id='line_1_103' title="bbox 2018 4407 3611 4482; baseline -0.004 -13"><span class='ocrx_word' id='word_1_781' title='bbox 2018 4431 2125 4469; x_wconf 87' lang='lat' dir='ltr'><strong>non</strong></span> <span class='ocrx_word' id='word_1_782' title='bbox 2166 4429 2301 4482; x_wconf 76' lang='lat' dir='ltr'><strong>nego</strong></span> <span class='ocrx_word' id='word_1_783' title='bbox 2331 4414 2537 4478; x_wconf 86' lang='lat' dir='ltr'><strong>inesse;</strong></span> <span class='ocrx_word' id='word_1_784' title='bbox 2571 4411 2664 4466; x_wconf 83' lang='lat' dir='ltr'><strong>sed</strong></span> <span class='ocrx_word' id='word_1_785' title='bbox 2707 4425 2773 4465; x_wconf 90' lang='lat' dir='ltr'><strong>eo</strong></span> <span class='ocrx_word' id='word_1_786' title='bbox 2822 4420 3137 4480; x_wconf 85' lang='lat' dir='ltr'><strong>argumento</strong></span> <span class='ocrx_word' id='word_1_787' title='bbox 3184 4410 3235 4465; x_wconf 91' lang='lat' dir='ltr'><strong>id</strong></span> <span class='ocrx_word' id='word_1_788' title='bbox 3277 4426 3435 4480; x_wconf 88' lang='lat' dir='ltr'><strong>posse</strong></span> <span class='ocrx_word' id='word_1_789' title='bbox 3472 4407 3611 4465; x_wconf 85' lang='lat' dir='ltr'><strong>eilici</strong></span> 
     </span>
    </p>
   </div>
   <div class='ocr_carea' id='block_1_104' title="bbox 2019 4496 3611 4575">
    <p class='ocr_par' dir='ltr' id='par_1_104' title="bbox 2019 4496 3611 4575">
     <span class='ocr_line' id='line_1_104' title="bbox 2019 4496 3611 4575; baseline -0.006 -15"><span class='ocrx_word' id='word_1_790' title='bbox 2019 4504 2160 4575; x_wconf 88' lang='lat' dir='ltr'><strong>quod</strong></span> <span class='ocrx_word' id='word_1_791' title='bbox 2187 4505 2377 4560; x_wconf 88' lang='lat' dir='ltr'><strong>debeat</strong></span> <span class='ocrx_word' id='word_1_792' title='bbox 2397 4545 2410 4565; x_wconf 88' lang='lat'><strong>.</strong></span> <span class='ocrx_word' id='word_1_793' title='bbox 2438 4502 2540 4556; x_wconf 84' lang='lat' dir='ltr'><strong>huc</strong></span> <span class='ocrx_word' id='word_1_794' title='bbox 2570 4517 2695 4557; x_wconf 86' lang='lat' dir='ltr'><strong>vero</strong></span> <span class='ocrx_word' id='word_1_795' title='bbox 2724 4516 2995 4572; x_wconf 88' lang='lat' dir='ltr'><strong>nunquam</strong></span> <span class='ocrx_word' id='word_1_796' title='bbox 3029 4501 3373 4570; x_wconf 88' lang='lat' dir='ltr'><strong>percipietur,</strong></span> <span class='ocrx_word' id='word_1_797' title='bbox 3413 4500 3512 4553; x_wconf 89' lang='lat' dir='ltr'><strong>nisi</strong></span> <span class='ocrx_word' id='word_1_798' title='bbox 3543 4496 3611 4551; x_wconf 90' lang='lat' dir='ltr'><strong>ab</strong></span> 
     </span>
    </p>
   </div>
   <div class='ocr_carea' id='block_1_105' title="bbox 2019 4588 3610 4668">
    <p class='ocr_par' dir='ltr' id='par_1_105' title="bbox 2019 4588 3610 4668">
     <span class='ocr_line' id='line_1_105' title="bbox 2019 4588 3610 4668; baseline -0.008 -14"><span class='ocrx_word' id='word_1_799' title='bbox 2019 4599 2104 4662; x_wconf 89' lang='lat' dir='ltr'><strong>iis,</strong></span> <span class='ocrx_word' id='word_1_800' title='bbox 2136 4597 2225 4668; x_wconf 91' lang='lat' dir='ltr'><strong>qui</strong></span> <span class='ocrx_word' id='word_1_801' title='bbox 2248 4599 2460 4652; x_wconf 84' lang='lat' dir='ltr'><strong>demunt</strong></span> <span class='ocrx_word' id='word_1_802' title='bbox 2494 4611 2560 4650; x_wconf 91' lang='lat' dir='ltr'><strong>eo</strong></span> <span class='ocrx_word' id='word_1_803' title='bbox 2591 4609 2733 4649; x_wconf 90' lang='lat' dir='ltr'><strong>anno</strong></span> <span class='ocrx_word' id='word_1_804' title='bbox 2763 4592 3138 4648; x_wconf 81' lang='lat' dir='ltr'><strong>Tcrtulltanum</strong></span> <span class='ocrx_word' id='word_1_805' title='bbox 3167 4599 3352 4661; x_wconf 88' lang='lat' dir='ltr'><strong>putant</strong></span> <span class='ocrx_word' id='word_1_806' title='bbox 3372 4588 3438 4643; x_wconf 88' lang='lat' dir='ltr'><strong>ad</strong></span> <span class='ocrx_word' id='word_1_807' title='bbox 3459 4589 3610 4643; x_wconf 78' lang='lat' dir='ltr'><strong>Mou-</strong></span> 
     </span>
    </p>
   </div>
   <div class='ocr_carea' id='block_1_106' title="bbox 2019 4689 2569 4744">
    <p class='ocr_par' dir='ltr' id='par_1_106' title="bbox 2019 4689 2569 4744">
     <span class='ocr_line' id='line_1_106' title="bbox 2019 4689 2569 4744; baseline -0.007 0"><span class='ocrx_word' id='word_1_808' title='bbox 2019 4689 2242 4744; x_wconf 85' lang='lat' dir='ltr'><strong>tanistas</strong></span> <span class='ocrx_word' id='word_1_809' title='bbox 2271 4689 2569 4741; x_wconf 85' lang='lat' dir='ltr'><strong>trausiisse.</strong></span> 
     </span>
    </p>
   </div>
   <div class='ocr_carea' id='block_1_107' title="bbox 2017 4795 3608 4877">
    <p class='ocr_par' dir='ltr' id='par_1_107' title="bbox 2017 4795 3608 4877">
     <span class='ocr_line' id='line_1_107' title="bbox 2017 4795 3608 4877; baseline -0.005 -18"><span class='ocrx_word' id='word_1_810' title='bbox 2017 4803 2045 4877; x_wconf 86' lang='lat'><strong>§</strong></span> <span class='ocrx_word' id='word_1_811' title='bbox 2083 4804 2138 4859; x_wconf 85' lang='lat'><strong>5.</strong></span> <span class='ocrx_word' id='word_1_812' title='bbox 2178 4832 2249 4843; x_wconf 91' lang='lat'><strong>-—</strong></span> <span class='ocrx_word' id='word_1_813' title='bbox 2265 4801 2417 4857; x_wconf 87' lang='lat' dir='ltr'><strong>Liber</strong></span> <span class='ocrx_word' id='word_1_814' title='bbox 2443 4811 2652 4866; x_wconf 85' lang='lat' dir='ltr'><strong>uterque</strong></span> <span class='ocrx_word' id='word_1_815' title='bbox 2675 4799 2740 4854; x_wconf 81' lang='lat' dir='ltr'><strong>de</strong></span> <span class='ocrx_word' id='word_1_816' title='bbox 2757 4798 2913 4854; x_wconf 87' lang='lat' dir='ltr'><strong>Cultu</strong></span> <span class='ocrx_word' id='word_1_817' title='bbox 2937 4797 3240 4867; x_wconf 81' lang='lat' dir='ltr'><strong>feminarum</strong></span> <span class='ocrx_word' id='word_1_818' title='bbox 3263 4795 3418 4851; x_wconf 88' lang='lat' dir='ltr'><strong>simul</strong></span> <span class='ocrx_word' id='word_1_819' title='bbox 3446 4795 3608 4852; x_wconf 84' lang='lat' dir='ltr'><strong>editus</strong></span> 
     </span>
    </p>
   </div>
   <div class='ocr_carea' id='block_1_108' title="bbox 2142 4888 3485 4950">
    <p class='ocr_par' dir='ltr' id='par_1_108' title="bbox 2142 4888 3485 4950">
     <span class='ocr_line' id='line_1_108' title="bbox 2142 4888 3485 4950; baseline -0.004 0"><span class='ocrx_word' id='word_1_820' title='bbox 2142 4895 2422 4950; x_wconf 82' lang='lat' dir='ltr'><strong>ostenditur</strong></span> <span class='ocrx_word' id='word_1_821' title='bbox 2448 4903 2626 4947; x_wconf 86' lang='lat' dir='ltr'><strong>contra</strong></span> <span class='ocrx_word' id='word_1_822' title='bbox 2655 4890 2950 4946; x_wconf 86' lang='lat' dir='ltr'><strong>Pamelium</strong></span> <span class='ocrx_word' id='word_1_823' title='bbox 2981 4901 3036 4946; x_wconf 90' lang='lat' dir='ltr'><strong>et</strong></span> <span class='ocrx_word' id='word_1_824' title='bbox 3065 4888 3485 4949; x_wconf 87' lang='lat' dir='ltr'><strong>Tillemontium.</strong></span> 
     </span>
    </p>
   </div>
   <div class='ocr_carea' id='block_1_109' title="bbox 2091 5005 3610 5078">
    <p class='ocr_par' dir='ltr' id='par_1_109' title="bbox 2091 5005 3610 5078">
     <span class='ocr_line' id='line_1_109' title="bbox 2091 5005 3610 5078; baseline -0.002 -12"><span class='ocrx_word' id='word_1_825' title='bbox 2091 5011 2198 5068; x_wconf 89' lang='lat' dir='ltr'><strong>Sed</strong></span> <span class='ocrx_word' id='word_1_826' title='bbox 2227 5011 2357 5064; x_wconf 89' lang='lat' dir='ltr'><strong>satis</strong></span> <span class='ocrx_word' id='word_1_827' title='bbox 2403 5009 2492 5064; x_wconf 88' lang='lat' dir='ltr'><strong>diu</strong></span> <span class='ocrx_word' id='word_1_828' title='bbox 2525 5024 2622 5062; x_wconf 89' lang='lat' dir='ltr'><strong>nos</strong></span> <span class='ocrx_word' id='word_1_829' title='bbox 2671 5006 2842 5062; x_wconf 90' lang='lat' dir='ltr'><strong>tenuit</strong></span> <span class='ocrx_word' id='word_1_830' title='bbox 2890 5005 2958 5062; x_wconf 91' lang='lat' dir='ltr'><strong>de</strong></span> <span class='ocrx_word' id='word_1_831' title='bbox 3026 5007 3163 5062; x_wconf 86' lang='lat' dir='ltr'><strong>libro</strong></span> <span class='ocrx_word' id='word_1_832' title='bbox 3205 5022 3368 5078; x_wconf 85' lang='lat' dir='ltr'><strong>super</strong></span> <span class='ocrx_word' id='word_1_833' title='bbox 3408 5005 3610 5064; x_wconf 86' lang='lat' dir='ltr'><strong>Corona</strong></span> 
     </span>
    </p>
   </div>
   <div class='ocr_carea' id='block_1_110' title="bbox 2019 5101 3610 5177">
    <p class='ocr_par' dir='ltr' id='par_1_110' title="bbox 2019 5101 3610 5177">
     <span class='ocr_line' id='line_1_110' title="bbox 2019 5101 3610 5177; baseline -0.005 -13"><span class='ocrx_word' id='word_1_834' title='bbox 2019 5109 2316 5170; x_wconf 85' lang='lat' dir='ltr'><strong>institutlu;</strong></span> <span class='ocrx_word' id='word_1_835' title='bbox 2366 5107 2542 5177; x_wconf 88' lang='lat' dir='ltr'><strong>itaque</strong></span> <span class='ocrx_word' id='word_1_836' title='bbox 2587 5102 2742 5158; x_wconf 85' lang='lat' dir='ltr'><strong>nobis</strong></span> <span class='ocrx_word' id='word_1_837' title='bbox 2785 5112 2869 5158; x_wconf 90' lang='lat' dir='ltr'><strong>est</strong></span> <span class='ocrx_word' id='word_1_838' title='bbox 2915 5103 3308 5174; x_wconf 89' lang='lat' dir='ltr'><strong>properandum</strong></span> <span class='ocrx_word' id='word_1_839' title='bbox 3358 5101 3425 5156; x_wconf 93' lang='lat' dir='ltr'><strong>ad</strong></span> <span class='ocrx_word' id='word_1_840' title='bbox 3473 5101 3610 5156; x_wconf 87' lang='lat' dir='ltr'><strong>alios</strong></span> 
     </span>
    </p>
   </div>
   <div class='ocr_carea' id='block_1_111' title="bbox 2018 5194 3610 5273">
    <p class='ocr_par' dir='ltr' id='par_1_111' title="bbox 2018 5194 3610 5273">
     <span class='ocr_line' id='line_1_111' title="bbox 2018 5194 3610 5273; baseline -0.004 -20"><span class='ocrx_word' id='word_1_841' title='bbox 2018 5202 2278 5273; x_wconf 87' lang='lat' dir='ltr'><strong>quosdam</strong></span> <span class='ocrx_word' id='word_1_842' title='bbox 2322 5200 2520 5264; x_wconf 88' lang='lat' dir='ltr'><strong>libros,</strong></span> <span class='ocrx_word' id='word_1_843' title='bbox 2548 5207 2600 5252; x_wconf 90' lang='lat' dir='ltr'><strong>et</strong></span> <span class='ocrx_word' id='word_1_844' title='bbox 2650 5213 2744 5253; x_wconf 82' lang='lat' dir='ltr'><strong>eos</strong></span> <span class='ocrx_word' id='word_1_845' title='bbox 2790 5199 3008 5268; x_wconf 88' lang='lat' dir='ltr'><strong>quidem</strong></span> <span class='ocrx_word' id='word_1_846' title='bbox 3040 5240 3055 5261; x_wconf 92' lang='lat'><strong>,</strong></span> <span class='ocrx_word' id='word_1_847' title='bbox 3099 5213 3235 5267; x_wconf 87' lang='lat' dir='ltr'><strong>quos</strong></span> <span class='ocrx_word' id='word_1_848' title='bbox 3261 5194 3610 5258; x_wconf 79' lang='lat' dir='ltr'><strong>Tertullianus</strong></span> 
     </span>
    </p>
   </div>
   <div class='ocr_carea' id='block_1_112' title="bbox 2020 5286 3609 5359">
    <p class='ocr_par' dir='ltr' id='par_1_112' title="bbox 2020 5286 3609 5359">
     <span class='ocr_line' id='line_1_112' title="bbox 2020 5286 3609 5359; baseline -0.004 -11"><span class='ocrx_word' id='word_1_849' title='bbox 2020 5295 2084 5348; x_wconf 89' lang='lat' dir='ltr'><strong>de</strong></span> <span class='ocrx_word' id='word_1_850' title='bbox 2121 5294 2271 5347; x_wconf 85' lang='lat' dir='ltr'><strong>Cultu</strong></span> <span class='ocrx_word' id='word_1_851' title='bbox 2300 5293 2604 5359; x_wconf 73' lang='lat' dir='ltr'><strong>(carinarum</strong></span> <span class='ocrx_word' id='word_1_852' title='bbox 2647 5291 2967 5358; x_wconf 86' lang='lat' dir='ltr'><strong>composuit.</strong></span> <span class='ocrx_word' id='word_1_853' title='bbox 3003 5292 3177 5357; x_wconf 80' lang='lat' dir='ltr'><strong>Atque</strong></span> <span class='ocrx_word' id='word_1_854' title='bbox 3206 5287 3294 5341; x_wconf 92' lang='lat' dir='ltr'><strong>hic</strong></span> <span class='ocrx_word' id='word_1_855' title='bbox 3325 5301 3431 5340; x_wconf 90' lang='lat' dir='ltr'><strong>non</strong></span> <span class='ocrx_word' id='word_1_856' title='bbox 3458 5286 3609 5342; x_wconf 86' lang='lat' dir='ltr'><strong>vide-</strong></span> 
     </span>
    </p>
   </div>
   <div class='ocr_carea' id='block_1_113' title="bbox 2019 5377 3609 5454">
    <p class='ocr_par' dir='ltr' id='par_1_113' title="bbox 2019 5377 3609 5454">
     <span class='ocr_line' id='line_1_113' title="bbox 2019 5377 3609 5454; baseline -0.006 -13"><span class='ocrx_word' id='word_1_857' title='bbox 2019 5397 2107 5441; x_wconf 91' lang='lat' dir='ltr'><strong>tur</strong></span> <span class='ocrx_word' id='word_1_858' title='bbox 2135 5403 2163 5439; x_wconf 91' lang='lat' dir='ltr'><strong>a</strong></span> <span class='ocrx_word' id='word_1_859' title='bbox 2196 5383 2532 5454; x_wconf 88' lang='lat' dir='ltr'><strong>suscipienda</strong></span> <span class='ocrx_word' id='word_1_860' title='bbox 2572 5383 2936 5452; x_wconf 79' lang='lat' dir='ltr'><strong>diSputatione</strong></span> <span class='ocrx_word' id='word_1_861' title='bbox 2967 5380 3224 5443; x_wconf 90' lang='lat' dir='ltr'><strong>alienum,</strong></span> <span class='ocrx_word' id='word_1_862' title='bbox 3255 5377 3438 5447; x_wconf 91' lang='lat' dir='ltr'><strong>paucis</strong></span> <span class='ocrx_word' id='word_1_863' title='bbox 3469 5393 3609 5448; x_wconf 70' lang='lat' dir='ltr'><strong>prte-</strong></span> 
     </span>
    </p>
   </div>
   <div class='ocr_carea' id='block_1_114' title="bbox 2017 5471 3606 5550">
    <p class='ocr_par' dir='ltr' id='par_1_114' title="bbox 2017 5471 3606 5550">
     <span class='ocr_line' id='line_1_114' title="bbox 2017 5471 3606 5550; baseline -0.007 -13"><span class='ocrx_word' id='word_1_864' title='bbox 2017 5497 2275 5543; x_wconf 82' lang='lat' dir='ltr'><strong>monere,</strong></span> <span class='ocrx_word' id='word_1_865' title='bbox 2305 5479 2476 5550; x_wconf 88' lang='lat' dir='ltr'><strong>qualis</strong></span> <span class='ocrx_word' id='word_1_866' title='bbox 2506 5477 2667 5531; x_wconf 81' lang='lat' dir='ltr'><strong>fuerit</strong></span> <span class='ocrx_word' id='word_1_867' title='bbox 2706 5477 2834 5535; x_wconf 90' lang='lat' dir='ltr'><strong>olim</strong></span> <span class='ocrx_word' id='word_1_868' title='bbox 2885 5475 3075 5528; x_wconf 86' lang='lat' dir='ltr'><strong>horum</strong></span> <span class='ocrx_word' id='word_1_869' title='bbox 3113 5472 3371 5526; x_wconf 88' lang='lat' dir='ltr'><strong>librorum</strong></span> <span class='ocrx_word' id='word_1_870' title='bbox 3413 5471 3606 5526; x_wconf 87' lang='lat' dir='ltr'><strong>inscri-</strong></span> 
     </span>
    </p>
   </div>
   <div class='ocr_carea' id='block_1_115' title="bbox 2017 5563 3604 5645">
    <p class='ocr_par' dir='ltr' id='par_1_115' title="bbox 2017 5563 3604 5645">
     <span class='ocr_line' id='line_1_115' title="bbox 2017 5563 3604 5645; baseline -0.008 -17"><span class='ocrx_word' id='word_1_871' title='bbox 2017 5577 2151 5645; x_wconf 86' lang='lat' dir='ltr'><strong>ptio,</strong></span> <span class='ocrx_word' id='word_1_872' title='bbox 2181 5581 2338 5642; x_wconf 89' lang='lat' dir='ltr'><strong>atque</strong></span> <span class='ocrx_word' id='word_1_873' title='bbox 2366 5570 2653 5639; x_wconf 89' lang='lat' dir='ltr'><strong>dispicere,</strong></span> <span class='ocrx_word' id='word_1_874' title='bbox 2689 5566 2922 5622; x_wconf 83' lang='lat' dir='ltr'><strong>fueritne</strong></span> <span class='ocrx_word' id='word_1_875' title='bbox 2950 5564 3216 5635; x_wconf 71' lang='lat' dir='ltr'><strong>posterior</strong></span> <span class='ocrx_word' id='word_1_876' title='bbox 3244 5563 3459 5617; x_wconf 90' lang='lat' dir='ltr'><strong>libellus</strong></span> <span class='ocrx_word' id='word_1_877' title='bbox 3484 5578 3604 5617; x_wconf 92' lang='lat' dir='ltr'><strong>cum</strong></span> 
     </span>
    </p>
   </div>
   <div class='ocr_carea' id='block_1_116' title="bbox 2007 5655 3610 5740">
    <p class='ocr_par' dir='ltr' id='par_1_116' title="bbox 2007 5655 3610 5730">
     <span class='ocr_line' id='line_1_116' title="bbox 2007 5655 3610 5730; baseline -0.008 -7"><span class='ocrx_word' id='word_1_878' title='bbox 2007 5660 2186 5723; x_wconf 72' lang='lat' dir='ltr'><strong>altero</strong></span> <span class='ocrx_word' id='word_1_879' title='bbox 2213 5681 2241 5721; x_wconf 91' lang='lat' dir='ltr'><strong>a</strong></span> <span class='ocrx_word' id='word_1_880' title='bbox 2276 5664 2592 5719; x_wconf 84' lang='lat' dir='ltr'><strong>Tertulliano</strong></span> <span class='ocrx_word' id='word_1_881' title='bbox 2619 5661 2809 5717; x_wconf 85' lang='lat' dir='ltr'><strong>eodem</strong></span> <span class='ocrx_word' id='word_1_882' title='bbox 2854 5670 3097 5730; x_wconf 89' lang='lat' dir='ltr'><strong>tempore</strong></span> <span class='ocrx_word' id='word_1_883' title='bbox 3127 5658 3323 5713; x_wconf 89' lang='lat' dir='ltr'><strong>editus.</strong></span> <span class='ocrx_word' id='word_1_884' title='bbox 3353 5655 3610 5713; x_wconf 84' lang='lat' dir='ltr'><strong>Videlicet</strong></span> 
     </span>
    </p>
   </div>
   <div class='ocr_carea' id='block_1_117' title="bbox 1973 5742 3600 5832">
    <p class='ocr_par' dir='ltr' id='par_1_117' title="bbox 1973 5742 3600 5832">
     <span class='ocr_line' id='line_1_117' title="bbox 1973 5742 3600 5832; baseline -0.008 -18"><span class='ocrx_word' id='word_1_885' title='bbox 1973 5821 1978 5824; x_wconf 92' lang='lat'>_</span> <span class='ocrx_word' id='word_1_886' title='bbox 2015 5742 2258 5832; x_wconf 64' lang='lat' dir='ltr'><strong>quiante</strong></span> <span class='ocrx_word' id='word_1_887' title='bbox 2279 5754 2412 5812; x_wconf 84' lang='lat' dir='ltr'><strong>&#39;Nic.</strong></span> <span class='ocrx_word' id='word_1_888' title='bbox 2441 5754 2723 5826; x_wconf 84' lang='lat' dir='ltr'><strong>Rigaltium</strong></span> <span class='ocrx_word' id='word_1_889' title='bbox 2753 5752 2920 5808; x_wconf 86' lang='lat' dir='ltr'><strong>libros</strong></span> <span class='ocrx_word' id='word_1_890' title='bbox 2948 5748 3251 5807; x_wconf 85' lang='lat' dir='ltr'><strong>Tertulliani</strong></span> <span class='ocrx_word' id='word_1_891' title='bbox 3283 5747 3600 5818; x_wconf 80' lang='lat' dir='ltr'><strong>ediderunt,</strong></span> 
     </span>
    </p>
   </div>
   <div class='ocr_carea' id='block_1_118' title="bbox 2016 5842 3610 5926">
    <p class='ocr_par' dir='ltr' id='par_1_118' title="bbox 2016 5842 3610 5926">
     <span class='ocr_line' id='line_1_118' title="bbox 2016 5842 3610 5926; baseline -0.009 -17"><span class='ocrx_word' id='word_1_892' title='bbox 2016 5852 2073 5922; x_wconf 78' lang='lat' dir='ltr'><strong>lii</strong></span> <span class='ocrx_word' id='word_1_893' title='bbox 2099 5853 2324 5911; x_wconf 78' lang='lat' dir='ltr'><strong>alterum</strong></span> <span class='ocrx_word' id='word_1_894' title='bbox 2366 5849 2431 5906; x_wconf 85' lang='lat' dir='ltr'><strong>de</strong></span> <span class='ocrx_word' id='word_1_895' title='bbox 2461 5847 2657 5926; x_wconf 70' lang='lat' dir='ltr'><strong>Habitu</strong></span> <span class='ocrx_word' id='word_1_896' title='bbox 2685 5846 2916 5903; x_wconf 78' lang='lat' dir='ltr'><strong>muliebri</strong></span> <span class='ocrx_word' id='word_1_897' title='bbox 2959 5843 3238 5911; x_wconf 86' lang='lat' dir='ltr'><strong>dicebant,</strong></span> <span class='ocrx_word' id='word_1_898' title='bbox 3270 5842 3499 5900; x_wconf 81' lang='lat' dir='ltr'><strong>alterum</strong></span> <span class='ocrx_word' id='word_1_899' title='bbox 3544 5842 3610 5895; x_wconf 87' lang='lat' dir='ltr'><strong>de</strong></span> 
     </span>
    </p>
   </div>
  </div>
