4242 6266
622 355 725 418 131

625 578 710 627 set
738 569 1097 625 vetustissimo
1143 567 1234 622 illo
1271 567 1457 623 codice
1483 567 1772 638 Agobardi,
1805 568 2012 638 primus
2055 581 2219 622 ausus

627 670 734 726 est,
763 671 1050 728 utrumque
1094 659 1159 713 de
1198 658 1352 715 Cultu
1395 659 1701 730 feminarum
1750 659 2065 715 inscribere.
2107 658 2216 713 Ita-

629 770 736 828 que
778 763 835 810 et
879 767 979 809 uos
1022 753 1150 809 nulli
1181 753 1510 816 dubitamus,
1541 753 1828 808 hostibros
1862 768 1972 808 non
2015 752 2222 822 disjuu-

628 858 746 902 ctos
767 861 1000 917 unquam
1028 846 1213 911 fuisse,
1247 845 1340 901 sed
1370 847 1584 901 unicum
1615 845 1765 916 quasi
1794 845 2040 900 effecisse
2066 843 2222 900 voln-

630 953 755 994 men
776 980 791 1004 ,
820 953 924 993 non
960 938 1058 991 ista
1087 937 1262 992 Solum
1305 936 1506 992 codicis
1538 935 1862 1006 Agobardini
1907 936 2224 992 auctoritate

631 1031 762 1085 moti
789 1069 804 1096 ,
834 1027 928 1084 sed
955 1029 1117 1084 etiam
1163 1037 1478 1098 propterea,
1511 1026 1651 1098 quod
1685 1027 1795 1098 ipsa
1840 1024 2030 1082 horum
2062 1026 2225 1081 libro-

633 1140 750 1184 rum
775 1125 914 1179 ratio
943 1133 1418 1194 argumentumque
1447 1121 1702 1187 suadeat,
1735 1121 2086 1192 posteriorem
2119 1135 2226 1176 non

632 1217 707 1272 ita
756 1216 925 1271 multo
956 1226 1076 1286 post
1102 1214 1333 1285 priorem
1380 1229 1410 1268 a
1440 1211 1756 1267 Tertulliano
1793 1211 1995 1268 editum
2039 1209 2223 1266 fuisse.

635 1310 788 1379 Quod
831 1310 972 1364 enim
1005 1306 1293 1376 Pamelius,
1328 1308 1417 1378 qui
1451 1306 1852 1376 inscriptionem
1899 1305 2032 1360 alias
2070 1317 2225 1359 rece-

636 1414 783 1476 ptam
813 1403 1156 1472 sequebatur,
1195 1403 1275 1456 vix
1305 1403 1480 1472 potuit
1507 1413 1862 1470 concoquere,
1891 1396 2031 1468 quod
2059 1439 2072 1463 ,
2104 1411 2226 1452 cum

633 1491 985 1550 Tertullianus
1011 1496 1211 1550 cultum
1241 1494 1306 1550 ab
1328 1501 1517 1548 ornatu
1535 1493 1587 1546 in
1610 1491 1774 1563 priori
1806 1491 1941 1545 libro
1957 1490 2229 1545 subtiliter

633 1587 989 1653 distinxissct,
1024 1595 1200 1640 tamen
1247 1585 1298 1638 in
1353 1585 1668 1654 pesteriori,
1701 1581 1768 1637 de
1812 1581 1957 1637 cultu
2005 1581 2228 1636 femina-

635 1694 756 1734 rum
805 1677 1106 1748 appellato,
1159 1682 1406 1730 ornatum
1460 1673 1698 1728 mulieris
1746 1673 2117 1743 pertractarit;
2165 1686 2228 1726 ea

637 1771 855 1844 quidem
895 1769 1206 1834 difﬁcultas,
1241 1767 1444 1822 sublata
1476 1766 1823 1835 inscriptione
1851 1765 2127 1835 utriusque
2158 1763 2225 1818 li-

638 1865 718 1919 bri
746 1864 990 1929 diversa,
1009 1876 1071 1915 ac
1101 1869 1418 1931 argumento
1451 1858 1566 1928 ejus
1590 1858 1827 1912 studiose
1856 1857 2069 1927 cognito
2088 1897 2103 1924 ,
2133 1855 2232 1909 mi-

639 1972 756 2011 rum
789 1957 842 2010 in
872 1953 1088 2009 modum
1128 1952 1420 2008 evanescit.
1453 1950 1520 2006 Ut
1549 1950 1691 2005 enim
1732 1946 2086 2002 Tertullianus
2135 1947 2230 2001 ha-

639 2049 808 2104 bitum
833 2047 1042 2101 femina:
1063 2045 1208 2101 cultu
1231 2053 1284 2100 et
1307 2053 1498 2098 ornatu
1519 2041 1662 2098 efﬁci
1688 2042 1916 2108 dixerat,
1941 2039 2232 2110 superioris

640 2141 794 2196 istius
834 2138 1050 2208 generis
1095 2136 1340 2206 exempla
1391 2143 1539 2204 putat
1579 2133 1834 2187 mundum
1885 2131 2229 2195 muliebrem,

641 2247 828 2286 aurum
850 2273 864 2298 ,
898 2240 1176 2300 argentum
1195 2270 1211 2296 ,
1243 2241 1505 2298 gemmas,
1533 2235 1730 2292 vestes,
1757 2233 1810 2280 et
1837 2239 1956 2294 quae
1981 2231 2107 2278 sunt
2132 2237 2229 2292 ge-

642 2324 787 2380 neris
814 2321 1092 2392 ejusdem;
1126 2319 1436 2391 posterioris
1475 2331 1603 2373 vero
1635 2332 1820 2372 curam
1847 2315 2023 2386 capilli
2054 2325 2108 2370 et
2133 2329 2233 2369 cu-

643 2417 711 2472 tis
755 2427 810 2472 et
838 2430 1021 2472 earum
1069 2416 1298 2486 partium
1341 2412 1604 2484 corporis,
1635 2425 1778 2482 quae,
1813 2418 1869 2464 nt
1913 2403 2020 2475 ait,
2049 2406 2235 2462 oculos

644 2503 878 2576 trahunt.
943 2503 1101 2571 Atqui
1154 2502 1207 2555 in
1261 2499 1424 2570 priori
1475 2498 1612 2554 libro
1663 2513 1892 2562 aurum,
1950 2503 2232 2566 argentum

646 2595 789 2666 (cap.
822 2595 923 2666 4.),
954 2607 1197 2664 gemmas
1236 2593 1311 2661 (c.
1344 2589 1449 2664 5.),
1479 2599 1657 2645 vestes
1687 2595 1977 2659 pertractat
2009 2590 2082 2661 (c.
2112 2586 2192 2658 7.)
2218 2601 2232 2652 ;

645 2687 700 2743 in
742 2685 1026 2757 posteriori
1053 2684 1118 2738 dc
1143 2682 1477 2738 observanda
1506 2680 1755 2752 pudicitia
1787 2680 1838 2734 in
1867 2679 2042 2735 cultus
2064 2687 2117 2733 et
2143 2693 2233 2732 or-

647 2788 804 2834 natus
832 2776 1168 2831 insﬁtutione
1199 2775 1311 2844 agit
1340 2772 1589 2827 universe
1615 2771 1756 2845 (cap.
1788 2772 1937 2841 1-5.),
1981 2769 2235 2840 deinceps

648 2869 716 2925 de
756 2869 934 2924 colore
979 2874 1404 2934 ornamentoque
1442 2864 1756 2934 capillorum
1779 2903 1793 2928 ,
1826 2875 2150 2932 omnemque
2177 2861 2241 2915 Ii-

649 2960 805 3029 brum
857 2961 974 3015 fiuit
1016 2960 1230 3014 monitis
1273 2957 1592 3031 quihusdam
1637 2956 1704 3013 de
1741 2963 1933 3010 ornatu
1973 2953 2240 3025 pudicitia

648 3053 897 3109 adverso.
925 3051 1102 3120 Quare
1127 3065 1248 3108 eum
1294 3051 1348 3106 in
1389 3050 1480 3105 illo
1509 3049 1577 3106 de
1620 3049 1764 3104 cultu
1786 3089 1802 3118 ,
1833 3049 1886 3104 in
1917 3046 2021 3104 hoc
2049 3045 2118 3103 de
2147 3062 2240 3103 or-

648 3155 774 3202 natu
803 3143 1123 3200 feminarum
1156 3145 1365 3215 egisse,
1394 3157 1457 3198 ac
1487 3152 1741 3213 tanquam
1773 3151 1953 3212 partes
1982 3144 2240 3210 utrosque

1687 351 2138 416 DISSERTATIO
2173 352 2269 416 DE
2301 353 2491 417 VERA
2529 353 2786 418 ΕΤΑἸῈ

619 474 778 535 Cultu
804 475 1128 548 feminarum.
1153 473 1261 532 Sed
1291 473 1395 530 iste
1429 472 1710 546 Rigaltius,
1739 489 1865 532 cum
1905 474 2108 546 potitus
2132 487 2220 530 es-
2247 474 2302 535 Δ

3811 355 3923 419 ἱὸὶ

2563 475 2592 546 ς
2621 475 2677 532 6.
2702 503 2778 518 -—
2809 471 3182 549 Anno'quidem
3206 471 3344 532 CCI.
3365 479 3456 530 aut
3477 472 3650 531 CCII.
3682 502 3684 504 τ

2393 611 2658 681 Quorsum
2687 612 2805 670 haec
2834 613 3048 671 omnia?
3088 613 3355 670 Nimirum
3386 623 3444 669 ut
3471 611 3834 684 intelligatur,
3870 613 3943 686 si.

2327 715 2540 778 tempus
2587 706 2772 776 scripti
2820 707 3131 764 alterutrius
3180 707 3299 763 libri
3346 717 3592 774 constat,
3640 707 3922 778 utriusque

2326 809 2542 856 aetatem
2564 799 2812 871 reperiri.
2833 801 3004 868 Quam
3031 801 3102 856 ob
3122 816 3236 857 rem
3258 810 3320 856 ut
3345 801 3707 856 certissimam
3730 815 3924 871 sequa-

2328 909 2449 948 mur
2492 893 2612 964 ejus
2655 894 2915 965 temporis
2959 895 3402 965 signiﬁcationem
3450 894 3504 948 in
3552 893 3706 948 libris
3754 893 3920 962 ipsis;

2327 995 2541 1041 utemur
2584 986 3015 1052 calamitatibus,
3061 987 3252 1058 quibus
3296 997 3406 1041 tum
3443 987 3719 1057 expositos
3759 985 3925 1043 fuisse

2328 1078 2652 1133 christianos
2674 1076 3026 1132 Tertullianus
3052 1080 3147 1145 ait,
3173 1093 3416 1150 quasque
3440 1088 3683 1149 tempore
3702 1094 3790 1145 eo,
3818 1093 3925 1149 quo

2331 1172 2558 1227 alterum
2583 1171 2648 1227 de
2667 1171 2971 1240 feminarum
2995 1173 3138 1227 cultu
3155 1172 3388 1228 libellum
3410 1181 3779 1242 componeret,
3811 1171 3926 1228 fere

2331 1262 2540 1319 initium
2588 1264 2886 1334 sumpsisse
2941 1265 3102 1320 verba
3153 1265 3344 1321 docent
3374 1265 3474 1335 (L.
3519 1263 3586 1320 ll.
3636 1280 3686 1320 c.
3735 1266 3823 1321 I3.
3857 1265 3922 1336 ):

2331 1353 2588 1425 Tempora
2655 1357 2947 1411 christianis
2999 1373 3229 1429 semper,
3275 1366 3322 1412 et
3379 1373 3512 1411 nunc
3560 1357 3639 1412 vel
3682 1358 3925 1426 maxime,

2332 1465 2435 1503 non
2468 1463 2595 1502 auro
2619 1489 2635 1514 ,
2670 1441 2768 1503 sed
2784 1450 2920 1520 ferro
2955 1450 3328 1521 transiguntur.
3361 1447 3528 1504 Stolw
3565 1451 3928 1520 martyriorum

2333 1550 2710 1611 praeparantur.
2734 1542 2867 1607 Qua:
2887 1541 3103 1612 quidem
3136 1541 3359 1613 intelligi
3381 1541 3449 1598 de
3477 1543 3754 1613 superiore
3779 1544 3924 1599 chri-

2333 1635 2626 1690 stiauorum
2654 1635 2936 1690 vexatione
2963 1649 2998 1689 a‘
3021 1635 3176 1705 plebe
3199 1635 3337 1691 facta
3366 1644 3657 1707 nequeunt,
3680 1648 3927 1708 propter-

2333 1741 2395 1781 ea
2416 1768 2430 1793 ,
2464 1726 2607 1795 quod
2663 1726 2715 1780 in
2745 1727 2922 1797 priore
2952 1725 3111 1797 hujus
3137 1729 3437 1798 argumenti
3470 1727 3609 1784 libro
3636 1727 3703 1782 ad
3732 1728 3928 1784 librum

2260 1839 2307 1900 Β
2335 1820 2397 1874 de
2436 1818 2752 1890 Spectaculis
2805 1829 3062 1891 provocat
3109 1823 3189 1889 (c.
3215 1821 3322 1893 7.).
3363 1820 3607 1895 Namque
3653 1837 3753 1894 ego
3797 1824 3929 1879 mihi

2337 1913 2661 1984 persuadere
2723 1915 2863 1969 haud
2917 1929 3170 1986 possum,
3231 1914 3603 1970 Tertullianum
3671 1919 3926 1985 voluisse,

2337 2005 2481 2062 hunc
2524 2008 2827 2076 excitando,
2877 2023 3116 2078 grmcnm
3144 2009 3338 2065 similis
3384 2011 3685 2080 argumenti
3735 2011 3930 2067 librum

2335 2099 2672 2170 signiﬁcare,
2704 2101 2956 2171 quoniam
2991 2112 3044 2156 et
3081 2101 3306 2156 latinum
3351 2117 3528 2172 graeco
3566 2105 3927 2173 antiquiorem

2337 2206 2457 2247 esse
2483 2179 2814 2260 ostendimus
2846 2191 2907 2264 (ᾗ
2938 2193 3075 2265 14.),
3125 2205 3178 2250 et
3225 2195 3324 2248 ista
3351 2192 3658 2250 Tertulliani
3683 2196 3930 2252 admoui-

2339 2286 2445 2352 tio,
2475 2302 2576 2356 qua
2604 2285 2731 2355 quid
2771 2302 2802 2340 a
2834 2287 2940 2342 Deo
2975 2303 3099 2342 esse
3133 2288 3300 2357 possit
3331 2289 3677 2358 pronuntiat,
3721 2290 3931 2344 tametsi

2338 2377 2457 2447 ejus
2481 2379 2556 2432 rei
2583 2378 2784 2433 abusus
2810 2379 2979 2433 Deum
3003 2393 3110 2433 non
3143 2378 3340 2434 habeat
3363 2389 3657 2446 auctorem,
3681 2380 3731 2433 in
3763 2378 3931 2435 latino

2339 2471 2402 2524 de
2433 2471 2750 2542 Spectaculis
2778 2472 2914 2526 libro
2941 2473 3161 2526 omnino
3182 2474 3416 2527 occurrit
3439 2473 3580 2545 (cap.
3607 2473 3714 2542 2.).
3743 2471 3932 2527 Enim-

2336 2576 2468 2618 vero
2491 2577 2610 2616 cum
2644 2562 2708 2616 de
2728 2563 3047 2633 Spectaculis
3067 2562 3347 2627 scriberet,
3367 2563 3682 2633 jamdudum
3707 2565 3932 2619 summis

2310 2655 2495 2710 -malis
2533 2653 2904 2728 allligebautur
2951 2655 3270 2723 christiani,
3311 2656 3380 2712 de
3414 2656 3611 2726 quibus
3651 2671 3720 2712 ne
3763 2655 3931 2712 verbo

2339 2749 2556 2819 quidem
2588 2749 2640 2804 in
2670 2750 2772 2805 isto
2801 2750 2968 2820 priori
2997 2751 3058 2804 de
3081 2747 3234 2805 Cultu
3261 2751 3575 2817 feminarum
3602 2751 3740 2806 libro
3761 2749 3932 2820 loqui-

2343 2849 2452 2907 tur,
2482 2851 2535 2895 et
2560 2848 2801 2910 tempore
2826 2842 3140 2910 posterioris
3165 2841 3327 2896 libelli
3355 2841 3533 2897 denuo
3556 2841 3931 2909 imminebant,

2343 2946 2507 3002 quare
2537 2947 2636 2987 nec
2663 2930 2729 2986 ad
2763 2931 3000 3002 priorem
3027 2931 3129 2986 sub
3154 2932 3342 2987 Severo
3373 2935 3716 2988 vexationem
3747 2931 3934 2989 referri

2341 3021 2395 3078 hi
2433 3025 2554 3079 libri
2587 3024 2692 3079 ullo
2745 3024 2905 3080 modo
2949 3034 3200 3096 possunt,
3241 3027 3334 3081 sed
3390 3027 3702 3082 adannum
3756 3027 3935 3097 potius

2341 3115 2543 3173 P.C.N.
2564 3115 2691 3174 CCI.
2713 3127 2807 3172 aut
2833 3116 2924 3184 ll.;
2947 3117 3121 3189 prouti
3147 3119 3266 3189 quis
3285 3117 3415 3174 velit
3443 3118 3576 3173 mala
3605 3118 3934 3174 christiano-

649 3252 815 3294 unum
845 3236 1041 3292 “brum
1069 3200 1416 3292 οοηῇηυίεεε
1439 3200 1642 3290 clam},
1672 3200 1788 3290 οδες
1807 3230 1938 3288 Nam
1961 3231 2105 3303 quod
2133 3230 2240 3287 Τίι,
2267 3200 2314 3266 C
2347 3227 2466 3266 rum
2498 3221 2606 3266 tum
2639 3223 2754 3268 orta
2773 3253 2789 3279 ,
2818 3211 2902 3267 vel
2931 3213 3291 3284 impendentia
3318 3211 3557 3268 credere.
3589 3209 3775 3282 Neque
3793 3226 3935 3303 vero

655 3331 924 3386 (amantius
956 3331 1030 3386 ait
1059 3329 1355 3401 (Mémoires
1386 3344 1516 3397 pour
1556 3327 1714 3381 servir
1759 3327 1791 3379 ὰ
1829 3323 2008 3380 l’Hist.
2038 3325 2241 3392 ecclés.,

653 3434 786 3482 tom.
815 3422 904 3479 III.
934 3441 986 3494 p.
1017 3422 1144 3480 662.
1174 3432 1288 3478 not.
1315 3420 1433 3492 I2.)
1461 3418 1802 3475 manifestum
1825 3433 1968 3485 esse,
1989 3417 2130 3488 quod
2158 3417 2244 3472 isti

649 3515 758 3570 duo
787 3515 910 3569 libri
935 3513 1169 3584 separati
1212 3513 1448 3577 fuerint,
1477 3525 1576 3567 nec
1606 3510 1797 3566 referri
1827 3523 1963 3564 unus
2000 3509 2068 3564 ad
2106 3508 2246 3564 alte-

653 3621 771 3663 rum
799 3605 909 3660 ullo
938 3604 1097 3660 modo
1133 3605 1342 3674 possit,
1372 3602 1423 3657 id
1453 3617 1585 3658 vero
1625 3601 1829 3656 facilius
1866 3602 2061 3656 dicitur
2088 3617 2247 3672 quam

656 3698 933 3770 probatur,
966 3705 1022 3752 et
1047 3710 1113 3751 ne
1138 3695 1306 3751 refelli
1333 3695 1549 3765 quidem
1579 3694 1772 3760 debet;
1801 3701 1886 3748 est
1923 3693 2068 3750 enim
2101 3693 2251 3764 igno-

655 3790 848 3849 rantis.
879 3792 1054 3861 Atque
1081 3793 1242 3844 etiam
1275 3788 1377 3842 alia
1423 3797 1506 3843 est
1533 3786 1690 3841 istius
1735 3786 2019 3841 sementim
2044 3794 2249 3842 nostra:

655 3885 934 3959 probatio;
961 3899 1082 3938 nam
1109 3883 1161 3938 in
1193 3882 1474 3954 posteriori
1506 3880 1642 3935 libro
1674 3880 2094 3950 impendentium
2115 3879 2252 3936 chri-

665 3977 854 4033 stianis
907 3973 1166 4030 malorum
1215 3972 1357 4028 haud
1401 3972 1618 4028 dubiam
1667 3973 1992 4026 mentionem
2041 3971 2246 4041 injicit,

659 4053 888 4142 quorum
917 4070 968 4125 in
999 4069 1163 4139 priori
1191 4067 1334 4122 nulla
1365 4074 1449 4122 est
1475 4065 1812 4137 significatio.
1844 4062 1962 4120 .Iam
1983 4065 2031 4120 si
2053 4080 2253 4120 atrum-

659 4179 728 4220 na
780 4173 890 4218 tum
941 4160 1165 4217 fuisseut
1193 4157 1396 4223 affecti,
1442 4156 1712 4229 quomodo
1762 4155 2106 4212 Tertullianus
2127 4159 2250 4214 abs-

661 4259 908 4314 tinuisset
936 4271 965 4311 a
993 4253 1462 4312 commemoranda
1493 4268 1591 4322 ea,
1643 4263 1702 4308 ut
1746 4252 1958 4310 feminis
2003 4252 2254 4309 christia-

663 4353 749 4408 nis
778 4353 958 4406 luxum
985 4349 1350 4414 dissuaderet,
1383 4365 1504 4405 cum
1532 4364 1598 4404 eo
1625 4359 1939 4421 argumento
1964 4348 2097 4406 alias
2142 4347 2252 4406 fre-

663 4454 891 4518 quenter
920 4443 1137 4501 utatur?
1160 4443 1267 4500 Sed
1293 4458 1411 4498 cum
1440 4442 1587 4514 prior
1629 4443 1732 4499 iSle
1759 4442 1968 4498 libellus
1989 4445 2256 4514 posterior

663 4540 737 4596 sit
765 4555 832 4596 eo
859 4541 923 4593 de
945 4537 1285 4607 Spectaculis,
1316 4535 1458 4608 quod
1483 4535 1734 4605 deinceps
1773 4536 2082 4607 apparebit;
2113 4535 2256 4592 dicat

667 4631 801 4688 mihi
849 4632 990 4700 quis,
1019 4639 1200 4686 utrum
1253 4629 1308 4684 in
1358 4627 1451 4684 illo
1498 4642 1764 4699 quoquam
1810 4643 1987 4696 anno,
2033 4629 2126 4699 qui
2173 4627 2256 4684 ef-

671 4723 828 4779 Iluxit
856 4723 924 4780 ab
967 4738 1054 4790 eo,
1085 4737 1192 4794 quo
1235 4722 1490 4792 scriptum
1520 4721 1583 4776 de
1609 4721 1928 4792 Spectaculis
1957 4721 2150 4777 librum
2175 4721 2258 4777 di-

667 4816 847 4870 ximus
891 4813 959 4868 ad
1007 4828 1204 4870 armum
1239 4812 1420 4881 CCII.,
1461 4827 1569 4884 quo
1605 4821 1796 4884 empta:
1835 4821 1960 4868 sunt
1996 4813 2257 4869 adversus

670 4907 994 4964 christianos
1041 4910 1367 4975 inimicitiae,
1408 4922 1544 4979 pace
1583 4908 1860 4964 christiani
1890 4908 1977 4964 usi
2025 4907 2255 4976 fuerint,

669 5001 773 5056 nisi
803 4999 942 5056 forte
971 5001 1036 5056 Α.
1063 5000 1193 5056 CCI.
1231 5011 1325 5056 aut
1351 5000 1503 5057 CCII.
1536 5000 1776 5073 Namque
1807 5015 1839 5055 a
1878 5000 2051 5058 reditu
2082 4999 2258 5056 Severi

671 5111 740 5152 ex
763 5095 940 5152 Gallia
967 5095 1035 5150 ad
1064 5109 1261 5151 annum
1298 5096 1429 5152 CCI.
1461 5094 1627 5153 fuisse
1661 5096 1984 5152 christianos
2029 5096 2263 5152 maxime

673 5201 926 5257 vexa-tos,
955 5201 1008 5248 et
1037 5191 1170 5246 ordo
1199 5189 1457 5246 librorum
1483 5190 1641 5246 docet
1666 5206 1697 5244 a
1730 5191 1884 5247 nobis
1913 5191 1966 5246 in
1987 5191 2260 5261 superiori

674 5283 836 5354 hujus
861 5281 1234 5353 disputationis
1259 5291 1409 5352 parte
1429 5283 1774 5348 constitutus,
1794 5293 1852 5340 et
1879 5284 2098 5340 biston'a
2122 5299 2267 5339 mar-

675 5389 853 5450 tyrum
911 5376 1314 5433 Scillitanorum
1358 5373 1470 5445 (ν.
1519 5390 1639 5447 sup.
1679 5374 1855 5447 θα).
1912 5375 2095 5446 Itaque
2141 5391 2264 5432 cum

676 5471 790 5525 fere
821 5477 942 5539 past
971 5478 1180 5538 partem
1225 5469 1353 5527 anni
1380 5465 1532 5523 CCII.
1583 5469 1817 5540 priorem
1861 5467 2064 5523 editum
2107 5469 2267 5525 fuerit

675 5563 852 5620 Severi
879 5563 1147 5626 edictum,
1177 5571 1240 5618 ut
1279 5575 1379 5618 suo
1419 5562 1539 5616 loco
1581 5561 1914 5628 docebimus,
1963 5563 2051 5618 vix
2091 5573 2266 5633 potest

676 5658 826 5729 prior
849 5658 917 5713 de
941 5656 1092 5712 Cultu
1122 5659 1424 5727 feminarum
1451 5656 1659 5712 libellus
1681 5655 1857 5712 editus
1886 5657 1992 5712 alio
2023 5665 2263 5727 tempore

678 5751 803 5814 diei,
830 5752 931 5806 nisi
961 5765 1028 5804 eo
1055 5751 1186 5812 fere,
1215 5763 1324 5820 quo
1353 5750 1406 5805 in
1449 5749 1624 5806 lucem
1656 5749 1920 5820 posterior
1945 5748 2063 5818 ejus
2103 5763 2262 5821 argu-

679 5840 847 5899 menti
869 5841 1010 5898 Iibes'
1033 5840 1263 5911 prodiit.

2347 3313 2463 3369 est,
2491 3303 2633 3374 quod
2675 3303 3054 3359 Tillemontium
3084 3304 3364 3360 audiamus
3402 3305 3710 3375 opinantem
3751 3302 3855 3374 (L.
3883 3317 3936 3361 c.

2349 3409 2402 3466 p.
2430 3394 2557 3451 210.
2591 3401 2707 3451 Art.
2732 3393 2870 3467 VL),
2903 3395 3121 3450 demum
3153 3407 3276 3466 post
3301 3411 3499 3452 annum
3530 3395 3702 3451 CCIII.
3734 3395 3934 3452 editum

2351 3503 2473 3545 esse
2517 3489 2709 3543 librum
2747 3490 2982 3560 priorem
3008 3530 3022 3554 ,
3055 3498 3408 3559 posteriorem
3439 3505 3570 3546 vero
3596 3489 3766 3545 multo
3793 3500 3935 3558 ante,

2351 3591 2404 3636 et
2429 3596 2570 3635 anno
2595 3580 2808 3651 quidem
2838 3578 3087 3636 CXCVII.
3113 3581 3245 3636 Nam
3269 3582 3323 3638 in
3355 3599 3419 3638 eo
3442 3582 3586 3650 loco,
3613 3597 3770 3654 quem
3793 3581 3942 3637 exci-

2352 3675 2484 3728 tavit
2511 3672 2592 3744 (I)
2617 3715 2632 3740 ,
2659 3689 2810 3743 teque
2835 3682 3014 3744 potest
3045 3673 3392 3731 Tertullianus
3418 3677 3652 3746 priorem
3675 3675 3848 3730 Severi
3873 3689 3942 3731 ex

2350 3763 2566 3821 Parthia
2590 3765 2818 3822 reditum
2841 3777 2932 3822 aut
2960 3767 3280 3841 legationem
3303 3769 3589 3840 quamdam
3615 3767 3940 3824 Parthorum

2353 3856 2608 3914 habuisse
2636 3860 2689 3913 in
2714 3865 2895 3914 animo
2915 3903 2930 3928 ,
2953 3876 3112 3932 quam
3146 3861 3290 3916 illam
3323 3861 3389 3916 de
3419 3860 3630 3917 Parthis
3659 3860 3940 3916 victoriam

2355 3953 2726 4024 posteriorem.
2757 3955 2910 4023 Quod
2951 3971 3080 4011 vero
3118 3971 3363 4012 caussam
3405 3957 3636 4027 aliquam
3669 3969 3790 4011 esse
3819 3953 3948 4008 dicit

2357 4045 2635 4115 credendi,
2670 4048 2828 4103 istum
2857 4048 3052 4104 librum
3070 4091 3084 4114 ,
3113 4066 3272 4121 quem
3302 4064 3400 4105 nos
3427 4048 3780 4120 posteriorem
3809 4045 3943 4103 dici-

2355 4157 2508 4212 mus,
2542 4142 2712 4198 multo
2735 4153 2857 4198 ante
2884 4157 3004 4198 esse
3047 4143 3304 4214 scriptum
3323 4185 3341 4210 ,
3367 4158 3528 4213 quam
3567 4143 3795 4197 alterum
3825 4138 3942 4219 edi:-

2354 4233 2529 4300 derit;
2570 4234 2639 4291 de
2666 4250 2762 4303 eo,
2803 4237 3053 4306 quoniam
3083 4235 3409 4293 Tillemontio
3449 4251 3555 4291 non
3592 4236 3794 4308 placuit
3827 4232 3947 4308 ejus

2356 4329 2624 4399 opinionis
2668 4329 2931 4385 rationem
2979 4329 3236 4395 reddere,
3284 4328 3440 4385 nobis
3480 4329 3716 4383 vicissim
3770 4312 3949 4397 placet

2358 4419 2560 4476 tamdiu
2598 4419 2843 4476 dubitare
2863 4461 2879 4486 ,
2911 4420 3089 4492 quoad
3117 4420 3233 4490 ejus
3260 4418 3472 4489 generis
3499 4415 3702 4488 aliquid
3741 4415 3945 4487 produ-

2361 4522 2507 4569 ctum
2537 4513 2604 4569 ab
2630 4513 2735 4568 alio
2761 4513 2992 4585 quodam
3018 4511 3336 4569 viderimus.

2363 4627 2392 4700 ς
2455 4629 2510 4683 7.
2548 4657 2619 4670 —
2667 4626 2820 4682 Liber
2857 4627 2920 4683 de
2986 4625 3140 4700 Fuga
3183 4628 3238 4683 in
3282 4629 3626 4700 persecutione
3665 4595 3953 4684 vindicata:

3022 4721 3088 4778 A.
3116 4719 3290 4778 CCII.

2436 4831 2624 4888 Eidem
2653 4833 2883 4904 tempori
2913 4847 3063 4891 suam
3090 4850 3306 4908 quoque
3335 4837 3595 4910 originem
3621 4837 3784 4895 debet
3810 4836 3950 4896 liber

2362 4923 2432 4981 de
2460 4924 2604 4996 Fuga
2639 4925 2694 4980 iu
2727 4929 3122 4997 persecutione.
3161 4929 3319 4998 Quod
3348 4941 3718 5002 argumentum
3752 4933 3862 5001 jam
3895 4932 3950 4986 in

2365 5018 2456 5074 illo
2476 5019 2538 5073 de
2554 5019 2752 5075 Corona
2769 5021 2901 5078 alias
2923 5021 3300 5094 disputandum
3327 5026 3647 5095 promiserat
3667 5024 3808 5098 (cap.
3840 5022 3954 5096 I.):

2363 5111 2517 5182 cujus
2548 5114 2652 5168 loci
2692 5115 2854 5170 verba
2894 5119 3104 5173 tametsi
3155 5117 3223 5173 ad
3274 5117 3584 5189 Scorpiaeen
3612 5118 3792 5188 potius
3816 5132 3959 5173 non-

2369 5207 2501 5262 nulli
2547 5207 2825 5264 referenda
2869 5212 3204 5280 putaverint,
3237 5221 3320 5268 est
3353 5221 3531 5268 tamen
3582 5213 3816 5284 jamaliis
3857 5212 3959 5268 ob-

2369 5313 2670 5368 servatum,
2719 5301 2863 5372 quod
2920 5303 3139 5374 intelligi
3201 5303 3320 5360 haec
3367 5305 3580 5375 quidem
3631 5321 3737 5362 non
3789 5305 3960 5374 possit

2369 5402 2674 5464 propterea,
2729 5395 2871 5466 quod
2919 5410 3036 5450 eam
3065 5396 3353 5462 hmticis,
3402 5397 3498 5453 sed
3545 5399 3688 5453 illam
3721 5397 3786 5451 de
3805 5393 3958 5468 Fuga

2367 5489 2871 5545 commentationem
2898 5488 3170 5544 timiditati
3191 5505 3379 5546 eorum
3396 5492 3664 5562 opposuit,
3684 5493 3770 5562 qui
3793 5499 3950 5547 erant

2437 5667 2506 5733 (I)
2551 5668 2658 5720 Lib.
2712 5669 2752 5720 Ι.
2821 5671 2975 5733 οηϐ.
3029 5669 3345 5722 Gemmarum
3407 5684 3605 5733 quoque
3648 5670 3960 5721 nobilitatem

2369 5732 2575 5784 vidimus
2597 5735 2759 5783 Itoma:
2796 5733 2860 5784 de
2883 5732 3072 5784 fastidio
3097 5734 3387 5785 Parthorum
3412 5732 3463 5782 et
3504 5732 3778 5792 Hedorum,
3803 5741 3958 5786 ciete-

2369 5805 2638 5906 aramque
2670 5795 2926 5860 gentilium
2955 5810 3155 5850 suorum
3189 5808 3352 5848 coram
3387 5797 3625 5849 matronis
3652 5799 3962 5849 erubescet»-
