4238 6262
322 374 448 440 133

1261 386 1350 444 AC
1389 380 1733 446 DOCTRINA
1771 382 2208 447 SCRIPTORUM
2246 387 2739 455 TERTULLIANI.

3524 401 3630 463 134

324 498 471 555 socii
496 495 804 555 orthodoxae
822 494 1106 558 Ecclesiae.
1134 497 1576 575 Igitur‘apparet,
1603 501 1843 561 libellum
1865 502 1932 559 de
1961 504 2014 564 Α
2040 504 2251 596 veritati
2279 518 2698 566 consentaneum
2725 469 2896 569 videri
2923 511 3053 572 illud
3073 557 3089 584 ,
3130 516 3274 590 quod
3314 517 3630 596 Searpiacen

328 587 486 662 Fuga
517 591 728 647 demum
758 600 884 663 post
910 593 948 649 Α
976 588 1151 650 CCl.a
1175 590 1495 652 Tertulliano
1524 599 1723 654 editum
1748 598 1932 655 fuisse.

328 682 514 752 Atque
550 697 652 753 ego
684 684 866 739 nullus
901 685 1088 740 dubito
1126 701 1248 742 eum
1281 688 1477 743 librum
1519 706 1660 743 anno
1690 691 1930 761 sequenti

326 773 634 832 vindicare.
670 776 933 848 Equidem
964 779 1061 834 ista
1094 780 1313 835 lenitate
1349 797 1410 836 ac
1441 781 1698 837 modestia
1728 781 1933 838 Tertul-

331 867 464 922 liani
492 884 594 924 non
627 879 750 925 utar
771 912 786 935 ,
809 885 928 941 qua:
969 871 1144 927 notari
1186 881 1426 928 meretur
1453 873 1504 928 iu
1536 874 1672 928 libro
1692 916 1707 941 ,
1739 876 1791 929 in
1823 890 1930 946 quo

324 962 685 1032 quaestionem
712 964 865 1034 ponit
884 1006 899 1029 ,
928 980 1048 1041 qua:
1077 964 1431 1022 Mnutanistas
1458 969 1742 1037 separabat
1769 983 1800 1024 a
1826 984 1929 1041 pu-

322 1052 462 1108 riori
490 1053 754 1119 Ecclesia,
772 1054 969 1125 quibus
986 1065 1167 1112 tamen
1193 1072 1315 1112 eum
1338 1066 1448 1113 tum
1474 1058 1641 1115 fuisse
1656 1058 1927 1115 addictum

322 1156 490 1201 nemo
518 1146 786 1202 dubitabit
811 1146 890 1220 (1)
915 1164 930 1213 ;
962 1148 1145 1205 dicere
1170 1154 1315 1205 enim
1339 1152 1458 1221 quis
1484 1161 1696 1223 posset,
1727 1152 1931 1209 Tertqu

324 1235 521 1291 lienam
544 1278 559 1303 ,
586 1251 713 1293 cum
755 1238 821 1294 ad
857 1254 981 1295 eum
1010 1241 1109 1296 ista
1146 1240 1534 1311 perscriberet,
1573 1244 1664 1316 qui
1694 1244 1867 1300 stabat
1896 1259 1927 1301 a

323 1327 572 1398 partibus
592 1328 1045 1397 orthodoxomm,
1068 1344 1129 1388 se
1150 1332 1369 1402 quidem
1394 1342 1722 1404 temperasse
1751 1350 1781 1390 a
1808 1351 1928 1393 ver-

322 1416 418 1474 bis
456 1417 813 1477 durioribus?
838 1420 982 1478 Sane
1026 1424 1242 1494 gravius
1284 1424 1503 1496 aliquod
1551 1436 1924 1497 argumentum

322 1512 565 1583 positum
583 1520 668 1568 est
688 1514 744 1569 in
771 1529 835 1570 eo
856 1514 1023 1586 quod,
1045 1530 1165 1572 cum
1193 1526 1434 1575 nostrum
1456 1517 1694 1576 libellum
1716 1520 1923 1589 ederet,

316 1604 439 1676 jam
486 1607 718 1677 capisse
764 1607 1012 1677 quaedam
1064 1609 1324 1666 adversus
1366 1610 1688 1667 christianos
1725 1613 1922 1684 ﬂagitia

318 1694 553 1753 dixerit.
600 1697 671 1752 Ita
712 1700 852 1755 enim
899 1699 1152 1757 orditur:
1196 1700 1436 1770 Qua’sisti
1481 1704 1743 1773 proxime,
1794 1702 1926 1758 Fabi

324 1790 524 1860 frater,
586 1790 884 1861 fugiendum
948 1807 1107 1847 necne
1159 1793 1222 1848 sit
1276 1790 1330 1847 in
1366 1797 1740 1864 persecutione,
1788 1795 1923 1865 quod

2038 606 2180 650 anno
2218 595 2433 653 demum
2460 598 2684 656 CCVIII.
2720 613 2813 657 aut
2853 614 3035 674 postea
3068 607 3322 668 ediderit.
3363 614 3469 670 Sed
3505 632 3627 674 cum

2036 697 2251 756 semper
2290 691 2596 759 requiram,
2654 694 2779 763 quid
2830 696 2900 749 sit
2954 698 3004 751 in
3045 715 3258 771 quaque
3295 719 3355 759 re
3393 710 3627 766 maxime
3662 709 3667 715 ’

1992 831 1999 838 ,
2035 776 2342 846 probabile,
2375 779 2478 836 hoc
2500 782 2553 835 iu
2583 795 2901 854 argumento
2929 799 3125 858 quanta
3154 793 3234 847 vis
3263 794 3383 850 insit
3404 838 3417 859 .
3455 799 3630 866 placet

2034 868 2266 936 quodam
2293 870 2453 926 modo
2478 876 2803 944 expendere.
2836 878 2966 932 Cum
3000 879 3343 939 Tertullianns
3368 889 3626 945 adversus

2036 960 2352 1018 Mareionem
2381 964 2574 1021 librum
2601 969 2828 1035 primum
2851 1012 2865 1036 ,
2897 986 3057 1042 quem
3086 980 3431 1047 superstitem
3461 982 3626 1041 liabe-

2032 1066 2187 1122 mus,
2217 1067 2597 1128 componeret,
2638 1060 2745 1130 jam
2774 1062 2991 1132 quidem
3020 1065 3119 1133 ipsi
3146 1082 3205 1123 se
3229 1071 3514 1129 scribendo
3545 1076 3626 1132 bis

2031 1159 2379 1227 opposuerat,
2408 1150 2501 1205 sed
2532 1156 2690 1208 unam
2719 1153 2906 1211 harum
2928 1164 3440 1220 commentationum
3458 1208 3473 1233 ,
3500 1182 3622 1224 eum

2032 1246 2221 1309 postea
2248 1240 2543 1310 pleniorem
2565 1243 2633 1301 de
2659 1261 2721 1301 ea
2745 1263 2805 1301 re
2834 1246 3252 1319 disputationem
3280 1254 3621 1327 instituisset,

2032 1330 2289 1399 rescidit,
2320 1332 2542 1390 alteram
2583 1338 2762 1393 amisit
2802 1339 2989 1405 fraude
3017 1343 3298 1413 cujusdam
3320 1390 3334 1415 ,
3379 1351 3467 1419 qui
3500 1362 3623 1409 eam

2029 1423 2356 1496 descriptam
2384 1442 2506 1483 cum
2548 1429 2667 1485 aliis
2707 1433 3213 1494 communicaverat.
3244 1439 3415 1511 Hujus
3436 1444 3623 1501 damni

2028 1518 2354 1573 resarcicndi
2371 1534 2532 1575 causa
2549 1536 2643 1577 eos
2669 1540 2808 1578 nunc
2829 1526 3086 1583 adversus
3121 1530 3432 1589 Marcionem
3453 1536 3620 1594 libros

2026 1611 2344 1678 superstites
2367 1612 2681 1680 elaboravit,
2702 1626 2754 1671 et
2782 1619 3013 1687 primum
3035 1623 3249 1692 quidem
3272 1642 3415 1683 anno
3438 1629 3615 1687 Seueri

2026 1696 2171 1770 Imp.
2202 1699 2319 1757 XV.
2342 1744 2356 1770 ,
2388 1711 2446 1758 ut
2473 1704 2589 1776 ipse
2620 1706 2814 1764 fatetur
2840 1710 2892 1765 iu
2923 1725 2991 1767 eo
3017 1714 3154 1769 libro
3182 1714 3254 1789 (c.
3284 1719 3399 1791 15.)
3428 1722 3482 1777 in
3510 1740 3618 1793 quo

2028 1791 2099 1847 de
2124 1795 2208 1860 iis,
2232 1810 2351 1865 qua:
2376 1797 2536 1852 modo
2554 1798 2811 1869 diximus,
2835 1807 3082 1874 exposuit
3106 1810 3183 1878 (c.
3211 1809 3309 1883 l.).
3340 1814 3470 1880 Qua:
3497 1791 3618 1873 cum

312 1881 493 1935 nescio
530 1882 655 1951 quid
687 1885 1092 1939 annuntiaretar.
1118 1882 1192 1940 Et
1228 1887 1389 1956 paulo
1415 1899 1537 1957 post
1566 1905 1577 1940 :
1609 1888 1741 1941 hanc
1765 1900 1922 1942 nmtc-
1951 1866 1999 1927 Β
2028 1887 2209 1941 animo
2230 1890 2482 1959 cogitem,
2509 1893 2730 1949 dubium
2764 1896 3004 1966 profecto
3033 1866 3465 1971 videtur,lutrum
3488 1906 3620 1964 Ter-

314 1974 457 2028 riant
485 1985 529 2028 et
563 1983 649 2028 tua
677 1965 981 2032 consultatio
1011 1980 1380 2033 commendavit
1404 1988 1452 2033 et
1477 1980 1701 2035 conditio
1731 1991 1923 2052 tempo-

316 2082 445 2120 rum
464 2082 563 2141 suo
576 2068 687 2138 jam
714 2070 919 2124 nomine
943 2069 1425 2141 injunxit.'Quanto
1450 2073 1582 2126 enim
1611 2072 1924 2144 frequentio-

314 2173 412 2212 res
426 2160 682 2213 imminent
704 2163 1092 2231 persecutiones,
1109 2172 1250 2217 tanta
1269 2165 1576 2220 examinatio
1596 2169 1920 2237 procuranda

316 2259 409 2305 ἐει
435 2292 450 2313 ,
492 2253 731 2319 queinodo
804 2271 887 2309 eas
934 2256 1162 2325 accipere
1208 2257 1336 2326 fides
1383 2258 1577 2313 debeat.
1640 2258 1914 2332 Denique:

324 2341 465 2398 Hec
487 2346 630 2413 palen
657 2347 766 2413 illa,
800 2363 912 2418 quae
961 2357 1008 2402 et
1055 2364 1189 2403 nunc
1237 2349 1545 2405 dominicam
1572 2366 1743 2405 aream
1795 2369 1921 2424 pur-

203 2433 211 2439 ’
316 2446 429 2509 gat,
448 2436 727 2494 Ecclesium
749 2441 961 2507 scilicet,
980 2446 1247 2514 confusum
1267 2458 1498 2498 acervum
1520 2443 1749 2514 ﬁdelium
1767 2462 1917 2504 even-

314 2531 496 2593 (ἥσθη,
522 2533 832 2597 frumentum
856 2544 1161 2606 martyrum,
1187 2545 1239 2592 et
1265 2536 1438 2605 paleas
1462 2547 1782 2609 negaturum.
1810 2539 1918 2598 Sed

312 2636 568 2694 quartam
594 2624 684 2679 hic
702 2624 1054 2697 intelligenda
1082 2626 1153 2682 sit
1178 2627 1487 2684 christiana:
1508 2627 1729 2686 familiae
1754 2646 1919 2688 vexa-

316 2716 420 2782 tio,
451 2719 726 2774 neminem
756 2716 942 2790 lugere
970 2728 1178 2791 potest,
1209 2722 1299 2792 qui
1318 2722 1654 2791 superiorem
1673 2722 1821 2780 illam
1849 2727 1911 2781 A.

307 2807 572 2864 CXCVII.
600 2852 617 2878 ,
650 2812 1008 2880 posteriorem
1040 2816 1106 2868 Α.
1132 2812 1288 2869 CCII.
1316 2816 1603 2886 contigisse
1623 2858 1639 2884 ,
1670 2828 1914 2875 nostrum

310 2913 447 2956 vero
470 2901 716 2958 libellum
744 2916 865 2975 post
886 2904 1171 2975 opiniones
1192 2904 1631 2963 Montanistarum
1657 2924 1687 2964 a
1709 2907 1916 2966 Tertqu

304 2992 467 3047 lianc
496 3006 773 3066 susceptas
812 2997 1073 3066 scriptum
1103 3013 1224 3054 esse
1251 2998 1711 3056 animadverterit.
1754 3002 1917 3074 Igitur

2028 1978 2276 2034 tullianus
2312 1980 2364 2034 iu
2397 1980 2534 2036 libro
2558 2024 2573 2049 ,
2603 1999 2760 2054 quem
2800 1986 3111 2060 Scorpiacen
3150 1996 3476 2065 appellavit,
3522 2015 3617 2055 eos

2025 2071 2324 2138 resmxerit
2365 2072 2625 2131 adversus
2654 2092 2776 2133 eum
2815 2079 3013 2150 libros,
3038 2084 3131 2152 qui
3171 2085 3237 2140 ad
3277 2098 3488 2145 astatem
3521 2106 3618 2146 no-

2022 2171 2189 2215 stram
2212 2175 2320 2217 non
2345 2177 2728 2237 pervenerunt,
2753 2176 2820 2225 an
2847 2185 2942 2227 eos
2967 2174 3169 2244 potius,
3191 2190 3328 2248 quos
3351 2183 3616 2253 supersti-

2024 2260 2108 2308 tes
2126 2266 2248 2310 esse
2262 2257 2543 2325 novimus;
2574 2269 2732 2316 erant
2754 2263 2901 2320 enim
2928 2264 3011 2321 illi
3028 2267 3273 2338 ejusdem
3290 2275 3612 2343 argumenti.

2021 2342 2279 2439 damage
2317 2361 2424 2403 non
2462 2349 2707 2421 disputo,
2745 2355 2875 2426 quid
2914 2357 2992 2412 sit
3031 2373 3102 2439 ex
3145 2360 3228 2416 bis
3273 2342 3610 2435 eligendum;

2020 2437 2165 2508 quod
2190 2440 2469 2511 apparebit
2491 2456 2591 2499 suo
2622 2443 2745 2501 loco
2770 2463 2786 2513 ;
2825 2446 2922 2504 sed
2951 2448 3003 2505 id
3029 2437 3244 2522 quidem
3274 2456 3617 2515 manifestum

2023 2542 2143 2586 esse
2170 2544 2360 2588 omnes
2382 2532 2600 2604 vident,
2628 2536 2774 2618 quod
2798 2537 2958 2595 dubia
2986 2542 3058 2598 sit
3082 2542 3183 2600 ista
3205 2551 3614 2618 argumentandi

2020 2622 2164 2680 ratio
2186 2638 2376 2682 eorum
2402 2668 2418 2695 ,
2443 2629 2536 2699 qui
2564 2616 2724 2686 secus
2756 2633 3034 2704 sentiunt,
3074 2645 3133 2692 et
3164 2616 3349 2709 parum
3381 2642 3615 2713 praesidii

2018 2714 2262 2772 inveniat
2300 2722 2352 2773 in
2380 2730 2702 2791 argumento
2722 2738 2826 2793 eo,
2860 2726 3006 2797 quod
3042 2743 3110 2785 ex
3152 2729 3287 2788 facta
3326 2733 3428 2789 ista
3456 2748 3611 2792 com-

2019 2814 2411 2871 memoratione
2456 2828 2642 2887 posset
2693 2819 2761 2875 ad
2810 2820 3006 2878 librum
3055 2838 3199 2880 anno
3251 2824 3478 2883 CCVIll.
3521 2838 3614 2887 aut

2018 2905 2370 2972 sequentibus
2410 2908 2791 2967 vindicandum
2828 2912 2972 2969 duci.
3012 2913 3197 2987 Neque
3236 2918 3447 2985 obstat,
3478 2934 3613 2991 quo-

2015 2995 2199 3052 minus
2226 2997 2328 3052 ista
2367 2999 2436 3056 de
2474 3017 2538 3057 re
2572 3000 2917 3074 dubitemus,
2957 3004 3264 3075 Hoﬂ'manni
3306 3015 3609 3082 responsio,

310 3084 387 3141 ad
416 3088 578 3142 linem
606 3088 720 3145 fere
743 3090 811 3145 A.
836 3086 989 3145 CCII.
1018 3090 1215 3146 editam
1236 3106 1359 3147 esse
1389 3091 1524 3149 hanc
1549 3092 1616 3149 de
1642 3092 1787 3166 Fuga
1808 3094 1917 3151 dis-
2003 3105 2122 3162 qua
2157 3092 2535 3151 Tillemontium
2561 3097 2647 3155 hic
2686 3099 2985 3172 prudenter
3015 3102 3348 3160 btesitantem
3376 3108 3609 3176 excepit.

304 3182 652 3249 putationem
683 3180 915 3238 dicimus
958 3182 1196 3239 maxime
1241 3194 1524 3256 propterea
1547 3229 1560 3254 ,
1592 3188 1735 3258 quod
1773 3202 1915 3243 anno

304 3273 616 3343 incipiente
653 3274 871 3331 Seuerus
911 3275 1089 3333 adhuc
1131 3279 1291 3334 fuerit
1340 3280 1393 3334 in
1435 3278 1587 3352 Syria
1628 3290 1908 3347 versatus;
1942 3273 1960 3310 ²

306 3365 477 3420 unde
500 3368 589 3420 vix
606 3366 702 3423 diei
726 3378 901 3439 potest
918 3381 1043 3427 ante
1067 3371 1362 3428 confectam
1391 3373 1621 3430 mediam
1645 3374 1761 3443 ejus
1784 3374 1909 3429 anni

310 3466 543 3529 partem
564 3469 709 3513 suam
736 3460 989 3518 adversus
1014 3460 1334 3519 christianos
1358 3462 1529 3536 legem
1558 3465 1768 3521 tulisse.
1868 3522 1902 3553 1.,

309 3591 348 3666 ς
377 3591 439 3647 8.
485 3618 554 3634 -
593 3592 929 3655 Examinatur
974 3602 1244 3673 popularis
1268 3605 1514 3659 sententia
1529 3604 1593 3660 de
1611 3605 1740 3660 libro
1758 3605 1912 3663 Scan-

386 3686 547 3755 piace
585 3687 726 3745 libris
766 3689 1074 3748 Tertulliani
1120 3695 1191 3749 ad
1233 3694 1551 3752 Marcionem
1601 3703 1908 3768 posteriore.

386 3776 550 3847 deque
569 3779 682 3848 ejus
703 3780 945 3839 adversus
968 3785 1103 3841 hunc
1127 3785 1271 3841 libris
1294 3787 1573 3858 deperditis
1592 3790 1905 3862 disputatur.

390 3908 543 3969 Nunc
574 3916 888 3973 accedimus
929 3919 997 3975 ad
1027 3919 1333 3979 Tertulliani
1362 3904 1675 3998 Searpiacen
1694 3968 1709 3994 ,
1751 3943 1911 4000 quam

302 4007 533 4079 quidem
557 4024 701 4068 anno
721 4010 902 4069 CCIV.
928 4028 1173 4074 asserere
1199 4017 1421 4089 ejusque
1442 4020 1721 4077 sententiae
1749 4023 1913 4079 ratio-

298 4116 438 4171 nem
472 4103 708 4162 reddere
744 4105 1100 4165 decrevimus.
1142 4110 1295 4180 Quod
1324 4127 1461 4184 opus
1485 4128 1606 4169 cum
1633 4116 1912 4187 aggredia-

294 4206 437 4250 mur
456 4237 473 4263 ,
500 4210 613 4252 non
636 4197 941 4257 dubitamus
966 4199 1083 4258 lore
1114 4202 1398 4275 plerosque
1416 4248 1429 4271 ,
1474 4207 1562 4279 qui
1590 4206 1749 4263 istam
1778 4223 1909 4265 sen-

300 4289 542 4344 tentiam
592 4300 833 4348 nostram
881 4295 1101 4352 minime
1155 4296 1477 4355 audiendam
1533 4312 1655 4358 esse
1707 4301 1906 4359 dicant.

302 4380 529 4439 Etenim
562 4393 668 4440 stat
710 4386 824 4443 fere
849 4391 1132 4458 omnibus,
1168 4407 1304 4465 quos
1332 4393 1431 4449 ism
1473 4393 1541 4450 de
1568 4382 1628 4451 re
1662 4396 1911 4451 novimus

304 4474 686 4544 disputantes,
716 4477 1037 4551 Scorpiaeeu
1069 4480 1374 4540 Tertulliani
1404 4500 1530 4543 esse
1556 4488 1907 4561 perscriptum

2025 3200 2045 3235 ι
2067 3182 2330 3253 Primum,
2357 3187 2546 3258 inquit,
2568 3187 2700 3245 diss.
2728 3191 2820 3246 cit.
2850 3190 2987 3261 δη.
3016 3206 3070 3262 p.
3118 3193 3211 3249 14.
3239 3196 3559 3265 opusculum
3588 3238 3605 3265 ,

2021 3282 2078 3330 ut
2104 3274 2265 3341 exile,
2294 3276 2411 3348 ipse
2438 3280 2771 3350 suppressit,
2802 3281 3031 3337 alterum
3057 3283 3226 3340 invito
3258 3283 3605 3355 Tertulliano,

2010 3378 2138 3420 cum
2167 3366 2343 3424 adhuc
2370 3367 2503 3424 rude
2532 3365 2650 3427 'nee
2685 3372 2815 3427 satis
2852 3374 3179 3430 exasciatum
3206 3386 3350 3432 esset
3371 3420 3386 3445 ,
3421 3377 3607 3435 fraude

2009 3456 2238 3512 alterius
2266 3457 2536 3531 vulgatum
2557 3504 2573 3525 ,
2604 3477 2704 3518 nec
2745 3477 2772 3517 a
2808 3463 3059 3535 Septimio
3087 3466 3323 3536 agnitum
3350 3477 3464 3534 est;
3499 3477 3609 3526 ter-

2012 3550 2149 3605 tium
2186 3564 2297 3608 non
2328 3562 2496 3610 extat.
2524 3554 2642 3611 lam
2676 3570 2796 3612 cum
2825 3558 2912 3613 vix
2952 3561 3245 3620 verisimile
3274 3564 3376 3630 sit,
3412 3581 3609 3635 proro-

2006 3656 2168 3700 casse
2191 3641 2569 3702 Tertullianum
2590 3648 2656 3704 ad
2679 3664 2794 3704 eam
2818 3654 3200 3709 controversiae
3222 3657 3607 3716 marcionitica:

2012 3736 2391 3794 tractationem
2416 3781 2431 3807 ,
2472 3754 2633 3813 quam
2675 3742 2789 3812 ipse
2841 3746 3145 3815 suppressit
3188 3746 3276 3804 vel
3333 3764 3606 3822 nunquam

2014 3829 2252 3900 agnovit,
2282 3840 2568 3901 superest,
2600 3843 2658 3888 ut
2682 3834 3050 3907 intelligantur
3079 3836 3221 3906 libri,
3253 3840 3344 3912 qui
3370 3856 3515 3899 nunc
3552 3844 3606 3900 in

2010 3921 2265 3978 manibus
2292 3925 2496 3980 nostris
2522 3934 2665 3982 sunt.
2691 3945 2712 3980 ι
2755 3928 2933 3999 Atque
2960 3927 3049 3985 hic
3076 3931 3293 4001 quidem
3320 3948 3428 3990 non
3461 3935 3610 3993 lubet

2012 4012 2200 4069 multis
2242 4024 2437 4071 notare
2477 4029 2577 4083 ea,
2624 4032 2742 4088 quae.
2780 4016 2851 4075 de
2890 4024 3059 4095 altera
3102 4023 3260 4079 istius
3306 4030 3606 4098 argumenti

2009 4107 2469 4163 commentatione
2495 4105 2841 4176 Hoﬂ'mannns
2867 4127 2974 4168 nou
3001 4114 3135 4171 satis
3155 4127 3404 4175 accurate
3427 4120 3610 4193 dispu-

2017 4209 2113 4267 tat,
2134 4201 2289 4272 quasi
2311 4216 2396 4268 ea,
2420 4218 2542 4259 cum
2565 4204 2837 4273 ederetur,
2858 4222 2957 4264 nec
2976 4209 3111 4266 satis
3130 4210 3401 4269 elaborata
3426 4215 3607 4284 fuerit,

2012 4306 2114 4348 nec
2140 4308 2170 4348 a
2194 4292 2449 4365 Septimio
2477 4297 2677 4367 agnita.
2698 4296 2814 4354 Hoc
2838 4308 2985 4357 certe
3010 4317 3117 4359 non
3136 4305 3311 4377 capio,
3339 4309 3609 4380 quomodo

2010 4386 2189 4456 possit
2209 4384 2260 4440 id
2284 4401 2315 4441 e
2332 4385 2639 4442 Tertulliani
2660 4390 2839 4445 verbis
2852 4390 3103 4466 intelligi.
3124 4397 3213 4467 qui
3240 4396 3372 4454 hanc
3388 4416 3605 4472 quoque,

2012 4475 2188 4548 inquit
2207 4518 2221 4545 ,
2253 4477 2483 4532 nondum
2507 4480 2834 4549 eatentplariis
2861 4482 3127 4551 sttlfectam
3148 4486 3227 4557 (li.
3257 4504 3336 4555 e.,
3366 4490 3604 4546 nondum

314 4574 454 4638 post
488 4566 657 4624 ωίιοε
684 4569 902 4627 demum
935 4572 1100 4628 ιίιη-ος
1121 4615 1136 4639 ,
1176 4576 1268 4644 qui
1311 4575 1569 4634 mw
1599 4578 1913 4636 11mm
1936 4594 1990 4656 Β
2012 4568 2257 4639 pluribus
2282 4568 2558 4640 codicibus
2580 4569 3059 4648 deseriptam),sed
3084 4594 3184 4631 nne
3214 4588 3408 4634 tantum
3439 4579 3606 4651 (quod

317 4663 524 4712 nostro
549 4658 721 4716 adhuc
751 4670 991 4733 tempore
1018 4663 1306 4722 habentur.
1344 4665 1511 4738 quue
1534 4668 1782 4726 videntur
1808 4671 1911 4727 sibi

322 4755 393 4806 ut
433 4752 803 4823 pmscriptum
838 4764 894 4811 et
935 4756 1087 4826 quasi
1128 4757 1445 4828 imperatum
1476 4759 1766 4818 defendere
1794 4777 1914 4818 eam

319 4841 404 4898 ob
429 4857 698 4912 caussam,
728 4846 868 4917 quod
898 4847 951 4903 in
975 4850 1158 4921 quinta
1182 4849 1483 4921 Scorpiaces
1509 4853 1750 4910 sectione
1779 4854 1917 4911 Mar-

320 4937 562 4993 cionitas
585 4939 661 4994 ait
686 4940 940 4999 didicisse
967 4957 996 4997 a
1023 4958 1084 5000 se
1096 4983 1119 5013 η,
1149 4944 1318 5000 Deum
1350 4959 1502 5001 suum
1530 4960 1651 5004 esse
1690 4946 1911 5017 bonum,

316 5044 486 5101 quam
511 5031 627 5087 rem'
645 5042 791 5088 certe
816 5034 869 5107 in
891 5035 1067 5105 primo
1091 5036 1368 5108 alteroque
1388 5047 1574 5094 contra
1598 5036 1914 5095 Marcionem

314 5119 470 5177 libro
495 5138 561 5177 ex
593 5124 837 5180 instituto
861 5125 1174 5197 diSputavit.
1221 5131 1394 5200 Atque
1425 5146 1526 5201 ego
1554 5146 1659 5187 non
1688 5131 1908 5202 ignoro,

312 5208 498 5269 libros
517 5214 777 5279 adversus
794 5215 1127 5285 Marcionem,
1144 5221 1373 5291 primum
1395 5223 1606 5292 saltem,
1624 5224 1692 5299 A.
1708 5224 1790 5281 CC
1800 5224 1909 5281 \‘Il.

198 5300 223 5311 ⁸
310 5312 421 5359 aut
443 5302 671 5362 CCVIII.
701 5308 909 5364 editum
938 5325 968 5365 a
1001 5308 1318 5368 Tertulliano
1350 5312 1515 5371 fuisse
1536 5357 1551 5385 ,
1600 5315 1827 5389 ideoque
1858 5325 1913 5373 et

372 5476 448 5547 (1)
480 5479 790 5550 Argumento
845 5499 959 5550 esse
1012 5491 1177 5550 potest
1211 5487 1455 5541 Paracleti
1507 5490 1910 5546 lontanistarum

290 5549 724 5618 Quaesierqu
745 5549 1031 5618 quemdicit
1058 5563 1156 5600 nou
1179 5553 1330 5618 recita
1346 5554 1503 5618 abiis,
1520 5556 1583 5618 ad
1608 5569 1732 5618 quos
1755 5562 1908 5608 l'rater

292 5603 912 5684 gle‘pertioebst,’_eui
979 5610 1197 5684 librumJ
1216 5603 1465 5684 inscripsit
1486 5603 1525 5684 ί(
1553 5632 1597 5667 c.
1617 5603 1699 5684 fl:

297 5669 712 5746 [ἓξὶςζφθςεε
746 5669 1045 5746 ἐπιλείπῃ-μί
1085 5669 1417 5737 testimonioin
1614 5669 1788 5746 (quid

478 5729 597 5800 illi!
622 5732 670 5782 iu
707 5735 1087 5800 sacro_codiee_
1121 5734 1216 5786 non
1255 5747 1508 5800 occurrat,
1567 5729 1695 5790 haud
1720 5729 1732 5742 ’
1758 5729 1912 5793 dubié

908 5805 1018 5864 est;
1057 5797 1124 5852 de
1158 5812 1259 5863 quo
1297 5790 1610 5866 m,c.1.
1661 5808 1715 5856 et
1757 5790 1908 5859 c.7174.

2014 4659 2064 4715 is
2088 4661 2341 4731 abstulit)
2366 4663 2551 4733 fraude
2574 4672 2697 4717 tunc
2724 4667 2902 4736 fratris
2922 4708 2937 4727 .
2966 4666 3147 4721 dehinc
3172 4680 3417 4740 apostata:
3436 4673 3607 4737 mnisi,

2015 4754 2107 4824 qui
2133 4756 2260 4825 {Mle
2285 4754 2620 4826 descripserat
2643 4758 2882 4825 quadarn
2900 4760 3286 4814 mendosissinte
3304 4771 3353 4816 et
3380 4763 3610 4820 exhibuit

2014 4847 2332 4916 frequentic.
2372 4847 2563 4904 Omnia
2591 4862 2736 4906 nunc
2764 4849 2833 4905 ab
2862 4847 3179 4916 ﬂoﬁ'ntanno
3221 4854 3434 4911 tametsi
3462 4864 3609 4914 recte

2014 4936 2156 4993 dicta
2178 4937 2452 5005 dederim;
2482 4949 2686 5009 tamen,
2700 4940 2746 4998 si
2766 4943 2820 4997 in
2842 4941 2960 5012 ejus
2974 4951 3289 5014 argtuueuto
3306 4961 3371 5003 ea
3396 4959 3610 5022 sumpta

2014 5038 2172 5097 sunt,
2213 5046 2336 5102 qua:
2376 5031 2595 5089 detnum
2635 5033 2886 5090 concludi
2922 5034 3227 5104 (tollebant,
3267 5054 3432 5098 omne
3476 5041 3610 5098 illud

2014 5134 2392 5196 assumendus:
2438 5126 2572 5183 nihil
2612 5126 2832 5186 efﬁcere
2869 5144 3032 5187 nemo
3071 5134 3308 5205 negabit.
3359 5135 3523 5205 Igitur
3560 5135 3608 5191 si

2012 5216 2116 5272 ista
2428 5217 2496 5275 de
2522 5219 2696 5286 libris,
2726 5221 2816 5292 qui
2839 5234 3149 5294 supersunt,
3178 5226 3435 5282 adversus
3462 5223 3609 5280 Mar-

2017 5308 2232 5374 cionem,
2254 5308 2530 5380 Scorpiaee
2545 5312 2929 5381 superioribus,
2950 5325 3074 5369 ante
3096 5315 3345 5371 volumus
3366 5315 3606 5371 adstricti

2012 5401 2208 5469 teneri,
2230 5415 2391 5473 quam
2416 5401 2545 5472 quid
2568 5405 2671 5458 hac
2696 5404 2748 5460 in
2775 5418 2837 5463 re
2860 5407 3222 5461 rectissimum
3248 5409 3322 5462 sit
3343 5409 3607 5478 judicavi-

2012 5509 2153 5559 mus,
2183 5495 2319 5550 haud
2341 5496 2634 5551 verisimile
2654 5496 2706 5552 id
2729 5512 2851 5555 esse
2869 5498 3061 5564 fateor,
3088 5498 3233 5570 quod
3262 5499 3604 5558 Tertullianus

2008 5587 2242 5655 aliquem
2274 5582 2468 5641 librum
2498 5583 2844 5658 suppressum
2888 5591 2974 5646 vel
3018 5592 3256 5663 agnitum
3308 5609 3597 5665 nunquam,

2012 5678 2067 5735 in
2100 5679 2375 5750 Scorpiace
2415 5680 2731 5739 laudaverit.
2780 5683 2889 5739 Sed
2914 5685 3056 5741 istud
3088 5687 3176 5742 Iac
3207 5687 3444 5743 nondum
3480 5702 3606 5744 esse

2008 5771 2344 5842 explorawm
2368 5810 2385 5839 ,
2425 5779 2485 5826 ut
2524 5781 2610 5828 est
2634 5787 2768 5831 vere
2794 5818 2808 5841 ,
2848 5776 3093 5850 adeoque
3135 5778 3272 5836 torte
3310 5790 3438 5836 ante
3478 5780 3605 5837 illos

2008 5865 2263 5937 scriptam
2288 5861 2602 5937 δωρείσθω
2627 5880 2785 5938 esse;
2815 5869 2982 5929 citare
3006 5871 3240 5947 primum
3269 5872 3609 5951 alterumque
