4242 6264
647 378 754 435 I35

1753 363 2198 425 DISSERTATIO
2240 367 2328 425 DE
2367 366 2549 426 VERA
2593 366 2846 426 ΑΕΤΑΤΕ

3840 368 3948 447 tae

648 497 900 552 volumen
935 498 1118 549 contra
1165 487 1480 543 Marcionem
1501 529 1516 550 ,
1545 501 1687 542 nunc
1714 486 1968 540 amissum
2001 483 2238 554 quidem.
2273 487 2324 546 Α
2354 483 2474 539 loco
2497 483 2624 540 hbet
2651 483 2902 539 admirari
2933 491 3012 540 tot
3031 476 3461 540 doctissimorum
3486 480 3723 538 virorum
3753 482 3946 542 levita.

651 588 781 644 satis
807 590 1088 641 commode
1117 582 1323 652 potuit;
1366 579 1595 650 primum
1625 579 1768 633 enim
1797 577 2114 647 opusculum
2135 618 2150 642 ,
2184 585 2241 630 ttt

650 682 725 736 ait
752 680 864 750 ipse
889 675 1257 734 Tertullianus,
1285 672 1500 728 demum
1532 672 1759 742 pleniore
1788 680 1958 738 postea
1991 670 2241 738 composi-

650 773 786 828 tione
807 769 1030 834 rescidit,
1051 777 1104 823 et
1130 768 1283 822 citari
1310 765 1360 820 id
1381 765 1596 837 quidem
1628 772 1858 834 poterat,
1880 777 2001 816 cum
2025 776 2246 815 accura-

653 863 778 918 tiori
806 861 1050 916 oratione
1077 859 1312 914 nondum
1345 858 1458 912 haec
1491 865 1800 925 persecutus
1826 853 2036 908 fuisset.
2069 853 2238 919 Quam

651 953 722 1008 ob
751 969 863 1009 rem
894 951 946 1007 itt
977 955 1080 1007 isto
1121 949 1426 1016 IIo/Tmanni
1453 957 1768 1018 argumento
1799 947 1882 1002 vel
1906 961 1968 1000 ea
1988 946 2096 1016 jam
2125 955 2242 999 tau-

651 1063 808 1120 quam
837 1062 960 1102 vera
981 1057 1286 1109 sumuntur,
1309 1058 1428 1114 quae
1454 1043 1612 1113 plane
1634 1042 1829 1096 suntin
1851 1041 2238 1106 Controversia,

648 1141 734 1196 Vel
767 1141 1104 1210 relinquatur
1147 1139 1198 1192 in
1242 1136 1419 1200 medio
1463 1133 1845 1205 potius-Quod
1889 1131 1934 1188 si
1963 1131 2090 1186 illud
2125 1139 2238 1196 est,

652 1247 782 1290 sane
806 1232 923 1301 ejus
950 1238 1322 1301 argumentttm
1354 1227 1493 1283 redit
1524 1227 1574 1281 in
1608 1225 1824 1286 orbem;
1862 1225 1944 1277 sin
1979 1223 2108 1287 hoc,
2141 1237 2240 1277 no-

651 1335 764 1380 su'a
795 1323 1011 1394 quidem
1039 1321 1301 1377 sententia
1335 1337 1439 1375 non
1463 1328 1543 1374 est
1567 1319 1788 1374 inferior
1811 1315 2236 1383 IIo/fmanniana.

650 1417 760 1474 Sed
783 1460 798 1484 ,
833 1425 1036 1472 remota
1078 1414 1178 1470 hac
1207 1413 1519 1469 dillicultate
1541 1451 1555 1476 ,
1589 1426 1708 1480 qua:
1745 1408 1918 1464 fraudi
1944 1409 2099 1463 nobis
2121 1423 2242 1464 esse

650 1489 901 1583 poterat,
930 1509 1142 1578 scriptae
1169 1506 1484 1576 Scorpiaccs
1531 1512 1744 1560 mtatem
1781 1517 1923 1559 nunc
1971 1517 2067 1573 age
2107 1501 2242 1557 deli-

651 1605 884 1660 niamus.
2093 1589 2102 1598 ’

651 1696 753 1770 εξ).
802 1727 873 1736 --
911 1694 1222 1765 Scorpiacen
1248 1693 1311 1747 A.
1337 1690 1445 1746 CCI
1465 1689 1526 1745 V.
1556 1690 1798 1761 scriptam
1822 1706 1928 1744 esse
1953 1689 2238 1759 conﬁcitur.

723 1789 856 1845 Cum
884 1786 1262 1849 Tertullianus,
1293 1801 1412 1856 qum
1450 1783 1518 1839 de
1559 1783 1800 1854 martyrii
1842 1781 2100 1853 dignitate
2126 1781 2240 1836 dis-

651 1894 840 1955 putare
882 1883 934 1936 in
979 1881 1074 1935 ista
1108 1878 1384 1948 Scorpiace
1413 1875 1644 1939 volebat,
1669 1877 1721 1928 in
1751 1875 1955 1929 litteras
1985 1873 2240 1940 referret;

650 1985 800 2031 erant
829 1974 1054 2029 deorum
1075 1976 1312 2027 cultores
1333 1971 1385 2024 in
1408 1968 1718 2024 christianis
1745 1965 1982 2021 funditus
2001 1965 2246 2020 delendis

650 2069 935 2139 occupati;
972 2066 1114 2136 quod
1149 2065 1457 2119 universum
1489 2061 1646 2116 docet
1679 2070 2053 2128 argumentum
2088 2059 2246 2129 hujus

650 2160 817 2216 libelli
847 2160 911 2214 iis
935 2157 1202 2212 hmreticis
1225 2155 1456 2225 oppositi
1481 2195 1496 2216 ,
1529 2153 1617 2223 qui
1638 2193 1654 2220 ,
1687 2168 1802 2206 cum
1827 2151 1954 2220 ﬁdes
1983 2160 2244 2216 wstuaret,

573 2305 576 2308 .
651 2263 696 2307 et
730 2250 958 2305 Ecclesia
984 2249 1046 2303 de
1073 2249 1242 2320 ﬁgura
1284 2243 1396 2300 rubi
1425 2253 1753 2306 exureretur,
1800 2245 2077 2314 suscipere
2121 2257 2245 2314 pro—

653 2350 772 2413 pter
845 2339 1157 2410 religionem
1222 2338 1359 2392 mala
1423 2349 1576 2404 turpe
1653 2333 1910 2405 putabant
1972 2335 2064 2402 (c.
2121 2331 2241 2402 1.).

652 2431 968 2503 Ilujusmodi
1002 2431 1139 2488 mala
1179 2429 1289 2500 jam
1321 2435 1534 2498 oportet
1577 2427 1911 2482 atrocissima
1952 2425 2150 2490 luisse,
2189 2434 2247 2480 ut

650 2525 812 2580 verba
862 2522 1163 2578 Tertulliani
1205 2520 1523 2584 ostendunt,
1582 2533 1703 2590 quae
1769 2519 1820 2572 in
1875 2517 2065 2574 eadem
2121 2532 2242 2573 sec-

655 2615 804 2672 tione
852 2615 1067 2684 subjicit
1115 2633 1128 2670 ε
1178 2613 1240 2667 Et
1293 2628 1425 2667 nunc
1491 2611 1760 2682 praesentia
1809 2627 1978 2665 rerum
2030 2619 2103 2665 est
2169 2625 2248 2664 me

654 2709 771 2764 dius
821 2709 1012 2775 ardor,
1076 2708 1189 2778 ipsa
1253 2705 1488 2762 canicula
1536 2706 1930 2776 persecutionis,
2001 2705 2064 2760 ab
2135 2705 2248 2775 ipso

655 2802 846 2857 scilicet
891 2800 1254 2872 cynocephalo.
1295 2798 1437 2853 Alios
1479 2799 1645 2870 ignis,
1685 2798 1816 2854 alios
1845 2798 2076 2869 gladius,
2118 2799 2248 2852 alios

656 2892 827 2948 bestia:
851 2893 1153 2947 christianos
1183 2891 1518 2962 probauerunt
1541 2931 1555 2955 ,
1585 2900 1680 2945 etc.
1710 2894 1884 2961 Atque
1927 2891 2015 2945 hic
2045 2891 2248 2946 nullum

656 2994 740 3042 est
760 2984 1020 3052 dttbium,
1052 2985 1179 3054 quin
1225 2981 1565 3052 intelligenda
1613 2982 1683 3036 sit
1733 2983 1944 3037 vexatio
1989 2997 2084 3049 ea,
2131 2996 2251 3051 qua:

657 3084 780 3147 post
826 3075 999 3131 Severi
1047 3074 1280 3130 edictum
1320 3073 1736 3138 exardescebat;
1787 3073 2051 3142 siquidem
2111 3074 2253 3128 hunc

657 3167 855 3224 librum
895 3179 1014 3240 post
1037 3168 1184 3223 illum
1213 3167 1276 3221 de
1301 3167 1450 3239 Fuga
1477 3169 1528 3222 in
1557 3167 1898 3238 persecutione
1925 3169 2248 3238 composuit.

657 3258 898 3332 Namque
929 3259 1296 3316 Tertulliuuum
1342 3260 1584 3330 nuspiam
1637 3260 1864 3330 legimus
1911 3261 2253 3331 probantem,

657 3355 799 3425 quod
843 3353 976 3410 tales
1005 3365 1224 3424 propter
1249 3353 1557 3424 religionem
1588 3338 1918 3409 calamitates
1946 3353 2110 3410 Deum
2129 3370 2254 3412 auc-

663 3455 832 3502 torem
855 3459 1168 3518 agnoscant,
1197 3448 1297 3502 nisi
1330 3447 1383 3502 in
1405 3447 1508 3502 isto
1533 3447 1596 3501 de
1625 3446 1773 3519 Fuga
1798 3449 2002 3517 libello,
2030 3451 2254 3520 ejusque

660 3537 714 3594 in
743 3540 928 3609 primis
968 3541 1121 3595 tertia
1171 3540 1446 3605 sectione;
1477 3556 1579 3610 qua
1627 3550 1800 3611 tamen
1847 3542 1914 3597 de
1958 3559 2016 3597 re
2059 3557 2118 3596 se
2141 3543 2251 3611 jam

658 3614 824 3687 fuisse
865 3633 993 3688 olim
1039 3643 1454 3689 commentatum
1511 3635 1586 3688 ait
1628 3634 1678 3687 in
1709 3644 1894 3703 quarta
1954 3634 2254 3704 Scorpiaces

659 3723 916 3781 set-tione.
968 3723 1074 3780 Sed
1105 3766 1122 3790 ,
1177 3734 1235 3778 ut
1283 3725 1351 3779 de
1401 3735 1557 3779 mtatc
1633 3725 1790 3795 lmjus
1843 3727 1961 3781 libri
2019 3729 2255 3798 pressius

657 3814 874 3882 dicam,
922 3831 1144 3886 prorsus
1209 3830 1332 3871 eum
1391 3816 1637 3872 existimo
1686 3817 1951 3886 prodiisse
1979 3819 2042 3871 A.
2075 3816 2250 3886 CCIV.

662 3905 762 3962 Ubi
820 3907 1044 3975 primum
1096 3906 1224 3960 mihi
1267 3906 1368 3961 hoc
1405 3903 1724 3974 argumento
1765 3917 1867 3972 est,
1912 3907 2076 3977 quod,
2129 3924 2250 3964 cum

660 3997 907 4054 Eusebius
967 3999 1029 4053 II.
1082 3998 1142 4053 Ε.
1198 3997 1284 4053 VI.
1317 4013 1364 4052 c.
1429 3997 1951 4069 2.1id.Cantabrig.
2009 4015 2062 4070 p.
2121 3998 2248 4056 257.

659 4092 993 4146 calamitates
1017 4107 1045 4146 a
1077 4091 1265 4147 Severo
1302 4106 1508 4145 summa
1534 4094 1583 4144 vi
1610 4091 1914 4147 christianis
1941 4093 2113 4147 illatas
2134 4107 2254 4148 esse

659 4181 918 4248 dixisset,
947 4193 1001 4238 et
1027 4184 1097 4238 ita
1139 4183 1384 4254 quidem,
1416 4197 1473 4238 ut
1501 4183 1652 4237 tuulti
1671 4184 1781 4254 jam
1811 4171 2122 4241 Antichristi
2151 4186 2247 4241 ad-

661 4288 878 4330 ventum
919 4276 1435 4345 appropinquantem
1495 4286 1778 4347 putarent;
1822 4293 1994 4348 ueque
2030 4278 2075 4332 is
2114 4277 2249 4348 ipse,

661 4381 837 4438 neque
856 4369 974 4438 quis
999 4368 1138 4423 alius
1159 4371 1478 4439 scriptorum
1507 4381 1744 4424 vetermn
1771 4373 1870 4425 alia
1900 4372 2036 4428 mala
2061 4374 2253 4428 litteris

658 4461 1057 4532 consignaverit
1081 4502 1096 4528 ,
1131 4471 1325 4532 praeter
1352 4477 1413 4516 ea
1437 4503 1452 4526 ,
1497 4478 1614 4532 qum
1641 4479 1783 4516 anno
1811 4462 1980 4519 Severi
2020 4465 2246 4530 decimo,

658 4553 759 4608 sub
785 4551 948 4620 Lwto,
979 4553 1170 4608 Africa:
1201 4552 1448 4623 praeside,
1478 4554 1782 4609 christianis
1811 4557 2169 4627 contigerunt,

657 4661 802 4701 anno
831 4647 1071 4716 sequenti
1101 4655 1320 4701 auctore
1347 4645 1553 4716 Aquila,
1591 4647 1820 4702 l’raaside
1847 4647 2088 4718 ejusdem
2122 4664 2250 4719 pro-

658 4741 847 4796 vincia:
877 4739 1112 4809 (Euseb.
1153 4739 1192 4796 l.
1225 4755 1276 4794 c.
1306 4745 1357 4795 c‘.
1389 4741 1441 4794 5.
1475 4756 1527 4811 p.
1557 4739 1736 4810 261.).
1773 4739 1903 4796 Nam
1949 4741 2088 4813 quod
2138 4744 2253 4799 haec

661 4846 728 4886 eo
753 4847 893 4886 anno
920 4831 1196 4888 extiterint
1219 4874 1234 4896 .
1265 4834 1380 4904 ipse
1411 4831 1660 4889 Eusebius
1689 4834 1878 4901 docet,
1937 4836 2027 4905 qui
2073 4835 2254 4908 Orige-

663 4940 776 4976 nem
806 4934 915 4978 tum
952 4923 1362 4983 Catechumenis
1388 4927 1727 4983 instituendis
1759 4931 2065 4998 prmlectum
2090 4931 2253 4986 fuisse

663 5016 941 5072 conﬁrmat
969 5057 984 5084 ,
1010 5017 1136 5072 dum
1168 5020 1352 5089 Aquila
1378 5037 1436 5075 se
1475 5021 1808 5078 incremento
1834 5024 2139 5081 Christianae
2165 5041 2253 5080 re-

663 5109 874 5178 ligionis
916 5112 1030 5179 ejus
1075 5113 1308 5168 asseclas
1357 5113 1601 5169 Itedendo
1646 5117 1996 5186 opponebat,
2024 5133 2254 5190 eumque

662 5200 849 5257 XVIII.
874 5216 1134 5259 annorum
1160 5204 1318 5259 fuisse
1343 5247 1357 5267 ,
1386 5222 1508 5262 cum
1532 5223 1652 5264 eum
1676 5208 1836 5265 XVII.
1860 5212 2030 5266 aetatis
2055 5228 2251 5270 annum

664 5295 840 5363 egisse
880 5295 1103 5352 dixisset
1142 5309 1209 5351 eo
1242 5306 1514 5366 tempore,
1545 5315 1652 5368 quo
1685 5312 1836 5371 pater
1861 5303 1977 5375 ejus
2005 5302 2254 5360 Leonides

667 5387 825 5441 morti
872 5388 1170 5444 traderetur
1217 5389 1304 5461 (c.
1333 5390 1388 5444 2.
1422 5406 1470 5462 p.
1502 5389 1627 5447 258.
1653 5395 1706 5462 ),
1750 5395 1893 5463 quod
1926 5398 2119 5452 laetum
2173 5409 2256 5454 est

665 5493 807 5533 anno
825 5478 1034 5534 decimo
1056 5480 1249 5536 Seueri.
1271 5481 1390 5539 Jam
1407 5484 1552 5554 siqui
1580 5494 1756 5541 tamen
1782 5499 2006 5557 pergunt
2025 5491 2252 5559 opinari,

667 5580 908 5626 nostrum
961 5573 1198 5654 libellum
1239 5576 1496 5646 scriptum
1544 5578 1766 5634 esse‘A.
1795 5577 2012 5633 CCVIII.
2039 5580 2258 5644 ;dicant.

667 5661 799 5716 mihi
833 5673 1029 5728 tamen,
1061 5653 1294 5735 quoiiam
1318 5667 1441 5738 jure
1483 5669 1531 5725 ei
1562 5685 1704 5726 anno
1729 5670 2063 5728 calamitates
2095 5674 2264 5728 maxi-

667 5767 784 5806 mas
817 5752 1232 5811 christianorum
1285 5761 1487 5826 possint
1531 5776 1814 5830 asserere,
1843 5778 2070 5834 quarum
2119 5765 2262 5820 nulla

669 5850 846 5900 tamen
882 5845 1023 5917 apud
1052 5858 1261 5909 veteres
1299 5854 1588 5923 scriptores
1615 5864 1788 5912 exstat
1827 5859 2123 5918 memoria?
2149 5860 2267 5930 Quo

2273 1827 2320 1886 B

2350 585 2479 643 tem,
2513 578 2624 648 qui,
2654 593 2774 632 cum
2807 577 2978 632 semel
3006 577 3341 632 itnbibissent
3363 577 3672 647 opinionem
3700 578 3765 633 de
3791 577 3950 634 Scor-

2347 670 2493 740 piace
2541 670 2694 724 libris
2757 672 2956 726 nostris
3011 680 3195 726 contra
3263 669 3577 724 Marcionem
3629 671 3948 741 posteriore,

2346 761 2496 816 obliti
2543 773 2667 818 sunt
2694 763 2808 833 ejus
2841 805 2854 828 ,
2888 762 3031 834 quod
3083 763 3210 818 nihil
3241 763 3308 817 sit
3355 764 3405 818 in
3455 763 3674 818 historia
3720 765 3948 834 turpius,

2347 869 2506 924 quam
2539 865 2739 910 temere
2768 854 3008 910 credere.
3065 854 3195 909 Nam
3239 856 3284 910 si
3328 870 3427 926 ego
3470 855 3605 910 duas
3652 857 3950 913 sententias

2349 947 2476 1002 ferri
2507 947 2743 1014 videam,
2785 948 3007 1003 alteram
3034 949 3382 1020 opinabilem,
3415 948 3509 1004 scd
3537 950 3684 1004 nullo
3707 959 3949 1008 veterum

2351 1043 2672 1110 scriptorum
2706 1043 3012 1098 testimonio
3041 1041 3379 1098 efﬁciendam
3406 1086 3420 1108 ,
3449 1046 3672 1099 alteram
3705 1044 3775 1100 ita
3799 1060 3950 1101 com-

2347 1146 2609 1207 paratam,
2644 1147 2700 1190 ut
2747 1151 2855 1206 pra:
2906 1151 2965 1192 se
2987 1135 3122 1192 lerat
3168 1136 3268 1192 hoc
3309 1137 3548 1192 veritatis
3592 1137 3944 1208 pratsidium;

2345 1228 2566 1298 quidni,
2626 1228 2805 1284 relicta
2862 1229 2994 1295 illa,
3049 1228 3188 1285 hanc
3257 1231 3549 1298 sequerer?
3621 1230 3785 1296 Atqui
3847 1229 3950 1288 hoc

2348 1328 2546 1387 praesto
2593 1329 2672 1373 est
2713 1327 3126 1388 argumentum,
3179 1319 3338 1390 idque
3388 1320 3739 1389 premendum
3785 1323 3948 1376 etiam

2345 1417 2506 1480 atque
2534 1409 2695 1464 etiam
2720 1452 2734 1475 ,
2765 1409 3028 1480 siquidem
3058 1419 3244 1482 postea
3290 1411 3687 1467 ostenderimus
3710 1453 3724 1475 ,
3749 1412 3946 1469 librum

2347 1499 2658 1555 Tertulliani
2679 1501 2743 1555 de
2776 1499 2947 1556 Pallio
2974 1517 3096 1557 esse
3123 1503 3174 1556 in
3197 1519 3393 1556 annum
3416 1501 3635 1558 CCVIII.
3658 1503 3948 1573 conjicien-

2347 1590 2498 1648 dum.
2545 1591 2786 1663 Namque
2825 1594 2875 1647 in
2921 1609 2986 1648 eo
3017 1593 3090 1664 (c.
3122 1592 3190 1664 Ι.)
3219 1594 3418 1664 gaudeo
3446 1610 3532 1649 vos
3553 1635 3567 1660 ,
3598 1596 3788 1666 inquit,
3820 1595 3949 1652 Car-

2350 1684 2716 1753 tlmginienses,
2754 1695 2857 1740 tam
2887 1702 3154 1758 prosperos
3199 1697 3516 1758 temporum,
3545 1706 3658 1744 cum
3684 1689 3756 1744 ita
3783 1699 3948 1758 uacat,

2349 1793 2409 1831 ac
2420 1779 2593 1848 juvat.
2620 1778 2820 1833 habitus
2845 1780 3102 1834 denotare.
3133 1779 3284 1836 Pacis
3305 1783 3413 1836 [nec
3434 1791 3480 1835 et
3499 1799 3718 1837 annona:
3741 1783 3863 1850 otia,
3885 1783 3950 1838 ab

2348 1869 2560 1939 imperio
2585 1880 2629 1924 et
2653 1886 2686 1922 a
2711 1871 2834 1925 caelo
2863 1871 2984 1926 bene
3010 1881 3102 1926 est.
3139 1871 3235 1928 Ubi
3267 1888 3372 1943 quo
3409 1873 3570 1928 modo
3602 1873 3948 1930 Tertullianus

2350 1961 2610 2032 potuisset
2637 1966 2895 2033 temporis
2926 1963 3334 2034 proSperitatem
3365 1980 3790 2022 commemorare
3813 2008 3828 2034 ,
3855 1977 3951 2022 aut

2346 2051 2414 2104 ad
2445 2066 2532 2106 res
2564 2052 2760 2106 nullius
2791 2053 2946 2122 plane
2989 2055 3289 2120 momenti,
3318 2055 3506 2126 quales
3549 2067 3674 2112 sunt
3719 2057 3836 2112 ista:
3876 2057 3948 2114 de

2348 2143 2509 2214 pallio
2537 2160 2714 2214 nugm,
2742 2144 3072 2202 descendere
3107 2146 3177 2201 ob
3207 2147 3350 2217 pacis
3376 2149 3481 2202 Otia
3505 2188 3522 2214 ,
3551 2149 3595 2202 si
3621 2148 3950 2219 gravissime

2349 2241 2460 2288 tum
2494 2233 2721 2289 fuissent
2750 2234 3164 2292 christianorum
3188 2239 3535 2303 calamitates,
3568 2239 3753 2311 quales
3782 2255 3874 2296 eas
3894 2241 3948 2298 in

2349 2329 2625 2399 Scorpiace
2649 2333 2931 2405 depingit?
2971 2334 3153 2407 Itaque
3183 2353 3340 2407 quam
3383 2339 3470 2394 alii
3503 2339 3616 2395 fere
3643 2341 3947 2412 quinquen-

2349 2423 2438 2479 nio
2469 2426 2672 2479 tardius
2712 2436 2964 2496 putarunt
2992 2432 3246 2501 scriptam
3277 2431 3585 2504 Scorpiacen
3614 2475 3631 2501 ,
3663 2437 3813 2506 prius
3843 2438 3949 2492 uti-

2349 2532 2455 2588 que
2509 2520 2770 2589 prodiisse
2809 2521 3040 2577 arbitror
3064 2564 3080 2590 ,
3109 2539 3268 2593 quam
3314 2525 3429 2580 ista:
3449 2567 3464 2593 ,
3497 2541 3614 2596 qua:
3639 2538 3944 2598 supersunt,

2349 2609 2610 2665 adversus
2653 2610 2967 2666 Marcionem
3012 2613 3434 2684 disputationes,
3460 2627 3512 2672 et
3551 2631 3692 2673 anno
3731 2618 3948 2690 quidem

2352 2701 2525 2758 CCIII.
2582 2715 2674 2759 aut
2725 2705 2947 2772 CCIV.;
2995 2708 3148 2776 cujus
3185 2707 3461 2762 Eusebium
3495 2719 3685 2764 testem
3716 2711 3952 2766 rectissi-

2351 2811 2496 2851 mum
2531 2797 2810 2864 habemus,
2836 2799 2927 2868 qui
2959 2816 3215 2870 nusquam
3245 2801 3296 2856 id
3318 2802 3532 2872 quidem
3561 2803 3687 2858 dicit
3707 2805 3948 2871 omnino,

2351 2888 2446 2943 sed
2476 2930 2491 2954 ,
2525 2889 2601 2944 uti
2633 2889 2862 2946 vidimus
2892 2933 2907 2958 ,
2941 2909 3059 2961 qua:
3101 2893 3261 2960 dicit,
3296 2895 3436 2951 idem
3487 2897 3598 2952 lere
3635 2898 3947 2953 ostendunt.

2356 2979 2456 3036 Ubi
2487 2981 2616 3036 mihi
2644 2982 2858 3052 quidem
2896 2985 3064 3055 magis
3108 2986 3276 3054 placet
3307 2987 3409 3042 iste
3450 2989 3718 3058 posterior
3754 3005 3948 3058 annus,

2355 3083 2576 3144 propter
2601 3073 2775 3141 ludos,
2803 3090 2938 3146 quos
2963 3092 3135 3147 nuper
3161 3079 3446 3134 admodum
3478 3081 3649 3136 editos
3678 3080 3954 3136 Tertullia-

2356 3178 2452 3217 nus
2475 3163 2602 3218 dicit
2633 3164 2732 3235 (I).
2765 3166 2920 3233 Quod
2946 3168 2988 3221 si
3022 3170 3141 3237 quis
3184 3171 3399 3225 mavelit
3422 3170 3594 3227 editos
3627 3172 3851 3229 credere
3893 3174 3948 3230 in

2355 3252 2736 3311 deeennalibus
2763 3256 2938 3312 Severi
2957 3269 3005 3313 cl
3034 3260 3288 3315 ϐαι-αραιιὶ
3311 3263 3817 3333 quinquennalibus,
3840 3280 3950 3321 non

2356 3347 2664 3417 repugnabo
2693 3349 3015 3417 admodum;
3047 3353 3296 3423 quoniam
3325 3354 3375 3408 id
3397 3355 3527 3409 satis
3547 3365 3630 3410 est
3655 3371 3684 3410 a
3713 3355 3952 3426 Spanlte-

2355 3439 2480 3503 mia,
2504 3439 2627 3494 .viro
2657 3441 2707 3494 in
2754 3440 2836 3494 his
2868 3443 3058 3498 litteris
3087 3445 3309 3514 probato
3342 3461 3470 3502 sane
3507 3456 3561 3502 et
3591 3449 3820 3502 maxime
3847 3463 3947 3504 no-

2355 3529 2470 3598 bili,
2501 3534 2731 3587 evictum
2765 3533 2862 3604 (2),
2897 3534 3079 3605 Pythia
3103 3537 3226 3590 alibi
3259 3554 3472 3609 quoque
3509 3555 3669 3610 quam
3709 3540 3944 3611 Delphis,

2358 3636 2458 3676 nec
2491 3621 2542 3676 in
2572 3624 2728 3677 unius
2766 3624 3030 3693 Apollinis
3071 3626 3245 3699 Pythii
3275 3627 3562 3694 honorem,
3595 3628 3687 3684 sed
3720 3628 3951 3697 Impera-

2357 3723 2530 3770 tormn
2553 3717 2715 3770 etiam
2746 3727 2861 3772 aeta
2894 3717 3080 3774 fuisse.
3121 3720 3324 3775 Tamen
3351 3737 3452 3791 ego
3489 3722 3716 3777 alterum
3749 3731 3949 3792 prmtu-

2357 3797 2510 3864 Icrim
2541 3821 2842 3881 propterea,
2873 3811 3013 3882 quod
3039 3813 3149 3868 ludi
3174 3813 3346 3884 Pythii
3369 3816 3475 3870 sint
3503 3817 3555 3870 in
3585 3815 3788 3872 Graecia
3819 3829 3952 3885 quo-

2357 3899 2438 3955 vis
2490 3903 2648 3957 tcrtio
2692 3918 2835 3958 anno
2877 3905 3224 3976 Ulympiados
3277 3907 3445 3972 editi,
3494 3909 3715 3978 ipseque
3765 3908 3951 3964 tertius

2357 3989 2703 4063 Olympiadas
2723 3993 2966 4050 CCXLV.
2992 4012 3165 4052 annus
3191 3999 3388 4053 incidat
3412 3999 3463 4053 in
3487 4016 3684 4054 annum
3711 4000 3769 4054 P.
3796 4000 3858 4055 C.
3883 3999 3949 4054 N.

2357 4083 2535 4140 CCIV.
2579 4089 2752 4157 Atque
2779 4089 2857 4144 sic
2883 4090 3024 4144 nulla
3056 4092 3138 4146 vis
3165 4091 3391 4148 infertur
3420 4094 3597 4149 verbis
3630 4093 3951 4161 Tertulliani,

2356 4191 2475 4246 qum
2495 4179 2730 4249 quidem,
2762 4182 2805 4236 si
2839 4182 2872 4238 ii
2907 4183 3014 4237 ludi
3045 4185 3171 4238 editi
3201 4185 3526 4257 Carthagine
3546 4186 3796 4243 dicuntur
3816 4226 3832 4252 ,
3861 4184 3952 4241 ubi

2356 4269 2622 4341 Carthago
2649 4273 2758 4342 ipsa
2788 4275 3012 4345 praemio
3043 4292 3148 4332 non
3185 4286 3396 4348 poterat
3434 4278 3622 4333 donari
3643 4319 3660 4347 ,
3683 4293 3792 4335 non
3821 4278 3955 4334 satis

2353 4359 2490 4417 bene
2514 4363 2762 4420 videntur
2793 4365 3091 4423 coluercre.

2358 4495 2386 4570 5
2431 4498 2514 4554 10.
2539 4528 2610 4540 —-
2646 4497 2787 4554 Libri
2835 4499 2895 4555 V.
2929 4501 3014 4570 qui
3041 4503 3576 4570 supersuntadversus
3611 4501 3951 4571 Marcionent,

2198 4567 2252 4612 et
2278 4573 2332 4632 D
2364 4567 2378 4570 Ὗ
2430 4609 2644 4660 quorum
2687 4594 2878 4662 primus
2906 4567 3122 4662 refertur
3147 4597 3215 4647 ad
3238 4595 3301 4648 Α.
3325 4593 3549 4650 CCVII.
3575 4607 3662 4651 aut
3691 4595 3772 4654 CC
3785 4567 3949 4653 VIII

2429 4695 2640 4737 cieteros
2667 4684 2834 4739 dubia:
2860 4685 3023 4739 artatis
3045 4703 3151 4741 esse
3179 4687 3406 4743 docetur.

2429 4795 2632 4850 Praeter
2662 4795 2801 4852 hunc
2851 4796 3149 4854 Tertulliani
3196 4801 3386 4856 librum
3426 4811 3714 4872 supersunt
3755 4817 3820 4858 ex
3863 4803 3950 4871 iis,

2358 4891 2447 4959 qui
2476 4889 2661 4958 scripti
2688 4899 2832 4957 sunt,
2862 4906 2982 4946 eum
3001 4892 3111 4962 jam
3134 4895 3201 4946 ab
3219 4891 3532 4965 ortho'doxis
3553 4894 3950 4965 degenerasset,

2357 4984 2601 5038 adversus
2633 4983 2947 5040 Marcionem
2981 4986 3099 5042 libri
3124 4987 3190 5043 V.
3221 5001 3356 5058 quos
3374 4987 3592 5042 dubium
3620 5005 3724 5043 non
3755 4998 3838 5042 est
3864 5004 3953 5043 ar-

2357 5077 2447 5148 gui
2479 5077 2969 5132 Montanisticorum
2991 5093 3234 5135 errorum
3263 5094 3439 5150 posse.
3474 5081 3680 5134 Etenim
3702 5120 3717 5141 .
3760 5081 3804 5133 si
3833 5095 3951 5133 ma-

2359 5169 2501 5226 xime
2562 5171 2722 5224 dubia
2783 5170 3063 5226 videretur
3107 5173 3272 5242 ipsius
3330 5171 3632 5226 Tertulliani
3689 5170 3953 5242 professio

2361 5262 2498 5332 (lib.
2555 5261 2645 5317 IV.
2692 5279 2744 5318 c.
2799 5263 2975 5334 22.),
3056 5280 3159 5336 qua
3217 5279 3345 5320 suos
3409 5265 3540 5320 dicit
3607 5274 3661 5320 ct
3729 5265 3952 5336 Psychi-

2429 5439 2497 5503 (ι)
2531 5438 2646 5512 Cap.
2684 5439 2739 5492 .6.
2805 5440 3002 5512 Agonas
3034 5443 3205 5512 jstos.
3267 5445 3571 5512 contentiosa
3615 5442 3854 5512 solemnia
3901 5448 3956 5492 et

2360 5503 2704 5566 smerstitiosa
2723 5503 2989 5553 certamina
3031 5503 3315 5566 Graecorum
3350 5513 3402 5555 et
3427 5506 3723 5566 religionum
3771 5511 3826 5554 et
3869 5518 3954 5554 vo-

2363 5565 2626 5628 luptatum,
2647 5576 2824 5628 quanta
2871 5567 3026 5627 gratia
3059 5565 3290 5616 smcnlum
3316 5565 3562 5624 celebret.
3590 5569 3737 5618 etiam
3775 5568 3956 5617 Africae

2363 5625 2512 5692 licuit.
2540 5625 2710 5692 Adhuc
2736 5625 3076 5692 Carthaginem
3100 5629 3308 5691 singula:
3328 5631 3556 5680 civitates
3571 5629 3858 5692 gratulando
3883 5633 3957 5678 in-

2364 5689 2607 5753 quietant,
2620 5689 2857 5753 donatum
2881 5689 3079 5753 I’ythieo
3102 5689 3261 5753 agone
3289 5699 3395 5752 post
3413 5693 3554 5742 stadii
3574 5689 3909 5753 senectutem.

2431 5748 2505 5820 (2)
2541 5749 2594 5798 In
2619 5749 2781 5820 Epist.
2802 5750 2839 5800 I.
2891 5748 2954 5820 ad
2993 5748 3158 5820 Aner
3186 5748 3440 5820 Mor'ellmn
3461 5793 3474 5811 ,
3507 5766 3616 5820 qua;
3661 5759 3739 5803 est

2367 5810 2512 5879 hujus
2529 5810 2782 5879 speciatim
2821 5815 3064 5866 universae
3086 5817 3164 5866 rei
3201 5810 3486 5868 autumarite
3508 5810 3757 5879 antiquae,
3785 5810 3844 5866 iri
3866 5813 3961 5866 Ed.

2368 5870 2524 5937 Lips,
2551 5870 2662 5937 pag.
2691 5873 2763 5924 12.
2788 5887 2895 5939 seq.
