4242 6264
349 345 453 401 15³1

1245 348 1332 406 AC
1377 345 1720 405 DOCTRINA
1767 342 2209 403 SCIlII‘TORUM
2249 342 2728 404 TERTUILIANI.

3537 350 3641 411 138

351 477 446 519 cos
472 463 522 517 in
551 463 668 519 loco
691 463 757 520 de
781 463 990 520 Ecstasi
1010 462 1328 531 dissentire;
1362 481 1535 536 neque
1558 467 1676 536 quis
1704 467 1938 521 visorum
1970 465 2020 525 Α
2057 473 2186 518 tom.
2220 463 2301 518 ΙΙΙ.
2334 481 2385 536 p.
2421 465 2542 520 666.
2579 474 2691 519 not.
2719 463 2857 537 19.),
2886 466 2972 537 qui
3014 466 3166 521 istam
3208 482 3319 523 rem
3351 474 3638 542 pugnacis-

355 558 614 614 rationem
647 557 846 614 habere
877 558 1039 624 velit,
1066 558 1258 627 quibus
1287 559 1386 612 ista
1413 559 1650 622 decreta,
1681 559 1775 626 ait,
1817 567 1947 613 c‘on-

355 649 560 704 ﬁrmata
585 650 748 705 fuisse
777 649 840 720 (Ι.
873 650 955 704 Ill.
983 665 1032 705 c.
1061 650 1151 706 24.
1179 650 1244 707 V.
1272 666 1319 704 c.
1347 650 1458 723 8.);
1481 651 1730 720 quoniam
1758 664 1945 706 onnies

354 741 436 797 isti
476 754 663 798 contra
697 743 1012 798 Marcioncm
1061 744 1180 800 libri
1227 760 1331 798 non
1383 753 1509 798 sunt
1555 760 1662 799 uno
1707 754 1946 814 tempore

354 833 482 888 editi
511 849 526 888 :
561 844 739 890 tamen
770 839 822 890 in
848 837 987 891 libro
1012 835 1128 905 ejus
1172 836 1470 904 argumenti
1503 837 1678 905 primo
1701 835 1946 908 _Montani

356 925 689 997 disciplinam
711 937 766 982 et
789 943 938 983 suam
966 928 1114 994 dicit,
1137 939 1190 984 et
1210 944 1268 984 se
1288 928 1504 983 decreta
1531 943 1625 982 sua
1647 927 1715 981 de
1739 927 1944 998 fugien-

355 1017 438 1073 dis
482 1020 722 1087 repetitis
762 1020 960 1089 nuptiis
995 1030 1218 1076 auctore
1262 1019 1533 1075 Paraclcto
1572 1020 1946 1076 defendentem

358 1109 445 1182 (c.
485 1111 577 1166 29.
601 1111 656 1182 );
686 1127 750 1167 ac
793 1112 906 1182 ipsa
949 1112 1208 1182 temporis
1251 1111 1390 1168 ratio
1419 1111 1574 1167 docet
1601 1129 1722 1168 eum
1756 1112 1946 1166 librmn

353 1201 608 1271 scriptum
645 1217 767 1258 esse
790 1243 805 1269 ,
838 1214 1120 1274 postquam
1158 1218 1186 1256 a
1230 1205 1467 1274 partibus
1507 1204 1945 1258 Montanistarttm

352 1293 460 1362 jam
487 1309 611 1350 esse
650 1305 912 1364 cmperat.
958 1295 1032 1349 De
1061 1309 1165 1365 quo
1203 1296 1371 1350 altero
1401 1296 1537 1359 loco,
1566 1311 1723 1365 quem
1752 1295 1942 1364 dispu-

358 1387 575 1442 tandum
603 1389 952 1458 sumpsimus,
985 1404 1105 1444 cum
1132 1387 1372 1443 dttbitare
1401 1403 1468 1443 ne
1495 1389 1545 1442 in
1570 1399 1800 1442 mentem
1829 1388 1948 1458 qui-

355 1477 479 1534 dem
505 1480 718 1536 venerit
739 1481 922 1537 multis
942 1496 1147 1546 eorum,
1171 1481 1256 1551 qui
1282 1481 1332 1534 in
1358 1479 1657 1534 definienda
1690 1481 1944 1536 librorum

358 1570 670 1627 Tertulliani
697 1584 856 1630 aetate
885 1575 1210 1639 laborarunt,
1242 1583 1296 1629 et
1324 1573 1392 1628 ab
1418 1574 1536 1628 aliis
1558 1573 1722 1628 multa
1753 1588 1948 1643 perpe-

358 1681 478 1721 ram
518 1666 657 1721 dicta
686 1667 827 1733 sint,
856 1667 1098 1721 subtilius
1141 1665 1384 1721 videmur
1421 1665 1576 1721 nobis
1602 1707 1617 1730 ,
1659 1681 1719 1720 re
1749 1665 1948 1736 saepius

354 1758 607 1828 cogitata,
638 1758 907 1827 diSputare
933 1757 1153 1814 debere.
1181 1761 1355 1830 Atque
1383 1768 1442 1813 ut
1493 1757 1560 1814 de
1591 1758 1725 1813 libro
1774 1758 1949 1828 primo

2047 557 2182 611 sime
2206 556 2468 612 dt-fendil.
2507 557 2726 628 Oportet
2763 559 2920 628 igitur
2949 568 3005 614 et
3031 575 3092 615 ea
3117 601 3132 623 ,
3167 577 3286 631 quae
3314 579 3409 632 pro
3439 567 3640 623 nostris

2049 649 2359 718 reSponderi
2408 661 2628 719 possunt
2658 692 2671 715 ,
2703 650 2754 704 in
2806 651 3040 706 medium
3073 653 3295 722 proferri
3321 696 3336 721 ,
3367 666 3420 710 et
3445 657 3640 715 discuti

2048 755 2108 795 ea
2166 759 2281 812 qna‘
2313 743 2364 796 in
2393 743 2537 797 illam
2569 755 2771 811 partem
2798 741 3153 798 Tillemontins
3193 745 3510 817 disputavit;
3544 751 3640 806 sed

2049 843 2272 904 utraque
2304 836 2642 902 brevissime,
2675 845 2726 890 et
2752 835 2823 890 ita
2851 836 3088 906 quidem,
3122 847 3174 892 ut
3203 854 3321 908 qua:
3341 851 3528 910 aperto
3549 843 3643 898 lir-

2051 925 2312 980 tnavinius
2335 927 2502 996 ipsius
2529 925 2836 981 Tertulliani
2864 928 3189 994 testimonio,
3223 948 3282 985 ea
3316 948 3458 988 nunc
3489 935 3644 1004 plane

2051 1018 2343 1072 mittamus.
2368 1019 2549 1088 Itaque
2592 1019 2693 1074 hoc
2723 1036 2884 1074 unum
2916 1021 3176 1090 disliutari
3212 1034 3389 1092 potest
3420 1045 3432 1079 :
3465 1039 3643 1085 utrum

2051 1109 2398 1164 Tertullianus
2440 1111 2490 1164 in
2524 1111 2658 1166 libro
2688 1112 2752 1165 de
2781 1111 2945 1166 Carne
2971 1112 3157 1168 Christi
3183 1126 3430 1185 quartum
3459 1129 3649 1177 contra

2054 1203 2368 1259 Marcioncm
2393 1205 2586 1260 librum
2615 1207 2877 1272 citaverit,
2911 1224 3069 1274 quem
3098 1208 3275 1264 adhuc
3303 1214 3645 1280 superstitem

2054 1297 2354 1352 habemus?
2389 1298 2529 1368 quod
2565 1313 2781 1366 prorsus
2803 1299 3052 1353 existimo
3076 1341 3090 1366 ,
3122 1301 3371 1370 primum,
3395 1307 3647 1371 quoniam

2055 1387 2106 1441 in
2139 1388 2229 1462 illo
2255 1388 2392 1442 libro
2417 1388 2696 1442 Marcionis
2724 1391 2962 1444 codicem
2985 1406 3194 1445 sacrum
3217 1395 3564 1460 examinavit,
3596 1406 3654 1451 et

2055 1477 2123 1530 ibi
2155 1479 2271 1546 (lib.
2306 1478 2392 1532 IV.
2433 1495 2482 1532 c.
2516 1481 2628 1549 l9.)
2672 1482 2936 1550 reperitur
2957 1484 3177 1536 omnino
3207 1484 3258 1538 id
3285 1526 3298 1546 ,
3330 1487 3472 1555 quod
3501 1489 3552 1541 in
3583 1503 3651 1542 eo

2054 1570 2118 1622 de
2146 1569 2310 1623 Carne
2340 1569 2530 1624 Christi
2575 1571 2743 1641 tetigit
2772 1587 2786 1636 ;
2833 1571 3027 1627 deinde
3067 1574 3206 1643 quod
3242 1617 3255 1637 ,
3284 1591 3404 1630 cum
3455 1578 3650 1634 librum

2054 1661 2283 1730 primum
2306 1662 2478 1717 adhuc
2495 1665 2839 1734 superstitem
2859 1663 3112 1720 Marciani
3127 1680 3440 1737 apponeret,
3456 1671 3652 1727 librum

2056 1754 2118 1806 de
2167 1751 2560 1824 Pi'tescriptione
2609 1756 2961 1810 Iucreticorum
2990 1759 3224 1813 nendum
3256 1761 3515 1818 ediderat.
3553 1764 3653 1818 Hic

355 1824 585 1921 primum
616 1824 858 1904 dicamus
879 1891 894 1917 ,
918 1866 1078 1906 nemo
1101 1860 1183 1906 est
1213 1824 1302 1922 qtii
1349 1851 1464 1920 ejus
1483 1860 1696 1906 tetatetn
1726 1824 1946 1906 contro-
1979 1824 2026 1883 Β
2058 1856 2232 1902 tamen
2264 1849 2337 1902 uti
2359 1849 2470 1916 jam
2504 1849 2777 1920 prodierat
2818 1849 2868 1903 in
2899 1850 3166 1920 publicum
3193 1893 3209 1914 ,
3232 1870 3352 1907 eum
3380 1854 3656 1912 Tertullia-

357 1961 563 2001 versam
591 1959 712 2001 esse
741 1944 904 2000 dicat.
949 1945 1115 2001 Recte
1144 1945 1358 2017 quidem
1395 1955 1448 2001 et
1498 1946 1628 1999 satis
1664 1946 1837 2007 bene;
1867 1953 1949 1998 est

357 2038 499 2093 enim
528 2048 709 2106 aperta
737 2037 854 2106 ejus
883 2037 962 2092 rei
992 2046 1047 2092 et
1085 2037 1330 2107 capitalis
1360 2036 1660 2091 Tertulliani
1688 2035 1950 2106 professio

359 2131 422 2196 (Ι.
445 2127 490 2182 ι.
521 2144 569 2184 c.
595 2129 705 2199 15.)
731 2130 820 2199 qui
844 2144 988 2183 anno
1025 2129 1238 2184 decimo
1262 2131 1447 2198 quinto
1476 2129 1650 2183 Severi
1697 2127 1836 2182 hunc
1883 2128 1948 2182 li-

363 2223 518 2278 brum
539 2238 569 2276 a
589 2224 1010 2293 secompositum
1035 2221 1248 2278 fatetur.
1268 2222 1372 2278 Sed
1399 2238 1520 2278 cum
1541 2222 1608 2276 de
1629 2233 1948 2276 cancrorum

362 2323 520 2368 aetate
540 2313 663 2367 nihil
689 2313 890 2379 dicant,
911 2314 1026 2384 ipso
1055 2314 1272 2368 silentio
1298 2329 1394 2368 eos
1417 2313 1689 2369 declarant
1709 2311 1950 2381 eju~dem

359 2407 533 2461 atatis
560 2421 698 2462 esse.
720 2406 873 2475 Quod
902 2407 1056 2477 longe
1075 2421 1234 2462 secus
1264 2418 1369 2462 est.
1399 2406 1530 2461 Nam
1557 2421 1622 2460 ex
1659 2403 1836 2461 verbis
1865 2405 1949 2468 iis,

357 2498 551 2569 quibus
587 2499 745 2554 linem
774 2498 912 2553 libro
941 2499 1116 2570 primo
1157 2497 1500 2553 Tertullianus
1554 2497 1803 2568 imposuit
1830 2494 1948 2568 (I),

360 2588 498 2644 baud
523 2589 751 2644 obscure
777 2589 1050 2660 colligitur
1070 2632 1085 2657 ,
1113 2605 1236 2645 eum
1264 2605 1384 2645 esse
1412 2590 1697 2659 separatim
1723 2590 1948 2656 editum,

359 2691 584 2737 cancros
603 2683 816 2738 diverso
840 2693 1080 2754 tempore
1101 2695 1367 2738 exaratos.
1383 2682 1690 2738 Etsiautem
1717 2699 1824 2736 non
1847 2697 1948 2736 au-

358 2773 546 2832 demus
573 2774 754 2832 dicere
778 2816 794 2842 ,
826 2791 892 2829 an
923 2776 1174 2843 alterum,
1203 2776 1416 2832 tertium
1447 2785 1501 2830 et
1527 2785 1772 2846 quartum
1804 2790 1951 2830 seor-

358 2885 475 2925 sum
501 2879 593 2924 θυι
619 2870 944 2940 conjunctim
963 2911 976 2933 ,
1005 2885 1068 2924 ac
1091 2885 1322 2940 quonam
1355 2877 1598 2940 tempore
1636 2869 1949 2938 scripserit,

363 2961 414 3016 id
439 2971 615 3017 tamen
645 2961 807 3016 dubio
853 2976 1040 3016 carere
1084 2964 1464 3016 confirmamus
1487 3002 1503 3028 ,
1534 2961 1674 3030 quod
1706 2962 1950 3032 quintum

359 3052 553 3108 librum
576 3051 925 3106 Tcrtullinnus
953 3068 1056 3106 non
1079 3052 1268 3108 eodem
1298 3068 1418 3106 cum
1455 3053 1674 3122 reliquis
1713 3062 1953 3122 tempore

359 3145 604 3201 ediderit.
640 3145 733 3201 Est
750 3147 893 3201 enim
919 3147 1052 3201 liber
1077 3146 1142 3200 dc
1164 3145 1549 3201 Rcsurrectione
1574 3147 1842 3200 recentior
1861 3161 1948 3213 eo,
1978 3175 2024 3238 Ο

358 3253 518 3308 quem
545 3239 608 3292 dc
633 3237 794 3293 Carne
809 3238 998 3294 Christi
1021 3241 1322 3310 Composuit
1345 3238 1432 3310 (de
1463 3239 1772 3301 Resurrccl.,
1795 3253 1843 3292 c.
1866 3238 1945 3308 2),

361 3329 418 3383 in
445 3345 553 3396 quo
574 3329 660 3400 (dc
686 3328 846 3384 Carne
871 3329 1095 3397 Christi,
1122 3347 1242 3403 cap.
1273 3331 1354 3402 7),
1373 3331 1548 3385 locum
1574 3331 1771 3385 excitat
1799 3345 1863 3385 ex
1887 3331 1950 3384 li-

365 3420 465 3476 bro
493 3420 748 3476 adversus
773 3421 1078 3479 Marcioncm
1108 3437 1322 3496 quarto,
1341 3423 1408 3478 de
1437 3439 1544 3493 quo
1584 3433 1767 3492 postea
1806 3423 1949 3478 diee-

364 3527 505 3568 rnus.
526 3513 813 3570 Enimvero
830 3517 879 3570 in
903 3518 1088 3586 quinto
1106 3515 1687 3582 Autimarcionislibro,
1707 3531 1756 3570 c.
1780 3515 1864 3570 10.
1884 3514 1949 3569 ad

357 3621 482 3661 eum
509 3608 750 3672 remittit,
777 3624 932 3676 quem
960 3611 1024 3663 de
1050 3608 1434 3664 Rcsurrcctione
1455 3610 1781 3677 scripserat;
1808 3609 1950 3664 unde

357 3695 730 3752 Tcrtulliunum
774 3707 920 3769 patet
961 3697 1068 3752 alio
1096 3708 1357 3768 tempore,
1381 3711 1540 3768 quam
1563 3711 1669 3767 quo
1699 3707 1946 3765 quartum
1995 3719 2001 3726 ·

354 3789 541 3850 edidit.
569 3791 814 3860 quintum
843 3791 896 3844 in
928 3789 1099 3844 lucem
1127 3788 1428 3858 protulisse.
1454 3789 1658 3844 Pariter
1687 3790 1737 3842 in
1770 3790 1944 3858 primo

356 3881 849 3948 Antimarcionis,c.
876 3897 936 3948 t.,
952 3896 1086 3951 Opus
1107 3883 1169 3933 de
1189 3880 1580 3950 Prescriptionc
1598 3880 1948 3934 hereticorum

357 3986 416 4027 se
440 3971 808 4028 confecturqu
838 3971 1127 4042 aliquando
1159 3971 1474 4040 pollicetur;
1518 3970 1611 4024 sed
1641 3971 1691 4023 in
1719 3970 1856 4024 libro
1885 3970 1948 4023 de

359 4065 521 4121 Carne
543 4065 731 4121 Christi
758 4065 864 4120 tale
883 4065 994 4135 jam
1023 4065 1153 4120 dicit
1171 4081 1198 4117 a
1222 4080 1282 4119 se
1304 4064 1558 4134 scriptum
1583 4062 1766 4127 fuisse,
1791 4077 1840 4116 c.
1865 4063 1945 4129 2.;

357 4158 518 4228 igitur
540 4166 597 4214 et
635 4159 738 4214 hoc
762 4158 1015 4221 ostendit,
1043 4159 1272 4228 primum
1305 4172 1409 4211 non
1431 4171 1551 4212 esse
1575 4157 1763 4212 eodem
1792 4166 1948 4227 partu

355 4265 479 4305 cum
506 4252 715 4305 eteteris
735 4249 982 4304 omnibus
1007 4250 1226 4304 editum.
1250 4249 1381 4316 Qua:
1405 4263 1526 4303 cum
1566 4249 1636 4302 ita
1662 4248 1788 4314 sint,
1803 4259 1950 4303 certe

355 4343 570 4412 quidem
607 4343 1021 4408 conﬁrmamus,
1063 4343 1292 4411 primum
1336 4341 1593 4397 adversus
1636 4341 1950 4396 Marcionem

355 4433 548 4489 librum
575 4435 640 4489 Α.
672 4433 734 4489 P.
757 4433 817 4489 C.
844 4433 908 4488 N.
939 4432 1135 4488 CCVII.
1159 4442 1270 4500 aut,
1294 4433 1337 4487 si
1361 4433 1548 4498 mavis,
1580 4432 1797 4488 CCVIII.
1828 4447 1950 4501 pro-

2055 1955 2151 1991 nus
2175 1940 2240 1992 de
2265 1937 2429 1992 Carne
2453 1938 2642 1994 Citriin
2670 1951 3142 2008 commentaretur,
3175 1945 3317 2014 quod
3341 1948 3500 2002 modo
3526 1965 3650 2018 pro-
3697 1981 3702 1984 -

2057 2028 2298 2082 bavimus
2323 2071 2337 2094 ,
2374 2031 2444 2084 ita
2470 2046 2691 2086 necesse
2715 2043 2796 2086 est
2826 2048 2974 2096 sane,
3001 2045 3056 2088 ut
3083 2043 3193 2089 tum
3220 2052 3434 2106 quoque
3456 2040 3660 2108 primus

2055 2121 2198 2176 inter
2226 2123 2542 2191 Superstites
2568 2134 2754 2178 contra
2779 2123 3092 2180 Marcionem
3115 2127 3327 2182 libellus
3341 2128 3452 2198 jam
3478 2130 3656 2188 editus

2055 2213 2234 2269 fuerit.
2266 2213 2557 2270 Enimvero
2581 2231 2703 2270 cum
2735 2216 2876 2271 hunc
2903 2219 3191 2283 scriberet,
3224 2219 3331 2274 duo
3347 2219 3458 2275 'illa
3484 2238 3653 2291 Opus-

2057 2309 2198 2375 Cuia,
2231 2309 2422 2378 quibus
2446 2310 2574 2363 olim
2606 2309 2922 2366 Marcionem
2965 2315 3326 2384 impugnavit,
3358 2317 3653 2374 resciderat

2056 2402 2414 2472 amiseratqne
2453 2401 2836 2468 Tertullianus;
2866 2406 3115 2475 quocirca
3156 2417 3411 2476 apparet,
3441 2424 3561 2463 eum
3597 2411 3654 2466 in

2056 2493 2194 2549 libro
2223 2498 2286 2550 de
2315 2495 2479 2549 Carne
2505 2495 2690 2549 Christi
2720 2498 2996 2552 remittere
3016 2498 3245 2554 lectores
3266 2516 3372 2554 non
3397 2502 3657 2569 potuisse.

2057 2585 2161 2642 Sed
2195 2585 2578 2641 Tillcmontium
2621 2599 2796 2643 tamen
2835 2601 3021 2644 contra
3060 2589 3420 2659 disputantem
3464 2593 3652 2647 audia-

2055 2695 2196 2734 mus.
2230 2677 2278 2733 I-t
2311 2680 2482 2748 primo
2505 2679 2603 2735 ltos
2631 2678 2938 2735 Tertulliani
2968 2698 2986 2736 :
3018 2682 3328 2752 Scorpiaccn
3350 2725 3364 2750 ,
3393 2685 3456 2738 de
3485 2684 3653 2741 Carne

2055 2767 2268 2832 Christi,
2296 2770 2360 2824 de
2389 2771 2572 2824 Anima
2603 2780 2650 2825 et
2688 2773 2751 2824 dc
2786 2771 3172 2826 Rcsurrectione
3201 2773 3364 2828 libros
3393 2776 3468 2828 ait
3493 2791 3655 2845 supe-

2056 2862 2226 2916 riores
2255 2862 2357 2917 dici
2382 2877 2541 2933 posse
2568 2863 2716 2917 libris
2756 2865 2844 2933 qui
2876 2875 3164 2934 supersunt
3215 2867 3474 2922 adversus
3506 2868 3653 2922 Mar-

2055 2952 2248 3006 cioncm
2268 2993 2284 3019 ,
2315 2952 2581 3022 hujusth
2610 2955 2841 3008 nominis
2880 2955 2931 3008 in
2968 2956 3032 3008 iis
3058 2957 3250 3010 citatos
3280 2973 3401 3012 esse
3441 2974 3536 3013 eos
3560 2960 3652 3028 qtii

2056 3043 2254 3099 dudum
2299 3046 2525 3112 periere.
2577 3047 2653 3098 Ac
2694 3045 2758 3097 de
2787 3043 3068 3113 Scorpiace
3109 3062 3210 3116 ego
3237 3065 3341 3102 non
3377 3064 3652 3119 repugno;

2055 3147 2138 3190 est
2165 3136 2308 3190 enim
2341 3136 2430 3188 illa
2474 3136 2699 3203 quaestio
2740 3136 2869 3189 satis
2913 3145 3132 3191 tractata
3175 3139 3310 3192 :sed
3351 3140 3419 3193 de
3444 3141 3654 3197 caeteris

2060 3243 2166 3281 non
2189 3227 2475 3280 assentior.
2504 3224 2639 3281 Nam
2669 3226 2738 3280 de
2768 3227 2902 3280 libro
2957 3228 3046 3296 qui
3077 3228 3138 3280 de
3161 3227 3325 3282 Carne
3352 3228 3540 3285 Christi
3569 3234 3653 3288 in-

2055 3319 2307 3373 scribitur
2327 3357 2342 3382 ,
2370 3315 2531 3370 modo
2553 3315 2790 3370 diximus
2811 3358 2825 3382 ,
2848 3317 2974 3386 quid
3006 3317 3075 3371 sit
3104 3320 3468 3389 sentiendum,
3493 3323 3579 3377 cui
3606 3325 3654 3378 si

2054 3410 2173 3479 quis
2201 3410 2453 3465 resistere
2477 3409 2606 3462 velit
2635 3451 2650 3474 ,
2674 3424 2796 3463 eum
2837 3408 3137 3465 audiemus.
3180 3413 3353 3481 Atque
3394 3429 3515 3469 cum
3546 3415 3649 3473 boc

2055 3501 2408 3567 ostendinnts,
2437 3501 2594 3555 simul
2617 3500 2744 3554 illud
2767 3502 3131 3570 aperiebatur,
3155 3520 3182 3554 a
3212 3504 3347 3559 libro
3373 3507 3436 3560 de
3457 3506 3650 3562 Resur-

2056 3595 2274 3648 rectione
2303 3593 2413 3663 (qui
2445 3607 2510 3646 eo
2535 3603 2617 3653 est
2639 3591 2776 3647 baud
2799 3592 2960 3648 dubie
2982 3595 3291 3665 recentior),
3325 3599 3464 3668 quod
3496 3598 3652 3656 Tillc-

2056 3689 2278 3742 montius
2304 3698 2489 3742 contra
2520 3687 2769 3752 volebat,
2797 3689 3217 3742 remotissimum
3243 3703 3381 3745 esse.
3413 3690 3652 3763 Denique

2057 3779 2201 3849 quod
2229 3779 2442 3834 animus
2475 3777 2705 3833 hominis
2737 3794 2844 3832 non
2882 3778 3098 3834 aliunde
3124 3781 3381 3850 agitetur,
3425 3785 3474 3838 in
3511 3783 3650 3841 libro

2051 3871 2115 3925 dc
2163 3871 2369 3935 Anima,
2396 3884 2446 3924 c.
2500 3868 2611 3936 21,
2652 3872 2727 3923 ait
2773 3885 2832 3925 se
2881 3868 3194 3926 Marcionem
3243 3872 3508 3930 docuisse.
3542 3877 3642 3930 At-

2052 3979 2156 4032 que
2177 3962 2274 4016 ista
2302 3961 2372 4016 de
2401 3975 2458 4016 re
2483 3976 2605 4015 cum
2632 3961 2797 4014 multa
2824 3961 3020 4016 dixerit
3045 3963 3306 4031 inaltero,
3335 3966 3424 4035 qui
3447 3981 3643 4036 super-

2051 4062 2154 4118 est,
2179 4053 2437 4108 adversus
2487 4068 2609 4107 eum
2636 4053 2793 4119 libro,
2816 4067 2867 4108 c.
2911 4053 2963 4107 6.
2991 4069 3170 4124 scqq.,
3199 4070 3304 4110 non
3348 4057 3643 4114 absurdum

2054 4155 2136 4202 est
2163 4143 2375 4209 dicere,
2400 4143 2542 4215 quod
2579 4143 2722 4198 hunc
2756 4143 2810 4198 in
2850 4143 2942 4198 illo
2971 4147 3304 4216 respexerit;
3333 4163 3432 4202 nec
3462 4159 3642 4207 tamen

2053 4235 2324 4290 mordicus
2368 4235 2417 4290 id
2471 4235 2685 4304 quidem
2720 4235 3052 4301 tenebimus,
3077 4238 3164 4306 qui
3202 4239 3280 4291 usi
3321 4254 3428 4294 non
3458 4254 3646 4296 smnus

2053 4329 2208 4384 istius
2232 4328 2352 4383 libri
2385 4328 2712 4382 testimonio.
2744 4325 2929 4382 Altera
2955 4326 3216 4383 dubitatio
3243 4331 3400 4385 etiam
3427 4333 3646 4401 puerilis

2052 4433 2154 4478 est.
2185 4422 2244 4476 In
2269 4423 2386 4476 loco
2407 4435 2494 4484 eo,
2519 4435 2676 4489 quem
2700 4435 2731 4474 e
2754 4420 2890 4475 libro
2915 4421 2977 4474 de
3005 4419 3170 4474 Carne
3193 4421 3384 4476 Christi
3403 4424 3468 4478 ad
3495 4425 3646 4478 testi-

358 4525 522 4582 diisse
541 4566 556 4591 ν
588 4541 711 4581 cum
739 4525 856 4581 XV,
886 4524 1060 4580 Severi
1085 4539 1258 4579 almus
1307 4525 1358 4580 in
1407 4535 1691 4595 utrumque
1729 4523 1945 4590 incidat,
1973 4527 2028 4588 Ι)
2055 4514 2292 4569 monium
2316 4513 2619 4577 citavimus,
2647 4509 2995 4565 Tcrlullianus
3021 4510 3171 4565 iiIlllIl
3215 4511 3408 4565 librum
3454 4523 3642 4568 contra

360 4617 456 4671 sed
484 4616 551 4672 de
573 4617 783 4673 ueteris
802 4658 817 4683 ,
849 4616 1064 4688 quando
1093 4616 1201 4670 sint
1230 4616 1434 4685 scripti,
1465 4617 1570 4671 dici
1601 4615 1733 4670 nihil
1763 4630 1942 4686 posse,

358 4708 460 4764 nisi
491 4707 612 4774 hoc,
643 4707 784 4779 quod
813 4708 1058 4778 quintum
1091 4706 1309 4778 reliquis
1334 4706 1539 4777 :equale
1577 4721 1683 4762 non
1714 4707 1800 4760 sit.

466 4863 494 4936 ς
529 4865 688 4922 IL—
716 4863 1026 4920 Tillcntontii
1055 4865 1308 4918 contraria
1329 4863 1502 4934 opinio
1528 4863 1836 4933 castigatur.

427 5025 498 5080 At
524 5025 666 5095 quod
697 5026 1014 5080 verebamur
1042 5024 1178 5089 fore,
1211 5005 1269 5078 ni
1288 5023 1444 5094 quale
1476 5023 1526 5076 in
1557 5023 1673 5076 loco
1703 5022 1766 5074 de
1794 5020 1952 5076 Scor-

358 5115 501 5182 piacc
528 5115 787 5182 diximus,
811 5115 975 5170 libros
993 5125 1179 5170 contra
1201 5113 1512 5167 Marciorum
1535 5112 1603 5165 ibi
1630 5111 1822 5166 citatos
1847 5125 1952 5164 non

359 5219 454 5260 eos
479 5219 597 5261 esse
619 5247 633 5266 .
661 5221 796 5276 quos
839 5207 1099 5260 habemus
1139 5187 1475 5273 superstites,
1507 5202 1598 5257 Sed
1627 5203 1759 5254 alios
1789 5200 1952 5254 abro-

359 5304 508 5366 gatas
551 5298 699 5368 quasi
719 5339 732 5359 ,
760 5308 810 5351 et
835 5297 1033 5351 dudum
1062 5297 1321 5359 attiis's‘Os,
1370 5297 1470 5348 tale
1493 5295 1652 5348 etiam
1686 5291 1769 5345 Itis
1795 5307 1952 5360 argu-

358 5392 552 5443 mentis
580 5389 778 5444 nostris
806 5389 1042 5443 nonnulli
1065 5387 1344 5456 objiciant,
1371 5385 1422 5440 id
1454 5387 1564 5440 l'ere
1586 5383 1781 5439 factum
1810 5384 1955 5436 vide-

359 5494 478 5534 tnus
500 5495 530 5534 a
552 5477 873 5536 Tillsmontio
899 5478 1197 5552 (Mémoircs
1220 5495 1350 5551 pour
1370 5478 1529 5532 servir
1547 5479 1579 5530 ὰ
1603 5475 1757 5530 l‘hist.
1787 5475 1954 5541 Eccl.,

428 5697 493 5762 (l)
533 5698 584 5748 Si
601 5702 679 5750 cui
703 5701 865 5750 minus
885 5699 1002 5763 quid
1035 5698 1258 5748 videmur
1283 5699 1449 5763 egisse
1473 5730 1488 5754 ,
1513 5699 1684 5757 speret
1725 5704 1955 5763 reserva-

360 5758 464 5825 tum
481 5758 571 5810 suo
593 5765 830 5825 tempori,
847 5758 975 5810 sicut
998 5771 1049 5810 et
1068 5763 1280 5822 ipsarum
1305 5761 1669 5820 Scripturarum
1700 5758 1956 5806 examina-

360 5823 564 5885 tionem,
585 5823 768 5888 quibus
789 5824 1001 5873 Marcion
1019 5825 1190 5871 utitur.

636 5907 1078 5968 Tea'ruuust
1127 5906 1172 5964 l.

2056 4606 2368 4661 Marcioncnt
2399 4649 2414 4673 ,
2454 4619 2613 4676 quem
2663 4603 2985 4672 appellavit,
3017 4601 3244 4655 libellum
3271 4601 3437 4666 dixit;
3470 4602 3648 4672 itaque

2053 4709 2288 4768 quartum
2321 4698 2462 4751 inter
2487 4695 2804 4765 superstites
2827 4709 2932 4747 non
2962 4691 3132 4744 voluit
3152 4690 3388 4758 laudare,
3422 4694 3512 4762 qui
3535 4709 3643 4750 non

2056 4790 2268 4844 libellus
2294 4788 2382 4853 sit,
2413 4789 2506 4843 sed
2539 4801 2788 4855 magnum
2819 4785 3093 4838 volumen.
3128 4781 3309 4852 Inepta
3339 4787 3644 4844 conclusio!

2055 4881 2208 4952 quasi
2239 4894 2366 4933 vero
2391 4877 2742 4932 Tertullianus
2769 4891 2929 4929 omne
2949 4889 3086 4944 opus
3118 4884 3302 4930 contra
3332 4877 3645 4937 Marcionem

2055 4988 2163 5028 non
2190 4968 2490 5041 apusculum
2511 4966 2750 5030 dixisset,
2773 4966 2864 5020 lib.
2896 4963 2937 5018 I.
2959 4981 3006 5020 c.
3035 4980 3072 5020 ι.
3092 4983 3140 5020 c.
3165 4967 3255 5022 51.
3283 4967 3343 5023 ll.
3372 4985 3419 5026 c.
3447 4987 3486 5026 ι.
3511 4985 3643 5038 etc.,

2056 5077 2147 5121 aut
2176 5063 2329 5134 quasi
2358 5062 2404 5116 is
2439 5059 2545 5115 dici
2571 5057 2785 5113 libellus
2813 5073 2918 5112 non
2948 5069 3150 5128 posset,
3177 5061 3264 5129 qui
3290 5071 3494 5130 partem
3527 5079 3643 5116 ma-

2053 5157 2188 5227 joris
2229 5154 2408 5224 operis
2453 5151 2750 5208 constituit.
2797 5150 2867 5205 At
2903 5166 2970 5205 eo
2997 5150 3176 5205 'tnodo
3219 5151 3504 5206 dicendum
3543 5163 3648 5219 est,

2058 5248 2578 5313 Tertulliunumopus
2598 5244 2832 5298 nondum
2856 5245 3144 5313 perfectum
3169 5245 3393 5296 citasse!
3421 5243 3656 5302 lloccine

2060 5359 2191 5397 vero
2237 5354 2291 5396 et
2341 5341 2508 5410 potuit
2554 5349 2700 5392 tanto
2745 5341 2859 5391 viro
2905 5336 3212 5402 scrupulum
3263 5336 3520 5406 injicere,
3564 5341 3653 5410 qui

2060 5437 2254 5491 millies
2283 5436 2334 5489 in
2364 5431 2763 5488 eottnnentariis
2801 5429 2911 5482 suis
2956 5429 3101 5496 ipsos
3142 5426 3307 5482 libros
3343 5444 3472 5485 suos
3518 5447 3655 5486 nun-

2059 5544 2215 5599 quam
2244 5524 2517 5580 absolutos
2550 5531 2846 5576 antestatus
2871 5520 2985 5573 est?
3014 5518 3324 5589 Eodemque
3352 5523 3510 5577 modo
3532 5522 3654 5578 Ter-

2060 5620 2330 5673 tulliannm
2355 5615 2531 5685 egisse
2559 5615 2680 5682 quis
2711 5611 2942 5680 negabit,
2968 5611 3010 5663 si
3041 5609 3257 5679 quidem
3286 5622 3497 5666 nostras
3529 5630 3654 5669 nos-

2061 5712 2125 5766 lri
2173 5707 2474 5778 argumenti
2517 5703 2778 5758 vindicias
2822 5701 3047 5772 legerit?
3082 5702 3317 5770 Denique
3367 5704 3657 5760 dicitTcr-

2062 5802 2332 5857 lullianttnt
2377 5797 2444 5853 de
2488 5797 2628 5861 loco,
2685 5809 2791 5866 quo
2839 5794 3007 5849 sancti
3062 5793 3156 5850 viri
3207 5795 3583 5853 contineantur
3625 5816 3654 5854 a

3153 5886 3380 5967 (Ct'nq.)
