4242 6264
599 330 705 386 159

1626 336 2077 399 DlSSER’l‘ATlO
2117 335 2203 396 DE
2243 337 2430 399 VERA
2469 342 2727 404 ΑΞΤΑΤΕ

3784 358 3888 424 1ιο

603 454 778 504 morte
801 443 883 505 ‘ad
912 447 1083 505 ultimi
1105 446 1490 530 judicii'diem,
1519 451 1625 511 alia
1651 454 1704 511 in
1733 455 1870 548 tibfo
1896 456 1960 511 de
1983 455 2190 522 Anima,
2219 456 2273 520 Α
2299 454 2437 515 ϐείω
2462 476 2771 535 nunquam,
2802 466 2905 525 hoc
2925 483 3054 526 vero
3080 471 3147 529 ad
3169 474 3280 530 rem
3308 426 3441 531 nihil
3467 474 3594 533 facit
3624 478 3883 548 omnino;

597 555 652 597 c.
679 540 771 606 55,
794 540 962 617 deque
982 540 1386 617 Resurrectione,
1408 558 1458 603 c.
1477 544 1592 615 45..
1610 546 1713 607 alia
1740 546 1794 602 in
1804 540 2198 611 'Antimarcione

601 631 696 695 IV.
727 647 779 689 c.
801 632 915 699 54.,
947 631 1176 693 tradere.
1206 633 1404 697 Audio.
1424 635 1528 694 Sed
1551 637 1811 710 numquid
1837 638 1922 695 isti
1949 638 2071 697 libri
2098 654 2195 709 pu-

600 731 767 797 gnant
790 724 847 779 in
870 723 936 780 iis
954 724 1106 795 locis,
1130 740 1266 798 quos
1294 741 1354 789 se
1373 726 1447 785 ait
1476 729 1527 784 in
1551 729 1910 805 disputatione
1936 730 2195 791 adversus

604 812 920 871 Marcionem
958 820 1354 886 pertractasse?
1398 819 1512 881 Hoc
1552 837 1680 881 vero
1709 839 1811 883 nec
1834 822 2194 887 Tiltemonu'us

600 902 841 977 unquam
860 908 1134 981 probavit,
1159 925 1260 968 nec
1289 912 1573 987 quisquam
1594 955 1610 985 ,
1634 914 1765 971 siin
1794 914 1915 973 aliis
1941 914 2008 972 ad
2034 929 2191 981 caus-

601 1014 715 1054 sam
744 999 1014 1073 propriam
1043 1017 1151 1056 non
1179 1003 1571 1072 pertinentibus
1599 1020 1630 1063 a
1655 1020 1714 1062 se
1741 1003 2085 1067 Tertullianus
2110 1006 2197 1067 de-

602 1089 811 1161 fecerit,
835 1091 978 1159 dicet
999 1091 1208 1159 admitti
1231 1093 1390 1161 talem
1417 1097 1819 1165 conclusionem
1844 1113 2022 1176 posse.

600 1250 629 1321 §
697 1250 786 1307 12.
835 1281 907 1292 --
956 1251 1107 1306 Liber
1169 1253 1232 1308 de
1286 1251 1480 1311 Pallio.
1536 1255 1838 1328 Disputatur
1898 1257 1961 1312 de
2012 1256 2201 1329 triplici

675 1346 936 1415 prasentis
961 1345 1172 1417 Imperii
1204 1348 1415 1415 uirtute,
1466 1358 1514 1403 et
1578 1350 1852 1422 inquiritur
1894 1351 1949 1413 in
2011 1366 2200 1405 annuat

671 1453 770 1508 quo
797 1435 924 1493 Geta
952 1436 1245 1511 dignitatem
1272 1440 1488 1512 Augusti
1510 1442 1748 1514 suscepit.

669 1613 787 1669 Jam
831 1612 985 1669 nobis
1038 1611 1276 1668 libellum
1320 1614 1384 1669 de
1429 1612 1599 1670 Pallio
1646 1614 1981 1695 tractandum
2022 1600 2202 1672 suma-

600 1721 722 1762 mus
741 1749 756 1774 ,
780 1706 1067 1763 obscurum
1098 1705 1249 1762 illum
1277 1706 1491 1779 quidem
1520 1715 1576 1763 et
1601 1709 1731 1765 satis
1760 1707 2074 1783 confusum,
2106 1708 2201 1765 sed

600 1812 789 1868 magna
834 1805 1013 1852 tamen
1059 1799 1234 1854 omnis
1279 1799 1611 1875 antiquitatis
1650 1801 1873 1857 scientia
1916 1800 2198 1857 refertum.

601 1891 676 1945 De
731 1888 883 1960 cujus
921 1897 1080 1945 tetate
1128 1903 1250 1944 cum
1294 1890 1402 1945 sint
1440 1899 1519 1945 tot
1559 1889 1928 1965 discrepantes
1964 1893 2200 1950 virorum

598 1983 1028 2041 doctissimorum
1057 1983 1336 2039 sententiae
1360 2026 1375 2053 ,
1407 1983 1461 2041 id
1486 1998 1704 2056 agamus
1743 1999 1965 2042 necesse
1992 1994 2076 2042 est
2094 2026 2110 2054 ,
2145 1994 2202 2043 ut

598 2074 683 2129 vel
729 2089 822 2131 eas
863 2073 1089 2130 candide
1112 2075 1482 2131 cxaminemus
1504 2118 1519 2145 ,
1546 2076 1631 2132 vel
1661 2085 1901 2133 nostram
1931 2091 2199 2149 propona-

599 2180 743 2221 mus.
766 2165 964 2221 Existit
1000 2174 1180 2222 autem
1224 2165 1311 2223 bic
1339 2167 1511 2238 primo
1539 2167 1658 2225 loco
1698 2168 1942 2239 quaedam
1976 2169 2201 2242 quaestio

599 2257 761 2313 facile
788 2257 1130 2328 expedienda
1150 2298 1165 2324 ,
1196 2273 1443 2328 quaenam
1479 2260 1548 2316 sit
1570 2260 1673 2316 ista
1704 2262 1963 2333 presentis
2001 2260 2202 2332 imperii

598 2347 785 2419 triptes:
805 2338 1000 2414 virtus,
1034 2346 1144 2404 Deo
1175 2356 1247 2403 tot
1269 2349 1512 2422 Augustis
1548 2352 1602 2405 in
1645 2367 1805 2406 unum
1844 2352 2073 2422 favente,
2116 2351 2200 2409 cui

602 2438 947 2496 Tertullianus
985 2426 1171 2497 tribuit
1194 2454 1382 2497 eorum
1413 2449 1717 2513 temporum
1745 2441 2055 2500 felicitatem
2094 2443 2198 2516 (l).

600 2531 843 2602 Namque
875 2531 963 2587 alii
1005 2530 1160 2603 (Jac.
1200 2531 1524 2599 Gutberius,
1551 2534 1615 2589 de
1658 2534 1847 2607 Oﬁciis
1875 2535 2056 2592 domus
2098 2536 2205 2590 Au-

599 2632 780 2695 gustas,
822 2624 951 2680 edit.
984 2623 1132 2694 Lips.
1180 2640 1236 2697 p.
1265 2625 1419 2701 211.)
1452 2625 1538 2682 his
1561 2615 1735 2684 unum.
1777 2627 2022 2685 Severum
2060 2629 2202 2684 indi-

600 2724 779 2770 catum
803 2715 990 2772 volunt
1015 2725 1318 2788 propterea,
1352 2717 1496 2789 quod
1519 2727 1629 2776 tres
1655 2719 1775 2777 illos
1800 2721 2010 2797 imperii
2033 2737 2201 2776 aemu-

601 2808 686 2863 los
722 2807 1029 2877 lulianum,
1060 2807 1289 2881 Nigrum
1330 2818 1376 2865 et
1405 2811 1645 2866 Albinum
1691 2821 2069 2883 superaverat;
2112 2814 2202 2867 alii

599 2915 722 2956 cum
753 2901 918 2974 Nigro
955 2910 1005 2957 et
1044 2901 1229 2957 Albino
1257 2901 1499 2957 Severum
1546 2902 1959 2973 (Centuriatores
1989 2903 2204 2976 Magda-

532 2990 540 3001 ’
600 2994 815 3065 burgici,
845 3003 985 3052 cent.
1032 2995 1119 3051 Ill.
1152 3010 1205 3066 p.
1231 2995 1415 3067 241.);
1448 2996 1539 3053 alii
1566 2997 1838 3066 Atbinum,
1870 2997 2111 3055 Severum
2158 3006 2206 3052 et

601 3085 914 3142 Antoninum
933 3086 1247 3159 (Pamelius,
1265 3089 1319 3143 in
1335 3089 1435 3143 vita
1452 3089 1690 3156 Tertull.,
1713 3105 1766 3161 p.
1792 3088 1881 3145 10.
1904 3090 1962 3144 D.
1985 3090 2071 3145 14.
2091 3085 2201 3161 F.);

600 3176 835 3250 denique
889 3179 981 3235 alii
1031 3179 1277 3235 Severum
1330 3195 1453 3236 cum
1501 3178 1713 3237 duobus
1769 3181 1893 3237 ﬁliis
1954 3180 2205 3236 Bassiano

605 3271 827 3343 Getaque
862 3272 1187 3344 intelligunt.
1219 3272 1326 3330 Sed
1383 3273 1541 3329 trium
1601 3275 1842 3345 priorum
1888 3275 2204 3346 opinionum

600 3362 799 3417 nullam
836 3363 1024 3435 probo.
1049 3363 1180 3419 Nam
1223 3379 1284 3421 ea
1329 3363 1560 3419 Gutherii
1586 3366 1826 3437 opinatio
1851 3374 2096 3423 contorta
2125 3373 2209 3422 est

603 3463 660 3508 et
697 3455 977 3526 pet-inepta
1000 3495 1015 3520 ,
1045 3464 1104 3511 ut
1132 3470 1267 3527 pene
1297 3458 1532 3512 nesciam
1557 3499 1572 3524 ,
1599 3473 1664 3512 an
1692 3456 1812 3528 quis
1833 3471 2068 3531 unquam
2096 3465 2203 3513 tam

607 3555 791 3616 aperte
810 3555 866 3602 et
891 3561 1144 3616 perversa
1166 3557 1223 3605 et
1247 3548 1379 3604 falsa
1403 3563 1621 3606 secutus
1645 3550 1734 3606 sit.
1766 3551 1880 3607 Non
1912 3560 2124 3624 tangam
2154 3550 2207 3606 id

607 3636 847 3708 quidem,
874 3638 1075 3695 bonum
1096 3639 1271 3696 virum
1294 3656 1400 3696 non
1418 3640 1618 3696 vidisse
1648 3641 1909 3713 triplicem
1932 3641 2074 3697 illam
2102 3642 2209 3697 vir-

606 3737 778 3785 tutem
819 3730 1082 3802 praesentis
1120 3730 1366 3802 imperii,
1416 3733 1692 3803 Deumque
1717 3731 1821 3789 dici
1860 3742 1931 3787 tot
1969 3732 2208 3809 Augustis

610 3820 796 3892 {nuisse
817 3820 873 3876 in
898 3836 1061 3876 unum
1082 3861 1098 3889 ,
1126 3819 1226 3877 bos
1251 3822 1414 3878 etiam
1442 3823 1639 3878 multas
1664 3823 1826 3880 urbes
1856 3824 2170 3894 produxisse
2190 3867 2204 3891 ,

609 3912 857 3981 auxisse,
903 3910 1237 3980 reddidisse;
1289 3911 1432 3983 quod
1474 3912 1617 3969 dicat
1659 3914 1790 3969 mihi
1844 3916 1998 3985 quis,
2044 3933 2110 3971 an
2140 3916 2210 3973 de

608 4000 855 4070 Juliano,
883 4001 1051 4076 Nigro
1098 4012 1148 4058 et
1197 4003 1381 4059 Albino
1426 4002 1688 4059 aftlrmari
1734 4017 1928 4076 queat,
1977 4008 2209 4064 maxime

605 4104 718 4150 tum
740 4136 756 4163 ,
798 4109 918 4151 cum
944 4094 1054 4166 iam
1091 4105 1277 4153 essent
1302 4095 1651 4167 interempti?
1674 4096 1784 4153 Nec
1809 4097 1981 4153 dicant
2008 4139 2022 4165 ,
2048 4115 2210 4171 quam

607 4187 748 4243 male
767 4187 1002 4243 adhibita
1030 4187 1137 4242 sint
1168 4186 1455 4243 Herodiani
1484 4184 1791 4259 verba,‘lib.
1820 4188 1908 4245 ιιι.
1931 4205 1983 4248 c.
2008 4192 2090 4260 7.,
2118 4192 2210 4264 qui

608 4278 852 4334 Severum
898 4279 1122 4335 miratur
1167 4285 1249 4333 ἕνα
1301 4283 1451 4351 ἄνδρα
1502 4285 1627 4352 τρεῖς
1676 4290 1930 4337 καθελόντα
1977 4293 2209 4356 βασιλέας

613 4378 705 4436 ἤδη
731 4382 1050 4446 κρατοῦνταςς
1081 4382 1205 4428 sunt
1251 4373 1393 4429 enim
1440 4372 1557 4430 haec
1588 4373 1698 4445 jam
1740 4390 1771 4432 a
1816 4374 2043 4432 Btectero
2079 4377 2211 4436 satis

612 4467 877 4539 disputata
908 4465 1017 4539 (In
1063 4477 1241 4523 annot.
1270 4468 1339 4522 ad
1369 4467 1564 4525 Herod.
1595 4484 1648 4543 p.
1680 4469 1855 4551 420.).
1890 4472 2004 4535 Hoc
2045 4489 2207 4537 unum

607 4558 759 4616 lubet
784 4559 1109 4629 examinare,
1141 4559 1282 4631 quod
1309 4559 1376 4615 ad
1409 4575 1522 4616 rem
1545 4569 1781 4618 nosuam
1808 4563 2070 4634 imprimis
2091 4580 2210 4637 per-

607 4650 777 4718 tinet,
806 4661 984 4709 utrum
1013 4649 1141 4707 Geta
1160 4694 1175 4721 ,
1207 4653 1335 4707 vivo
1362 4652 1550 4709 Severo
1569 4694 1583 4722 ,
1613 4671 1886 4729 nunquam
1920 4658 1990 4714 sit
2035 4657 2208 4718 factus

614 4742 891 4813 Augustus.
922 4742 1076 4811 Quod
1104 4758 1225 4799 cum
1253 4743 1382 4799 velit
1411 4742 1720 4814 Gut/terius,
1754 4747 1983 4817 primum
2030 4748 2210 4807 Getam

615 4833 791 4888 Severi
811 4832 1030 4891 fratrem
1057 4851 1087 4890 a
1119 4834 1247 4892 Geta
1286 4832 1521 4904 Cwsare,
1555 4836 1728 4895 Severi
1752 4838 1894 4908 ﬁlio,
1938 4855 2048 4899 non
2088 4845 2208 4917 qui-

612 4923 758 4990 dem,
791 4933 850 4978 ut
869 4941 965 4995 par
989 4935 1126 4994 erat,
1167 4927 1465 5003 distinguit.
1492 4928 1628 4985 Nam
1653 4945 1776 4986 cum
1804 4932 2134 5006 Spartianus,
2154 4936 2207 4992 in

612 5014 741 5071 Sev.
791 5030 840 5070 c.
897 5016 985 5071 10.
1032 5016 1275 5073 Severum
1324 5020 1456 5076 dicit
1499 5021 1665 5081 tilium
1706 5037 1861 5081 suum
1904 5025 2209 5083 Bassianum

610 5107 881 5163 Caesarem
924 5107 1256 5179 appellasse,
1298 5120 1357 5166 ut
1385 5110 1604 5169 fratrem
1648 5128 1806 5171 suum
1839 5115 2016 5172 Getam
2041 5133 2072 5174 a
2113 5133 2209 5190 spe

610 5201 857 5273 imperii,
886 5216 1045 5272 quam
1085 5200 1200 5271 ipse
1242 5217 1593 5276 conceperat,
1621 5208 2000 5285 submoveret,
2029 5228 2209 5286 nonne

610 5305 1030 5351 consentaneum
1056 5304 1141 5352 est
1159 5336 1173 5363 ,
1202 5310 1324 5352 cum
1351 5296 1420 5352 de
1449 5297 1597 5368 Gela,
1628 5300 1802 5358 Severi
1829 5303 2014 5375 fratre,
2045 5306 2208 5365 fuisse

610 5386 887 5441 locutum?
918 5386 1124 5443 Deinde
1166 5387 1309 5458 quod
1355 5388 1409 5444 in
1450 5391 1633 5448 multis
1670 5393 1873 5453 codicis
1903 5396 2067 5454 titulis
2105 5415 2205 5457 no-

609 5478 755 5534 mina
782 5477 956 5535 Severi
982 5488 1028 5535 et
1055 5480 1302 5535 Antonini
1325 5480 1688 5554 Augustorum
1710 5488 2067 5560 reperiantur,
2111 5492 2207 5550 sed

670 5705 744 5772 (_t)_
767 5704 889 5772 βίῳ.
913 5706 962 5755 2.
1011 5704 1254 5772 Quantum
1276 5705 1473 5772 urbium
1497 5712 1583 5759 aut
1609 5708 1840 5771 produxit
1861 5721 1945 5765 aut
1959 5717 2099 5771 auxit
2122 5726 2207 5772 aut
2282 5732 2289 5741 ο

595 5768 820 5843 reddidit
844 5769 1102 5843 praesentis
1122 5768 1517 5843 inip‘eriitriplex
1540 5768 1734 5843 virtus,
1759 5780 1858 5843 peo
1876 5782 1945 5829 tot
1969 5768 2205 5843 Augustis

607 5832 663 5879 In
687 5840 835 5878 unum
861 5829 1058 5879 favente
1077 5864 1091 5893 ,
1117 5834 1238 5892 quot
1256 5829 1435 5882 census
1457 5829 1739 5893 transcripti
1761 5835 1772 5883 l

2298 550 2366 610 ab
2392 566 2458 613 eo
2502 554 2645 615 enim
2677 564 2951 629 tempore.
2993 579 3101 633 quo
3144 563 3271 621 Geta
3308 552 3621 638 dignitatem
3662 569 3891 640 Augusti

2296 645 2562 733 suscepit,
2606 657 2663 705 ut
2689 660 2871 720 postea
2908 652 3208 724 docebitur,
3238 673 3456 729 semper
3497 660 3596 716 fuit
3636 663 3806 733 patris
3834 667 3890 722 in

2299 731 2442 791 bello
2466 732 2679 806 comes,
2725 741 2775 819 in
2808 759 2947 813 quo,
2980 746 3125 818 quod
3150 747 3214 804 de
3238 748 3447 818 legibus
3484 750 3549 806 ad
3577 731 3691 808 rein
3719 755 3893 824 publi-

2297 840 2413 889 cam
2441 835 2808 905 spectantibus
2828 838 3066 908 cogitare
3095 856 3200 897 non
3226 842 3481 912 potuerit,
3508 860 3673 902 nemo
3701 847 3889 906 mirari

2295 919 2474 982 debet.
2496 923 2553 978 Id
2586 942 2713 987 vero
2740 930 2887 991 nullo
2909 932 3068 989 modo
3093 933 3373 992 ferendum
3391 945 3492 1002 est,
3518 939 3661 1009 quod
3684 939 3887 1012 Getam,

2298 1023 2451 1084 patre
2497 1015 2741 1085 vivente,
2800 1022 3096 1094 Augustum
3142 1027 3471 1098 appellatum
3511 1044 3635 1087 esse
3692 1042 3888 1105 neget,

2299 1107 2643 1195 numinisque
2698 1121 2881 1171 utatur
2921 1114 2990 1171 ad
3034 1114 3137 1174 line
3182 1118 3561 1189 efﬁciendum,
3607 1122 3661 1179 in
3700 1125 3896 1195 quibus

2304 1194 2444 1255 Geta:
2472 1198 2563 1255 Tr.
2600 1201 2661 1261 P.
2693 1202 2757 1263 ιι.
2784 1204 2998 1275 legitur.
3029 1207 3161 1265 Nam
3191 1225 3313 1266 cum
3349 1212 3462 1283 ipse
3502 1194 3753 1285 adjiciat,
3793 1216 3896 1272 Ge-

2304 1295 2429 1357 tam,
2447 1301 2662 1353 mortuo
2676 1303 2847 1364 patre,
2869 1312 2990 1359 eum
3004 1299 3169 1363 fratre
3182 1317 3291 1358 non
3310 1304 3411 1360 nisi
3433 1303 3499 1359 Κ.
3519 1319 3754 1375 menses,
3774 1307 3890 1365 XV.

2302 1378 2418 1447 dies
2442 1396 2697 1453 regnasse
2728 1403 2743 1454 ;
2775 1402 2998 1451 necesse
3023 1400 3108 1451 est
3148 1407 3280 1450 sane
3322 1403 3381 1451 ut
3404 1393 3531 1455 Geta
3575 1407 3701 1455 ante
3726 1402 3895 1470 patris

2301 1482 2531 1533 mortem
2558 1477 2828 1548 Augustus
2861 1481 2932 1539 sit
2970 1485 3288 1554 appellatus.
3322 1487 3507 1544 Altera
3536 1489 3720 1560 Opinio
3759 1492 3891 1548 doe-

2305 1563 2630 1633 tissimorum
2661 1568 2927 1639 virorum,
2956 1575 3049 1645 qui
3075 1575 3416 1650 Magdeburgi
3460 1579 3699 1637 historiae
3727 1598 3895 1641 sacrm

2302 1659 2571 1744 centurias
2615 1676 3069 1736 composuerunt,
3121 1669 3367 1728 Seuerum
3396 1688 3515 1731 cum
3561 1675 3725 1747 Nigro
3765 1677 3899 1733 Albi-

2306 1763 2471 1821 naque
2491 1751 2675 1807 statuit
2696 1752 2859 1813 fuisse
2883 1756 3027 1815 illam
3057 1759 3319 1830 triplicem
3341 1764 3614 1832 virtutem,
3642 1776 3698 1823 et
3724 1778 3891 1838 recte,

2229 1843 2278 1906 Β
2307 1848 2366 1903 ut
2391 1855 2513 1899 eum
2544 1841 2870 1908 Tiltemontio
2917 1846 3139 1922 loquar,
3190 1855 3395 1931 erroris
3419 1858 3792 1927 convincitur,
3832 1875 3898 1918 eo

2302 1933 2450 2004 quod
2481 1932 2686 1995 fontem
2730 1938 2991 2003 malorum
3020 1941 3230 2014 imperii
3266 1944 3498 2007 Romani
3530 1946 3735 2009 (eam
3765 1966 3897 2009 cou-

2300 2024 2513 2093 stituit,
2543 2028 2687 2099 unde
2728 2034 3029 2093 manaverit
3068 2043 3216 2098 tanta
3257 2036 3488 2099 felicitas
3532 2040 3780 2112 imperii,
3831 2044 3900 2101 de

2300 2132 2409 2190 qua
2452 2118 2799 2187 Tertullinus:
2855 2126 3112 2197 loquitur.
3152 2128 3233 2187 Ac
3278 2130 3350 2191 de
3400 2132 3900 2199 Panaetio'meliora

2303 2210 2554 2279 sentiam,
2587 2227 2617 2269 a
2637 2216 2786 2285 cujus
2804 2230 2993 2275 caussa
3023 2220 3216 2281 veritas
3241 2222 3558 2296 plerumque
3600 2229 3901 2287 remotissi-
3987 2249 3994 2256 ι

2304 2315 2394 2359 ma
2428 2303 2550 2360 est?
2579 2306 2668 2377 qui
2694 2307 2966 2376 Albinum,
3013 2326 3176 2382 quem
3218 2327 3410 2373 omnes
3449 2329 3644 2375 uomat
3682 2331 3902 2391 propter

2304 2395 2618 2467 dignitatem
2662 2402 2889 2472 Augusti
2930 2403 3034 2463 sibi
3070 2415 3319 2477 negatam
3346 2410 3607 2477 adversus
3651 2411 3898 2469 Seuerum

2305 2489 2613 2557 inimicitias
2647 2496 2952 2566 suscepisse
2980 2497 3077 2570 (Υ.
3112 2498 3267 2559 Dion.
3291 2501 3544 2573 Cassium,
3590 2505 3628 2561 I.
3679 2506 3898 2565 LXXV.

2306 2595 2356 2636 c.
2405 2580 2462 2639 4.
2493 2598 2548 2654 p.
2582 2583 2807 2660 1258.),
2838 2587 2997 2651 etiam
3042 2591 3339 2663 Augustum
3368 2581 3554 2653 dicere
3594 2600 3801 2669 puniit,
3846 2610 3904 2658 et

2309 2672 2631 2742 Carqcailum
2674 2677 2793 2749 eius
2835 2680 2887 2745 in
2940 2681 3169 2761 imperio
3217 2685 3461 2755 socium,
3510 2690 3600 2745 eui
3651 2689 3900 2760 dentom,

2307 2766 2595 2829 interiecto
2645 2770 2757 2842 jam
2828 2771 3029 2837 dudum
3096 2775 3281 2835 Albino
3308 2821 3324 2848 ,
3389 2780 3625 2847 honores
3681 2786 3905 2858 Augusti

2309 2861 2552 2921 concessi
2594 2864 2752 2920 sunt?
2798 2864 2971 2934 Quem
3019 2868 3065 2930 si
3115 2870 3385 2941 iocantem
3437 2873 3555 2935 haec
3593 2876 3892 2937 afﬁrmasse
3969 2896 3975 2901 ·

2309 2966 2427 3017 cum
2480 2955 2744 3027 Scaligero
2788 2958 3003 3030 dicam,
3048 2977 3239 3033 parum
3286 2965 3495 3036 dicam;
3530 2979 3609 3026 tot
3646 2959 3924 3031 tenebras-

2311 3045 2519 3107 veritati
2562 3046 2770 3105 oii‘udit.
2797 3048 2962 3121 Igitur
2981 3051 3098 3111 hoc
3122 3070 3286 3132 unum
3324 3069 3523 3126 restat,
3552 3070 3614 3119 ut
3640 3063 3904 3135 triplicem

2310 3135 2467 3195 istam
2520 3138 2770 3201 virtutem
2802 3140 3048 3207 Severum
3095 3161 3217 3205 cum
3247 3148 3404 3218 ﬁliis,
3447 3151 3558 3222 iam
3608 3154 3899 3227 Augustis,

2229 3210 2278 3274 (ἶ
2311 3235 2594 3299 putemus;
2621 3231 2674 3291 in
2702 3233 2897 3303 quibus
2919 3235 3060 3299 Deus
3088 3237 3197 3303 diei
3216 3210 3467 3312 βρίθειῑῖῐῆ
3492 3257 3656 3301 unum
3680 3210 3904 3319 favisse;

2311 3328 2369 3374 ut
2409 3320 2573 3378 verbo
2598 3322 2920 3395 Septimio»
2949 3337 3182 3399 utamur.
3214 3348 3337 3391 eum
3367 3350 3505 3392 unus
3524 3376 3543 3405 ,
3572 3338 3616 3393 si
3646 3348 3792 3396 recte
3815 3356 3909 3398 ve-

2310 3410 2469 3469 limus
2514 3414 2697 3488 loqui,
2740 3416 2960 3487 Severus
2989 3426 3323 3495 regnaverit,
3353 3429 3664 3488 eteteriduo
3692 3435 3910 3492 nomine

2309 3507 2479 3579 magis
2507 3524 2668 3579 quam
2712 3526 2773 3568 re
2796 3513 3027 3587 Ausum
3060 3517 3280 3577 iuerint.
3310 3520 3497 3592 Unde,
3524 3524 3574 3581 si
3629 3534 3906 3586 teneamus

2310 3612 2543 3668 quonam
2585 3616 2729 3663 anno
2768 3603 2896 3667 Geta
2948 3607 3015 3671 ad
3045 3609 3285 3682 Augusti
3328 3613 3646 3686 dignitatem
3686 3633 3905 3678 evectus

2309 3693 2414 3759 sit,
2462 3693 2580 3756 hinc
2622 3711 2731 3757 non
2763 3701 2934 3771 magis
2976 3702 3047 3763 ad
3077 3706 3441 3776 cognitionem
3470 3710 3906 3783 intelligentiam-

2310 3800 2419 3856 que
2466 3788 2641 3851 aetatis
2682 3801 3018 3851 convertens.
3070 3796 3364 3856 Enimvero
3409 3800 3705 3861 Dodweltus
3740 3806 3906 3875 scite,

2310 3878 2498 3939 utalia
2536 3882 2702 3943 multa
2723 3924 2737 3948 .
2769 3887 2978 3943 monuit
3018 3886 3290 3960 (Prmlect.
3323 3891 3548 3953 Cantden
3568 3895 3713 3953 XIX.
3752 3897 3782 3970 ς
3812 3898 3906 3956 ﬂ.

2312 3985 2367 4040 p.
2400 3970 2529 4031 691.
2560 3987 2641 4045 sq.
2663 3973 2683 4046 )
2704 4017 2719 4041 ,
2749 3977 3039 4050 multisque
3062 3983 3435 4054 comprobavit
3477 3990 3765 4060 exemplis,
3798 3990 3910 4046 Ro-

2310 4078 2594 4127 manorum
2643 4066 2999 4139 Imperatores
3026 4089 3275 4144 curasse,
3307 4086 3364 4139 ut
3400 4078 3546 4136 Trib.
3595 4080 3720 4139 Pot.
3766 4082 3908 4139 illio-

2312 4170 2433 4217 rtuu
2463 4172 2683 4221 Sttorutu
2718 4177 2750 4219 a
2796 4165 3178 4237 quinquenniis
3222 4180 3314 4226 aut
3366 4171 3646 4232 decenniis
3694 4174 3905 4247 Imperii

2312 4261 2706 4312 numeraretur.
2755 4254 2860 4314 Sed
2916 4259 2981 4323 Δ.
3038 4259 3255 4316 CCVIII.
3304 4264 3427 4335 quis
3471 4267 3649 4325 nescit
3683 4267 3911 4340 quinde-

2313 4343 2558 4405 cennalia
2586 4345 2762 4405 Seueri
2821 4357 2871 4405 et
2922 4349 3177 4408 Cornelii
3230 4354 3549 4412 decennalis
3598 4360 3910 4418 exstitisse?

2314 4433 2576 4510 Quocirca
2616 4437 2703 4493 vix
2738 4439 3022 4511 quisquam
3066 4441 3314 4500 dubitare
3338 4453 3514 4515 potest
3548 4446 3684 4516 quin
3708 4447 3908 4505 eodem

2314 4540 2456 4587 anno
2507 4528 2562 4585 in
2614 4528 2793 4591 Getam
2840 4533 3063 4605 Augusti
3101 4534 3335 4606 dignitas
3380 4537 3572 4594 collata
3618 4538 3785 4597 fuerit
3806 4584 3822 4611 ,
3854 4551 3911 4600 et

2234 4595 2440 4690 unid
2505 4620 2730 4691 impedit
2790 4595 3075 4694 quominus
3128 4595 3230 4697 pro
3300 4643 3451 4689 more
3516 4595 3907 4703 Imperator'uni

2312 4726 2453 4768 rom.
2497 4712 2641 4769 idem
2686 4715 2877 4773 eodem
2922 4716 3009 4773 die
3045 4719 3207 4777 etiam
3254 4720 3398 4778 Geta
3439 4725 3769 4798 contigisse,
3799 4742 3908 4798 quo

2312 4806 2441 4861 olim
2469 4804 2655 4862 Severo
2704 4816 2750 4863 et
2799 4809 3065 4868 Caracalto
3089 4856 3104 4882 ,
3136 4814 3421 4873 dicamus?
3449 4821 3530 4881 Ae
3572 4819 3677 4879 ista
3721 4836 3810 4879 res
3859 4821 3909 4878 si

2310 4896 2449 4955 forte
2486 4897 2646 4955 dubia
2700 4901 2875 4959 videri
2932 4915 3117 4975 posset
3168 4898 3483 4980 propterea,
3539 4912 3680 4985 quod
3720 4912 3805 4970 vel
3852 4912 3907 4969 id

2311 4991 2468 5055 citius
2497 4994 2759 5066 potuisset
2781 4998 3062 5068 accidere,
3089 5002 3175 5065 vel
3199 5003 3344 5075 quod
3371 5019 3531 5065 uuam
3561 5004 3702 5064 hanc
3741 5020 3905 5081 rogu-

2313 5084 2417 5143 lam
2458 5083 2814 5158 imperatores
2837 5105 2942 5153 non
2971 5091 3201 5151 inissent
3218 5094 3390 5161 ubivis
3427 5095 3634 5171 secuti,
3660 5095 3907 5167 quamvis

2313 5184 2365 5243 id
2414 5185 2632 5259 quidem
2673 5188 2967 5253 verisimile
3016 5190 3071 5249 in
3121 5190 3308 5249 Severo
3336 5205 3442 5249 non
3485 5190 3585 5259 sit,
3638 5191 3729 5264 qui
3775 5190 3907 5251 artis

2311 5275 2686 5337 Chaldaeorum
2710 5279 3135 5345 studiosissimus
3146 5280 3313 5341 fastos
3331 5280 3447 5343 dies
3458 5280 3744 5356 diligenter
3760 5290 3907 5341 tene-

2310 5370 2436 5442 bat,
2464 5372 2668 5435 nutnmi
2696 5379 2877 5441 tamen
2908 5373 3012 5437 hoc
3038 5384 3246 5447 ponunt
3287 5384 3437 5439 exuo
3482 5390 3700 5445 omnem
3745 5374 3906 5435 dubi-

2315 5464 2593 5525 tationem.
2639 5465 2772 5533 Nant
2812 5467 2860 5531 si
2918 5468 2986 5535 ad
3049 5484 3330 5537 numerum
3379 5469 3525 5538 Trib.
3592 5468 3716 5535 Pot.
3764 5468 3906 5527 Geta

2311 5559 2672 5627 attendimus,
2723 5561 2916 5631 quibus
2966 5562 3090 5618 anni
3143 5562 3301 5635 huius
3350 5562 3624 5635 dignitatis
3680 5571 3908 5635 possunt

2311 5652 2713 5709 accuratissime
2750 5651 2928 5721 eftici,
2958 5654 3059 5710 iste
3105 5654 3322 5729 quidem
3370 5656 3511 5717 ultra
3557 5666 3807 5731 quartum
3852 5656 3905 5713 in

2311 5740 2451 5803 Geta:
2498 5744 2734 5799 nummis
2777 5759 2883 5811 non
2929 5745 3290 5819 progreditur.
3339 5745 3443 5806 Sed
3474 5745 3606 5809 Geta
3631 5763 3907 5807 summum

2307 5846 2429 5891 cum
2458 5832 2726 5893 Caracalla
2747 5836 3064 5909 principium
3098 5838 3169 5898 ad
3194 5852 3438 5899 mensem
3480 5837 3593 5898 fere
3623 5838 3907 5899 Februarii
