4242 6264
321 327 426 385 HI

1240 325 1328 383 ac
1366 321 1725 383 pommus
1751 323 2192 387 scnlr'rouuu
2232 296 2746 388 TERTULLIANI.‘

3519 339 3625 397 Hi

328 438 472 497 Auni
492 437 689 499 CCXII.
714 439 883 499 tenuit
905 438 1021 513 (I);
1058 440 1219 511 igitur
1246 454 1505 499 numerus
1532 426 1752 512 quarius
1777 439 1921 499 Trib.
1951 442 2006 508 Α
2032 440 2230 498 riarum
2261 442 2312 500 in
2341 442 2666 505 christianos
2690 444 2933 509 incendia
2972 446 3335 507 excitaverant
3354 492 3369 518 ,
3398 466 3623 513 necesse

332 531 457 588 Pot.
503 532 638 589 Ceae
661 531 837 589 medio
862 533 930 589 Α.
973 529 1152 593 CCXI.
1198 534 1391 595 merito
1418 533 1580 595 debet
1629 532 1921 603 assignari;

332 639 515 695 aquo
556 624 602 679 si
649 624 1018 695 regrediamur
1064 627 1427 694 numerando,
1475 625 1710 687 efﬁcitur
1740 640 1922 694 sane,

333 715 509 773 Getam
540 728 658 787 post
702 718 1003 775 conlectam
1047 719 1321 782 dimidiam
1356 728 1562 791 partem
1600 721 1666 776 Α.
1700 716 1921 781 CCVIII.

330 812 635 881 suscepisse
662 811 977 882 dignitatem
1000 814 1253 883 Augusti;
1286 813 1428 875 unde
1454 820 1677 884 apparet
1701 820 1758 871 et
1783 812 1885 869 hoc
1905 852 1923 880 ,

333 904 527 965 librum
582 901 882 963 Tertulliani
907 904 971 967 de
1018 903 1193 967 Pallio
1235 905 1413 967 medio
1458 905 1577 978 ejus
1627 903 1753 965 anui
1804 917 1926 963 esse

331 996 708 1059 recentiorem.

333 1127 364 1202 ς
398 1131 482 1187 Ib.
512 1162 581 1173 —
599 1130 771 1186 Dubia
796 1133 1030 1188 redditur
1052 1131 1300 1206 Barnain
1329 1143 1375 1189 et
1405 1131 1635 1195 Walrltii
1660 1131 1924 1199 sententia,

403 1224 489 1293 qui
509 1222 570 1276 Α.
597 1221 789 1279 CCXI.
822 1224 958 1280 hunc
980 1224 1163 1279 librum
1205 1225 1394 1280 editum
1423 1240 1528 1280 esse
1557 1229 1815 1279 voluerunt
1835 1265 1851 1292 ,
1880 1232 1928 1278 et

403 1315 469 1368 Α.
493 1312 576 1372 CC
590 1312 692 1369 VII
704 1313 731 1368 1
743 1354 757 1367 .
788 1314 989 1370 libellus
1010 1317 1273 1371 asset-itur.

404 1426 512 1482 Sed
556 1442 677 1484 cum
705 1429 1010 1483 accuratior
1052 1429 1175 1483 anni
1230 1427 1377 1500 ejus,
1406 1443 1514 1509 quo
1557 1418 1790 1500 scriptus
1841 1428 1929 1495 hic

332 1515 473 1572 lihcr
498 1527 601 1585 est,
631 1519 769 1579 ratio
791 1518 1106 1593 postuletur,
1137 1520 1223 1593 qui
1248 1520 1344 1574 ista
1366 1520 1613 1583 subtilius
1634 1522 1928 1595 disserunt,

330 1609 554 1686 abeunt,
581 1621 835 1682 quantum
865 1611 1038 1677 video,
1065 1612 1117 1665 in
1147 1626 1265 1667 eam
1297 1615 1641 1683 sententiam,
1669 1624 1726 1670 ut
1750 1614 1802 1677 in
1835 1629 1933 1676 an-

330 1708 467 1754 num‘
495 1700 670 1755 CCXI.
702 1717 821 1757 eum
845 1701 1228 1775 conjiciendum
1253 1705 1599 1767 arbitrentur.
1622 1706 1760 1765 Nihil
1785 1707 1929 1770 enim

329 1801 557 1847 cancros
589 1807 878 1859 moramur,
897 1794 984 1864 qui
1006 1809 1190 1850 versus
1211 1792 1373 1850 linem
1399 1797 1609 1867 imperii
1628 1797 1803 1858 Severi
1831 1798 1932 1859 hoc
1961 1804 2010 1866 Β

332 1897 465 1954 Opus
492 1892 800 1953 exaratum,
841 1884 1010 1956 magis
1038 1887 1286 1942 universe
1313 1888 1680 1958 pronuntiant.
1710 1888 1815 1952 Sed
1840 1890 1932 1961 qui

335 1978 500 2051 magis
527 1992 645 2036 eam
676 1994 790 2033 rem
830 1979 898 2033 ad
945 1979 1295 2045 subtilitatem
1343 1981 1773 2054 chronologicam
1803 1996 1932 2043 exe-

335 2079 544 2139 gerunt,
575 2068 722 2124 Sam.
751 2067 1042 2142 Basuagius
1097 2070 1207 2143 (In
1238 2072 1516 2129 Annalibus
1536 2073 1936 2145 publico-eccle-

338 2162 575 2225 siasticis,
603 2169 728 2219 toni.
749 2160 813 2216 ll.
838 2177 892 2232 p.
921 2160 1075 2236 217.)
1130 2173 1203 2232 et,
1234 2164 1324 2235 qui
1354 2165 1499 2225 illum
1525 2165 1931 2236 sequitur-,Ven.

343 2254 776 2327 Cmttingensium
842 2255 1110 2311 Walchius
1159 2255 1267 2329 (In
1337 2255 1734 2329 Antiquitatibus
1784 2258 1934 2331 pallii
1992 2290 2003 2293 α

342 2342 674 2421 philowpltici
717 2359 938 2405 veterum
961 2349 1396 2423 christianorum,
1428 2368 1483 2423 p.
1512 2349 1636 2411 227.
1670 2351 1815 2425 sq.),
1840 2352 1929 2429 hi,

340 2441 576 2513 inquam,
597 2457 684 2513 eo,
712 2456 819 2512 quo
845 2440 1102 2510 diximus,
1126 2456 1267 2497 anno
1292 2442 1550 2513 scriptum
1576 2442 1717 2499 hunc
1736 2442 1932 2503 librum

341 2545 459 2587 esse
478 2531 810 2598 decernunt;
840 2542 965 2587 sunt
992 2533 1135 2588 enim
1165 2532 1407 2604 quedam
1436 2533 1553 2611 ejus
1582 2535 1705 2597 anni
1740 2534 1933 2594 simili-

341 2623 550 2681 tudines
578 2639 700 2679 cum
752 2624 914 2681 rebus
946 2640 1171 2699 quarum
1204 2625 1292 2683 hic
1324 2626 1667 2707 Iertallianus
1700 2628 1931 2691 mentio-

340 2733 462 2774 nem
505 2718 709 2790 injecit.
736 2718 975 2787 Verum,
1028 2719 1126 2775 ista
1164 2735 1226 2776 re
1270 2719 1553 2793 diligenter
1590 2722 1930 2798 examinata,

340 2813 470 2868 mihi
511 2812 724 2869 animus
773 2813 941 2885 magis
986 2812 1259 2871 inclinavit
1310 2814 1362 2870 in
1407 2829 1527 2881 eam
1577 2814 1932 2890 sententiam,

341 2906 485 2983 quod
512 2906 611 2963 iste
634 2906 849 2967 libellus
874 2906 946 2963 sit
983 2906 1097 2969 fere
1139 2907 1208 2969 ad
1245 2922 1445 2967 annum
1494 2906 1719 2973 CCVIII.
1776 2923 1934 2972 coma

342 3001 563 3071 positus.
593 3000 767 3069 Quam
788 3001 859 3057 ob
886 3016 1038 3069 rem,
1078 3016 1210 3072 pace
1256 3001 1547 3063 venerandi
1591 3002 1727 3073 uiri,
1770 3017 1934 3075 quem

342 3107 497 3164 Spero
524 3092 679 3149 facile
708 3093 919 3155 veniam
965 3092 1212 3151 daturum
1252 3108 1372 3157 esse
1422 3095 1622 3153 homini
1664 3095 1931 3179 ingenuo,

341 3160 634 3258 verumque
658 3187 775 3247 sine
805 3186 913 3243 ulla
946 3187 1289 3247 contentione
1327 3186 1571 3249 invenire
1608 3160 1807 3253 νοιεῇιί
1827 3228 1843 3255 ,
1871 3160 1934 3249 ea
1962 3160 2008 3226 Ο

343 3277 629 3353 explicabo
673 3277 994 3341 brevissime
1017 3293 1136 3350 qua:
1154 3294 1244 3343 me
1265 3291 1505 3347 movent,
1535 3290 1593 3341 ut
1616 3280 1684 3339 de
1713 3281 1940 3348 veritate

349 3368 467 3441 ejus
504 3369 780 3426 sententiae
808 3370 1177 3443 subdubitem,
1207 3387 1437 3446 quaeque
1479 3370 1549 3431 ad
1576 3387 1695 3433 eam
1716 3414 1732 3445 ,
1776 3388 1939 3446 quam

349 3461 490 3519 obiri
535 3464 725 3522 vellem
748 3507 762 3534 ,
811 3468 1285 3531 commendandam
1326 3469 1506 3533 facere
1551 3467 1732 3541 aliquo
1775 3467 1941 3533 modo

349 3555 622 3619 videntur.
654 3557 911 3618 Videlicet
937 3563 1041 3618 ista
1064 3576 1221 3627 secus
1250 3557 1596 3623 sentientium
1620 3562 1800 3632 opinio
1827 3561 1940 3623 unis

347 3663 503 3707 versa
546 3649 774 3709 efﬁcitur
798 3653 1149 3717 similitudine
1195 3670 1382 3715 eorum
1441 3671 1559 3729 qua)
1590 3654 1935 3719 Tertulliauua

344 3741 536 3812 habet,
569 3760 690 3802 cum
743 3747 809 3805 iis
861 3764 983 3821 quae
1011 3750 1211 3809 scimus
1258 3751 1361 3807 isto
1388 3764 1532 3811 anno
1557 3747 1941 3813 CCXI..conti~

345 3833 506 3905 gisse.
554 3836 662 3893 Sed
715 3838 860 3901 istud
907 3839 1122 3915 quidem
1165 3851 1535 3915 argumentum
1566 3846 1775 3907 tametsi
1813 3835 1942 3909 non

344 3927 591 3987 videatur
615 3931 1007 4002 repudiandum
1051 3950 1147 4005 per
1170 3950 1261 4005 se,
1307 3951 1418 3993 non
1449 3947 1625 4001 tanien
1674 3941 1940 4009 multum,

350 4022 558 4094 opinor,
599 4026 867 4087 ﬁrmitatis
898 4029 1077 4096 habet,
1098 4032 1146 4095 si
1187 4031 1373 4093 cadent
1405 4032 1698 4093 similitudo
1747 4048 1940 4103 eorum

349 4135 469 4199 qua:
487 4136 517 4177 a
543 4118 864 4181 Tertulliano
889 4124 1028 4179 dicta
1050 4133 1171 4185 sunt
1190 4166 1203 4192 ,
1224 4125 1509 4183 intercedit
1535 4142 1655 4187 ωιιι]
1696 4104 1760 4183 iis
1779 4168 1793 4193 ,
1824 4142 1944 4197 qua!

350 4215 643 4271 extiterunt
685 4222 752 4272 A.
798 4217 1051 4288 CCVIII.,
1080 4227 1136 4274 et
1160 4219 1356 4275 amittit
1394 4221 1501 4277 vim
1545 4220 1804 4291 probandi
1833 4236 1946 4277 om-

353 4324 475 4366 nem
497 4352 511 4376 ,
545 4312 588 4365 si
618 4312 788 4382 possit
815 4312 1023 4368 ostendi
1049 4314 1114 4367 A.
1155 4310 1333 4375 CCXI.
1365 4313 1523 4387 plane
1552 4312 1762 4370 diversa
1804 4312 1946 4369 acci-

354 4401 499 4459 disse
517 4405 587 4461 ah
631 4406 696 4459 iis
720 4420 839 4476 qua:
866 4407 911 4460 is
939 4406 992 4461 in
1020 4405 1158 4461 libro
1185 4416 1372 4463 nostro
1394 4407 1669 4465 memoria:
1690 4407 1943 4480 prodidit.

2031 545 2113 592 est
2139 550 2292 607 sane,
2315 539 2473 594 istam
2498 539 2692 595 horum
2714 540 3052 603 vexationem
3073 542 3183 612 jam
3209 559 3378 616 usque
3397 546 3464 603 ab
3483 547 3623 603 inte-

2029 643 2124 698 gro
2166 645 2309 687 anno
2352 632 2568 688 ductam
2618 633 2805 691 fuisse.
2838 637 2952 707 Age
2994 636 3154 707 igitur
3200 638 3282 695 lac
3328 640 3392 695 A.
3436 639 3620 697 CCXI.

2029 722 2286 792 Scriptum
2310 739 2433 781 esse
2463 726 2530 781 de
2552 726 2726 785 Pallio
2751 727 2987 789 libellum
3010 772 3025 799 ,
3055 745 3232 788 nonne
3274 731 3624 805 Tertulliani“

2030 817 2316 887 pugnantia
2354 819 2623 890 loquitur,
2673 821 2763 892 qui
2793 821 2966 878 eidem
2994 825 3222 895 tempori
3265 834 3321 883 et
3356 842 3624 886 summam

2031 911 2438 981 prosperitatem
2500 922 2556 968 et
2609 914 2942 973 calamitates
2988 918 3333 988 gravissimas
3403 924 3628 981 tribuit?

2031 1006 2206 1076 Atque
2236 1006 2323 1063 hie
2348 1022 2450 1079 ego
2476 1024 2583 1069 non
2621 1009 2850 1076 inlicior,
2880 1012 2986 1067 dici
3015 1011 3235 1070 forsitan
3266 1030 3424 1089 posse
3457 1019 3625 1089 quod,

1968 1099 1979 1111 ‘
2030 1095 2116 1152 bis
2156 1097 2550 1157 calamitatibus
2565 1101 2951 1173 aliquantisper
2974 1105 3236 1173 remissis,
3263 1108 3442 1178 quieta
3472 1112 3629 1182 quasi

2032 1201 2096 1244 ac
2139 1191 2423 1260 tranquilla
2472 1192 2749 1263 interiecta
2793 1194 3070 1251 intervalla
3113 1195 3332 1255 fuerint.
3366 1198 3474 1256 Sed
3499 1217 3624 1258 cum

2033 1284 2230 1338 veteris
2276 1283 2514 1341 historiae
2561 1296 2908 1343 monumenta
2942 1288 3075 1344 nihil
3104 1304 3324 1361 prorsus
3371 1293 3626 1363 prodide-

2032 1374 2171 1442 rint,
2201 1390 2267 1431 ex
2293 1391 2401 1447 quo
2427 1377 2527 1432 ista
2554 1393 2644 1434 res
2694 1380 2863 1450 possit
2891 1381 3120 1452 quodam
3166 1384 3327 1440 modo
3370 1386 3623 1459 intelligi,

2033 1468 2290 1539 numquid
2342 1470 2440 1524 ista
2488 1469 2690 1541 lingere
2732 1472 2955 1538 liceret,
3002 1482 3061 1530 ut
3087 1476 3474 1546 opitularemur
3511 1481 3631 1551 opi-

2034 1560 2179 1614 nioni
2223 1576 2342 1631 qum
2372 1576 2509 1631 pene
2538 1562 2748 1619 videtur
2790 1564 2859 1619 ad
2884 1566 3087 1622 exitum
3115 1568 3379 1626 adducta?
3408 1571 3630 1630 Fuerint

2034 1653 2247 1708 interim
2272 1654 2386 1708 istm
2405 1654 2740 1711 calamitates
2758 1655 2826 1711 ad
2851 1665 3060 1727 tempus
3080 1658 3358 1729 dispersae“,
3380 1672 3630 1721 tamenne

2039 1757 2274 1798 summas
2291 1744 2548 1800 adversus
2570 1740 2897 1802 christianos
2921 1748 3143 1818 injurias
3171 1751 3333 1806 etiam
3359 1752 3631 1811 intermis-

2038 1848 2126 1888 sas
2155 1834 2431 1890 dicamus?
2458 1835 2631 1890 Etiam
2668 1836 2851 1903 dices;
2902 1853 3157 1909 prospera
3197 1842 3339 1897 enim
3386 1853 3631 1916 tempora

2036 1926 2127 1996 qui
2149 1927 2446 1997 potuissent
2472 1927 2764 1994 exstitisse,
2783 1929 2885 1983 nisi
2909 1940 2964 1984 et
2992 1927 3073 1984 hac
3095 1931 3628 2000 aliquantumdesiis—

2037 2028 2155 2071 sent
2177 2016 2201 2070 Ἰ
2221 2017 2290 2071 At
2315 2032 2414 2087 ego
2441 2018 2528 2087 qui
2554 2016 2926 2074 Tertullianum
2954 2020 3114 2076 didici
3155 2021 3412 2080 hostesin
3442 2042 3632 2084 omnes

2037 2107 2189 2183 quasi
2232 2107 2465 2173 latebras
2516 2119 2889 2181 persecutum,
2936 2127 3200 2183 usumque
3246 2116 3329 2172 vel
3358 2116 3630 2179 levissima

2037 2215 2098 2256 re
2122 2200 2187 2261 ad
2218 2202 2615 2265 convincendos
2642 2205 2840 2261 erroris
2886 2219 2949 2267 ac
2978 2204 3162 2276 ﬂagitii
3215 2222 3310 2265 eos
3348 2211 3440 2280 qui
3476 2221 3632 2271 erant

2038 2295 2197 2351 rebus
2223 2294 2636 2352 Christianorum
2665 2297 2875 2354 adversi
2904 2315 2918 2364 ;
2962 2298 3102 2356 hunc
3130 2317 3229 2374 ego
3260 2302 3631 2371 Tertulliauum

2036 2401 2349 2460 putaremne
2378 2389 2635 2447 adversus
2666 2406 2761 2448 eos
2788 2392 3188 2463 disputaturum
3228 2398 3391 2454 modo
3418 2414 3517 2475 eo,
3551 2410 3634 2473 ut,

2037 2480 2486 2551 quemadmodum
2526 2482 2751 2553 injurias
2770 2482 3199 2543 adversariorum
3227 2488 3280 2544 in
3309 2489 3635 2551 christianos

2036 2580 2237 2629 secutae
2266 2573 2492 2630 fuissent
2518 2590 2743 2631 summa:
2764 2576 3118 2645 calamitates,
3151 2580 3221 2635 ita
3242 2583 3477 2645 vicissim
3506 2583 3631 2641 feli-
3688 2623 3698 2633 .

2037 2666 2248 2722 cissima
2270 2675 2512 2739 tempora
2548 2670 2825 2741 excepisse
2856 2687 3043 2728 eorum
3088 2673 3141 2729 in
3176 2674 3276 2731 hos
3306 2676 3633 2736 benevolen-

2042 2757 2166 2812 tiam
2206 2758 2444 2815 diceret?
2473 2762 2645 2831 Atque
2671 2761 2813 2817 aliud
2844 2762 3017 2819 adbuc
3036 2764 3086 2819 in
3106 2776 3355 2845 promptu
3371 2780 3472 2825 est.
3499 2769 3632 2833 Nam

2038 2861 2159 2904 cum
2183 2848 2530 2906 Tertullianus
2570 2852 2730 2907 istum
2764 2852 2829 2907 de
2858 2851 3032 2909 Pallio
3063 2855 3304 2913 libellum
3338 2875 3631 2933 compone-

2038 2952 2156 3011 ret,
2182 2944 2323 3015 pacis
2346 2945 2450 2998 otia
2491 2956 2634 2999 erant
2654 2984 2669 3012 ,
2722 2954 2770 2999 et
2810 2961 2983 3001 revera
3009 2948 3145 3003 orbis
3181 2949 3516 3007 cultissimum
3544 2971 3635 3011 rus

2037 3036 2267 3114 imperii,
2310 3039 2574 3093 concultus
2618 3046 2666 3092 et
2701 3054 2929 3112 amoenus
2957 3056 3109 3110 super
3152 3041 3349 3099 Alcinoi
3377 3055 3634 3114 pometum

2040 3137 2087 3182 et
2119 3127 2279 3182 Midae
2326 3138 2547 3183 rosetum
2591 3130 2676 3202 (c.
2724 3128 2833 3201 2.).
2877 3130 2934 3185 Id
2977 3145 3106 3186 vero
3149 3145 3383 3201 quonam
3436 3136 3638 3191 modo?

2042 3217 2323 3273 Eradlcato
2351 3219 2489 3273 omni
2510 3220 2712 3274 aconita
2743 3220 3054 3275 hostilitatis.
3084 3220 3166 3275 Sit
3190 3221 3369 3292 itaque
3390 3223 3479 3283 hic
3499 3225 3635 3284 liber

2044 3314 2276 3384 scriptus
2313 3312 2466 3368 Initio
2498 3313 2563 3367 A.
2594 3309 2795 3379 CCXII;
2815 3327 2937 3394 nam
2964 3313 3064 3368 sub
3102 3311 3378 3370 Februarii
3423 3317 3633 3375 initium

2043 3407 2184 3463 inter
2214 3405 2365 3460 vivos
2402 3419 2526 3461 esse
2573 3404 2793 3460 Severus
2821 3404 3071 3472 desiit,et
3116 3405 3275 3463 desiit
3303 3409 3463 3465 etiam
3495 3429 3515 3463 ‹
3544 3412 3641 3467 tri-

2044 3500 2167 3572 plex
2212 3496 2423 3568 Imperii
2447 3497 2635 3552 virtus.
2669 3515 2688 3550 ι
2722 3482 2916 3553 Αιίειό
2939 3507 3181 3568 tempore
3208 3499 3408 3557 bellum
3432 3494 3636 3561 adver-

2043 3607 2135 3649 sus
2160 3592 2443 3649 Britannos
2472 3591 2709 3648 nondum
2738 3598 2855 3647 erat
2890 3591 3196 3650 absolutum
3216 3634 3231 3661 ,
3262 3610 3364 3652 nec
3400 3612 3636 3671 unquam

2044 3693 2230 3758 postea
2258 3683 2391 3752 fuit,
2431 3683 2554 3739 vivo
2577 3682 2763 3739 Severo
2783 3724 2797 3750 ,
2826 3683 2921 3739 sed
2947 3698 3013 3739 eo
3041 3694 3253 3741 mortuo
3281 3685 3497 3744 demum
3524 3688 3638 3744 An-

2047 3782 2247 3836 toninus
2300 3794 2487 3850 pacem
2539 3793 2661 3833 cum
2704 3776 2972 3834 Britannis
3027 3778 3143 3834 iniit
3201 3779 3307 3850 (ν.
3368 3780 3635 3838 Herodia—

2046 3889 2189 3939 num,
2238 3869 2595 3926 i.lII.c.15.
2638 3885 2691 3939 p.
2730 3869 2847 3923 175.
2873 3869 2912 3939 ).
2962 3867 3068 3923 Isto
3105 3869 3267 3941 igitur
3321 3886 3464 3928 anxio
3514 3889 3636 3930 cum

2047 3976 2191 4029 certe
2241 3979 2337 4019 nec
2387 3963 2582 4019 fuerint
2615 3964 2755 4033 pacis
2791 3964 2926 4030 otia,
2968 3979 3066 4019 ncc
3114 3965 3248 4019 orbis
3302 3958 3636 4026 culiissintum

2046 4076 2136 4116 rus
2188 4056 2420 4127 imperii,
2470 4054 2804 4121 commodior
2865 4055 3011 4131 locus
3063 4056 3271 4111 videtur
3328 4057 3451 4114 huic
3498 4061 3637 4117 libro

2047 4148 2306 4221 assignari
2367 4146 2567 4203 debere
2602 4188 2617 4213 ,
2673 4154 2727 4201 et
2794 4160 2965 4201 annus
3030 4147 3244 4219 quidem
3300 4148 3518 4207 CCVIII.
3582 4155 3638 4210 in

2048 4242 2209 4298 linem
2240 4240 2541 4310 inclinatus,
2579 4237 2874 4308 prazscrtim
2905 4240 3157 4309 quoniam
3196 4255 3317 4296 cum
3348 4259 3413 4301 eo
3440 4246 3641 4316 optime

2049 4334 2379 4392 concordant
2404 4347 2466 4388 ea
2502 4330 2681 4386 omnia
2702 4372 2717 4398 ,
2750 4346 2868 4401 quae
2910 4327 3255 4386 Tertullianus
3283 4333 3368 4389 hic
3400 4336 3640 4395 tradidit.

2050 4427 2291 4499 Namque
2328 4426 2371 4480 si
2418 4423 2647 4495 requiris
2687 4417 2936 4495 triplicem
2967 4425 3229 4493 prwsentis
3257 4426 3457 4498 imperii
3486 4430 3644 4485 virtu-

354 4496 508 4564 Qnod
536 4498 932 4570 utrumquebic
979 4500 1052 4554 ita
1090 4513 1151 4555 se
1200 4514 1421 4572 prorsus
1475 4498 1656 4555 habet.
1700 4498 1858 4567 Nam,
1890 4506 1946 4554 ut

2054 4531 2172 4589 teni,
2190 4496 2319 4576 sane
2338 4519 2447 4591 jam
2476 4517 2636 4575 modo
2653 4515 2779 4571 Geta
2808 4517 3034 4589 Augusti
3052 4496 3362 4589 dignitatem
3391 4536 3640 4595 sumpse-

361 4588 430 4644 de
485 4590 585 4646 hoc
628 4590 803 4646 dicam
850 4593 1022 4663 primo
1066 4592 1214 4658 loco,
1246 4607 1370 4648 cum
1408 4599 1652 4648 nostrum
1706 4591 1944 4649 libellum

362 4679 554 4737 litteris
603 4681 884 4739 mandaret
924 4681 1301 4749 Tertullianus,
1345 4680 1522 4739 Africa
1563 4682 1676 4753 jam
1719 4683 1947 4740 vacabat

359 4788 390 4829 a
451 4783 609 4832 terra:
660 4776 894 4833 motibus
950 4777 1035 4847 (c.
1078 4777 1228 4855 2.);
1264 4778 1406 4847 pacis
1445 4785 1590 4832 erant
1642 4784 1687 4832 et
1731 4790 1951 4833 annona

359 4869 496 4934 otia,
542 4868 604 4922 ab
631 4869 843 4940 imperio
887 4879 935 4925 et
980 4887 1012 4924 a
1038 4869 1163 4926 caelo
1202 4870 1324 4925 bene
1369 4877 1476 4925 erat
1521 4868 1723 4943 (0.1.).
1750 4868 1857 4927 Sed
1884 4883 1953 4925 eo

361 4969 607 5031 tempore
674 4976 782 5032 quo
831 4962 898 5018 ad
947 4961 1230 5033 Scapulam
1258 4961 1572 5033 perscripsit
1624 4975 1687 5017 ea
1757 4960 1955 5031 quibus

359 5053 597 5115 animum
626 5054 745 5126 ejus
771 5063 1052 5112 revocaret
1077 5070 1109 5110 a
1134 5055 1451 5113 crudelitate
1487 5053 1744 5110 adversus
1769 5052 1957 5110 Chris-

360 5148 556 5213 tianos,
578 5146 721 5218 quod
750 5145 862 5207 fere
887 5147 1088 5206 factum
1116 5159 1200 5206 est
1226 5151 1291 5205 A.
1314 5147 1521 5215 CCXL,
1550 5155 1609 5204 ut
1632 5154 1818 5218 postea
1843 5145 1955 5204 do-

357 5239 635 5309 cebimus,
673 5240 785 5312 jam
810 5251 936 5299 ante
960 5260 1157 5301 annum
1198 5242 1490 5309 imbribus,
1520 5241 1681 5314 igne,
1728 5240 1959 5298 tonitru-

362 5332 464 5391 bus
483 5375 501 5401 ,
531 5331 744 5393 delectu
769 5334 900 5392 solis
921 5336 1149 5407 aliisque
1178 5335 1448 5408 perterriti
1489 5344 1645 5395 erant
1685 5332 1953 5390 Africani.

361 5424 494 5494 Quae
518 5426 696 5487 omnia
719 5442 840 5485 cum
853 5425 1199 5487 Tertullianus
1218 5426 1758 5498 defendatpmnarum
1778 5428 1951 5489 instar

362 5518 531 5575 fuisse
574 5518 796 5576 deorum
846 5522 1143 5579 cultoribus
1174 5530 1490 5594 propterea,
1518 5519 1665 5593 quod
1695 5527 1772 5575 tot
1795 5519 1960 5576 misse

428 5633 502 5703 (_I)
528 5631 637 5703 Hoc
673 5639 731 5684 ut
765 5634 1447 5703 multis_conlirmemus,__non
1484 5635 1552 5703 ita
1592 5645 1802 5703 necesse
1842 5638 1950 5703 est;

366 5693 636 5759 sitisenim
658 5710 722 5759 ea
742 5711 895 5759 opera
930 5697 1125 5757 functus
1150 5705 1229 5753 est
1258 5693 1601 5759 Tillemontius
1624 5699 1672 5759 in
1688 5707 1865 5759 apere
1883 5693 1964 5751 cui

366 5710 485 5747 satis
502 5711 636 5751 enim
661 5710 722 5749 ea
742 5711 895 5759 opera
930 5710 1125 5757 iunctus
1150 5710 1229 5753 est
1258 5710 1601 5810 't‘tltemonttuf
1624 5711 1672 5769 in
1705 5710 1863 5759 opere
1883 5710 1962 5751 cm

366 5754 571 5826 titulus:
600 5758 815 5826 Histoire
831 5762 918 5826 des
932 5774 1239 5826 empereurs,
1263 5771 1386 5826 tum.
1402 5759 1464 5809 II.
1494 5774 1543 5823 p.
1598 5791 1611 5809 .
1638 5758 1716 5810 ed.
1741 5757 1809 5815 de
1832 5755 1962 5811 Bt'un

367 5817 510 5883 κρυ..
534 5822 712 5886 p.185.
737 5828 790 5877 et
813 5821 935 5876 dans
961 5817 1037 5877 les
1057 5828 1205 5880 notes
1228 5817 1277 5888 ᾖ).
1301 5823 1412 5878 591.

2051 4622 2165 4681 rat;
2194 4612 2241 4669 si
2260 4610 2681 4683 Carthaginienses
2714 4609 2932 4663 novitate
2957 4610 3159 4680 felices,
3189 4623 3284 4665 eos
3305 4611 3416 4685 jam
3442 4613 3644 4673 dudum

2055 4706 2259 4763 nummi
2287 4703 2636 4776 prodiderunt
2675 4699 2783 4771 (I);
2811 4700 2857 4755 si
2893 4708 3091 4754 coctum
3115 4708 3161 4754 et
3200 4700 3398 4776 rubum_
3421 4704 3647 4771 subdola:

2055 4773 2439 4870 familiaritatis,
2468 4793 2771 4848 Plautianus
2826 4790 3273 4847 familiarissimus
3303 4773 3491 4855 Seuero
3535 4796 3646 4873 jam

2058 4896 2175 4945 erat
2193 4888 2260 4953 Α.
2287 4885 2465 4941 CCIV.
2494 4900 2525 4941 e
2562 4882 2740 4940 medio
2762 4881 3006 4939 sublatus
3032 4882 3134 4955 (V.
3159 4882 3476 4958 Tillemont.
3504 4890 3647 4955 Hist.

2060 4981 2147 5036 des
2178 4979 2503 5051 Empereurs,
2556 4977 2593 5041 ιλ.
2635 4989 2685 5029 c.
2718 4990 2773 5046 p.
2816 4974 2942 5032 41⁷5.
2971 4974 3152 5051 εφη
3177 4976 3222 5034 si
3250 4995 3391 5053 spem
3431 4982 3655 5056 οαηιρα.

2058 5075 2158 5133 πίω
2206 5072 2397 5129 deustis
2436 5069 2500 5124 de
2551 5065 2806 5128 montibus
2862 5067 2968 5121 suis
3020 5068 3119 5141 (c.
3162 5067 3220 5125 2.
3247 5068 3268 5151 )
3293 5112 3308 5140 ,
3340 5072 3492 5141 illud
3519 5145 3522 5149 t
3554 5072 3657 5130 Dia

2125 5187 2199 5251 (1)
2231 5185 2293 5237 γ.
2314 5181 2755 5251 Spanbemiumjn
2792 5180 3052 5251 immortali
3082 5192 3241 5251 opere
3272 5182 3357 5251 de
3373 5185 3660 5251 praestantia

2064 5240 2229 5300 et'us'u
2266 5240 2643 5307 numismatum,
2665 5244 2795 5307 diss.
2817 5240 2940 5307 XII,
2964 5240 3060 5307 vol.
3085 5240 3148 5291 II.
3192 5240 3501 5307 p_._.t.t3.'__qui
3539 5247 3660 5297 istos

2062 5324 2285 5363 nummos
2295 5309 2473 5359 Severi
2498 5314 2553 5357 et
2574 5306 2821 5370 Antonini,
2837 5306 2902 5370 _in_
2912 5305 3092 5370 quibus
3121 5308 3201 5354 est
3220 5302 3657 5370 Felix_Kanhago.

2066 5376 2127 5443 ad
2146 5375 2227 5443 jus
2249 5385 2472 5443 ntimo}
2508 5368 2719 5443 cudfmdi
2740 5366 3007 5443 “mihi”?
3025 5370 3315 5443 WW9???"
3329 5366 3517 5443 deum
3533 5366 3661 5441 PB"

2067 5431 2231 5489 tinére
2264 5435 2398 5485 dicit.
2425 5435 2581 5494 Quam
2605 5433 2756 5494 ipsam
2781 5441 2906 5494 rem.
2930 5433 3017 5494 aut
3039 5432 3478 5494 (ξοειιρωωρθτιβ.
3504 5431 3553 5481 si
3571 5444 3659 5481 re-

2063 5487 2269 5554 spiciam
2305 5497 2337 5546 ii
2361 5487 2545 5546 ιιωῑιηιί
2584 5487 2873 5542 creberrimi
2893 5487 3025 5554 μιαί
3047 5487 3259 5554 laudant
3296 5487 3659 5554 Ingratgemiam

2064 5515 2269 5617 Tum?
2305 5515 2545 5610 linum"
2570 5515 3663 5619 (Ἦυὲίῖἆι“¹ιῖιὶιῖξ“ἐίάΐῶἳῖ¹¹ῖιοέηέἓῗ⁵ἔ⁸ἔὶᾘῖῗ

2065 5555 2593 5667 tam'ti'crv‘irmu
2612 5616 2727 5667 auia
2744 5615 2794 5662 in
2810 5606 3095 5667 quibusdam
3114 5589 3223 5661 cuni
3238 5625 3297 5662 ea
3313 5627 3372 5664 re
3392 5614 3475 5664 Tr.
3497 5615 3555 5664 P.
3575 5615 3660 5667 VI.

2065 5612 2125 5674 itit
2143 5612 2204 5673 Χῖ
2230 5612 2387 5673 CCIV.
2414 5625 2499 5669 aut
2514 5612 2593 5675 VI,
2612 5616 2727 5679 quia
2744 5615 2794 5662 in
2810 5612 3095 5679 quibusdam
3114 5612 3223 5661 cum
3238 5625 3297 5662 ea
3313 5627 3372 5679 re
3392 5614 3475 5664 Tr.
3497 5615 3557 5679 If.
3575 5615 3660 5679 VI.

2068 5684 2297 5737 Coracalli
2318 5675 2646 5743 coniungitur:
2673 5675 2964 5743 Certe'editi
2989 5681 3106 5743 sunt
3125 5683 3239 5743 ante
3263 5676 3664 5743 scriptum_libel-_

2068 5736 2270 5799 iam.“
2305 5741 2468 5809 Pquio
2489 5736 2780 5809 {nusquam
2820 5736 3041 5809 enimOin
3076 5737 3137 5787 iis
3173 5736 3331 5802 Getae,
3357 5738 3446 5806 sed
3485 5739 3665 5794 Severi

2069 5814 2258 5861 tantum
2282 5815 2334 5860 et
2355 5803 2589 5858 Caracalli
2612 5813 2792 5856 nomen
2814 5803 3085 5863 reperitur.
