4242 6264
593 325 699 384 “5'

1598 326 2046 417 DIS'SERTATIO
2086 323 2172 383 DE
2217 326 2399 392 VERA
2439 328 2693 389 ΑΞΤΑΤΕ

3780 337 3884 395 IM

589 447 794 501 Cassius
816 443 930 515 (lib.
965 440 1198 500 LXXVI.
1229 455 1280 498 c.
1303 441 1359 497 2.
1391 455 1444 512 p.
1477 441 1691 514 I271).
1722 453 1966 514 tempore
1992 458 2057 498 eo
2083 457 2189 514 quo
2217 445 2268 503 Α
2293 445 2435 515 quod
2487 447 2662 502 nullos
2714 447 3129 504 christianorum
3158 446 3431 505 cruciatus
3463 448 3566 506 sub
3613 448 3884 508 Caracallo

591 537 901 592 Plantianns
932 536 1124 606 periit,
1172 534 1330 606 plane
1354 535 1572 605 quidem
1618 535 2097 602 commemoravit;
2140 539 2185 594 si

590 628 822 698 denique
890 626 1201 681 eradicatum
1254 642 1401 680 omne
1451 627 1707 682 aconitum
1765 627 2054 682 hostilitatis
2127 645 2187 683 ac

589 722 733 792 pacis
780 721 918 784 alia,
962 729 1119 774 erant
1160 720 1259 774 ista
1306 734 1436 776 sane
1464 721 1816 792 prius,jquam
1871 721 2084 777 Severus
2131 721 2184 778 in

590 813 918 869 Britanniam
968 813 1425 884 proﬁciscebatur.
1452 814 1555 870 Sed
1587 816 1780 870 exclusi
1821 815 2035 871 ubinam
2065 825 2183 870 tan-

589 907 712 962 dem
761 916 886 961 sunt
929 906 1175 961 barbari?
1219 906 1258 960 Ii
1302 908 1515 977 quidem
1567 908 1802 963 nondum
1835 925 1899 964 eo
1944 920 2183 979 tempore

590 1013 747 1055 muro
777 998 1101 1061 Britannico.
1137 999 1230 1055 sed
1270 1011 1444 1056 tamen
1473 1001 1541 1055 ab
1571 1002 1778 1072 imperii
1815 1003 2034 1057 Romani
2065 1001 2182 1056 lini-

591 1092 692 1147 bus
723 1092 851 1163 ipsis
879 1091 1146 1161 legionum
1176 1091 1535 1147 Romanarum
1564 1093 1824 1162 pnesidiis
1841 1094 2178 1158 arcebantur,

589 1195 645 1240 et
684 1187 798 1255 ipse
827 1183 1174 1246 Tertullianus
1197 1201 1316 1240 cum
1343 1188 1592 1257 loquatur
1616 1187 1682 1242 de
1709 1187 1888 1242 multis
1916 1187 2178 1253 barbaris,

592 1274 846 1347 quidnam
871 1286 955 1332 est
971 1291 1176 1332 caussa:
1193 1294 1289 1332 cur
1311 1279 1455 1332 solos
1475 1278 1757 1334 Britannos
1785 1280 2182 1347 intelligamus?

589 1367 776 1439 Itaque
819 1385 939 1423 cum
992 1371 1057 1424 A.
1105 1368 1328 1424 CCVIII.
1375 1371 1679 1425 exstiterint
1718 1371 1897 1425 omnia
1956 1387 2016 1424 ea
2063 1386 2182 1440 qua:

590 1470 1008 1516 eomntemorata
1039 1476 1068 1514 a
1097 1459 1409 1516 Tertulliano
1432 1461 1615 1526 fuere;
1656 1478 1777 1517 cum
1827 1463 2001 1516 nullus
2047 1463 2184 1518 alius

587 1551 759 1620 possit
783 1552 1040 1618 excitari,
1069 1552 1152 1606 cui
1183 1553 1360 1622 aliquo
1382 1553 1568 1621 majori
1597 1554 1719 1622 jure
1747 1553 1932 1608 eadem
1967 1564 2185 1622 possent

589 1643 790 1706 asseri;
841 1657 962 1695 cum
1010 1643 1122 1711 ipsa
1182 1641 1413 1712 denique
1466 1658 1657 1697 recens
1712 1643 1983 1714 dignitatis
2045 1644 2184 1700 Getaz

588 1732 849 1786 memoria
880 1732 1123 1808 videatur
1149 1735 1484 1788 occasionem
1513 1733 1829 1788 Tertulliana
1861 1736 2178 1805 praebuisse,

590 1834 650 1876 ut
682 1822 799 1892 ejus
825 1804 1149 1877 mentionem
1189 1822 1388 1878 faceret
1418 1842 1430 1876 :
1461 1840 1645 1894 parum
1677 1802 1884 1881 videtur
1910 1841 1938 1880 a
1965 1828 2182 1881 certitu-
2211 1802 2258 1860 Β

591 1913 718 1968 dine
746 1913 933 1968 abesse
969 1913 1055 1975 id,
1099 1913 1239 1981 quod
1268 1913 1498 1969 diximus
1520 1956 1536 1982 ,
1568 1915 1760 1970 librant
1801 1916 1865 1969 tle
1905 1915 2077 1971 Pallio
2114 1917 2181 1972 ad

584 2005 654 2058 Δ.
683 2002 903 2059 CCVIII.
935 2005 1218 2074 pertinere.

588 2133 618 2205 ᾗ
680 2133 771 2192 14.
802 2165 873 2175 -
903 2133 1111 2188 Librum
1148 2135 1214 2187 ad
1261 2135 1540 2206 Scapulam
1581 2137 1674 2191 sub
1726 2138 1922 2192 initium
1971 2137 2184 2208 Imperii

685 2226 929 2281 Antonini
955 2226 1230 2293 Carncalli,
1263 2227 1326 2280 Α.
1357 2226 1546 2283 CCXI.
1579 2229 1826 2298 prodiisse
1847 2231 2108 2301 probatur.

661 2357 893 2415 Ultimus
921 2358 1053 2413 liber
1083 2359 1240 2428 hujus
1267 2362 1506 2430 generis,
1530 2368 1588 2416 et
1616 2360 1750 2416 forte
1768 2363 2180 2418 credoomninm

587 2450 917 2518 Tertulliani,
950 2461 1033 2506 est
1059 2453 1102 2506 is
1127 2468 1286 2522 quem
1317 2455 1538 2522 scripsit
1558 2453 1622 2507 ad
1654 2453 1956 2526 Scapulam,
1987 2454 2182 2533 Africa:

592 2541 883 2597 Praesident
906 2560 920 2609 ;
953 2542 1106 2612 cujus
1132 2543 1392 2598 adversus
1419 2544 1742 2616 christianos
1761 2545 2048 2602 crudelitas
2066 2547 2182 2603 sine

591 2632 758 2688 dubio
791 2643 909 2703 post
935 2624 1125 2688 Severi
1151 2632 1497 2704 Imperatoris
1550 2637 1781 2692 edictum
1807 2639 2030 2693 exstitit.
2063 2638 2182 2694 Fuit

593 2724 740 2780 enim
776 2723 1101 2789 llilarianus,
1131 2726 1286 2794 cujus
1310 2727 1361 2780 in
1409 2738 1592 2798 nostro
1634 2728 1816 2783 libello
1855 2730 2180 2785 mentionem

591 2814 939 2871 Tertullianus
969 2818 1155 2886 injicit,
1197 2818 1386 2874 Africa:
1418 2819 1626 2876 Praises
1665 2837 1731 2876 eo
1757 2831 2001 2892 tempore
2022 2863 2037 2889 ,
2077 2839 2182 2894 quo

588 2905 834 2962 Felicitas
874 2924 933 2961 ac
977 2907 1235 2978 Perpetua
1273 2925 1395 2965 cum
1446 2912 1608 2968 sociis
1635 2913 1750 2968 suis
1779 2915 1936 2968 morti
1971 2915 2180 2970 tradita:

585 3009 733 3066 sunt,
763 3016 922 3071 quam
940 3010 1058 3072 post
1079 3002 1226 3072 leges
1245 3018 1276 3056 a
1307 3002 1500 3058 Severo
1527 3003 1668 3058 latas
1699 3005 1961 3061 accidisse
1991 3020 2182 3062 omnes

593 3091 942 3147 conﬁtentur.
1008 3092 1187 3162 Atque
1233 3107 1298 3148 ex
1344 3095 1407 3147 iis
1448 3093 1608 3163 ipsis,
1659 3095 1854 3163 quibus
1900 3096 2182 3168 Scapulam

588 3184 763 3254 arguit
787 3198 1014 3238 summa:
1040 3183 1334 3254 injustitite,
1367 3187 1680 3242 exiSIimans
1702 3188 1844 3259 (cap.
1872 3189 1929 3261 4)
1961 3191 2183 3260 potuisse

589 3291 702 3329 eum
745 3276 907 3346 ofﬁcio
941 3275 1320 3347 jurisdictionis
1368 3293 1476 3332 sua:
1521 3280 1711 3350 fungi,
1761 3289 1806 3334 et
1853 3281 2182 3339 humanitatis

591 3376 760 3423 tamen
813 3369 1116 3436 meminisse,
1142 3387 1255 3424 cum
1283 3372 1411 3426 nihil
1439 3372 1660 3443 amplius
1684 3375 1954 3429 mandetur
1971 3417 1986 3443 ,
2032 3393 2184 3448 quam

587 3469 822 3514 nocentes
868 3463 1130 3530 confessos
1179 3464 1459 3529 damnare,
1506 3476 1744 3536 negantes
1786 3478 1953 3524 autem
1977 3472 2047 3524 ad
2078 3482 2184 3526 tor-

586 3558 758 3602 menta
783 3565 1021 3604 revocare
1043 3568 1064 3617 ;
1094 3553 1252 3607 exiis
1285 3554 1483 3620 verbis,
1518 3559 1754 3625 inquam,
1785 3557 1924 3612 haud
1957 3561 2184 3616 obscure

587 3639 878 3710 colligitur,
912 3653 1021 3696 tum
1047 3643 1321 3699 exstitisse
1342 3645 1489 3716 leges
1512 3647 1768 3716 quasdam
1790 3649 1986 3718 Severi,
2010 3652 2182 3706 chris-

591 3733 754 3788 tianis
791 3735 1054 3819 inimicas.
1103 3733 1226 3790 Ista:
1275 3739 1417 3791 enim
1457 3748 1747 3809 antequam
1793 3741 1951 3797 editas
2005 3756 2182 3810 erant,

591 3822 968 3895 Prtesidesque
1032 3825 1259 3896 agebant
1307 3843 1492 3882 earum
1547 3829 1806 3886 duntaxat
1844 3833 2183 3901 auctoritate,

592 3915 789 3986 quibus
827 3916 957 3970 olim
1009 3917 1368 3987 Imperatores
1412 3920 1816 3990 exagitaverant
1843 3924 2183 3992 christianos,

588 4006 850 4064 adversus
876 4009 980 4062 vim
1001 4024 1184 4064 earum
1209 4007 1556 4066 Tertullianus
1582 4007 1933 4069 vehementer
1961 4016 2014 4070 in
2040 4019 2185 4087 Apo-

588 4098 818 4170 Iogetico
845 4099 1097 4171 disputat.
1140 4101 1283 4157 Leve
1311 4101 1412 4157 hoc
1437 4103 1668 4172 quidem,
1685 4105 1972 4172 videbitur,
2005 4125 2184 4180 neque

586 4193 807 4262 proprio
835 4193 1064 4264 quodam
1097 4205 1413 4265 argumento
1437 4206 1637 4266 egeret,
1674 4199 1774 4253 nisi
1809 4198 2068 4256 Pamelius
2096 4202 2182 4273 (In

587 4283 690 4336 vita
717 4281 934 4339 Tertull.
969 4300 1019 4355 p.
1056 4285 1143 4340 i5.
1173 4285 1263 4357 C.)
1295 4289 1360 4340 Α.
1391 4285 1594 4342 CXCV.
1631 4287 1771 4343 hunc
1801 4290 1994 4346 librum
2043 4295 2182 4348 assi-

591 4374 866 4442 gnandum
917 4386 1189 4446 putasset;
1248 4378 1339 4448 qui
1385 4394 1542 4448 quam
1593 4380 1780 4436 leviter
1813 4382 2180 4453 disputaverit,

584 4464 702 4535 Ipsa
761 4466 922 4521 verba
970 4467 1167 4522 docent
1219 4469 1415 4538 quibus
1462 4484 1520 4524 se
1561 4473 1632 4526 ait
1680 4472 1950 4528 inductum
2007 4484 2064 4530 ut
2115 4477 2184 4530 ita
2209 4505 2264 4564 D

585 4558 830 4623 sentiret,
864 4559 909 4613 si
935 4559 1159 4629 quidem
1188 4558 1536 4616 Tertullianus
1557 4573 1611 4618 et
1653 4564 1952 4620 Albinianos
1992 4583 2184 4621 nurne-

585 4649 724 4704 ravit
777 4649 830 4704 in
888 4648 1132 4721 hostibus
1185 4650 1532 4721 Imperatoris
1597 4655 1756 4726 (cap.
1815 4657 1940 4723 2.).
1994 4657 2109 4712 Jant
2140 4659 2182 4714 si

585 4753 771 4795 verum
813 4740 990 4807 estid,
1016 4741 1114 4796 bas
1145 4742 1496 4811 calamitates,
1516 4746 1707 4814 quibus
1749 4747 1978 4817 Scapula
2015 4750 2187 4807 cbris-

589 4827 765 4882 tianos
816 4829 1106 4887 insectatus
1142 4843 1261 4898 est,
1319 4836 1648 4902 posteriores
1677 4853 1799 4893 esse
1828 4839 2004 4893 Severi
2027 4841 2178 4911 lege;

582 4931 692 4972 non
723 4918 902 4972 minus
927 4934 988 4974 ea
1017 4922 1384 4993 intelliguntur
1420 4936 1675 4996 regnante
1732 4929 1946 5000 quidem
1994 4931 2182 4986 Severo

582 5025 693 5065 non
722 5011 1035 5081 contigisse,
1053 5015 1194 5084 quod
1237 5027 1412 5072 tamen
1455 5019 1612 5074 video
1653 5021 1914 5091 placuisse
1960 5025 2182 5094 quibus-

579 5101 724 5157 dam.
768 5101 902 5158 Nam
940 5107 995 5158 in
1051 5119 1116 5160 eo
1166 5106 1285 5162 loco
1316 5109 1334 5179 (
1365 5107 1444 5163 De
1478 5109 1669 5177 Pallia,
1699 5129 1748 5169 c.
1776 5116 1828 5169 4.
1863 5114 1904 5187 ),
1937 5116 2022 5172 ubi
2052 5116 2180 5173 Ter-4

574 5193 825 5248 tnllianus
844 5193 1087 5249 Severum
1112 5196 1258 5262 dicit,
1285 5209 1478 5267 patrem
1510 5203 1774 5270 Antonini,
1792 5205 2179 5264 christianarum

577 5302 851 5340 memorem
875 5285 1067 5356 fuisse,
1094 5289 1360 5359 ipsumque
1398 5293 1731 5357 Antoninum.
1753 5296 1885 5351 lacte
1902 5299 2179 5355 christiano

578 5377 870 5443 educatum,
901 5382 1096 5434 novisse
1127 5379 1430 5454 Proculum,
1466 5385 1609 5440 dicat
1631 5388 1761 5442 mihi
1791 5391 1932 5458 quis,
1957 5406 2054 5447 cur
2075 5393 2174 5448 Se-

575 5483 751 5524 rerum
789 5480 994 5539 patrem
1037 5472 1284 5527 Antonini
1332 5475 1729 5545 appellaverit,
1777 5481 1918 5549 quod
1965 5482 2031 5536 ad
2059 5498 2171 5539 rem

576 5575 709 5617 sane
753 5576 861 5617 non
912 5565 1250 5634 pertinebat,
1289 5577 1380 5621 aut
1426 5583 1525 5623 cur
1572 5570 1745 5637 ipsum
1775 5573 2087 5629 Antoninum
2106 5578 2172 5632 ad

575 5654 938 5737 testimonium
963 5655 1230 5724 citaverit,
1258 5659 1359 5711 nisi
1387 5657 1504 5715 haec
1529 5661 1632 5717 hoc
1677 5675 1931 5733 regnante
1973 5668 2171 5739 scripta

573 5744 699 5799 sint.
741 5729 925 5815 Neque
955 5761 1080 5802 vero
1106 5763 1166 5802 ea
1199 5749 1277 5803 de-
1298 5763 1356 5802 rc
1385 5729 1844 5810 dubitandumvest
1862 5729 2166 5829 propterea,

2277 5521 2407 5587 Satn}
2431 5523 2722 5587 Basnagius,
2748 5525 2782 5573 I.
2807 5540 2850 5575 c.

2289 539 2587 608 reperimus
2638 539 2707 595 ab
2751 540 2868 597 aliis
2913 542 3267 612 scriptoribus
3303 543 3531 600 traditos
3557 586 3572 612 ,
3618 553 3708 599 aut
3733 544 3879 616 quod

2289 629 2448 684 ctiam
2499 631 2532 685 ii
2567 631 2824 687 ϐαταεαίιὶ
2854 642 3096 704 tempore
3123 645 3352 706 possunt
3375 650 3500 692 esse
3526 637 3877 707 posteriores.

2289 721 2522 792 Etenim,
2554 724 2696 794 quod
2729 725 2814 779 isti
2844 725 3042 780 nemini
3071 727 3162 781 alii
3184 728 3588 782 commemorati
3608 727 3737 795 sint,
3763 728 3893 798 ejus-

2286 827 2368 875 est
2399 816 2536 872 haud
2567 817 2726 872 dubie
2744 819 2879 872 ratio
2910 806 3085 890 aliqtia
3116 819 3166 874 in
3198 835 3284 884 eo,
3319 821 3459 891 quod
3512 820 3587 876 illi
3631 836 3732 877 nec
3762 821 3878 890 diu,

2287 925 2388 964 nec
2415 909 2516 964 nisi
2575 909 2624 963 in
2673 909 2849 964 Africa
2883 911 3182 966 extiterint.
3249 910 3488 983 Namque
3532 912 3880 970 Tertullianus

2285 1017 2428 1056 nunc
2458 1001 2672 1072 quidem
2694 1017 2724 1056 a
2753 1001 2985 1057 Prteside
3013 1003 3240 1074 legionis
3266 1014 3322 1059 et
3367 1004 3702 1061 Mauritania:
3744 1006 3879 1064 dicit

2286 1093 2538 1148 familiam
2594 1094 3008 1149 christianorum
3076 1097 3423 1167 impugnari,
3500 1099 3882 1170 Scapulamque

2286 1188 2436 1258 petit,
2469 1197 2524 1240 ut
2554 1187 2742 1242 saltem
2764 1185 3071 1259 Carthagini
3097 1199 3272 1258 parcat
3306 1200 3356 1244 et
3381 1192 3687 1259 provincias.
3711 1193 3879 1248 Arrii-

2283 1299 2379 1353 que
2422 1283 2662 1337 Antonini
2710 1284 3017 1354 exemplum
3068 1285 3342 1351 imitetur,
3396 1288 3568 1356 quiin
3599 1288 3722 1342 Asia
3745 1288 3876 1344 olim

2285 1374 2607 1430 christianos
2635 1384 2911 1430 avocasset
2938 1377 3114 1446 potius
3139 1391 3168 1430 a
3191 1377 3541 1441 cruciatibus,
3601 1394 3760 1450 quam
3812 1379 3879 1435 ad

2286 1465 2544 1534 supplicia
2572 1466 2946 1534 pertraxisset.
2973 1466 3082 1521 Eos
3095 1478 3271 1523 autem
3297 1483 3395 1523 nec
3421 1467 3584 1524 fuisse
3619 1468 3880 1525 Caraealli

2287 1558 2531 1625 tempore
2558 1557 2884 1625 posteriores
2931 1573 2997 1612 eo
3041 1558 3298 1622 eilicitur',
3345 1560 3484 1629 quod
3537 1559 3880 1633 Hieronymus

2289 1643 2391 1718 (De
2414 1647 2534 1700 viris
2559 1647 2859 1710 illustribus,
2891 1663 2941 1705 c.
2973 1649 3062 1703 75.
3109 1649 3197 1704 ed.
3232 1649 3442 1706 Fabric.
3485 1669 3536 1721 p.
3573 1652 3722 1722 I26.)
3755 1652 3882 1708 Ter.

2300 1737 2573 1791 tullianum
2617 1739 2753 1793 ultra
2798 1741 3044 1794 Antonini
3089 1750 3327 1812 tempora
3357 1760 3462 1797 non
3491 1745 3689 1802 vixisse
3714 1745 3878 1816 dicat,

2287 1829 2446 1883 nulla:
2476 1842 2734 1900 przeterea
2768 1846 2934 1902 usque
2965 1833 3028 1887 ad
3057 1833 3266 1888 Decium
3295 1834 3555 1891 adversus
3583 1839 3758 1893 omnis
3781 1854 3880 1910 ge-

2286 1920 2431 1975 neris
2461 1921 2781 1976 christianos
2813 1923 3104 1978 inimicitiaa
3134 1927 3473 1994 reperiantur
3500 1928 3604 1998 (I),
3632 1937 3687 1984 et
3737 1930 3880 2001 quod

2285 2027 2408 2069 cum
2450 2013 2709 2069 ϐαι-ασαΗὶ
2741 2017 3072 2086 temporibus
3125 2018 3242 2074 htcc
3266 2061 3278 2082 ,
3310 2035 3430 2090 qua:
3462 2022 3652 2077 tradita
3683 2025 3881 2081 suntin

2285 2114 2472 2160 nostro
2527 2106 2742 2170 libello,
2791 2109 2992 2177 optimc
3041 2111 3397 2166 consentiant.
3440 2113 3674 2170 Tametsi
3735 2117 3881 2173 enim

2286 2212 2392 2252 non
2417 2198 2485 2252 sit
2511 2200 2808 2254 certissime
2835 2200 3172 2271 exploratum
3198 2243 3213 2268 ,
3242 2219 3351 2274 quo
3392 2220 3535 2260 anno
3583 2207 3697 2263 lucc
3735 2209 3881 2266 chri-

2287 2289 2582 2343 stianormn
2607 2289 2848 2345 defensio
2874 2292 3145 2348 elaborata
3168 2296 3277 2361 sit,
3309 2308 3484 2353 tamen
3515 2301 3717 2356 ratione
3748 2317 3881 2372 qua-

2287 2379 2408 2435 dam
2439 2381 2715 2451 probabili,
2755 2391 2810 2436 ut
2836 2392 2918 2438 est
2943 2384 2995 2439 in
3020 2385 3106 2439 tali
3142 2402 3220 2452 re,
3257 2388 3428 2459 primo
3451 2390 3657 2460 imperii
3707 2393 3874 2449 Anto-

2287 2473 2483 2526 niniani
2496 2488 2637 2527 anno
2663 2473 2917 2529 vindicari
2942 2491 3004 2531 ea
3026 2491 3183 2546 posse
3205 2479 3432 2537 videtur.
3473 2480 3710 2552 Namque
3727 2483 3876 2540 illum

2286 2564 2414 2620 solis
2441 2564 2704 2620 defectum
2738 2583 2896 2637 quem
2943 2567 3290 2626 Tertullianus
3315 2575 3387 2627 ait
3433 2590 3576 2630 anno
3615 2579 3878 2648 superiori

2286 2655 2557 2712 exstitisse
2629 2657 2723 2726 (c.
2775 2660 2829 2714 3.
2974 2661 3262 2717 Antoninus
3331 2663 3580 2721 Lalorera
3648 2673 3881 2728 asseruit

2285 2747 2353 2802 A.
2411 2746 2566 2802 CCX.
2618 2749 2719 2820 (2).
2779 2750 2876 2806 Cui
2925 2755 3169 2822 quamvis
3241 2755 3594 2814 Tillemontius
3667 2765 3880 2821 resistat

2285 2853 2370 2903 eo,
2398 2839 2538 2907 quod
2567 2838 2918 2896 Tertullianus
2943 2844 3100 2898 solem
3129 2845 3324 2913 dixerit
3354 2866 3458 2903 non
3507 2853 3730 2919 )otnisse
3781 2855 3878 2910 hoc

2285 2944 2348 2982 ex
2372 2931 2632 2984 ordinario
2657 2931 2876 3002 deliquio
2905 2936 3032 3003 pati,
3067 2952 3181 2989 cum
3222 2940 3374 3009 fuerit
3394 2940 3448 2993 in
3472 2958 3564 2996 suo
3583 2944 3880 3013 hypsomate

2285 3023 2478 3093 positus
2501 3061 2517 3089 ,
2555 3035 2732 3080 tamen
2763 3027 2903 3082 hunc
2932 3027 3167 3098 Septimii
3194 3035 3597 3102 argumentandi
3633 3038 3872 3106 modum,

2285 3104 2375 3184 qui
2421 3116 2600 3171 omnia
2641 3116 2789 3171 novit
2831 3119 3026 3188 saepius
3083 3121 3260 3192 inepta
3302 3125 3432 3179 Satis
3480 3125 3530 3180 in
3581 3141 3693 3182 rem
3720 3104 3872 3185 suam

2288 3214 2626 3274 convertere,
2653 3208 2764 3277 jam
2797 3209 2995 3264 dudutn
3023 3210 3215 3267 derisit
3243 3215 3428 3269 barum
3456 3231 3633 3272 rerum
3663 3221 3874 3288 peritis-

2287 3298 2456 3354 simus
2506 3300 2740 3373 Scaliger
2767 3301 2859 3370 (ln
2887 3305 3226 3361 animadvers.
3248 3308 3316 3360 ad
3339 3307 3545 3364 Eusebii
3565 3310 3873 3380 Chronicon,

2289 3406 2343 3461 p.
2385 3392 2734 3462 10.).Deinde
2761 3411 2880 3450 cum
2905 3397 3102 3452 nullam
3127 3415 3358 3469 unquam
3383 3403 3550 3472 legem
3579 3402 3879 3460 Caraeallas

2289 3483 2474 3538 tulerit
2501 3484 2756 3541 adversus
2781 3487 3123 3555 christianos,
3153 3502 3364 3561 oportet
3396 3493 3638 3564 profecto
3663 3497 3758 3552 has
3784 3513 3876 3553 ca-

2288 3574 2551 3630 lamitates
2595 3578 2658 3631 iis
2687 3594 2719 3632 a
2765 3578 2996 3648 Scapula
3025 3581 3253 3639 inﬂictas
3287 3587 3542 3656 reliquias
3590 3587 3879 3645 Severiante

2287 3666 2614 3722 crudelitatis
2641 3669 2824 3734 fuisse,
2848 3687 2966 3741 quas
2998 3683 3107 3728 tum
3138 3677 3347 3744 penitus
3371 3681 3656 3736 exstincta:
3675 3681 3880 3749 videns

2287 3768 2376 3815 tur
2400 3803 2414 3826 ,
2467 3777 2588 3817 cum
2630 3763 2932 3820 Caraeallns
2954 3810 2967 3832 ,
2998 3769 3275 3837 imperium
3303 3770 3402 3826 sibi
3431 3775 3869 3841 conlirmaturus,

2289 3851 2343 3906 in
2389 3855 2605 3908 exilium
2652 3857 2844 3912 missos
2884 3870 3192 3917 revocasset
3235 3861 3323 3932 (V.
3361 3861 3580 3918 Dionem
3627 3865 3878 3934 Cassium,

2288 3942 2379 3998 lib.
2409 3943 2666 4001 LXXVII.
2697 3963 2747 4002 c.
2782 3949 2886 4020 3.).
2927 3950 3080 4018 Quod
3111 3967 3235 4008 cum
3266 3953 3450 4009 fecerit
3502 3957 3661 4026 paulo
3731 3968 3875 4029 post,

2289 4049 2445 4104 quam
2475 4035 2653 4092 Getam
2683 4039 2898 4096 fratrem
2929 4044 3027 4096 sub
3051 4043 3259 4098 initium
3289 4047 3352 4098 Α.
3401 4046 3605 4102 CCXII.
3635 4050 3870 4104 sustule-

2289 4138 2408 4191 rat,
2454 4144 2560 4183 non
2606 4131 2784 4202 inepte
2831 4133 2880 4186 id
2925 4136 3142 4204 quidem
3189 4137 3453 4192 dicimus:
3502 4140 3783 4210 Scapulam
3811 4144 3892 4198 Α.

2287 4219 2466 4276 CCXI.
2497 4222 2753 4279 adversus
2774 4224 3094 4282 christianos
3118 4230 3309 4298 egisse.

2835 4340 3223 4399 ARTICULUS
3256 4343 3344 4397 IV.

2296 4445 2375 4501 Dc
2401 4448 2548 4505 libris
2571 4449 2897 4520 Tertulliani,
2926 4471 3141 4524 quorum
3172 4457 3250 4509 vel
3268 4435 3410 4522 tetas,
3430 4450 3506 4512 vel
3528 4458 3782 4528 doctrina,
3803 4463 3883 4518 vel

2881 4556 3088 4616 utraque
3112 4547 3251 4601 latet.

2291 4647 2474 4733 §gI.-—
2503 4649 2675 4706 Tertia
2700 4654 2879 4708 classis
2905 4655 3147 4709 librorum
3176 4655 3499 4724 Tertulliani,
3529 4677 3673 4732 quos,
3698 4679 3883 4733 quam-

2359 4741 2431 4794 vis
2471 4742 2674 4796 incerta:
2699 4746 2861 4798 (etatis
2885 4755 3021 4811 sunt,
3052 4757 3217 4802 tamen
3257 4759 3474 4820 constat,
3513 4755 3728 4826 scriptos
3762 4766 3878 4811 ante

2358 4833 2465 4902 ejus
2490 4834 2820 4904 defectionem
2847 4840 3020 4910 fuisse.

2357 4949 2535 5005 Tertia
2569 4951 2683 5008 ha-e
2721 4953 3010 5025 disputatio
3031 4958 3191 5015 linem
3220 4960 3376 5018 Iaciet
3414 4965 3876 5034 exercitationum,

2285 5056 2417 5111 quas
2469 5043 2838 5112 instituimus,
2882 5049 3371 5120 Septimianarum;
3436 5057 3700 5127 inquibus
3751 5073 3875 5115 cum

2285 5137 2545 5196 hactenus
2565 5145 2872 5210 pertractati
2905 5147 3012 5200 sint
3040 5148 3124 5201 isti
3154 5147 3298 5214 libri,
3331 5164 3560 5218 quorum
3591 5164 3646 5207 et
3664 5161 3799 5208 tetas
3825 5164 3880 5209 et

2281 5228 2532 5285 doctrina
2563 5242 2771 5300 poterat
2799 5219 2943 5290 certa
2971 5237 3198 5306 quadam
3224 5240 3307 5294 via
3338 5250 3391 5295 et
3420 5242 3633 5299 ratione
3655 5241 3879 5300 demon-

2283 5325 2460 5388 strari.
2492 5341 2635 5382 nunc
2662 5337 2879 5396 oportet
2898 5330 3088 5399 subjici
3111 5341 3356 5400 cancros,
3381 5334 3697 5404 quianatem
3719 5353 3870 5393 suam

2339 5461 2413 5524 (I)
2462 5460 2567 5513 Hoc
2606 5465 2724 5514 satis
2760 5463 2989 5516 adversus
3031 5466 3337 5578 Scaligerum
3383 5468 3603 5534 aliosque
3637 5469 3864 5522 defendit

2339 5536 2407 5571 im.
2431 5523 2722 5579 Basnagius.
2748 5525 2782 5573 I.
2807 5540 2850 5575 c.
2876 5540 2922 5579 ι).
2947 5527 3057 5576 218.
3083 5542 3130 5577 n.
3195 5532 3237 5579 I.
3448 5557 3451 5561 -
3656 5543 3658 5548 '

2339 5540 2407 5571 im.
2434 5540 2722 5587 nasnagtus,
2749 5540 2782 5573 I.
2807 5540 2850 5575 c.
2911 5563 2922 5575 .
2947 5540 3057 5576 2w.
3083 5542 3130 5577 n.
3162 5540 3237 5579 tt.
3448 5557 3451 5561 -
3656 5543 3658 5548 '

2339 5583 2415 5654 (2)
2443 5586 2497 5636 In
2525 5587 2753 5654 epist._a_d
2774 5540 3154 5654 Joﬁiessouum
3175 5604 3323 5654 quam
3359 5593 3514 5644 edidit
3535 5593 3672 5646 Petr.
3698 5593 3864 5646 Possi-

2274 5659 2369 5696 nus
2406 5650 2453 5698 in
2476 5649 2603 5700 notis
2622 5649 2684 5700 ad
2704 5651 2823 5700 Acta
2849 5651 3112 5713 Perpetuus
3148 5649 3208 5704 ef
3236 5653 3530 5713 Felicitatis.
3556 5657 3607 5705 in
3639 5656 3870 5708 Ruinartl

2273 5710 2410 5759 Actis
2455 5713 2715 5759 primorum
2767 5720 3032 5759 martvmm
3069 5715 3304 5759 sinceris-
3355 5716 3444 5759 Ed-
3495 5718 3864 5759 Απιςιριηιίιιπι--

2319 5723 2410 5760 ριιε

2273 5785 2321 5834 p.
2352 5772 2452 5822 119.

2455 5713 2715 5773 primorum
2767 5720 3032 5776 martyrum
3069 5715 3305 5781 sinceris,
3355 5716 3444 5768 Ed.
3492 5718 3866 5782 Amstelodam.,
