4242 6264
346 340 458 397 uti

1249 348 1336 404 AC
1376 348 1720 408 DOCTRINA
1760 353 2202 415 SCRIPTORUM
2240 361 2731 423 TEllTULLlAM.

3549 384 3650 440 HG

351 468 460 509 non
491 457 620 511 satis
644 455 862 515 deﬁnite
889 460 1144 530 produnt,
1178 463 1270 519 sed
1315 463 1560 520 doctrina
1607 477 1783 523 tamen
1837 485 1942 524 non
1973 472 2022 530 A
2055 475 2269 531 ritatem
2301 477 2617 536 Terlulliano
2668 485 2718 538 in
2749 485 2908 541 rebus
2936 489 3000 542 iis
3023 532 3037 556 ,
3060 505 3285 560 quarum
3329 497 3534 551 mentio
3563 509 3650 554 est

363 558 446 602 est
475 548 758 604 admodum
786 551 1036 621 obscura,
1071 556 1170 611 nisi
1200 557 1250 611 in
1275 557 1594 626 quibusdam
1628 561 1832 629 paucis,
1854 563 1944 632 qui

352 641 634 710 ancipitem
667 642 862 699 habere
899 644 1123 700 formam
1174 649 1443 705 videntur.
1502 649 1684 720 Itaque
1725 653 1945 721 primum

351 730 472 786 illos
520 733 872 789 excitabimus
913 747 1071 794 actate
1119 740 1388 810 majores,
1429 743 1518 810 qui
1578 724 1943 797 Tertullianum

350 824 641 879 ostendunt.
691 827 924 882 nondum
990 829 1146 900 plane
1201 832 1640 888 Montanistarum
1705 835 1944 904 partibus

351 918 657 987 addictum;
689 921 870 976 deinde
899 938 1014 990 eos,
1047 925 1240 994 quibus
1269 936 1408 980 notae
1455 927 1792 982 Montanismi
1836 944 1942 983 non

350 1020 473 1065 sunt
495 1011 689 1067 leviter
713 1014 1022 1083 impressm;
1058 1025 1311 1086 postremo
1355 1019 1487 1085 hos,
1549 1020 1637 1089 qui
1688 1021 1941 1076 lectorem

350 1101 623 1158 dimittunt
648 1103 1008 1171 dubitantem,
1039 1109 1266 1164 fueritne
1295 1109 1637 1166 Tertullianus
1661 1121 1792 1176 tum,
1820 1129 1939 1168 cmn

349 1192 468 1248 illos
493 1197 917 1264 pnescriberet,a
940 1203 1210 1253 communi
1235 1202 1468 1258 Ecclesia
1495 1206 1790 1274 sejunctus,
1817 1221 1941 1259 nec-

349 1289 453 1341 ne?
481 1288 578 1342 Cui
611 1291 806 1360 triplici
841 1292 1096 1348 librorum
1119 1293 1564 1364 Septimianorum
1593 1301 1775 1368 generi
1815 1316 1936 1354 cum

347 1379 594 1436 dicamus
639 1394 853 1438 zelatem
885 1386 1052 1441 asseri
1103 1404 1207 1441 non
1258 1390 1388 1442 satis
1432 1399 1578 1444 certe
1619 1406 1796 1461 posse,
1831 1409 1936 1448 non

351 1472 600 1528 volumus
638 1475 688 1528 id
726 1477 943 1545 quidem
968 1519 983 1542 ,
1035 1493 1249 1548 prorsus
1273 1481 1499 1550 ignorari
1528 1492 1741 1538 aetatem
1766 1484 1938 1539 cuivis

348 1566 690 1641 tribuendam
743 1568 868 1638 (erit
903 1570 1042 1625 enim
1072 1571 1251 1636 etiam,
1285 1572 1425 1640 quod
1482 1575 1831 1643 probabiliter
1870 1578 1938 1632 de

347 1655 456 1712 hac
501 1658 756 1729 disputari
809 1661 1044 1729 possit),
1079 1660 1174 1715 sed
1220 1674 1472 1720 accurate
1521 1666 1696 1736 ipsum
1736 1683 1934 1722 annum

343 1749 672 1818 scriptorum
701 1750 956 1804 librorum
986 1751 1195 1806 deliniri
1221 1768 1394 1821 posse,
1430 1755 1480 1810 id
1507 1757 1725 1826 quidem
1765 1759 1936 1830 aude-

2051 566 2242 636 injecta
2277 571 2329 625 in
2355 571 2536 628 libello
2563 575 2630 630 de
2665 575 2945 643 Pudicitia,
2973 579 3089 649 ejus
3121 591 3296 638 tamen
3327 583 3396 640 de
3450 585 3644 643 Herma

2041 659 2302 729 judicium
2333 664 2387 718 in
2413 677 2599 722 nostro
2629 668 2696 724 de
2722 670 2967 727 Oratione
2985 673 3122 730 libro
3144 690 3249 731 non
3273 677 3446 734 solum
3475 681 3644 737 multo

2047 763 2130 808 est
2157 756 2355 817 mitius,
2387 759 2481 814 sed
2513 761 2581 815 ita
2610 776 2979 833 comparatum
3004 767 3188 834 etiam,
3209 779 3267 824 ut
3289 771 3408 842 ipse
3435 772 3642 832 Hermia

2048 848 2415 904 auctoritatem
2443 867 2547 907 non
2577 855 2820 911 universe
2845 861 3232 929 contempsisse
3267 862 3531 921 videatur.
3564 869 3641 922 Ac

2047 937 2173 992 illttd
2205 941 2310 1008 fere
2339 943 2610 1015 Scriptura
2635 990 2649 1008 ,
2683 950 2823 1018 quod
2853 952 2956 1005 vim
3002 951 3159 1023 hujus
3198 959 3499 1026 argumenti
3538 961 3640 1015 mi-

2047 1044 2212 1085 nuere
2243 1031 2593 1105 llo/[manuus
2619 1039 2911 1095 arbitratur
2934 1083 2948 1105 ,
2999 1043 3132 1098 satis
3158 1053 3242 1100 est
3269 1045 3338 1100 ab
3367 1062 3433 1103 eo
3462 1048 3642 1119 inepte

2045 1123 2368 1192 explicatum
2415 1129 2492 1182 sic
2518 1171 2531 1192 ,
2593 1141 2648 1184 ut
2680 1142 2883 1189 temere
2925 1135 3106 1192 dicere
3143 1139 3372 1194 voluerit
3419 1140 3635 1197 Tertull.

2045 1228 2240 1269 nomen
2274 1215 2502 1273 Pastoris
2537 1219 2742 1276 Hei-mre
2770 1225 2951 1281 libello
2977 1228 3204 1296 imponi,
3237 1244 3357 1284 cum
3391 1232 3519 1286 illud
3545 1249 3637 1289 no-

2047 1320 2169 1360 men
2199 1308 2344 1360 nullo
2367 1311 2526 1364 modo
2567 1326 2874 1382 mereatur;
2910 1334 3031 1373 nam
3073 1320 3201 1374 illud
3231 1325 3337 1392 fere
3363 1322 3636 1394 Scriptura

2044 1407 2190 1453 certe
2211 1409 2294 1460 est
2320 1401 2389 1453 ita
2423 1402 2824 1474 intelligendum
2847 1448 2859 1467 ,
2900 1407 3162 1463 Hermiani
3193 1411 3356 1467 libelli
3393 1416 3631 1471 auctori-

2045 1499 2206 1545 tatem
2229 1491 2342 1546 fere
2363 1493 2625 1556 eamdem,
2645 1513 2800 1564 quam
2832 1513 3107 1554 sacrorum
3136 1502 3390 1558 librorum
3421 1508 3623 1573 putari;

2041 1582 2182 1651 quod
2240 1583 2411 1652 ipsum
2454 1601 2524 1639 ex
2578 1601 2645 1640 eo
2671 1597 2846 1657 patet,
2875 1590 3016 1660 quod
3047 1607 3167 1646 eum
3195 1603 3377 1663 postea
3408 1611 3629 1665 prorsus

2042 1671 2367 1742 Scripturam
2390 1674 2550 1740 dicat,
2569 1693 2741 1746 neque
2769 1680 2845 1734 sic
2870 1696 3012 1744 eum,
3043 1691 3098 1736 ut
3117 1685 3325 1752 opinor,
3357 1687 3626 1755 appellas-

2039 1774 2140 1831 set,
2173 1767 2216 1819 si
2251 1767 2473 1836 tamipsi
2501 1781 2840 1840 contemptus
2874 1772 3090 1829 Hermas
3110 1775 3492 1848 l'uisset,qnam
3516 1791 3634 1837 erat

342 1854 461 1894 ntus
491 1855 688 1910 negare
710 1852 1012 1910 pr0pterea,
1041 1844 1181 1913 quod
1210 1847 1368 1900 nulla:
1397 1849 1448 1901 in
1471 1849 1535 1903 iis
1563 1858 1690 1903 sunt
1731 1851 1932 1921 signili-
1963 1841 2010 1899 Β
2042 1867 2280 1927 tempore
2328 1861 2617 1930 conscripti
2660 1863 2724 1917 de
2753 1861 3010 1919 Pudicitia
3055 1866 3199 1922 libri.
3238 1841 3496 1924 Sed-sunt
3544 1872 3632 1926 hic

342 1931 579 1986 cationes
603 1943 784 1996 certas,
816 1949 935 2003 qua:
963 1935 1221 1991 vindicari
1252 1947 1402 1992 certo
1434 1940 1664 2010 quodam
1693 1957 1756 1996 ac
1796 1941 1933 1997 deli-

344 2026 454 2080 nito
477 2040 616 2082 anno
648 2027 873 2097 possint.
917 2027 1023 2084 Sed
1046 2029 1110 2084 ad
1143 2032 1475 2101 propositum
1503 2035 1799 2090 veniamus.

351 2157 380 2230 ᾗ
418 2158 476 2215 2.
503 2188 573 2201 -
595 2160 743 2214 Liber
761 2161 826 2214 de
857 2160 1104 2217 Oratione
1124 2173 1240 2217 ante
1264 2163 1594 2235 defectione»:
1618 2170 1837 2238 scriptus
1887 2177 1934 2222 et

421 2270 556 2308 anno
585 2254 706 2310 196.
731 2256 804 2309 uel
827 2255 951 2310 197.
985 2256 1169 2311 editus.

423 2365 582 2420 Primi
609 2367 819 2437 generis
847 2367 985 2422 haud
1016 2367 1177 2423 dubie
1205 2368 1306 2423 tlici
1333 2378 1507 2438 potest
1539 2371 1673 2426 liber
1701 2371 1767 2426 de
1796 2371 1931 2426 Ora-

339 2456 492 2524 tione,
518 2459 628 2529 qui,
649 2461 749 2514 nisi
774 2461 1119 2516 vehementer
1146 2461 1327 2529 fallor,
1353 2463 1554 2534 primus
1581 2474 1664 2519 est
1690 2464 1927 2520 omnium

343 2551 672 2619 Tertulliani,
700 2552 790 2623 qui
812 2562 1022 2607 a-tatem
1059 2553 1322 2619 tulerunt,
1358 2570 1658 2625 magnoque
1689 2558 1926 2614 omnium
1965 2569 1968 2576 ‘

335 2659 599 2700 consensu
627 2688 643 2712 ,
691 2647 737 2700 si
782 2647 849 2699 ab
893 2644 1208 2713 Ho/j‘manno
1260 2647 1576 2703 discesseris
1623 2649 1923 2720 (Dissertat.

332 2740 469 2793 citat.
504 2737 531 2810 §
566 2740 656 2793 11.
709 2754 762 2800 p.
797 2739 885 2794 '57.
917 2739 1025 2808 sq.)
1051 2725 1200 2808 cujus
1233 2740 1488 2794 intererat
1514 2742 1691 2796 omnia
1726 2742 1926 2799 Tertul-

331 2830 456 2884 liani
494 2833 689 2901 scripta
739 2831 805 2885 ad
835 2847 956 2885 eum
988 2830 1362 2884 Montanistam
1393 2831 1594 2888 referre
1622 2874 1636 2897 ,
1685 2834 1736 2888 itt
1776 2835 1924 2891 libris

330 2924 570 2978 Castinris
591 2924 852 2978 doctrinm
879 2932 1210 2978 numeratur.
1244 2927 1416 2994 Atque
1437 2926 1478 2978 si
1506 2926 1644 2982 forte
1672 2937 1922 2997 suspecta

327 3025 408 3069 est
435 3015 563 3069 fides
593 3015 786 3068 Hilarii
815 3015 1168 3082 Pictaviensis,
1198 3017 1287 3086 qtti
1311 3019 1569 3086 scriptum
1599 3019 1740 3075 hunc
1768 3022 1920 3076 lihel-

327 3106 432 3160 lum
464 3116 590 3162 ante
615 3106 922 3160 Tertulliani
960 3106 1314 3165 defectionem
1359 3125 1461 3163 non
1485 3111 1714 3166 obscure
1751 3114 1920 3182 signi-

326 3198 480 3261 ﬁcat;
511 3207 687 3253 tamen
715 3199 766 3250 in
789 3198 926 3252 libro
972 3200 1086 3267 ipso
1111 3207 1187 3252 tot
1215 3210 1336 3253 stitit
1370 3210 1509 3255 notm
1532 3205 1917 3258 sententiarum
1945 3204 1989 3265 C

325 3290 656 3345 diversarum
685 3292 752 3345 ab
783 3291 866 3354 iis,
893 3306 1026 3360 quas
1050 3301 1234 3361 postea
1265 3292 1316 3346 in
1343 3295 1562 3362 scriptis
1587 3335 1601 3358 ,
1646 3296 1919 3352 erroribus

328 3380 766 3435 blontanitartun
795 3382 1003 3437 infectis
1023 3425 1038 3450 ,
1070 3383 1328 3446 defendit,
1366 3393 1423 3437 ut
1454 3385 1568 3438 libri
1611 3386 1764 3440 istius
1793 3387 1920 3442 doc.

329 3471 470 3524 trina
503 3471 702 3526 nemini
725 3473 794 3526 sit
817 3474 880 3526 ad
903 3472 1278 3544 reperiendum
1308 3474 1563 3540 difﬁcilis,
1587 3477 1674 3545 qui
1708 3492 1920 3546 compa-

328 3577 454 3618 rare
525 3572 866 3634 utrorumque
935 3566 1228 3620 sententias
1285 3565 1434 3621 velit.
1492 3565 1622 3620 Nam
1689 3567 1918 3637 primum

319 3664 535 3723 quanta:
565 3652 651 3707 hic
678 3654 756 3725 (l)
779 3665 900 3708 sunt
927 3655 1110 3711 laudes
1141 3657 1320 3725 Operis
1355 3655 1577 3718 llermw,
1611 3659 1752 3728 quod
1782 3659 1918 3714 Pas-

319 3759 398 3801 tor
429 3748 761 3814 inscribitur,
794 3764 916 3802 cum
958 3751 1401 3804 consuetudinem
1431 3751 1741 3806 considendi
1769 3755 1914 3806 finita

321 3841 567 3896 oratione
617 3842 956 3894 observatam
1007 3842 1074 3896 ab
1105 3841 1297 3896 Herum
1336 3859 1439 3896 non
1465 3858 1644 3897 secum
1679 3860 1917 3914 pugnare

317 3934 573 3999 Ostendit,
607 3933 748 4002 quod
781 3937 887 4004 fere
920 3935 1266 4004 Scripturam,
1299 3951 1361 3990 ac
1393 3933 1481 4006 (nc
1505 3935 1630 3988 illud
1663 3937 1769 4005 fere
1797 3936 1914 3990 coi-

318 4025 439 4080 datn
483 4026 764 4080 'invidiam
816 4036 1017 4081 ucstra:
1074 4027 1357 4082 sententia:
1428 4028 1666 4096 moveat)
1730 4037 1916 4097 postea

321 4117 649 4189 Scripturam
676 4119 940 4188 appellat?
971 4119 1110 4189 quod
1143 4121 1358 4174 tametsi
1413 4136 1517 4174 non
1558 4121 1636 4174 sic
1679 4122 1912 4191 ceperim

318 4225 440 4264 cum
473 4210 757 4265 Muralorio
784 4213 902 4276 (loc.
935 4213 1021 4266 cit.
1047 4221 1152 4266 nol.
1175 4213 1227 4266 5.
1261 4229 1313 4281 p.
1336 4213 1456 4279 5|.)
1481 4213 1723 4282 aliisque,
1753 4213 1906 4284 quasi

319 4299 674 4357 Tertullianus
709 4300 918 4356 Hermia
946 4303 1112 4358 libros
1150 4303 1345 4357 referat
1373 4305 1422 4357 in
1454 4304 1603 4358 libris
1625 4303 1688 4358 N.
1725 4305 1787 4359 Τ.
1817 4320 1912 4359 ca-

319 4393 530 4448 nonicis
561 4391 818 4464 (loquitur
848 4395 990 4448 enim
1013 4411 1077 4448 ex
1103 4410 1253 4449 more
1284 4395 1450 4464 magis
1481 4395 1913 4452 adversariorum

318 4499 478 4554 quam
511 4485 670 4557 suo);
706 4495 884 4540 tamen
914 4501 1018 4540 non
1048 4487 1344 4540 contemnit
1375 4485 1578 4539 Περ-ηπ
1618 4488 1912 4542 auctorita-

326 4585 459 4640 tem,
489 4577 581 4630 sed
612 4579 712 4632 sibi
741 4579 993 4632 conciliat
1012 4620 1024 4640 ,
1060 4580 1216 4648 longe
1242 4593 1396 4633 secus
1424 4579 1657 4648 atquein
1687 4580 1822 4634 libro
1851 4579 1914 4634 de
1937 4572 1990 4632 D

324 4665 601 4732 Pudicitia,
623 4682 672 4722 e.
693 4668 776 4722 10.
806 4677 859 4723 et
878 4667 994 4734 20.,
1013 4672 1066 4724 in
1087 4683 1194 4738 quo
1219 4685 1324 4722 non
1354 4668 1512 4722 modo
1531 4667 1737 4723 Henna:
1756 4671 1912 4725 effata

316 4759 587 4828 repudiat,
615 4759 709 4814 sed
737 4760 979 4831 spot-inm
1006 4759 1131 4814 illud
1172 4760 1422 4814 omnibus
1449 4761 1913 4816 consentientibus

312 4852 574 4920 scriptum
598 4853 834 4922 appellat
854 4863 907 4906 et
927 4853 1073 4906 illum
1098 4857 1410 4906 mmchorum
1439 4851 1728 4906 Pastorem.
1757 4852 1911 4917 Quod

313 4944 484 4999 miror
528 4956 905 5015 argumentum
948 4945 1198 4999 mirattnn
1244 4944 1295 4999 in
1323 4944 1514 4997 Allia-io
1545 4943 1711 4997 fuisse
1755 4942 1913 5013 Hoff-

310 5053 556 5092 manuum
597 5039 995 5092 existimantem
1021 5080 1036 5105 ,
1068 5053 1176 5092 non
1203 5037 1505 5106 exagitasse
1537 5034 1913 5089 Tertullianunt

313 5129 369 5185 in
409 5141 602 5186 nostro
633 5129 817 5185 libello
848 5128 1056 5184 Henna:
1101 5128 1366 5182 Pastorem
1399 5138 1682 5197 propterea
1710 5170 1721 5185 .
1768 5125 1910 5195 quod

309 5224 416 5278 sibi
466 5223 675 5278 Hernuc
717 5226 1008 5279 auctoritas
1037 5239 1141 5277 non
1172 5232 1377 5276 tantum
1407 5220 1709 5274 obstitisset
1749 5234 1910 5288 quam

311 5327 426 5372 tum
453 5359 468 5384 ,
500 5333 623 5373 cum
653 5326 896 5372 ex‘araret
929 5316 1121 5370 librum
1148 5314 1208 5368 de
1246 5313 1510 5366 Pudicitia
1531 5351 1545 5376 ,
1594 5324 1761 5380 quare
1809 5323 1911 5364 nec

311 5411 504 5466 fuisset
531 5425 750 5465 necesse
801 5417 853 5463 ut
888 5408 1003 5478 ejus
1021 5407 1250 5477 pretium
1265 5405 1517 5460 elevaret.
1541 5401 1673 5456 Nam
1702 5399 1910 5454 etiamsi

312 5519 420 5558 non
446 5518 704 5575 negemus
729 5503 900 5574 magis
923 5500 1278 5557 adversariam
1309 5497 1475 5552 fuisse
1498 5493 1706 5549 Herma:
1724 5501 1909 5549 aucto-

384 5638 452 5701 (1)
487 5640 538 5692 C.
577 5639 654 5690 16.
677 5639 810 5691 Edit.
845 5638 968 5689 Lud.
1008 5637 1123 5689 Ant.
1155 5635 1563 5701 Muratotji,_qtta
1600 5633 1806 5701 utimur,
1824 5631 1911 5694 qui

311 5695 533 5752 nostrum
566 5703 789 5753 libellum
837 5707 981 5752 antea
1028 5698 1254 5750 mutilum
1293 5711 1321 5746 e
1358 5695 1677 5746 Bibliotheca:
1701 5695 1910 5744 Ambro-

312 5764 469 5892 s'iagte
478 5766 642 5817 codice
666 5769 915 5833 integrum
932 5762 1087 5815 edidit
1109 5763 1155 5812 in
1183 5757 1439 5814 Anccdott's
1460 5755 1642 5823 latinis,
1661 5763 1777 5810 tom.
1804 5755 1873 5809 Ill
1891 5790 1908 5819 ,

361 5864 370 5875 .
438 5841 541 5892 .sq.
1419 5855 1427 5862 ι

361 5864 370 5875 .
399 5841 448 5877 υ.
469 5841 541 5893 sq.
1419 5855 1427 5862 ι

2039 1953 2199 2008 etiam
2227 1953 2330 2008 alia
2365 1953 2668 2009 Tertulliani
2717 1956 2858 2012 dicta
2889 1959 3113 2012 multum
3161 1960 3522 2032 discrepantia
3553 1965 3623 2018 ab

2039 2045 2103 2100 iis
2149 2062 2268 2114 qua:
2297 2047 2348 2100 in
2376 2045 2525 2100 libris
2547 2047 2933 2105 Montanistieis
2965 2051 3263 2119 proposuit,
3291 2068 3410 2120 qua;
3437 2064 3623 2109 osten-

2037 2135 2170 2191 dunt
2232 2137 2529 2193 clarissime
2579 2149 2689 2193 tum
2735 2140 2891 2212 longe
2915 2141 3072 2195 aliam
3117 2141 3280 2199 fuisse
3321 2143 3628 2200 Tertulliani

2036 2228 2373 2299 disciplinam
2413 2244 2571 2300 quam
2624 2243 2825 2299 postea.
2877 2231 3134 2289 Videlicet
3155 2235 3395 2291 sectione
3424 2236 3513 2291 18.
3547 2236 3626 2309 (p.

2035 2320 2124 2376 55.
2153 2319 2370 2391 Mutat.)
2398 2335 2521 2375 cum
2566 2321 2800 2391 disputat
2830 2322 3088 2378 adversus
3108 2338 3224 2390 eos,
3255 2326 3368 2396 qui,
3396 2325 3523 2396 dum
3569 2342 3629 2383 se

2033 2411 2154 2467 cibo
2182 2411 2540 2479 abstinebant,
2577 2428 2674 2468 nec
2700 2414 2834 2469 alios
2856 2415 3104 2470 solebant
3131 2417 3320 2472 osculo
3347 2419 3620 2490 excipere.

2035 2518 2136 2556 non
2179 2503 2275 2568 ait,
2303 2503 2403 2557 nisi
2453 2503 2535 2558 die
2567 2502 2810 2571 Pasc/ue,
2838 2523 2936 2575 quo
2973 2509 3255 2563 communis
3275 2519 3322 2564 et
3345 2512 3492 2582 quasi
3524 2529 3621 2582 pu-

2035 2596 2163 2649 blica
2181 2596 2370 2666 jejunii
2415 2597 2593 2668 religio
2617 2608 2724 2664 est,
2750 2598 2870 2667 jure
2913 2601 3154 2656 osculum
3186 2602 3402 2658 caeteris
3443 2608 3622 2676 negari

2031 2689 2265 2756 debere;
2310 2689 2450 2760 quod
2473 2691 2712 2747 ostendit
2743 2691 2986 2762 profecto
3015 2693 3386 2750 Tertullianum
3420 2706 3530 2754 tum
3557 2715 3621 2756 ex

2033 2780 2121 2835 illa
2159 2781 2416 2837 societate
2441 2795 2590 2836 sacra
2623 2782 2818 2849 fuisse,
2857 2800 2976 2853 qua:
3003 2785 3208 2840 nullum
3236 2786 3376 2841 diem
3410 2788 3621 2857 publica

2027 2881 2081 2927 et
2105 2871 2376 2927 communi
2405 2872 2727 2928 absnneutia
2760 2891 2789 2928 a
2818 2875 2940 2930 cibo
2964 2877 3200 2931 celebrat
3229 2887 3424 2946 praeter
3449 2895 3576 2935 eum
3602 2920 3618 2945 ,

2027 2979 2130 3033 quo
2157 2963 2400 3019 Christus
2432 2973 2671 3020 mortuus
2695 2975 2812 3020 erat
2837 2981 2852 3030 ;
2887 2983 3007 3020 nam
3033 2966 3154 3020 Dies
3177 2966 3398 3024 Pascha:
3426 2982 3506 3024 est
3535 2970 3581 3023 is
3599 3011 3616 3033 ,

2025 3055 2253 3124 quierat
2296 3056 2568 3108 tuetnorizc
2597 3055 2724 3108 .lesu
2780 3056 3084 3125 interempti
3109 3068 3455 3112 consecratus
3507 3059 3612 3130 (l).

2027 3146 2314 3199 Enimvero
2340 3145 2614 3198 christiani
2667 3153 2876 3199 veteres
2901 3145 3208 3200 Tertulliani
3241 3159 3479 3216 tempore
3507 3164 3613 3204 non

2026 3235 2454 3308 nisihuncdiem
2497 3237 2856 3290 eotntuuniter
2897 3236 3070 3291 inedia
3112 3224 3456 3297 celebrabant
3484 3252 3613 3308 pro-

2024 3307 2227 3396 pterea,
2257 3326 2396 3395 quod
2452 3336 2563 3380 tum
2610 3326 2825 3380 aiebant
2867 3342 3124 3395 Sponsum
3153 3326 3316 3382 fuisse
3345 3327 3612 3394 ablatum;

2021 3431 2072 3474 et
2091 3430 2268 3474 tamen
2298 3417 2639 3473 Tertullianus
2659 3419 2708 3473 itt
2740 3419 2876 3474 libro
2903 3420 2967 3473 de
2984 3418 3226 3491 Jejuniis,
3243 3435 3290 3474 c.
3315 3419 3397 3486 2.,
3417 3421 3508 3490 qui
3534 3429 3618 3477 est

1931 3557 1936 3562 .
2022 3512 2162 3567 haud
2187 3511 2346 3566 dubie
2375 3527 2406 3565 e
2441 3526 2665 3565 numero
2694 3509 3186 3566 Montanisticorum
3218 3527 3459 3599 sum-tun,
3483 3513 3619 3568 ntul-

2025 3611 2136 3658 tum
2163 3605 2424 3673 vituperat
2462 3605 2598 3656 hanc
2625 3601 3089 3665 Consuetudinem,
3113 3617 3276 3657 unum
3304 3602 3445 3659 hunc
3469 3603 3612 3659 diem

2022 3695 2293 3750 communi
2305 3694 2629 3765 jejuniorum
2646 3694 2900 3764 religione
2913 3695 3241 3760 Celebrandi;
3266 3705 3456 3766 estque
3484 3697 3616 3750 satis

2020 3787 2225 3843 clarum
2270 3786 2618 3841 Montanisms
2665 3786 2844 3855 plures
2889 3786 3025 3841 alios
3054 3786 3171 3841 dies
3221 3796 3418 3856 prmter
3468 3786 3611 3842 diem

2019 3878 2218 3934 Chriin
2257 3879 2607 3934 emortualem
2661 3877 2981 3932 celebrasse.
3012 3877 3166 3932 Unde
3209 3878 3421 3933 elicitur
3444 3877 3613 3933 illud:

2023 3969 2394 4025 Tertulliunum
2439 3985 2560 4024 cum
2593 3968 2736 4023 hunc
2765 3971 2828 4024 tle
2878 3970 3124 4023 Oratione
3152 3969 3345 4022 librum
3387 3982 3613 4038 compo-

2021 4072 2173 4118 neret
2199 4105 2214 4129 ,
2245 4063 2482 4117 nondum
2535 4065 2588 4116 in
2615 4070 2796 4131 partes
2824 4060 3267 4116 Montanislarum
3297 4060 3608 4114 secessisse.

2018 4158 2168 4226 Quod
2202 4173 2340 4212 novo
2369 4166 2542 4227 potest
2572 4162 2889 4226 argumento
2915 4153 3079 4208 ducto
3105 4169 3168 4208 ex
3201 4168 3429 4223 utroque
3459 4152 3614 4207 libel-

2019 4253 2071 4305 lo
2092 4251 2420 4314 continuari,
2452 4265 2680 4320 quorum
2707 4248 2752 4302 si
2780 4249 2898 4318 quis
2929 4247 3043 4301 loca
3098 4245 3206 4300 alio
3243 4255 3418 4317 potest
3449 4245 3612 4299 modo

2018 4343 2070 4398 itt
2101 4342 2446 4397 concordiam
2495 4341 2736 4410 redigere
2763 4382 2777 4405 ,
2823 4355 2982 4409 quam
3029 4354 3133 4404 eo,
3187 4355 3292 4409 quo
3335 4336 3568 4393 diximus
3594 4377 3611 4402 ,

2019 4433 2182 4490 ducto
2202 4449 2232 4488 a
2260 4435 2472 4488 diversa
2500 4431 2804 4486 Tertulliani
2829 4430 3108 4499 disciplina
3140 4439 3382 4500 tempore
3411 4430 3612 4482 utrius-

2019 4543 2122 4596 que
2167 4525 2456 4594 conscripti
2503 4523 2700 4589 libelli,
2747 4539 2869 4577 eum
2903 4522 3205 4577 audiemus.
3240 4521 3373 4575 Nam
3406 4533 3530 4573 eum
3559 4517 3610 4570 in

2019 4635 2086 4675 eo
2124 4619 2191 4674 de
2215 4619 2471 4673 Oratione
2494 4633 2543 4672 c.
2693 4613 3064 4670 descendisset
3093 4611 3160 4666 ad
3189 4609 3609 4680 disputationem

2018 4713 2087 4768 de
2113 4721 2353 4782 tempore
2398 4725 2619 4782 precum
2675 4709 2784 4763 Deo
2834 4704 3230 4761 olfercndarutn
3260 4743 3275 4767 ,
3327 4701 3528 4756 bonum
3559 4699 3612 4755 id

2018 4802 2233 4875 quidem
2281 4817 2401 4857 esse
2447 4802 2658 4870 inquit,
2701 4797 2961 4868 quasdam
3004 4804 3180 4853 certas
3205 4802 3262 4849 et
3301 4793 3434 4868 lixas
3459 4794 3611 4862 quasi

2019 4895 2180 4948 horas
2211 4889 2459 4962 precibus
2488 4889 2768 4952 destinari,
2805 4886 3018 4940 tertiam
3049 4884 3274 4950 scilicet,
3319 4894 3371 4938 et
3399 4893 3607 4938 sextam

2016 4997 2069 5042 et
2095 4999 2290 5039 nonam
2335 4984 2401 5036 ab
2444 4980 2716 5050 Apostolis
2767 4992 2980 5047 quoque
3013 4978 3388 5041 observatam;
3421 4976 3515 5031 sed
3557 4977 3610 5030 id

2015 5076 2228 5148 quidem
2257 5075 2390 5140 fieri,
2419 5074 2623 5144 adjicit,
2643 5073 2752 5126 sine
2771 5071 2924 5125 ullius
2947 5070 3310 5125 obseruationis
3334 5076 3610 5138 prmcepto,

1993 5183 2189 5238 meque
2214 5166 2329 5237 lege
2356 5173 2652 5237 prmccptas
2681 5178 2803 5219 esse
2821 5161 2954 5218 alias
2990 5173 3186 5233 praeter
3209 5161 3464 5232 legitimas
3493 5173 3612 5212 ora-

2015 5264 2195 5322 tiones,
2219 5261 2271 5312 lt.
2297 5274 2346 5314 e.
2374 5272 2465 5314 cas
2497 5274 2509 5308 :
2539 5273 2657 5326 qua:
2681 5255 2785 5311 sub
2809 5265 2982 5310 ortum
3005 5255 3136 5309 lucis
3167 5252 3447 5321 noctisque
3476 5263 3605 5320 pro~

2016 5353 2348 5409 nuntiantur.
2377 5350 2444 5405 Et
2469 5367 2516 5405 c.
2549 5348 2642 5403 25.
2685 5358 2850 5403 cxtr.:
2890 5344 2968 5400 De
2994 5342 3302 5434 temporibus
3323 5382 3338 5407 ,
3383 5341 3556 5411 inquit
3587 5382 3604 5404 ,

2014 5445 2259 5500 orationis
2286 5442 2412 5495 nihil
2439 5441 2645 5495 omnino
2671 5438 3024 5509 praescriptum
3052 5444 3146 5501 cst,
3173 5432 3272 5488 nisi
3293 5434 3446 5503 plane
3464 5432 3610 5487 omni

1981 5551 1986 5557 ·
2015 5540 2068 5596 in
2100 5549 2325 5606 tempore
2367 5543 2414 5589 et
2454 5535 2565 5588 loco
2585 5547 2748 5585 orare.
2795 5527 2902 5584 Sed
2934 5527 3021 5582 ille
3070 5525 3123 5580 in
3169 5524 3350 5580 libello
3378 5524 3440 5577 dc
3458 5521 3611 5593 Jeju-

2014 5631 2111 5688 niis
2142 5628 2430 5701 peracerba
2457 5625 2690 5698 esagitat
2716 5619 3031 5679 orthodoxa:
3078 5618 3336 5677 Ecclesia:
3359 5615 3608 5675 addictos

2011 5811 2051 5886 fr
2081 5811 2150 5879 μ)
2186 5811 2315 5876 Vid.,
2343 5807 2559 5874 exempli
2583 5817 2769 5870 caussa,
2797 5803 3028 5859 adversus
3040 5798 3427 5869 Jttdtcos,_libr.,
3455 5811 3499 5853 c.
3531 5794 3610 5851 10.
