4242 6264
625 382 725 440 M7

1710 370 2163 432 DlSSERTATlO
2204 366 2290 431 DE
2331 366 2517 427 \‘ERA
2556 367 2812 427 [ΕΤΑΤΕ

3812 366 3915 430 1‘48

623 500 697 568 (ο.
728 498 811 571 2.)
843 506 1059 570 propter
1086 510 1202 552 eam
1234 483 1499 561 eaussam,
1521 492 1664 564 quod
1686 488 2065 548 abstinendum
2088 502 2210 545 esse
2237 486 2291 549 Α
2316 485 2466 540 libris
2515 484 2831 540 ortbodosis
2860 496 3057 540 nomen
3100 482 3334 542 fidelium
3362 497 3609 558 negasse.
3646 482 3765 541 lam
3787 498 3911 541 cum

623 591 872 647 dicebant
901 605 931 643 a
956 588 1079 644 cibo
1119 603 1181 642 ea:
1220 586 1431 641 arbitrio
1455 622 1469 650 ,
1507 600 1609 639 non
1634 598 1696 639 ea:
1716 582 1929 654 imperio
1964 596 2107 636 nocte
2135 580 2216 633 di-
2262 610 2263 613 η

623 675 855 755 caput...
894 692 987 752 pro
1016 678 1325 753 temporibus
1347 686 1399 734 et
1443 678 1639 733 caussis
1685 675 2081 747 uniuscujusque
2109 713 2123 739 ,
2169 681 2215 727 et

622 775 877 830 orationes
920 774 1072 827 etiam
1117 778 1223 844 fere
1250 773 1377 828 liora
1419 786 1553 826 nona
1601 768 1960 827 concluderent
1990 766 2218 823 dePetri

623 866 895 935 exemplo;
922 864 1179 937 additque
1197 864 1421 929 diserte,
1455 878 1505 920 e.
1554 862 1670 927 ‘10.,
1701 862 1843 916 salva
1868 861 2020 933 plane
2054 857 2216 929 indif-

624 960 844 1031 ferentia
883 975 1080 1031 semper
1118 957 1368 1029 elabique
1392 965 1441 1012 et
1466 957 1603 1013 omni
1627 965 1851 1024 tempore
1874 952 2092 1019 orandi,
2134 960 2217 1007 ta-

626 1072 744 1112 men
791 1064 891 1110 tres
918 1055 1049 1109 istas
1079 1054 1231 1108 horas
1256 1053 1584 1109 solemniores
1624 1050 1786 1123 fuisse
1823 1049 1876 1102 in
1906 1045 2221 1101 orationibus

630 1148 849 1213 divinis;
893 1154 948 1203 et
974 1154 1093 1218 cap.
1136 1148 1224 1203 l5.
1256 1146 1323 1201 ad
1368 1146 1540 1217 ipsam
1570 1149 1830 1214 provocat
1857 1142 2030 1213 legerit
2053 1150 2080 1194 a
2116 1138 2221 1194 Pa-

628 1240 821 1297 raeleto
848 1240 1052 1304 datam,
1087 1253 1194 1310 qua
1221 1239 1357 1294 hanc
1397 1237 1843 1293 Montauistarum
1869 1231 2224 1289 consuetudi-

637 1346 764 1388 nem
809 1331 1206 1387 conﬁrmasset.
1245 1331 1452 1398 Quibus
1488 1329 1741 1385 omnibus
1769 1327 2034 1383 evincitur
2080 1324 2224 1380 haud

633 1424 798 1483 dubie
819 1464 834 1490 ,
884 1421 1044 1479 aliam
1075 1435 1293 1494 prorsus
1325 1416 1629 1476 Tertulliani
1668 1420 1991 1476 sententiam
2021 1415 2186 1473 fuisse
2206 1458 2220 1484 ,

634 1529 757 1570 eum
785 1516 848 1570 de
876 1515 1122 1570 Oratione
1167 1515 1363 1569 librum
1413 1523 1785 1583 componeret.
1834 1511 2112 1578 Denique,
2169 1517 2228 1564 ut

635 1609 743 1664 alia
787 1608 1033 1665 omittam
1073 1608 1272 1673 multa,
1305 1606 1358 1661 id
1411 1605 1543 1661 mihi
1593 1605 1800 1660 videtur
1828 1614 2022 1674 magno
2066 1613 2226 1671 argu-

636 1712 823 1758 mento
876 1714 996 1756 esse
1029 1700 1094 1754 ad
1140 1699 1481 1754 asserendam
1532 1698 1671 1753 libro
1713 1698 1900 1751 nostro
1938 1698 2226 1766 ὀρθοδοξεαν,

637 1794 783 1865 quod
814 1793 1014 1848 nullam
1044 1794 1094 1846 in
1148 1792 1251 1846 boc
1280 1792 1417 1846 libre
1440 1832 1454 1858 ,
1489 1800 1611 1845 cum
1649 1790 1716 1845 de
1761 1780 1985 1860 Jejuniis
2014 1798 2077 1842 ac
2120 1792 2230 1842 sta-

2320 575 2462 631 hunc
2506 576 2700 630 librum
2742 590 2808 631 ex
2856 574 2920 632 iis
2953 589 3075 632 esse
3106 585 3345 643 constet,
3392 578 3485 646 qui
3516 576 3913 647 castigatiorem

2320 668 2616 724 doctrinam
2659 666 2985 734 continent,
3050 677 3441 741 quemcumque
3495 668 3573 724 illi
3626 669 3802 724 locum
3860 671 3917 725 in
4001 680 4009 685 ‘

2323 759 2482 831 hujus
2520 750 2666 815 modi
2713 756 3043 830 Septimianis
3091 750 3308 831 scriptis
3356 758 3603 826 dederis,
3637 759 3778 817 idem
3807 768 3912 818 est.

2324 853 2511 920 Nobis,
2534 853 2728 925 quibus
2756 864 2823 908 ex
2849 866 2916 909 eo
2952 846 3098 908 nulla
3126 864 3187 909 se
3208 852 3293 909 vel
3326 851 3457 909 levis
3485 852 3723 924 suspicio
3765 864 3918 909 erro-

2322 956 2441 1004 rum
2464 947 2905 1003 Montanistarum‘
2928 945 3151 1014 obtulit,
3185 946 3446 1017 optimum
3495 945 3741 1014 videtur,
3792 946 3917 1002 eum

2325 1040 2571 1113 inprimis
2602 1040 2759 1112 hujus
2788 1039 3000 1111 generis
3026 1039 3318 1097 collocare.

2325 1172 2354 1247 ς
2402 1175 2456 1231 5.
2485 1205 2555 1215 —
2584 1172 2734 1227 Liber
2787 1173 2851 1228 de
2894 1171 3159 1242 Baptisnto
3206 1190 3239 1227 a
3272 1171 3591 1227 Tertulliano
3645 1173 3899 1229 catholico

2423 1277 2681 1322 exoratus.
2709 1263 3055 1337 Confutantur
3071 1274 3372 1337 argumenta
3395 1263 3815 1320 dissentientium.

2399 1401 2468 1455 At
2519 1399 2698 1454 dicere
2749 1411 2993 1469 quasnam
3024 1394 3265 1452 doctrina
3288 1396 3575 1452 asserenda
3603 1397 3672 1453 sit
3695 1396 3831 1453 libro
3856 1398 3923 1455 de

2331 1491 2628 1564 Baptismo,
2685 1491 2874 1560 majori
2924 1500 3003 1546 est
3032 1502 3153 1545 eum
3204 1488 3520 1545 difficultate
3549 1489 3917 1560 eonjunctum.

2332 1583 2592 1655 Equidem
2619 1598 2726 1638 non
2781 1583 2968 1654 ignoro
3030 1596 3219 1638 omnes
3258 1583 3338 1637 sic
3384 1582 3620 1651 sentire,
3669 1582 3823 1653 quasi
3852 1584 3923 1640 sit

2332 1677 2492 1749 hujus
2542 1678 2660 1731 libri
2717 1681 2969 1749 ὀρθοδσξια
3044 1681 3200 1731 extra
3249 1689 3465 1730 omnem
3539 1675 3925 1732 dubitationem

2334 1770 2526 1840 posita,
2560 1768 2769 1836 leviter,
2798 1778 2859 1823 ut
2888 1769 2943 1822 in
2971 1750 3207 1831 caeteris,
3228 1772 3560 1837 repugnante
3587 1765 3925 1834 Hofl’manno;

900 1880 1143 1939 “sbrius
1170 1847 1663 1952 dissemt,’jnjicm
1693 1847 2019 1936 meﬂijonem
2065 1886 2223 1935 πετο,
2258 1847 2306 1911 Β
2335 1863 2430 1918 sed
2454 1863 2504 1917 in
2535 1874 2594 1916 ea
2622 1872 2681 1917 re
2711 1862 2951 1917 miranda
2982 1861 3128 1916 venit
3160 1861 3460 1952 multorum
3504 1861 3780 1917 doctorum
3825 1861 3926 1915 ho-

640 1975 951 2047 phaglarum
979 2004 991 2040 ,
1020 1986 1153 2045 qttas
1201 1983 1353 2031 tanto
1391 1986 1511 2029 cum
1553 1973 1765 2029 fervore
1788 1974 1840 2027 in
1872 1968 2011 2028 libro
2037 1972 2103 2028 de
2137 1970 2229 2026 Je-

630 2067 816 2138 juniis,
840 2079 959 2134 cap.
984 2064 1039 2119 ‘3.
1066 2066 1121 2120 5.
1146 2078 1327 2136 seqq.,
1350 2062 1607 2130 defendit;
1623 2066 1778 2135 cujus
1803 2063 2110 2118 omissionis
2133 2061 2233 2118 du-

641 2158 754 2213 bito
778 2172 845 2212 au
881 2156 989 2212 ulla
1019 2158 1121 2211 alia
1153 2158 1290 2212 ratio
1323 2157 1475 2212 reddi
1526 2158 1723 2226 possit,
1760 2166 1923 2226 quam
1962 2166 2025 2211 ea
2046 2195 2060 2218 .
2086 2156 2230 2227 quod

642 2256 887 2318 tempore
911 2248 1095 2317 scripti
1137 2247 1305 2303 libelli
1339 2249 1508 2302 nostri
1562 2248 1652 2303 isti
1699 2247 1958 2302 Ecclesiae
1987 2246 2235 2303 addictus

645 2340 827 2407 fuerit,
868 2350 989 2410 quae
1043 2340 1395 2410 xerophagias
1433 2340 1534 2411 (ut
1585 2340 1659 2393 ait
1716 2341 1771 2393 in
1814 2339 1955 2395 libro
1982 2340 2053 2415 tle,
2078 2338 2232 2409 Jeju-

643 2431 763 2495 ntis,
791 2440 842 2485 c.
890 2429 994 2501 2.)
1048 2439 1231 2485 novum
1286 2429 1498 2486 dicebat
1555 2430 1782 2500 affectati
1839 2430 1991 2501 optati
2052 2442 2236 2486 nomen

601 2584 613 2593 ρ
645 2538 751 2577 esse
781 2531 830 2577 et
884 2520 1171 2592 proximum
1211 2523 1424 2577 etlmicte
1464 2523 1853 2592 superstitionis.
1888 2512 2013 2576 Ηςυε
2055 2522 2236 2578 omnia

645 2613 777 2667 mihi
827 2614 996 2668 multo
1043 2612 1292 2668 videntur
1329 2612 1502 2685 magis
1547 2613 1849 2682 audienda,
1903 2622 2063 2683 quam
2116 2624 2238 2684 quas

647 2705 1001 2775 Ilo/finalitatis
1021 2704 1086 2761 ad
1115 2700 1489 2761 vindicandam
1504 2706 1809 2776 opinionem
1837 2712 1991 2762 suam
2013 2707 2236 2776 profert,

648 2796 847 2870 quibus
875 2798 980 2854 alia
1007 2812 1112 2853 nou
1155 2797 1355 2854 nullius
1404 2799 1736 2854 auctoritatis
1780 2804 1877 2853 nos
1919 2799 2083 2853 etiam
2139 2798 2239 2868 ipsi

650 2904 955 2960 possemus,
985 2890 1029 2945 si
1056 2900 1280 2946 necesse
1297 2888 1697 2956 esset,addere.
1726 2888 2007 2945 Similltma
2036 2890 2242 2945 scilicet

656 2995 779 3040 esse
839 2984 914 3038 ait
966 2997 1061 3049 ea,
1094 2996 1214 3054 quae
1262 2983 1349 3039 hic
1381 2998 1430 3039 c.
1469 2983 1558 3038 23.
1584 2982 1652 3038 de
1682 2983 1974 3054 virginibus
2004 2982 2244 3040 vetandis

651 3074 947 3146 prteeipiat,
970 3089 1158 3131 eorum
1186 3090 1305 3147 qua:
1353 3074 1424 3130 ab
1448 3075 1589 3131 eoin
1613 3076 1747 3130 libro
1770 3075 1926 3145 hujus
1942 3076 2246 3146 argumenti

651 3168 1053 3224 defenduntur:
1083 3168 1225 3240 quod
1271 3170 1428 3240 longe
1469 3178 1624 3224 secus
1662 3174 1764 3223 est.
1788 3166 1922 3221 Nam
1956 3168 2163 3223 tametsi
2187 3168 2239 3223 in

653 3265 884 3331 utroque
913 3260 1053 3315 libro
1100 3226 1234 3314 velit
1264 3267 1322 3313 ut
1344 3226 1579 3330 virgines
1609 3263 1930 3329 obtegantur
1956 3260 2105 3327 velo,
2136 3271 2241 3315 non
2267 3226 2313 3296 (ἶ

656 3355 773 3425 ipse
804 3360 983 3409 tamen
1025 3354 1127 3409 iste
1153 3364 1448 3409 consensus
1470 3352 1755 3416 librorum.
1782 3367 1845 3408 ex
1869 3351 2060 3408 eadem
2085 3352 2248 3409 disci-

655 3446 800 3515 plina
830 3445 1094 3514 prodiisse
1116 3454 1401 3516 utrumque
1427 3486 1443 3511 ,
1466 3445 1834 3512 demonstrat;
1857 3445 1952 3501 sed
1977 3487 1992 3513 ,
2035 3447 2080 3500 si
2124 3445 2246 3516 quis

545 3554 559 3565 ο
658 3536 936 3608 utriusque
958 3536 1071 3591 loca
1094 3545 1342 3591 accurate
1377 3536 1684 3600 contulerit,
1714 3550 1938 3608 magnus
1987 3537 2091 3591 erit
2115 3550 2147 3591 a
2186 3552 2248 3592 se

620 3666 621 3671 η
662 3625 969 3680 Tertulliani
998 3626 1298 3692 dissensus,
1317 3626 1406 3698 qui
1434 3634 1670 3682 nostram
1695 3628 1860 3682 multo
1888 3627 2058 3697 magis
2086 3640 2245 3697 quam

661 3715 1316 3784 Ho/fmannisententiam
1336 3717 1637 3772 conﬁrmat.
1662 3716 1719 3771 ln
1749 3716 1885 3773 libro
1906 3718 1968 3771 de
2004 3716 2143 3788 Virg.
2168 3731 2249 3771 oe-

657 3807 827 3863 landis
854 3808 1202 3863 vehementer
1230 3813 1284 3862 et
1306 3822 1371 3863 ex
1392 3809 1504 3878 ipsa
1538 3808 1800 3879 imprimis
1819 3808 1935 3878 lege
1956 3804 2249 3862 Montanis-

660 3909 834 3955 tarum
854 3899 991 3955 hanc
1017 3899 1467 3955 consuetudinem
1488 3898 1749 3967 defendit,
1776 3899 1871 3955 sed
1894 3900 1947 3954 in
1976 3909 2159 3955 nostro
2186 3898 2250 3954 de

661 3993 810 4048 Orat.
857 3992 1058 4059 libello,
1082 4007 1133 4048 c.
1156 3991 1247 4048 22.
1291 3990 1471 4063 ρ.45.,
1501 4007 1605 4047 non
1628 3992 1913 4049 tenendam
1932 3993 2082 4063 jubet
2112 3992 2251 4052 banc

635 4086 1124 4161 “consuetudinem,
1161 4087 1419 4157 legemque
1444 4084 1578 4141 adeo
1622 4085 1900 4157 virginibus
1940 4099 2137 4159 quoque
2166 4090 2251 4144 in-

655 4181 920 4253 jicientem
972 4182 1308 4236 velamentum
1356 4178 1430 4235 ait
1486 4180 1719 4236 excusari
1771 4192 1950 4249 posse;
1994 4183 2245 4252 atquein

662 4270 940 4344 principiis
983 4273 1125 4329 illius
1151 4274 1546 4343 disputationis,
1578 4288 1627 4330 c.
1652 4272 1769 4343 21.,
1800 4276 1946 4345 quasi
1998 4276 2247 4331 incertum

658 4366 1041 4422 retractandum
1061 4380 1167 4421 esse
1189 4365 1342 4432 illud,
1371 4366 1507 4437 quod
1533 4367 1821 4437 promiscue
1841 4368 2127 4423 observetur
2156 4384 2249 4440 per

660 4458 922 4515 Ecclesias
946 4501 960 4523 ,
1001 4456 1224 4513 uelarine
1250 4457 1459 4513 debeant
1483 4459 1702 4529 virgines
1725 4474 1791 4515 an
1820 4474 1921 4514 non
1939 4460 1965 4514 .’
1983 4460 2124 4516 Leire
2150 4460 2249 4532 igi-

664 4562 755 4608 tur
770 4560 853 4609 est
877 4550 1017 4608 istud
1047 4550 1142 4605 viri
1168 4549 1309 4605 docti
1341 4559 1738 4619 argumentum,
1768 4552 2137 4623 potuissetque
2162 4553 2251 4610 ille

657 4645 859 4700 rectius
885 4642 950 4699 ad
976 4642 1337 4698 testimonium
1364 4642 1641 4697 sententia:
1685 4654 1797 4698 suae
1822 4645 1990 4700 citare
2017 4656 2136 4717 cap.
2163 4646 2248 4713 6.,

664 4735 755 4791 ubi
783 4749 904 4791 cum
926 4734 1257 4805 rogationem
1283 4740 1524 4804 quartam
1552 4733 1814 4790 orationis
1836 4734 2121 4793 dominica:
2144 4752 2251 4793 non

660 4827 908 4898 proprie,
953 4825 1049 4882 sed
1078 4827 1279 4897 tropice
1304 4825 1372 4882 dc
1398 4838 1550 4880 sacra
1588 4840 1740 4882 cmna
1782 4840 1903 4884 esse
1950 4828 2250 4900 intelligen-

659 4918 784 4972 dam
815 4919 1043 4986 dixerat,
1069 4917 1175 4973 Sed
1202 4928 1247 4973 et
1276 4920 1414 4990 quia,
1444 4918 1646 4991 adjicit,
1675 4922 1952 4976 carnaliter
1966 4922 2252 4976 admittitur

656 5011 762 5064 ista
784 5023 901 5073 eoat,
935 5024 1035 5061 non
1056 5008 1161 5062 sine
1189 5009 1433 5081 religione
1461 5017 1623 5080 potest
1662 5011 1774 5079 ﬁeri
1798 5021 1847 5065 et
1873 5011 2118 5079 spiritalis
2144 5013 2251 5067 dis-

659 5099 885 5171 ciplinaz,
914 5097 1004 5152 ubi
1026 5097 1271 5166 spiritalis
1300 5099 1573 5169 disciplina
1597 5099 1831 5171 aliquam
1859 5101 1950 5157 dat
1969 5100 2252 5158 Montanis-

619 5186 623 5190 ’
662 5192 753 5248 tiei
782 5189 1061 5261 scriptoris
1084 5190 1469 5259 suspicionem,
1495 5191 1585 5261 qui
1607 5190 1877 5262 spiritales
1903 5204 1983 5260 se,
2024 5200 2252 5251 caeteros

664 5282 956 5359 Psychicos
998 5280 1359 5356 appellabant.
1405 5282 1510 5339 Sed
1536 5286 1706 5355 potuit
1750 5285 2101 5343 Tertullianus
2149 5286 2252 5344 sub

665 5377 994 5448 spiritalibus
1016 5376 1175 5434 etiam
1190 5377 1414 5447 quosvis
1443 5376 1642 5446 probos
1663 5374 1908 5434 homines
1929 5386 1980 5435 et
1995 5370 2245 5436 christia-

661 5483 762 5525 nos
816 5468 1146 5540 intelligere,
1175 5465 1317 5539 quod
1347 5466 1478 5522 mibi
1509 5468 1678 5539 magis
1718 5468 1895 5539 placet
1926 5479 2207 5542 propterea
2235 5513 2250 5538 ,

660 5562 804 5634 quod
835 5562 934 5619 hos
957 5576 1061 5618 non
1084 5562 1155 5617 ita
1176 5562 1349 5617 multo
1378 5569 1499 5633 post
1527 5562 1908 5633 interpretatur
1938 5579 2031 5634 per
2053 5564 2251 5634 ﬁdeles,

660 5669 862 5727 eosque
890 5670 993 5710 non
1022 5653 1338 5711 orthodoxis
1366 5666 1425 5707 v.
1462 5653 1737 5726 Psychicls
1761 5657 2006 5727 apponit,
2030 5656 2124 5713 sed
2160 5670 2254 5711 na-

661 5749 1055 5821 tionibus,h.fe.
1084 5764 1193 5805 non
1235 5746 1582 5804 credentibus
1606 5748 1658 5803 in
1705 5748 1922 5817 Jesum;
1958 5741 2131 5822 neque
2165 5766 2248 5806 us-

661 5856 819 5916 quam
849 5843 1022 5913 reperi
1066 5838 1439 5899 Tertullianunt
1478 5842 1561 5900 vel
1588 5842 1640 5900 in
1685 5841 1813 5915 ipsis
1871 5840 2253 5902 Montanistlcis

2334 1956 2537 2011 minum
2566 1956 2780 2023 levitas,
2809 1956 2897 2027 qui
2927 1955 3091 2011 libros
3121 1945 3274 2021 alios,
3300 1969 3525 2025 quorum
3550 1964 3925 2026 argumentum

2333 2057 2538 2103 certam
2568 2047 2728 2103 habet
2772 2047 3017 2118 puritatis
3062 2045 3506 2123 significationem
3541 2087 3557 2111 ,
3599 2045 3928 2102 Tertulliano

2334 2140 2666 2196 Montanistae
2698 2138 3020 2203 tribuerint,
3051 2139 3267 2194 ethunc
3294 2149 3407 2192 tuto
3435 2141 3735 2196 exemerint
3759 2154 3791 2195 e
3822 2155 3925 2194 nu~

2337 2246 2488 2287 mero
2510 2228 2698 2285 horum
2724 2230 2976 2285 librorum
3005 2273 3019 2296 ,
3049 2231 3200 2298 cujus
3233 2239 3412 2285 tamen
3446 2230 3547 2285 loci
3568 2266 3585 2297 ,
3607 2230 3653 2285 si
3684 2230 3764 2285 vel
3790 2247 3932 2302 pric-

2338 2323 2519 2393 eipuas
2538 2322 2974 2377 Montanistarum
2994 2323 3045 2376 in
3076 2336 3142 2376 eo
3159 2322 3241 2376 vel
3265 2320 3682 2377 orthodoxorum
3707 2333 3927 2379 sentcn-

2342 2415 2442 2469 tias
2471 2412 2848 2484 requisiveris,
2895 2420 3000 2468 tam
3054 2418 3180 2467 sunt
3217 2411 3469 2480 obscuri,
3512 2420 3608 2481 ut,
3665 2413 3931 2483 inquisitis

2341 2506 2622 2574 Omnibus,
2655 2507 2740 2562 vix
2782 2521 2887 2578 quo
2912 2518 2970 2562 se
2999 2515 3173 2562 vertat
3236 2506 3448 2562 animus
3479 2506 3677 2563 videat.
3700 2504 3803 2562 Sed
3830 2516 3887 2561 ut
3914 2548 3931 2576 ,

2342 2606 2600 2672 quantum
2648 2598 2760 2655 ﬁeri
2814 2599 3027 2670 possit,
3077 2598 3319 2655 dicamus
3366 2604 3544 2655 tamen
3598 2591 3840 2671 quamam
3879 2599 3929 2655 iu

2341 2682 2479 2748 libro
2509 2694 2691 2747 nostro
2716 2690 2960 2746 doctrina
2986 2689 3069 2746 vel
3096 2690 3161 2747 ad
3188 2691 3286 2747 has
3316 2692 3397 2746 vel
3425 2691 3492 2746 ad
3519 2692 3638 2748 illas
3664 2694 3830 2763 magis
3853 2695 3935 2748 in-

2343 2782 2538 2839 clinata
2566 2792 2784 2853 regnet,
2816 2783 3046 2852 primum
3081 2780 3248 2852 placet
3304 2784 3617 2839 examinare
3649 2783 3795 2840 loces
3844 2785 3934 2852 qui

2342 2870 2466 2929 huic
2496 2872 2633 2928 libro
2658 2873 3015 2943 suspicionem
3045 2871 3382 2929 Montanismi
3406 2876 3718 2951 coniiciunt,
3742 2876 3935 2933 deinde

2344 2978 2437 3022 eos
2467 2965 2556 3037 qui
2587 2975 2711 3022 sunt
2738 2968 2789 3022 in
2816 2969 3142 3023 contrariam
3195 2979 3417 3038 partem,
3446 2970 3617 3026 rarius
3644 2971 3789 3037 licet,
3822 2987 3936 3042 pro-

2344 3064 2526 3135 positi.
2552 3065 2727 3134 Atque
2747 3105 2762 3131 ,
2791 3072 2851 3118 ut
2878 3063 3190 3120 omittamus
3232 3080 3293 3120 ea
3321 3080 3439 3136 quae
3465 3063 3815 3122 subdubitans
3841 3067 3937 3120 ob-

2343 3154 2473 3227 jecit
2500 3155 2773 3222 Baronius,
2803 3157 2933 3212 satis
2957 3155 3045 3212 ille
3069 3156 3136 3211 ab
3165 3152 3354 3211 Allixia
3376 3155 3679 3212 confutatus
3710 3156 3786 3230 (in
3821 3158 3931 3214 Vit.

2347 3244 2496 3307 Tert.
2541 3266 2593 3320 p.
2622 3248 2711 3306 29.
2748 3247 2912 3321 sqq.),
2939 3244 3287 3316 Ho/fntannus
3334 3249 3385 3304 in
3417 3248 3558 3303 illam
3600 3249 3937 3320 superiorem

2348 3352 2551 3414 partem
2573 3342 2688 3398 lucc
2717 3342 2913 3397 excitat
2933 3351 3264 3413 argumenta.
3296 3340 3530 3397 Primum
3552 3342 3694 3412 quod
3726 3343 3776 3397 in
3796 3343 3935 3397 libro

2348 3434 2411 3490 de
2425 3432 2686 3506 Baptismo
2706 3428 3049 3489 Tertullitinus
3076 3431 3232 3489 dictis
3259 3442 3437 3489 utatur
3462 3432 3728 3498 similibus
3753 3450 3937 3491 eorum

2304 3559 2319 3575 ο
2349 3543 2468 3598 qua:
2497 3527 2550 3581 in
2576 3541 2642 3581 eo
2690 3525 2753 3580 de
2809 3522 3063 3579 Pudicitia
3114 3523 3464 3592 defenderat,
3516 3527 3584 3609 ita
3618 3536 3676 3582 ut
3709 3527 3941 3598 exagitet

2349 3633 2443 3674 eos
2472 3618 2561 3690 qui
2587 3619 2691 3672 sibi
2739 3617 3024 3673 sumebant
3049 3628 3367 3688 potestatem
3409 3618 3568 3675 dandi
3590 3610 3811 3675 veniam
3849 3619 3941 3675 de-

2348 3704 2618 3776 lictorum,
2651 3725 2768 3781 qua:
2796 3706 2888 3765 uni
2917 3720 3094 3766 tamen
3121 3711 3229 3767 Deo
3259 3722 3611 3782 competeret.
3641 3713 3803 3785 Cujus
3819 3714 3895 3770 rei
3920 3756 3936 3781 ,

2349 3802 2405 3856 ni
2433 3802 2606 3869 fallor,
2631 3791 3073 3872 signiﬁcationem
3105 3801 3157 3858 in
3191 3803 3296 3858 illis
3322 3804 3505 3859 verbis
3533 3807 3763 3875 reperit:
3785 3821 3943 3877 neque

2353 3894 2616 3965 peccatum
2641 3893 2882 3962 dimittit,
2936 3911 3095 3966 neque
3115 3894 3347 3965 spiritum
3378 3894 3606 3967 indulget
3632 3938 3647 3963 ,
3679 3896 3777 3950 nisi
3807 3894 3944 3950 Deus

2351 3986 2518 4053 solus;
2551 4003 2671 4059 qua:
2711 3987 2979 4051 uttomodo
3026 3988 3235 4043 nonnisi
3277 3989 3611 4060 a.fscriptore
3646 3987 3943 4060 disciplina:

2354 4078 2590 4135 Montani
2618 4080 2800 4137 dedito
2833 4073 3163 4151 pronuntiari
3194 4083 3485 4152 potuerint,
3512 4078 3941 4152 non'perspicio.

2351 4169 2485 4226 Nam
2516 4186 2687 4243 neque
2731 4169 2856 4226 illud
2888 4169 3101 4227 sodales
3139 4169 3452 4227 orthodoxa:
3492 4172 3746 4228 Ecclesia:
3787 4187 3945 4243 nega-

2350 4258 2691 4333 bant,ueque
2719 4260 2788 4317 de
2804 4277 2864 4317 ea
2889 4278 2947 4317 re
2962 4270 3077 4317 erat
3100 4278 3193 4318 eos
3211 4264 3349 4316 inter
3377 4271 3429 4317 et
3448 4261 3797 4319 Montanistas
3824 4262 3937 4318 dis-

2349 4354 2587 4427 putatio;
2639 4350 2732 4410 sed
2785 4353 3232 4422 illiorthodoxi,
3286 4356 3526 4424 quamvis
3569 4356 3779 4410 nonnisi
3837 4357 3947 4414 Deo

2350 4458 2669 4521 potestatem
2696 4446 3140 4503 remittendorutn
3186 4457 3521 4517 peccatorum
3571 4447 3945 4518 assignarent,

2314 4563 2324 4617 ‘_
2354 4542 2650 4617 negandam
2681 4551 2858 4597 tamen
2895 4556 3079 4614 pacem
3110 4542 3175 4597 iis
3196 4541 3282 4611 qui
3310 4548 3530 4612 propter
3579 4551 3795 4612 peccata
3828 4543 3944 4600 fue-

2273 4594 2328 4664 Β

2354 4647 2473 4694 rant
2516 4653 2548 4693 e
2575 4634 2834 4690 societate
2861 4650 3013 4690 sacra
3048 4632 3225 4705 ejecti,
3245 4649 3348 4688 non
3373 4635 3651 4704 putabant,
3679 4635 3944 4706 siquidem

2354 4731 2429 4788 illi
2459 4745 2517 4785 se
2540 4730 2704 4785 vitam
2733 4727 3113 4783 emendaturus
3153 4727 3552 4799 pollicerentur.
3579 4728 3771 4786 Postea
3805 4730 3946 4785 hunc

2354 4823 2549 4878 librum
2578 4822 2658 4876 vir
2687 4819 2879 4876 doctus
2923 4820 2997 4874 ait
3040 4819 3106 4875 ad
3132 4819 3499 4875 calamitatum
3554 4820 3863 4878 christiauis
3912 4837 3945 4877 a

2356 4915 2586 4971 Deorum
2611 4914 2908 4970 cultoribus
2934 4915 3290 4970 immissarum
3322 4916 3478 4985 plena
3509 4924 3750 4985 tempora
3781 4916 3946 4986 perti-

2353 5023 2655 5079 nere;qua:
2675 5017 2758 5064 est
2784 5006 2922 5063 levis
2955 5005 3195 5078 profecto
3211 5007 3541 5078 conjectura.
3581 5006 3713 5062 Nam
3753 5022 3802 5064 c.
3854 5009 3942 5063 16.

2352 5088 2475 5157 libri
2505 5100 2673 5155 nostri
2705 5141 2720 5168 ,
2771 5114 2929 5171 quem
2970 5100 3146 5155 locum
3191 5094 3280 5154 ille
3333 5108 3669 5157 antestatur:
3702 5108 3776 5154 est
3802 5100 3946 5156 nobis

2353 5194 2505 5249 etiam
2543 5193 2815 5248 secundum
2868 5193 3129 5247 lavacrum
3158 5232 3173 5259 ,
3225 5191 3490 5263 sanguinis
3533 5192 3767 5256 scilicet,
3799 5191 3948 5247 nullo

2358 5286 2519 5344 modo
2541 5297 2649 5343 tum
2674 5301 2912 5358 praesens
2936 5285 3226 5357 periculum
3256 5285 3512 5340 ostendit.
3544 5284 3698 5353 Quod
3731 5285 3773 5341 si
3795 5300 3945 5341 com-

2357 5388 2709 5445 memoratum
2739 5380 2899 5435 etiam
2919 5394 2946 5432 a
2974 5378 3286 5459 Tertulliano
3306 5376 3513 5441 fuisset,
3537 5392 3641 5433 non
3668 5385 3949 5448 propterea

2359 5473 2446 5528 hic
2472 5473 2607 5528 liber
2635 5470 2703 5526 ad
2727 5470 2930 5540 scripta
2970 5467 3206 5523 Montani
3261 5468 3535 5524 erroribus
3565 5467 3756 5524 referta
3784 5467 3947 5537 abjici

2361 5575 2579 5638 posset;
2616 5572 2739 5620 sunt
2765 5562 2905 5618 enim
2936 5561 3099 5616 multa
3131 5560 3445 5617 Tertulliani
3479 5561 3675 5633 scripta
3707 5561 3790 5631 (ut
3816 5559 3947 5617 diss.

2360 5655 2400 5716 l.
2428 5656 2799 5727 doeebamus),
2832 5654 3059 5725 aequalia
3085 5654 3167 5710 bis
3192 5652 3586 5710 calamitatibus
3607 5694 3621 5719 ,
3674 5658 3800 5709 ante
3828 5650 3952 5707 Ter-

2360 5751 2563 5808 tulliani
2591 5744 2944 5807 defectionem
2974 5745 3293 5817 composita.
3326 5745 3433 5801 Sed
3479 5760 3653 5817 neque
3701 5746 3816 5817 ipse
3857 5742 3950 5801 ille

2360 5843 2571 5902 dicendi
2617 5840 2807 5898 modus
2830 5880 2845 5907 ,
2900 5854 3005 5911 quo
3031 5838 3379 5894 Tertullianns
3405 5836 3672 5894 cruciatus
3716 5836 3951 5909 aliquem
