4238 6262
347 313 460 376 155

1209 318 1300 375 AC
1339 320 1682 381 DOCTRINA
1717 321 2161 387 SCRIPTOHUM
2195 331 2677 392 TERTULLIANI.

3550 347 3655 406 ιδι

350 433 688 490 Commentat.
721 432 787 486 de
818 430 1146 489 Montanistis
1185 451 1303 490 sazc.
1336 437 1392 491 2.
1422 440 1573 511 uulgo
1598 440 1803 496 creditis
1841 443 1952 497 hw-
1982 449 2033 508 Α
2065 447 2221 503 tiana:
2252 449 2508 507 Ecclesia:
2542 453 2906 512 sacerdotibus
2929 458 3183 529 repetitas
3213 461 3504 531 permissas
3535 479 3656 522 esse

355 527 550 591 reticis,
577 525 798 582 Gedani.
835 527 994 583 l75l.
1031 527 1059 599 §
1087 527 1217 600 l9.).
1273 531 1445 599 Quam
1479 534 1548 589 ob
1578 551 1690 590 rem
1721 551 1955 606 expona-

357 636 481 676 mus
509 630 718 692 oportet
760 620 912 686 illud,
945 621 1086 691 quod
1117 638 1214 676 nos
1241 635 1610 693 commoveat,
1645 637 1702 682 ut
1728 628 1795 684 de
1821 630 1958 684 libro

355 722 541 768 nostro
567 714 737 784 magis
765 714 820 769 in
851 713 1214 770 honestiorem
1234 757 1248 778 .
1293 733 1452 788 quam
1485 721 1718 790 pejorem
1750 732 1956 792 partem

354 805 812 876 pronuntiandum
860 821 982 862 esse
1028 811 1297 876 putemus.
1353 809 1519 879 llujus
1542 810 1726 880 judicii
1757 813 1952 882 duplex

365 908 454 954 est
482 913 692 975 caussa.
732 897 963 951 Primum
992 914 1112 954 cum
1142 901 1492 970 qumstionem
1525 912 1715 965 tractat
1743 905 1809 960 de
1853 905 1917 960 iis
1937 947 1953 971 ,

355 991 551 1062 quibus
574 990 663 1060 jus
709 992 780 1046 sit
811 992 1062 1062 baptismi
1090 993 1400 1051 conferendi
1434 995 1503 1066 (c.
1539 996 1649 1062 l7.)
1682 997 1824 1053 illam
1857 1014 1957 1069 po-

363 1092 615 1139 testatem
693 1100 947 1138 summum
1007 1085 1191 1140 habere
1247 1087 1322 1142 ait
1376 1089 1728 1153 sacerdotem,
1758 1091 1842 1160 qui
1887 1099 1958 1145 est

355 1174 670 1248 Episcapus,
701 1178 884 1231 dehinc
913 1177 1251 1250 Presbyteros
1277 1190 1324 1234 et
1351 1179 1631 1247 Diaconos,
1664 1199 1765 1237 non
1790 1193 1956 1239 tamen

355 1270 466 1324 sine
509 1269 754 1340 Episcopi
799 1272 1103 1326 auctoritate
1149 1283 1356 1342 prapter
1405 1274 1650 1329 Ecclesia
1680 1277 1953 1342 honorent.

357 1361 605 1428 Alioquin
625 1362 777 1415 etiam
798 1403 812 1428 ,
844 1363 1017 1434 pergit
1041 1405 1057 1430 ,
1099 1364 1244 1419 laicis
1263 1367 1355 1435 jus
1383 1377 1453 1420 est
1479 1408 1495 1432 ,
1543 1395 1614 1407 -—
1645 1369 1735 1422 sed
1761 1385 1874 1421 cum
1899 1381 1993 1423 ea'

354 1453 637 1525 majoribus
677 1464 1004 1523 competant,
1057 1472 1119 1509 ne
1159 1457 1253 1510 sibi
1279 1470 1539 1512 assumant
1579 1461 1800 1513 dicatum
1832 1459 1956 1530 Epi~

352 1546 521 1615 scopis
551 1545 766 1615 oﬁicium
809 1545 1354 1618 EpiscopatusUnde
1391 1550 1504 1604 bare
1533 1563 1953 1622 cntisetptuntur,

354 1635 730 1692 Tertullianum
767 1639 962 1692 librum
1015 1649 1256 1695 nostrum
1299 1642 1580 1711 scripsisse
1630 1643 1776 1711 tum,
1832 1660 1956 1699 cum

362 1740 667 1784 versaretur
695 1731 743 1782 in
768 1730 950 1800 aliquo
966 1742 1107 1786 coetu
1130 1745 1304 1797 sacro,
1325 1735 1414 1804 qui
1431 1743 1483 1788 et
1499 1734 1791 1806 Episcopos
1809 1751 1957 1790 smn-

2063 541 2272 609 nuptias
2301 541 2648 601 Tertullianus
2687 545 2912 603 dixisset
2938 590 2963 623 δ
2997 566 3167 620 neque
3196 552 3314 608 illas
3343 555 3417 609 ait
3456 558 3654 627 suscipi

2061 647 2089 686 a
2133 634 2280 690 laicis
2314 636 2534 702 debere,
2567 640 2816 708 quoniam
2843 650 2896 696 et
2922 643 3020 710 ipsi
3048 644 3358 701 sacerdotes
3386 663 3414 698 a
3435 646 3651 706 Christo

2061 728 2335 782 constituti
2378 731 2634 794 fuissent,
2677 749 2844 803 quare
2887 734 2958 789 illi
2987 735 3147 790 etiam
3177 735 3427 804 o/j'erendi
3456 739 3654 810 tingen-

2059 817 2211 888 dique
2243 819 2481 875 haberent
2511 833 2805 893 potestatem
2832 836 2878 879 et
2907 828 3189 882 sacerdotes
3219 828 3314 882 sibi
3343 829 3437 884 soli
3467 842 3650 888 essent.

2060 911 2212 979 Quod
2249 917 2456 970 tametsi
2484 931 2588 970 non
2617 918 2758 974 dicat
2790 921 2903 974 tieri
2933 919 3160 988 debere,
3195 924 3294 977 nisi
3337 922 3419 976 ubi
3457 941 3560 979 non
3591 927 3654 979 sit

2059 1010 2384 1064 ecclesiastici
2413 1013 2607 1068 ordinis
2647 1031 2909 1070 consessus
2933 1057 2948 1082 ,
2997 1025 3173 1071 tamen
3212 1033 3386 1088 neque
3417 1018 3649 1073 mentio-

2063 1118 2186 1158 nem
2217 1105 2554 1160 auctoritatis
2593 1099 2975 1179 Episcoporum
3008 1109 3089 1164 vel
3118 1120 3436 1168 creterornm
3467 1112 3653 1167 docto-

2064 1211 2185 1252 rum
2219 1197 2551 1266 publicorum
2580 1200 2746 1270 injicit
2766 1243 2780 1266 ,
2814 1211 2867 1255 ut
2894 1201 2952 1256 lit
2979 1203 3030 1256 in
3060 1215 3242 1258 nostro
3273 1204 3409 1259 libro
3431 1247 3447 1271 ,
3479 1221 3654 1275 neque

2063 1288 2198 1344 hanc
2223 1290 2479 1345 laicornm
2515 1303 2832 1361 potestatem
2878 1311 2942 1350 ex
2974 1295 3272 1351 officiorum
3299 1298 3542 1367 jurisque
3571 1300 3652 1353 vi-

2061 1382 2395 1445 cissitudine,
2438 1393 2495 1437 ut
2525 1384 2736 1455 hic“),
2761 1386 2996 1453 deducit,
3035 1389 3127 1442 sed
3160 1390 3312 1457 plane
3338 1406 3401 1443 ex
3426 1391 3652 1466 ugstico

2058 1477 2296 1530 omnium
2329 1476 2741 1532 Christianorum
2781 1480 3084 1536 sacerdotio
3110 1497 3124 1545 ;
3154 1483 3295 1537 unde
3324 1499 3510 1552 magna
3536 1523 3551 1549 ,
3587 1483 3642 1537 ni

2059 1559 2388 1630 lallor,duci
2418 1571 2652 1638 suspicio
2697 1579 2892 1640 potest,
2925 1572 3082 1626 aliam
3135 1574 3288 1641 plane
3315 1574 3650 1643 disciplinam

2061 1659 2368 1715 Tertulliani
2394 1661 2721 1724 ,‘scribentis
2751 1662 2849 1718 hos
2864 1664 3138 1718 erroribus
3166 1664 3401 1719 Montani
3430 1665 3652 1721 infectos

2062 1751 2226 1806 libros
2284 1752 2465 1816 fuisse,
2500 1769 2656 1821 quam
2689 1754 2803 1821 ejus
2829 1795 2842 1819 ,
2876 1769 2997 1808 cum
3038 1756 3276 1809 animum
3309 1755 3374 1808 ad
3408 1767 3650 1811 nostrum

352 1834 481 1917 ξηοξ
504 1834 624 1875 esse
677 1822 898 1917 Ρυυξδδι
948 1837 1124 1877 rerum
1153 1839 1426 1917 53°"!er
1469 1826 1872 1894 ιιιυάθνθῑθΐθει
1903 1837 1957 1883 ει
1985 1823 2032 1882 Β
2061 1844 2401 1900 scribendum
2434 1844 2764 1915 adjungeret.
2796 1848 2967 1916 Atque
2994 1856 3051 1901 ut
3092 1847 3216 1900 illttd
3261 1850 3431 1917 magis
3459 1848 3652 1903 conﬁr-

358 1911 511 1966 laicis
539 1927 643 1967 non
692 1913 794 1967 nisi
822 1928 1029 1966 summa
1063 1915 1115 1968 in
1143 1916 1464 1971 necessitate
1491 1919 1824 1972 verSantibus
1862 1920 1948 1985 jus

352 2003 686 2058 concedebat
725 2003 958 2073 aliquem
1003 2020 1160 2059 sacro
1191 2005 1404 2062 lavacro
1445 2008 1722 2064 abluendi.
1752 2009 1859 2064 Sed
1896 2011 1952 2066 in

355 2095 804 2151 Ilontanistarum
831 2097 1220 2153 conventiculis
1251 2099 1406 2170 longe
1451 2100 1553 2154 alia
1585 2101 1797 2157 videtur
1824 2118 1955 2156 con-

356 2187 591 2242 suetudo
626 2187 944 2244 obtinuisse.
975 2188 1105 2243 Nam
1155 2192 1254 2245 etsi
1285 2207 1389 2246 non
1423 2207 1612 2263 negem
1639 2235 1653 2258 ,
1689 2193 1751 2248 iis
1791 2194 1951 2250 etiam

355 2293 492 2334 suos
517 2289 568 2334 et
600 2280 939 2352 Presbyteros
966 2281 1129 2337 fuisse
1157 2293 1212 2338 et
1244 2283 1508 2340 Diaconos
1538 2327 1552 2350 ,
1587 2297 1762 2361 tamen
1792 2288 1953 2342 alium

354 2372 413 2427 in
445 2388 626 2428 eorum
650 2373 957 2429 doctoribus
981 2376 1308 2431 collocandis
1341 2378 1586 2433 ordinem
1609 2377 1952 2436 observatum

349 2463 538 2530 fuisse,
567 2466 716 2520 testis
747 2475 829 2522 est
857 2465 1204 2538 Hieronymus
1247 2467 1508 2538 (Epistola
1533 2470 1600 2523 ad
1631 2469 1951 2538 Marcellam,

347 2572 462 2626 qua:
489 2568 562 2609 est
607 2555 701 2609 27.
734 2557 855 2610 edit.
885 2557 972 2612 Jo.
1005 2558 1296 2613 Martianzei
1329 2601 1344 2626 ,
1389 2570 1518 2615 tom.
1550 2561 1638 2615 ιν.
1680 2573 1817 2633 part.
1881 2563 1946 2623 ll.

349 2663 400 2718 p.
432 2648 551 2720 65.)
583 2666 596 2701 :
628 2649 721 2719 qui
784 2653 922 2721 apud
966 2668 1057 2705 nos
1079 2693 1094 2716 ,
1121 2652 1328 2722 inquit,
1380 2655 1743 2725 Apostolorum
1787 2657 1954 2712 locum

346 2739 596 2811 Episcopi
631 2753 844 2810 tenent,
874 2746 1014 2813 apud
1041 2761 1125 2799 eos
1168 2745 1453 2816 Episcopus
1498 2748 1672 2803 tertius
1715 2760 1809 2803 est.
1840 2749 1955 2804 Ha-

327 2833 460 2887 .bent
485 2835 621 2888 enim
673 2837 867 2903 primos
914 2836 982 2889 de
1033 2835 1242 2907 Pepuza
1286 2837 1658 2906 Patriarchas,
1707 2842 1952 2896 secundos

342 2922 472 2993 quos
485 2927 751 2995 appellant
777 2927 1025 2991 Cenonas,
1041 2939 1192 2997 atque
1220 2930 1292 2982 ita
1321 2931 1374 2983 in
1401 2931 1624 2997 tertium,
1650 2933 1685 2985 i.
1713 2949 1786 2997 e.,
1813 2949 1943 3003 pene

355 3016 591 3070 ultimum
619 3018 785 3072 locum
814 3017 1056 3090 Episcopi
1083 3022 1432 3078 devolvuntur.
1450 3025 1618 3091 Quam
1642 3025 1684 3078 si
1714 3027 1830 3094 quis
1861 3026 1944 3080 di-

341 3125 469 3166 cere
511 3112 642 3167 velit
682 3113 1126 3169 consuetudinem
1163 3115 1608 3172 Montauistarum
1657 3119 1725 3172 ab
1758 3118 1947 3174 Hiero-

2059 1952 2198 1991 mem
2243 1952 2534 2006 proponam
2553 1936 2638 1992 hic
2659 1938 2888 2008 aliquam
2917 1938 3281 2008 conjecturam
3311 1955 3506 2007 meam,
3544 1958 3650 1996 non

2057 2028 2207 2097 quasi
2239 2030 2351 2099 ipse
2393 2044 2477 2083 me
2505 2039 2746 2099 putarem
2777 2045 2961 2084 errare
3007 2031 3058 2084 in
3088 2047 3149 2089 ea
3193 2048 3297 2085 non
3331 2046 3486 2102 posse
3511 2073 3526 2100 ,
3556 2031 3652 2088 sed

2058 2129 2114 2172 ut
2157 2118 2377 2174 oll‘eram
2444 2121 2506 2175 iis
2575 2136 2802 2190 quorum
2847 2121 2943 2177 hac
2973 2122 3038 2176 de
3069 2139 3125 2178 re
3153 2133 3328 2192 potest
3358 2138 3477 2178 esse
3511 2124 3654 2193 judi-

2056 2211 2197 2265 cium
2224 2252 2237 2272 .
2263 2212 2403 2281 quod
2435 2211 2669 2276 videant,
2702 2215 2942 2269 valeatne
2992 2215 3279 2284 quidquam
3311 2215 3377 2269 ad
3407 2229 3650 2270 caussam

2057 2315 2293 2359 nostram
2320 2305 2443 2359 viris
2465 2305 2640 2360 doetis
2671 2306 3024 2376 probandam.
3103 2306 3305 2378 Nempe
3329 2323 3379 2362 c.
3413 2308 3500 2362 l7.
3529 2308 3650 2363 libri

2058 2399 2224 2452 nostri
2256 2397 2493 2453 coufutat
2532 2398 2881 2456 Tertullianus
2911 2413 3283 2472 argumentum
3312 2402 3462 2469 illud,
3483 2403 3647 2474 quod,

2057 2489 2371 2560 quibuscum
2419 2491 2701 2561 pugnabat.
2733 2492 2976 2548 homines
3018 2494 3263 2548 solebant
3286 2511 3350 2549 ex
3374 2498 3508 2550 actis
3531 2496 3654 2565 qui-

2057 2582 2281 2637 busdam
2319 2581 2472 2636 Pauli
2497 2599 2731 2650 sumere,
2765 2593 2822 2639 ut
2853 2586 3060 2640 l'eminis
3092 2596 3407 2655 potestatem
3441 2587 3652 2656 publice

2055 2673 2279 2728 docendi
2305 2674 2654 2730 vindicarent.
2678 2675 2801 2730 llaec
2831 2691 2930 2747 ego
2965 2677 3118 2731 I’auli
3149 2678 3279 2732 Acta
3307 2679 3374 2746 si,
3404 2694 3649 2749 qua-nam

2056 2764 2253 2821 fuerint
2280 2783 2545 2836 quemque
2575 2771 2846 2823 anotnt’em
2887 2767 3206 2834 habuerint,
3238 2770 3524 2826 ostendere
3559 2787 3654 2841 po-

2057 2869 2208 2914 tuero
2232 2902 2247 2926 ,
2288 2848 2398 2914 tum
2428 2860 2554 2914 mihi
2585 2860 2799 2930 quidem
2845 2859 3195 2916 Tertullianus
3226 2861 3310 2916 vix
3353 2863 3560 2918 videtur
3589 2879 3649 2918 ca

2054 2965 2308 3019 Spei-nere
2347 2953 2586 3023 patuisse
2610 2993 2624 3018 ,
2656 2954 2700 3006 si
2732 2954 2868 3007 hunc
2915 2953 2984 3008 de
3017 2955 3281 3024 baptismo
3311 2955 3502 3008 librum
3539 2955 3648 3024 jam

2052 3045 2353 3114 disciplina:
2383 3045 2823 3100 MOatanistarum
2852 3045 3068 3101 deditus
3111 3047 3440 3116 scripsisset.
3475 3048 3650 3114 Atque

2058 3136 2170 3189 lucc
2211 3150 2311 3204 ego
2356 3136 2484 3189 Acta
2517 3151 2578 3189 ea
2609 3135 2772 3188 fuisse
2816 3139 3078 3203 susmcor,
3113 3151 3231 3202 qua:
3270 3135 3410 3204 apud
3443 3145 3651 3190 veteres

345 3219 502 3272 ngam
528 3203 708 3257 (ictam
763 3201 925 3267 esse',
957 3205 1038 3259 vel
1070 3205 1374 3261 Tertulliani
1412 3225 1530 3262 aevo
1572 3210 1948 3277 recentiorem,

2057 3227 2155 3281 sub
2184 3225 2402 3280 nomine
2439 3227 2685 3280 Actorum
2713 3225 2866 3278 Pauli
2897 3236 2944 3278 et
2983 3224 3186 3280 Thech
3207 3226 3477 3290 exstitisse
3501 3227 3651 3281 novi-

346 3309 525 3363 neque
555 3295 680 3364 quid
711 3311 928 3353 movere
960 3296 1330 3369 Hieronymum
1377 3302 1636 3368 potuisset
1687 3301 1864 3366 video,
1895 3312 1952 3357 ut

351 3384 482 3438 talia
511 3384 763 3454 lingeret,
805 3403 926 3456 quin
978 3404 1172 3458 magno
1212 3389 1422 3443 crimini
1451 3389 1567 3445 dari
1609 3389 1952 3448 Montanistis

353 3491 472 3529 non
505 3484 772 3545 poterant,
815 3496 992 3549 neque
1017 3480 1273 3536 abhorret
1312 3481 1491 3550 aliquo
1523 3482 1703 3548 modo,
1731 3477 1819 3550 qui
1849 3481 1949 3553 ipsi

346 3582 414 3622 se
443 3567 554 3622 suis
586 3569 661 3624 vel
687 3570 944 3625 doctrinis
971 3573 1050 3625 vel
1085 3572 1340 3626 institutis
1360 3588 1388 3625 a
1411 3575 1680 3628 communi
1709 3575 1947 3631 Ecclesia

346 3661 699 3728 sejunxerant
725 3704 740 3728 ,
773 3678 868 3718 eos
894 3663 1055 3718 etiam
1085 3664 1331 3719 ordinem
1372 3666 1712 3720 sacerdotum
1760 3667 1947 3723 diver-

343 3767 469 3808 sum
500 3769 528 3807 a
556 3757 827 3812 commtmi
851 3756 1236 3811 consuetudine
1252 3759 1620 3823 constituisse,
1649 3761 1946 3826 praesertim

339 3859 467 3899 eum
501 3847 612 3914 jam
656 3849 770 3917 ipse
802 3848 1076 3903 Montanus
1106 3847 1369 3920 Pepuzam
1410 3850 1652 3922 Phrygue
1690 3854 1945 3923 oppidum

341 3936 780 4010 HierOsolytnam
805 3941 1128 4009 appellassbt
1159 3939 1246 4011 (ν.
1269 3940 1478 3996 Eusebii
1505 3942 1644 4016 Hist.
1670 3943 1946 3997 Ecclesias-

337 4029 533 4094 ticam,
567 4029 658 4084 lib.
679 4029 744 4084 ν.
775 4045 821 4084 c.
850 4032 936 4086 18.
1036 4033 1211 4101 Atque
1239 4049 1364 4088 ecce
1428 4035 1554 4087 mihi
1605 4044 1862 4104 quantum
1895 4037 1946 4089 in

339 4129 532 4174 nostro
551 4120 732 4174 libello
756 4122 1013 4176 lmnorem
1037 4123 1316 4193 Episcopis
1338 4133 1562 4188 asserat,
1587 4139 1708 4179 cum
1729 4141 1945 4181 onmem

340 4215 583 4285 tingendi
611 4230 748 4285 aqua
775 4231 925 4270 sacra
951 4226 1272 4286 potestatem
1303 4217 1372 4272 ab
1401 4216 1464 4270 iis
1492 4215 1718 4273 deducat
1743 4259 1756 4281 ,
1787 4229 1841 4272 et
1873 4219 1950 4287 ip-

341 4308 460 4362 sius
491 4306 744 4362 Ecclesia:
763 4312 1020 4363 honorem
1043 4325 1164 4363 eum
1185 4310 1373 4363 horum
1405 4309 1667 4380 dignitate
1688 4312 1949 4380 conjunc-

345 4399 616 4454 tissimum
656 4399 846 4453 tradat.
883 4399 986 4454 Sed
1015 4401 1064 4453 in
1093 4400 1224 4454 libro
1247 4401 1314 4455 de
1342 4399 1620 4466 Pudicitia,
1651 4411 1756 4455 tam
1789 4401 1947 4456 vehe-

344 4491 517 4546 menti
560 4493 654 4547 illo
703 4493 754 4546 in
795 4493 1239 4547 consuetudinem
1286 4493 1599 4548 orthodoxa:
1649 4494 1902 4550 Ecclesize
1929 4533 1946 4560 ,

349 4600 509 4654 quam
537 4585 1275 4658 Salse.obsecro,perstringit
1305 4590 1376 4656 (c.
1407 4588 1482 4656 l.)
1518 4585 1821 4656 Ponti/ieeur
1847 4589 1946 4642 sci-

350 4677 469 4731 licet
519 4679 796 4731 maximum
847 4677 1260 4750 EpiscOpumque
1290 4679 1689 4749 Episwporum,
1737 4682 1947 4751 ejusque

347 4771 574 4823 edictum
603 4771 1023 4840 peremptorium!
1050 4788 1208 4839 qnam
1239 4771 1366 4825 nihil
1393 4773 1484 4824 dat
1513 4780 1662 4826 tanto
1714 4773 1825 4828 viro
1847 4815 1860 4838 ,
1890 4781 1948 4828 ut

347 4864 424 4917 ait
454 4862 564 4928 hic,
589 4878 618 4916 a
639 4878 747 4933 quo
771 4863 998 4933 dignitas
1021 4863 1282 4918 Ecclesia:
1315 4863 1581 4932 pendebat
1605 4865 1619 4917 !
1651 4866 1728 4918 Ac
1759 4865 1802 4918 si
1825 4869 1946 4934 quis

347 4963 537 5024 putat,
568 4954 708 5024 quod
736 4970 836 5024 ego
858 4969 961 5008 non
984 4953 1241 5021 diﬂiteor,
1269 4953 1645 5009 Tertttltianum
1670 4956 1721 5009 in
1757 4955 1851 5011 illo
1879 4956 1944 5010 li-

346 5046 449 5101 bro
492 5061 739 5116 magnam
788 5047 949 5101 animi
996 5048 1380 5116 permotionem
1434 5047 1502 5102 ad
1531 5062 1774 5102 caussam
1801 5059 1943 5103 altu.

347 5138 509 5202 lisse,
557 5139 726 5194 alium
767 5139 904 5193 dabo
939 5154 970 5194 e
1009 5140 1146 5195 libro
1186 5143 1250 5194 de
1285 5139 1654 5195 Exhortatione
1695 5144 1945 5197 castitatis

349 5229 494 5284 haud
523 5231 684 5287 dubie
713 5231 1085 5287 Montanistico
1106 5231 1305 5299 locum,
1352 5235 1442 5303 qui
1465 5233 1622 5305 longe
1662 5235 1940 5305 majorem,

355 5333 411 5379 ut
443 5324 572 5378 mihi
599 5324 825 5392 vidtur,
856 5325 1004 5380 laicis
1036 5325 1220 5380 tribuit
1248 5325 1494 5396 baptismi
1529 5326 1840 5383 conferendi
1873 5329 1944 5384 li-

355 5419 620 5481 centiam,
649 5435 807 5489 quam
848 5435 964 5474 eam
990 5460 1005 5484 ,
1039 5421 1252 5489 qualem
1292 5431 1476 5475 nostro
1509 5421 1561 5474 in
1593 5421 1730 5476 libro
1757 5421 1944 5477 delen-

359 5510 553 5577 derat,
585 5520 639 5565 ut
674 5511 783 5580 jam
815 5510 970 5566 video
1002 5528 1250 5582 magnum
1278 5513 1449 5568 virum
1477 5554 1491 5578 ,
1535 5529 1692 5584 quem
1723 5513 1944 5569 honoris

361 5615 547 5655 caussa
593 5617 840 5673 nuncupo
871 5645 886 5670 ,
933 5601 1139 5660 Iustum
1220 5603 1560 5677 Henningium
1622 5604 1943 5662 Bne/nuerunt

359 5702 514 5748 acute
544 5696 812 5750 monuisse
844 5694 1024 5766 (Diss.
1059 5696 1148 5753 ΙΧ.
1199 5695 1344 5750 Juris
1386 5697 1678 5754 Ecclesiast.
1713 5702 1939 5770 antiqui,

368 5783 398 5858 ξ
428 5783 528 5854 5.).
576 5783 672 5845 Ubi
693 5802 813 5846 cum
835 5804 1009 5864 neque
1029 5787 1396 5849 sacerdotibus
1411 5790 1472 5847 Υ.
1490 5791 1554 5850 Τ.
1575 5807 1749 5869 neque
1771 5791 1941 5852 cinis-

2053 3333 2191 3386 mus,
2226 3335 2334 3373 non
2365 3319 2579 3388 quidem
2607 3334 2673 3373 eo
2696 3318 2876 3371 habitu
2904 3334 2968 3374 ac
2997 3317 3190 3381 forma,
3216 3320 3426 3388 qualem
3455 3317 3652 3373 habent

2053 3412 2195 3466 edita
2228 3411 2373 3464 illa-a
2405 3410 2493 3464 Jo.
2531 3408 2744 3464 Eruesto
2769 3409 2957 3464 Grabio
2988 3409 3095 3480 (In
3123 3409 3383 3479 spicilegio
3406 3409 3514 3464 SS.
3539 3409 3651 3464 Pu-

2051 3511 2184 3558 trum
2209 3515 2255 3558 et
2286 3503 2673 3568 Ilwreticorum,
2706 3513 2835 3556 tom.
2870 3502 2908 3556 Ι.
2938 3517 3044 3557 sec.
3077 3503 3123 3557 ί.
3158 3519 3208 3572 p.
3233 3502 3322 3558 95.
3349 3503 3478 3573 δεμ),
3515 3513 3642 3558 sunt

2051 3599 2198 3654 enim
2231 3597 2346 3653 haec
2373 3597 2509 3652 haud
2545 3597 2704 3650 dubie
2733 3596 3063 3667 temporibus
3093 3594 3477 3666 prodeuntibus
3499 3595 3648 3650 adul-

2053 3701 2260 3747 tl-rata:
2309 3690 2402 3745 sed
2453 3698 2580 3744 sunt
2625 3689 2674 3742 in
2723 3689 2830 3743 illis
2870 3700 3046 3743 tamen
3085 3686 3355 3742 Grabianis
3401 3686 3648 3759 quiedam

2051 3784 2199 3854 quasi
2231 3797 2381 3838 vena:
2408 3791 2498 3836 aut
2545 3781 2841 3848 fragmenta
2881 3796 3067 3836 eorum
3115 3778 3316 3834 Theclw
3367 3782 3645 3844 Actorum,

2051 3891 2170 3944 qua:
2201 3875 2469 3930 veteribus
2498 3875 2769 3929 celebrata
2802 3877 3034 3934 luerunt,
3060 3873 3218 3928 veluti
3257 3891 3307 3940 p.
3344 3872 3464 3927 “5.
3497 3871 3540 3925 is
3573 3873 3651 3925 lo-

2051 3982 2166 4034 cus,
2199 3969 2282 4023 ubi
2315 3967 2510 4022 Paulus
2537 3966 2735 4021 Thecla:
2759 3977 3072 4036 potestatem
3096 3967 3318 4037 imponit
3351 3965 3660 4021 doctrinam
3690 3954 3692 3956 ’

2051 4058 2246 4114 Christi
2288 4059 2408 4113 aliis
2439 4059 2649 4128 publice
2680 4058 2944 4113 tradendi.
2977 4059 3108 4126 Quae
3147 4059 3260 4128 ipsa
3289 4073 3396 4124 res,
3436 4059 3644 4126 opinor,

2025 4152 2304 4213 'ostendit.
2331 4151 2705 4206 Tertullianum
2735 4153 2786 4206 in
2816 4153 2933 4207 loco
2957 4153 3188 4205 CXCllalt)
3219 4151 3334 4206 hinc
3359 4152 3486 4204 Acta
3517 4149 3650 4205 Thc-

2049 4245 2144 4298 σιω
2173 4244 2426 4300 habuisse
2453 4245 2524 4299 ob
2549 4245 2736 4299 oculos
2782 4246 2952 4315 posita
2986 4255 3286 4316 propterea,
3320 4246 3461 4317 quod
3501 4261 3651 4301 men-

2053 4340 2250 4393 tionem
2295 4337 2459 4407 injicit
2510 4338 2692 4407 seripti
2734 4337 3010 4408 cujusdam
3066 4339 3455 4411 commentitii,
3506 4338 3649 4409 quod

2051 4427 2209 4482 Pauli
2243 4428 2462 4498 apostoli
2510 4445 2702 4483 nomen
2737 4430 3114 4495 mentiebatur,
3159 4430 3210 4483 in
3243 4445 3350 4499 quo
3382 4445 3648 4486 .couccs~a

1973 4561 2024 4619 D
2053 4531 2166 4574 erat
2209 4518 2426 4574 fetuinis
2474 4521 2589 4575 ha—c
2620 4522 2844 4576 docendi
2894 4522 3143 4588 licentia;
3179 4523 3228 4576 id
3283 4523 3423 4592 quod
3477 4523 3648 4589 magis

2053 4624 2234 4681 postea
2281 4613 2747 4669 Conﬁrmabimtts.
2794 4615 2899 4671 Sed
2937 4617 2981 4669 si
3039 4625 3310 4685 quwratur
3340 4614 3459 4682 quis
3491 4612 3650 4668 fuerit

2051 4707 2096 4760 is
2143 4708 2234 4777 qui
2283 4707 2382 4761 sub
2419 4707 2576 4762 Pauli
2623 4709 2843 4777 apostoli
2892 4709 3107 4764 nomine
3133 4708 3346 4762 {luxerit
3375 4709 3489 4760 lucc
3530 4721 3646 4761 acta

2049 4800 2228 4864 Spuria
2254 4838 2268 4862 ,
2311 4809 2419 4855 ttnn
2457 4815 2556 4870 ego
2583 4801 2760 4856 nullus
2802 4800 2988 4855 dubito
3015 4799 3258 4852 Leucium
3309 4798 3643 4864 ha'relicum,

2049 4906 2209 4960 quem
2231 4891 2384 4962 vulgo
2401 4891 2750 4947 Manichzeum
2775 4908 2878 4946 non
2899 4903 3045 4947 recte
3063 4901 3266 4961 putant.
3284 4889 3476 4946 horum
3494 4892 3652 4946 Arte-

2051 5003 2206 5052 rum,
2248 5007 2364 5060 quae
2397 4989 2744 5044 Tertullianus
2772 4988 2971 5054 affert,
3004 4989 3328 5058 scriptorem
3375 4988 3645 5044 extitisse.

2048 5079 2168 5134 Cur.
2203 5083 2273 5136 ita
2303 5098 2552 5138 censeam
2582 5083 2817 5138 breviter
2846 5081 3226 5152 exponendum
3262 5082 3492 5138 videtur.
3525 5080 3648 5132 l’ri-

2049 5188 2186 5224 mum
2225 5174 2402 5242 negari
2455 5191 2560 5228 non
2597 5182 2774 5244 potest
2799 5172 3043 5228 Leucium
3075 5183 3130 5228 ut
3159 5174 3384 5229 aliorum
3410 5174 3646 5240 Aposto-

2048 5264 2222 5320 lonuu
2248 5306 2262 5328 .
2300 5268 2379 5321 sic
2405 5268 2566 5321 etiam
2602 5268 2754 5321 l’attli
2782 5267 3031 5338 qmedatn
3068 5269 3196 5322 Acta
3226 5265 3469 5330 ﬁnxisse,
3502 5263 3648 5334 quod

2049 5356 2266 5411 Photius
2285 5366 2508 5412 testatur
2530 5358 2620 5429 (In
2641 5357 2971 5421 Bibliotheca,
2996 5358 3199 5414 sect.”
3224 5359 3265 5410 ι.
3284 5373 3336 5426 p.
3368 5371 3440 5411 m.
3473 5355 3642 5427 156.),

2047 5451 2136 5520 qui
2171 5450 2292 5504 talia
2320 5451 2516 5520 sat-pius
2546 5461 2884 5507 tractaverat.
2920 5449 3117 5506 Deinde
3138 5449 3502 5504 Leuciumnon
3533 5449 3652 5504 Ma-

2050 5543 2380 5598 niclneorum
2413 5583 2428 5608 ,
2464 5543 2557 5597 sed
2590 5545 2906 5600 Docetarum
2939 5543 3024 5599 vel
3054 5542 3446 5598 Encratitarum
3483 5541 3649 5596 disci-

2111 5678 2181 5743 (l)
2206 5679 2284 5754 lla.
2301 5680 2430 5754 enim
2453 5680 2517 5731 de
2542 5681 2798 5754 baptismo,
2816 5694 2860 5730 c.
2890 5682 2964 5733 l6.
2983 5679 3138 5754 Laicis
3154 5681 3306 5754 etiam
3319 5681 3401 5742 jus
3425 5685 3501 5729 est
3524 5679 3647 5754 bapj

2044 5741 2239 5860 tisiuu‘m
2257 5742 2398 5793 dandi
2419 5757 2433 5805 ;
2451 5745 2580 5809 quod
2605 5741 2735 5795 enim
2761 5757 2822 5798 es
2850 5757 2993 5811 aequo
3017 5744 3267 5812 accipitur,
3292 5741 3354 5793 ex
3382 5755 3522 5812 aequo
3544 5741 3648 5799 dari

2044 5817 2105 5873 po
2209 5841 2220 5858 .
