4242 6264
594 296 702 361 135

1662 277 2115 347 DISSERTATIO
2148 274 2244 338 DE
2275 269 2464 338 m3
2502 272 2762 335 IETATE

3772 272 3879 332 {56

594 420 757 494 plina
785 413 1023 476 deditum
1074 408 1260 479 fuisse,
1279 404 1544 482 praeclare
1573 402 1826 494 probavit
1847 400 1932 494 vir
1975 396 2188 494 egregie
2212 395 2267 459 Α
2289 406 2511 494 nensem
2539 406 2676 494 saec._
2692 390 2785 494 1V.
2812 386 3128 494 qui-(liipist.
3154 387 3208 445 Ι.
3230 389 3298 494 ad
3314 387 3753 494 sunt-promouit»:
3770 384 3886 494 Nos

596 491 788 570 doctus
858 506 1195 577 maximeque
1250 504 1468 560 limatus
1531 499 1752 554 Isaacus
1796 491 2185 560 Bellosobrius,

601 602 952 679 (Beausobre,
985 599 1192 654 histoire
1238 595 1449 667 critique
1487 592 1551 648 de
1578 590 1848 647 Manichee
1894 597 1941 644 et
1971 586 2042 642 du
2072 585 2189 641 Ma-

601 697 875 754 nicheisme
897 735 911 759 ,
953 693 1045 749 lib.
1076 692 1142 747 ll.
1188 706 1239 748 c.
1269 689 1329 747 2.
1365 688 1472 762 §2.
1534 686 1644 760 sq.)
1679 699 1905 758 quorum
1947 681 2190 754 capitalis

595 806 748 849 error
773 788 1149 847 continebatur
1173 788 1230 843 in
1255 782 1662 842 contemnendis
1689 780 1889 852 nuptiis
1915 796 1930 848 ;
1956 776 2192 835 etActo-

598 901 716 942 rum
749 884 1130 941 universorum
1161 879 1321 935 Pauli
1373 886 1419 935 et
1448 877 1653 933 Tltech
1704 876 1790 932 hic
1820 864 2088 942 finisest,
2134 880 2194 928 ut

595 979 763 1035 vitam
793 979 909 1034 sine
950 976 1148 1047 nuptiis
1177 974 1404 1031 summis
1447 972 1695 1029 laudibus
1730 969 1952 1027 eﬁ'erant
1977 1010 1993 1036 ,
2023 968 2189 1023 multa

599 1070 730 1127 item
774 1079 901 1125 sunt
927 1068 1029 1123 alia
1059 1066 1162 1123 sub
1188 1065 1568 1137 Apostolorum
1606 1063 1825 1119 nomine
1848 1076 1879 1116 ει
1906 1060 2096 1116 Leucio
2123 1059 2191 1129 ad

600 1162 753 1217 illum
784 1173 1022 1216 errorem
1048 1172 1143 1230 per
1179 1159 1347 1228 ipsam
1379 1152 1761 1227 Apostolorum
1802 1153 2102 1209 doctrinam
2137 1159 2193 1206 et

600 1267 755 1309 usum
782 1250 1217 1309 conﬁrmandum
1237 1248 1675 1306 contieta.-Porro
1702 1246 1886 1302 multis
1908 1258 2193 1316 argumen-

601 1344 669 1400 tis
700 1342 1060 1410 Bellosobrius,
1096 1342 1131 1398 l.
1167 1356 1243 1407 e.,
1276 1341 1480 1405 docuit,
1513 1335 1757 1395 Leucittm
1798 1339 1909 1410 jam
1958 1348 2087 1395 sae.
2121 1333 2187 1390 Il.

599 1436 893 1501 exstitisse,
925 1444 977 1490 et
1018 1433 1350 1505 Epiphanius
1376 1432 1394 1504 (
1422 1431 1564 1487 Hier.
1595 1431 1680 1486 LI.
1715 1429 1767 1486 6.
1796 1446 1850 1502 p.
1881 1429 2037 1500 427.)
2062 1427 2194 1482 Leu-

603 1529 737 1583 cium
764 1526 1065 1582 clarissime
1087 1525 1319 1595 appellat
1342 1523 1563 1593 Joannis
1600 1521 1820 1594 apostoli
1844 1520 2190 1591 discipulum.

599 1610 787 1688 itaque
837 1625 891 1673 et
944 1626 1187 1686 tempore
1214 1614 1521 1669 Tertulliani
1569 1611 2032 1669 exstiteruntbtec
2062 1610 2193 1665 Acta

603 1709 779 1777 Pauli,
812 1723 931 1780 quze
975 1706 1218 1762 Leucium
1245 1717 1519 1762 auctorem
1555 1704 1809 1760 habuisse
1847 1703 2113 1768 diximus,
2140 1709 2196 1757 et

599 1809 684 1856 est
710 1799 998 1855 admodum
1042 1798 1333 1854 verisimile
1354 1838 1370 1866 ,
1403 1796 1774 1851 'I‘ertultianum
1818 1810 1923 1849 non
1950 1794 2054 1849 alia
2090 1794 2191 1849 nisi

600 1891 778 1947 Leucii
809 1893 943 1946 Acta
970 1890 1209 1947 indicare
1250 1890 1521 1955 voluisse;
1563 1903 1685 1943 nam
1724 1887 1914 1943 horum
1938 1889 2192 1942 Actorum

602 1985 928 2056 scriptorem
998 1984 1072 2041 ait
1122 1983 1287 2040 fuisse
1348 1982 1768 2055 Presbyterum,
1797 1982 1886 2052 qui
1913 1982 2115 2036 fraudis
2140 1981 2194 2035 in

602 2089 664 2130 ca
687 2090 749 2130 re
765 2074 1051 2131 convictus
1080 2075 1148 2132 de
1176 2076 1297 2131 loco
1324 2074 1504 2141 fuerit,
1530 2076 1585 2128 h.
1613 2088 1663 2130 e.
1694 2074 1762 2129 de
1791 2086 2016 2129 munere
2041 2086 2195 2128 sacro

600 2153 862 2237 dejecuis.
888 2166 983 2222 Cui
1012 2167 1057 2221 si
1083 2166 1205 2238 quis
1225 2164 1493 2223 addiderit
1523 2167 1893 2239 Hieronymum
1919 2166 2010 2241 (In
2038 2156 2192 2222 eatal.

600 2256 906 2327 scriptorum
944 2257 1151 2325 eecles.,
1177 2275 1227 2313 e.
1255 2259 1308 2312 7.
1333 2273 1384 2330 p.
1424 2258 1596 2331 104.),
1623 2260 1711 2330 qui
1732 2259 1926 2316 diserte
1944 2262 2038 2327 ait,
2066 2250 2197 2315 Ter-

605 2350 884 2405 tullianuut
929 2350 1131 2406 dixisse
1172 2350 1319 2408 hunc
1357 2352 1738 2426 Presbyterum
1777 2355 1917 2426 apud
1944 2353 2199 2412 Joannem

602 2445 906 2501 convictum
944 2452 1000 2500 et
1024 2454 1288 2501 remotum
1329 2462 1360 2503 a
1401 2462 1625 2505 munere
1654 2449 1869 2520 publico
1895 2448 2057 2506 fuisse
2073 2462 2198 2523 pro-

604 2549 723 2609 ptcr
739 2536 1377 2608 fraudem;commissam;
1399 2539 1638 2611 profecto
1661 2541 1863 2597 videbit
1881 2543 2196 2613 scriptorem

605 2631 866 2687 Actorum
912 2630 1068 2685 Pauli
1096 2638 1144 2686 et
1176 2630 1378 2686 Thecla:
1401 2633 1703 2706 auctoritati
1731 2634 1951 2690 Joannis
1978 2635 2203 2706 apostoli

602 2720 770 2777 fuisse
795 2721 1117 2791 subjectum,
1139 2722 1282 2793 quod
1306 2705 1412 2778 dici
1436 2723 1503 2779 de
1529 2722 1739 2791 Leucio,
1770 2733 1826 2780 ut
1843 2705 2199 2783 modorosten-

605 2812 678 2879 di,
712 2813 915 2884 Optime
938 2822 1135 2884 potest.
1158 2812 1387 2881 Denique
1402 2815 1534 2872 mihi
1565 2828 1962 2889 perapportuue
1985 2820 2196 2889 cecidit,

609 2914 662 2958 ut
683 2904 843 2976 hujus
873 2902 948 2961 rei
979 2906 1143 2961 etiam
1168 2907 1221 2961 in
1253 2906 1534 2963 Pliilaetrio
1556 2908 1661 2980 (De
1692 2909 2000 2980 Hamillus,
2024 2926 2073 2968 c.
2109 2912 2198 2973 55.

606 2998 736 3054 edit.
768 2998 997 3055 Fabricii
1028 3014 1081 3071 p.
1117 2999 1267 3071 lli.)
1294 3001 1527 3073 aliquam
1559 3002 2008 3074 signiﬁcationem
2042 3018 2199 3077 repe-

605 3091 769 3148 rirem
799 3092 850 3145 in
902 3090 1022 3147 loco
1046 3079 1152 3158 eo,
1197 3094 1288 3148 ubi
1330 3094 1399 3150 de
1444 3095 1659 3151 Seleuco
1702 3096 1955 3154 hrcretico
1979 3099 2202 3170 ejusque

606 3186 849 3244 doctrina
880 3188 1114 3244 disserit.
1147 3186 1352 3261 Nempe
1372 3189 1696 3248 conﬁtentur
1715 3206 1904 3249 omnes
1931 3193 2202 3250 Seleucum

609 3281 924 3339 haereticum
956 3280 1292 3339 et‘Leuciam
1344 3294 1587 3341 nostrum
1633 3266 1853 3344 eosdem
1902 3301 2045 3345 esse.
2083 3287 2203 3365 Jan;

608 3389 736 3431 ecce
762 3374 893 3430 mihi
920 3388 1123 3446 quaeso,
1151 3376 1279 3447 quid
1306 3376 1374 3433 de
1396 3377 1609 3433 Seleuco
1626 3380 1843 3450 suisque
1864 3378 2204 3438 Pliilastrius?

606 3465 874 3535 Buptisnto
898 3507 913 3533 ,
948 3469 1120 3539 inquit
1144 3510 1160 3537 ,
1215 3486 1316 3524 non
1366 3480 1575 3525 utuntur
1603 3481 1814 3543 propter
1836 3472 2037 3528 verbum
2064 3475 2158 3529 hoc
2182 3518 2197 3544 ,

607 3558 743 3629 quod
767 3559 896 3615 dixit
924 3560 1049 3615 Joa.
1077 3559 1314 3631 Baptista
1334 3578 1354 3617 :
1381 3560 1412 3616 l
1415 3579 1503 3634 pse
1520 3578 1607 3618 vos
1636 3562 1912 3634 baptizabit
1940 3566 1993 3620 in
2020 3566 2205 3637 spiritu

609 3661 656 3706 et
679 3650 815 3723 igne.
848 3650 991 3707 Nihil
1009 3652 1237 3709 similius
1254 3653 1358 3710 hoc
1376 3670 1496 3711 esse
1512 3663 1687 3726 potest
1703 3657 1914 3726 illorum
1933 3674 2201 3727 errorum,

609 3759 745 3814 quos
800 3743 1143 3800 Tertullianus
1213 3746 1266 3801 in
1323 3747 1460 3803 libro
1515 3748 1578 3803 de
1628 3746 1893 3821 Baptirmo
1941 3750 2199 3809 confutat.

608 3835 886 3909 Negabant
910 3838 1178 3904 haeretici,
1216 3840 1476 3898 adversus
1495 3856 1630 3915 quos
1658 3842 1729 3901 ibi
1755 3844 2021 3917 disputat,
2047 3860 2202 3904 sacro

615 3930 831 3986 lavacro
857 3931 1139 4002 tingendas
1165 3932 1488 3990 christianos
1510 3950 1651 4005 esse,
1677 3945 1837 4008 atque
1859 3940 1904 3995 is
1926 3940 2041 4010 ipse
2060 3939 2204 3998 dicta

505 4082 512 4091 ,
609 4020 833 4078 Joannis
850 4022 919 4079 de
944 4022 1211 4096 baptismo
1233 4041 1328 4097 per
1342 4029 1586 4099 spiritum
1607 4038 1661 4085 et
1676 4030 1852 4103 ignem
1864 4046 1974 4088 suae
1989 4043 2206 4090 senten-

612 4114 699 4169 tite
719 4115 987 4181 conciliat;
1010 4132 1194 4189 quare,
1226 4118 1353 4190 quid
1374 4128 1456 4176 est
1476 4121 1801 4192 probabilius
1826 4138 1986 4197 quam
2007 4127 2204 4184 adver-

610 4207 783 4263 sarios
801 4205 1103 4267 Tertulliani
1121 4226 1151 4267 a
1174 4216 1439 4271 sententia
1455 4214 1631 4273 Leucii
1648 4218 1862 4278 stetisse
1880 4264 1895 4290 ,
1928 4224 2039 4294 qui,
2069 4232 2207 4282 teste

612 4295 918 4370 Pliilastrio,
938 4302 1076 4360 idem
1102 4320 1321 4376 prorsus
1337 4308 1566 4379 dixerat,
1588 4308 1755 4368 Nemo
1773 4313 1902 4369 mihi
1920 4317 2206 4373 occurrat?

612 4389 883 4459 Seleucum
911 4409 968 4449 νε
992 4395 1253 4467 Leucium,
1274 4397 1342 4455 de
1361 4405 1467 4471 quo
1487 4400 1797 4459 Philastrius
1818 4404 2069 4478 loquitur,
2092 4406 2207 4463 Ma-

611 4483 875 4540 nic/ueum‘
897 4485 1065 4544 fuisse
1092 4497 1252 4561 atque
1276 4491 1544 4549 diversum
1572 4510 1602 4550 a
1627 4490 1813 4554 Leucio
1836 4497 1957 4555 Joa.
1987 4502 2203 4570 apostoli

610 4575 907 4649 discipulo;
950 4577 1290 4638 Philastrium
1316 4584 1474 4640 etiam
1505 4585 1775 4644 hominem
1820 4566 2031 4649 nullius
2051 4595 2205 4664 pretii
2230 4566 2284 4629 Ῑ)

612 4684 733 4726 esse
751 4711 767 4738 ,
799 4671 941 4729 unde
956 4675 1238 4732 existeret:
1264 4678 1403 4749 quod
1434 4679 1556 4736 fidei
1576 4679 1734 4752 hujus
1756 4682 1894 4740 male
1916 4684 2209 4744 ambulanti

613 4764 833 4820 credere
853 4780 951 4822 nos
972 4782 1077 4824 non
1100 4777 1365 4841 Oporteat.
1389 4770 1627 4845 Namque
1646 4774 1785 4830 iStud
1809 4774 2095 4834 discrimen
2117 4779 2231 4838 lic-.

614 4862 724 4910 tum
742 4871 880 4923 esse,
904 4873 965 4916 ac
983 4862 1206 4932 nullum,
1239 4865 1368 4922 satis
1384 4865 1639 4923 adversus
1658 4864 1951 4926 Fabricium
1973 4869 2207 4928 Belloro-

615 4947 881 5015 brius,loc.
908 4950 999 5006 cit.
1027 4952 1054 5026 ᾗ
1079 4954 1132 5021 5,
1157 4955 1412 5025 defendit,
1439 4967 1492 5014 et
1517 4958 1853 5018 Philaenium
1870 4976 1976 5019 non
1995 4960 2211 5036 quidem

614 5044 803 5116 ignoro
824 5055 1137 5118 nugatorem
1159 5066 1277 5107 esse
1299 5053 1351 5108 in
1371 5053 1658 5126 plerisque,
1681 5059 1840 5114 etiam
1869 5057 1922 5113 in
1951 5072 2212 5116 enarran-

534 5187 548 5198 .
615 5139 697 5196 dis
719 5141 847 5211 ipsis
868 5139 1073 5197 Seleuci
1093 5145 1385 5209 erroribus,
1410 5148 1496 5218 qui
1520 5158 1665 5205 certe
1684 5149 1876 5214 Leucio
1898 5149 2019 5208 Joa.
2050 5154 2209 5208 disci-

616 5233 739 5304 pulo
759 5233 920 5290 tribui
961 5250 1067 5291 non
1084 5249 1273 5293 omnes
1290 5246 1539 5309 possunt;
1563 5242 1657 5297 sed
1677 5243 1726 5297 in
1748 5245 1899 5315 nugis
1916 5242 2209 5301 illisPIn'la-

615 5327 820 5383 sti-iani:
836 5328 955 5398 quis
973 5328 1311 5401 nullasdicere
1333 5332 1526 5389 audeat
1542 5336 1782 5392 veritatis
1800 5340 2001 5404 semina
2022 5341 2212 5397 latere?

616 5417 693 5475 Sit
721 5418 880 5489 igitur
907 5418 1009 5477 hoc
1029 5424 1398 5491 constitutum,
1426 5423 1797 5491 Tertullianunt
1829 5431 1880 5485 in
1924 5430 2058 5488 libro
2081 5416 2211 5491 nos2

616 5518 723 5577 tro,
752 5525 873 5567 cum
895 5521 1024 5572 Acta
1052 5512 1205 5570 Pauli
1228 5516 1496 5588 rejiceret,
1517 5521 1773 5591 scriptum
1801 5522 2018 5594 aliquod
2048 5540 2212 5596 repu-

576 5651 580 5654 .
616 5602 817 5669 diasse,
838 5604 980 5674 quod
1006 5603 1190 5663 ﬁctum
1227 5618 1401 5666 erata
1433 5609 1616 5668 Leueio
1638 5654 1653 5681 ,
1689 5614 1781 5684 qui
1798 5614 2060 5685 justitiam
2090 5618 2212 5677 vitre

618 5696 736 5753 sine
778 5700 979 5769 nuptiis
1023 5710 1303 5760 transacta:
1344 5707 1490 5761 omni
1527 5708 1688 5764 modo
1718 5707 2059 5768 defendebat.
2091 5710 2210 5769 Jam

618 5788 794 5859 placet
823 5805 1116 5860 provocare
1155 5796 1223 5855 ad
1281 5794 1561 5854 Pacianam
1612 5798 1936 5880 Episcopum
1987 5798 2210 5865 Barine-

2290 486 2571 551 uatianum,
2594 485 2730 541 edita
2764 485 2817 539 in
2844 482 3089 540 Biblioth.
3125 484 3349 539 maxima
3378 481 3494 537 PP.
3528 480 3882 553 Lugdunensi;

2291 586 2424 634 tom.
2454 576 2544 633 ιν.
2574 592 2630 649 p.
2664 575 2791 632 505.
2821 574 2913 644 ϐ.)
2945 592 2961 630 :
2998 574 3251 647 Phryges,
3284 575 3339 629 h.
3372 581 3476 639 est,
3520 573 3877 643 Montanistte,

2292 668 2497 741 inquit,
2528 685 2583 725 se
2604 669 2862 723 animatos
2899 683 2931 721 a
2960 666 3514 747 Leucio‘mentiuntur.
3541 665 3727 738 Neque
3748 666 3881 723 illud

2293 762 2659 819 testimonium
2686 759 2899 816 videtur
2916 775 2947 815 a
2972 774 3103 816 vero
3129 760 3407 827 aberrare,
3435 766 3721 829 propterea
3742 758 3885 829 quod

2293 864 2499 911 certum
2527 862 2608 910 est
2635 853 2985 909 Montanistas
3017 852 3205 909 eodem
3230 851 3391 909 modo
3434 849 3886 927 atquevEncrati-

2294 952 2396 1012 tas,
2428 961 2460 1001 e
2478 958 2703 1019 quorum
2727 943 3008 1013 disciplina
3027 943 3247 998 [νιετσξηε
3272 950 3408 1008 erat,
3435 942 3657 997 nimium
3677 941 3886 998 tribuis-

2292 1053 2354 1095 se
2381 1040 2446 1094 iis
2473 1039 2562 1110 qui
2606 1036 2963 1093 abhorrebant
2982 1052 3012 1092 a
3041 1036 3258 1107 nuptiis.
3280 1035 3433 1093 Unde
3448 1035 3550 1091 hoc
3570 1035 3707 1091 eflici
3730 1049 3888 1107 posse

2293 1131 2458 1186 credo
2485 1146 2500 1185 :
2536 1128 2907 1183 Tertullianum
2936 1168 2952 1195 ,
2972 1128 3250 1199 ‘siquidem
3281 1127 3473 1183 librum
3526 1136 3769 1183 nostrum
3803 1129 3900 1183 in-.

2296 1233 2379 1281 ter
2413 1222 2647 1277 Montani
2667 1221 2959 1291 discipulos
2981 1220 3306 1275 constitutus
3331 1219 3659 1290 scripsisset,
3681 1220 3888 1276 cautius

2296 1313 2462 1371 fuisse
2489 1313 2790 1369 locuturum
2814 1312 2883 1368 de
2914 1312 3053 1368 libro
3085 1312 3197 1375 tali,
3227 1313 3317 1382 qui
3344 1308 3589 1366 Leucium
3611 1320 3888 1369 auctorem

2298 1406 2529 1463 habebat
2550 1446 2567 1474 ,
2618 1420 2795 1475 neque
2822 1404 2967 1459 illum
2997 1402 3198 1457 fraudis
3226 1408 3615 1469 accusaturum
3641 1443 3655 1466 ,
3688 1418 3807 1459 cum
3844 1404 3889 1459 is

2296 1496 2413 1568 ipse
2457 1511 2579 1552 cum
2623 1494 2962 1550 Montanistis
2999 1494 3245 1548 sentiret.
3275 1492 3430 1561 Quod
3459 1492 3503 1549 si
3554 1493 3677 1563 quis
3701 1501 3889 1550 contra

2296 1589 2458 1654 dicat,
2487 1587 2627 1643 elabi
2656 1586 2814 1642 nobis
2844 1586 2987 1641 illam
3014 1600 3282 1651 caussam,
3314 1592 3592 1655 Propterea
3613 1585 3755 1655 quod
3781 1601 3889 1643 non

2296 1683 2426 1736 satis
2454 1674 2686 1746 constat,
2714 1679 3109 1749 ignoraveritne
3133 1677 3481 1734 Tertullianus
3505 1678 3693 1734 horum
3724 1680 3890 1735 Acto-

2221 1776 2270 1850 B
2297 1787 2416 1827 rum
2461 1779 2738 1843 parentem
2769 1769 2937 1842 (quod
2963 1770 3047 1824 vix
3067 1768 3328 1825 credibile
3354 1779 3436 1825 est
3462 1770 3514 1824 in
3545 1780 3650 1824 tam
3678 1771 3891 1828 curioso

2298 1862 2562 1919 universae
2586 1860 2922 1931 antiquitatis
2945 1859 3333 1929 exploratore),
3352 1858 3495 1915 dabo
3540 1859 3670 1915 illud
3693 1902 3709 1928 ,
3740 1861 3789 1916 si
3815 1862 3890 1917 ita

2299 1956 2473 2027 placet
2504 1972 2519 2022 ;
2575 1955 2677 2010 hoc
2709 1962 2885 2009 tamen
2927 1952 3059 2008 mihi
3115 1953 3339 2023 quisque
3367 1954 3605 2009 vicissim
3643 1954 3888 2023 dederit,

2302 2049 2403 2103 nisi
2431 2047 2552 2116 quis
2577 2046 2903 2102 contrariam
2930 2045 3257 2100 sententiam
3285 2044 3549 2112 docuerit,
3578 2047 3709 2103 satis
3754 2046 3893 2104 hanc

2297 2140 2656 2212 suspicionem
2684 2137 2944 2210 impedire
2963 2136 3162 2194 debere
3184 2152 3312 2208 ,quo
3335 2138 3512 2195 minus
3534 2139 3674 2194 hunc
3693 2137 3895 2195 Tertul-

2298 2230 2424 2286 liani
2444 2231 2635 2285 librum
2651 2229 2718 2284 ad
2734 2243 2900 2299 genus
2920 2240 3109 2285 eorum
3121 2227 3377 2284 librorum
3393 2228 3727 2298 abjieiamus,
3758 2244 3892 2301 quos

2298 2334 2421 2395 post
2445 2324 2802 2379 secessionem
2830 2321 2899 2378 ab
2922 2320 3240 2377 orthodoxis
3266 2321 3457 2377 factam
3482 2323 3800 2393 composuit.
3913 2319 3918 2324 ’

2302 2417 2331 2491 §
2373 2418 2427 2474 ii.
2453 2415 2683 2471 -—bibri
2719 2414 2796 2483 If,
2819 2415 2888 2470 ad
2945 2413 3170 2470 Uxorem
3197 2423 3321 2469 ante
3352 2415 3555 2485 lapsum
3594 2414 3892 2472 Tertulliani

2360 2527 2369 2535 ·
2990 2508 3203 2564 exarati.

2371 2604 2544 2662 Venio
2570 2618 2714 2660 nunc
2761 2603 2827 2659 ad
2883 2602 3050 2659 libros
3083 2615 3218 2672 quos
3241 2601 3404 2663 Uxori
3422 2616 3529 2658 sua
3552 2602 3896 2660 Tertullinus:

2302 2698 2611 2768 inacripsit,
2644 2696 2735 2767 qui
2780 2695 2925 2767 quod
2970 2695 3078 2750 sint
3106 2694 3433 2766 conjunctim
3471 2695 3637 2763 editi,
3664 2695 3896 2753 dubitari

2305 2806 2413 2846 non
2442 2789 2639 2860 patitur
2662 2787 2784 2844 libri
2814 2786 3124 2857 posterioris
3153 2787 3471 2857 principium
3488 2773 3590 2859 (1).
3620 2787 3675 2843 ln
3703 2787 3897 2860 quibus

2305 2882 2455 2939 libris
2507 2881 2723 2937 tametsi
2749 2884 2856 2936 sint
2877 2896 2997 2951 quae
3019 2879 3301 2963 videantur
3318 2881 3588 2937 erroribus
3604 2881 3898 2938 Montanis-
3995 2948 4000 2953 ,

2305 2985 2476 3031 tarum
2503 2983 2862 3031 consentanea
2889 3010 2903 3038 ,
2942 2982 3117 3028 tamen
3159 2987 3260 3043 ego
3295 2972 3392 3028 bos
3418 2974 3585 3027 ausim
3626 2975 3804 3042 potius
3846 2975 3899 3031 in

2307 3081 2531 3123 numero
2557 3081 2744 3122 eorum
2770 3065 3041 3122 collocare
3084 3078 3219 3135 quos
3240 3073 3360 3119 ante
3380 3063 3517 3119 hanc
3536 3061 3898 3120 defectionem

2229 3172 2274 3238 ρ
2309 3160 2637 3231 perscripsit.
2684 3158 2836 3226 Quod
2884 3157 3014 3213 mihi
3062 3157 3295 3229 primum
3342 3156 3549 3212 videtur
3590 3158 3919 3213 confirmari‘

2307 3270 2375 3311 eo
2394 3297 2407 3321 ,
2436 3252 2575 3325 quod
2604 3266 2863 3324 nusquam
2893 3265 3049 3307 suum
3080 3249 3413 3307 Paracletam
3441 3249 3788 3307 Tertullianus
3818 3252 3902 3323 ja-

2306 3357 2416 3404 ctat
2441 3349 2492 3404 in
2516 3344 2676 3404 rebus
2706 3348 2792 3414 iis,
2823 3346 2877 3401 in
2902 3345 3099 3417 quibus
3128 3346 3354 3401 multum
3384 3345 3717 3401 auctoritatis
3743 3343 3903 3417 hujus

2306 3441 2461 3498 effata
2490 3442 2737 3499 habitura
2768 3441 3016 3497 fuissent.
3046 3440 3309 3512 Namque.
3334 3449 3394 3496 ut
3418 3441 3521 3497 hoc
3542 3448 3679 3506 utar,
3703 3454 3820 3510 cap.
3847 3440 3900 3497 7.

2309 3536 2399 3591 lib.
2420 3535 2462 3591 1-.
2485 3545 2738 3603 extrem.,
2772 3535 2859 3591 ubi
2888 3534 3058 3589 satius
3079 3547 3201 3590 esse
3230 3534 3464 3604 disputat
3492 3533 3675 3604 fugere
3706 3546 3898 3590 secun-

2309 3626 2404 3680 das
2431 3627 2673 3698 nuptias,
2706 3626 2910 3681 nullum
2940 3625 3137 3681 excitat
3163 3624 3508 3691 Paracletum,
3539 3640 3697 3694 quem
3724 3624 3902 3680 locum

2308 3732 2580 3787 nunquam
2608 3718 2966 3789 praetermittit
2993 3718 3045 3772 in
3074 3716 3225 3772 libris
3274 3717 3365 3787 qui
3392 3729 3424 3772 e
3450 3717 3901 3773 Montanistarum

2307 3808 2589 3879 disciplina
2624 3809 2909 3879 prodiere;
2941 3808 3035 3864 sed
3067 3823 3226 3863 unam
3272 3805 3492 3864 adhibet
3531 3809 3904 3866 auctoritatem

2305 3900 2603 3972 disciplinae
2625 3895 2882 3959 Ecclesia:
2899 3901 3206 3972 etApostoli
3228 3900 3424 3972 legem,
3442 3916 3546 3971 qua
3596 3902 3686 3973 qui
3717 3901 3798 3957 bis
3821 3901 3900 3974 (9)

2339 4015 2668 4131 tguPszgzime
2679 4012 2777 4068 tibi.
2787 4053 2821 4068 ..
2841 4014 2960 4083 quid
2978 4014 3169 4080 {einunc
3182 4015 3656 4080 swrclteﬁseclandum
3670 4015 3732 4068 sil
3740 4026 3907 4080 prose-

2378 4093 2450 4215 ἓξ
2470 4093 2786 4215 gispicue,
2803 4144 2896 4192 nisi
2918 4140 3182 4215 [allen-hic
3204 4141 3369 4215 locus,
3395 4147 3448 4215 et
3471 4141 3606 4215 alter
3620 4141 3705 4192 ille
3729 4153 3758 4191 e
3783 4140 3909 4215 libro

2309 4202 2389 4254 de'
2409 4202 2623 4257 Emam."
2649 4202 2826 4262 cauit,
2851 4218 2893 4255 c.
2918 4205 2966 4254 7.
2994 4202 3260 4263 excitatus,
3286 4209 3341 4253 ut
3370 4202 3461 4254 alia
3493 4203 3643 4253 multa
3681 4215 3777 4253 non
3801 4210 3909 4253 tan-

2343 4278 2421 4317 am
2439 4301 2454 4325 ,
2498 4268 2645 4318 docet
2663 4306 2675 4328 ,
2729 4268 2976 4328 antiquam
3028 4266 3401 4316 cbristianorum
3443 4264 3712 4316 Ecclesium
3760 4268 3912 4315 verba

2349 4329 2447 4393 auli
2485 4329 2524 4379 Ι.
2557 4330 2685 4393 ζΓίωᾼ.
2726 4328 2810 4393 Ill.
2846 4328 2894 4378 3.
2934 4328 3276 4393 deiEpjscopo
3313 4344 3395 4389 μιᾶς
3418 4328 3915 4393 τυνᾳμὸς-ᾷγδριλείρ-οθ-

2309 4391 2461 4464 pisse,
2486 4399 2542 4442 ut
2558 4390 2740 4441 Paulus
2756 4390 2819 4441 de
2842 4392 3071 4440 secundis
3081 4387 3343 4439 doctorum
3361 4387 3543 4451 nuptiis
3562 4387 3760 4461 dixerit.
3787 4387 3914 4440 Nam

2310 4467 2361 4503 in
2384 4454 2467 4504 illo
2489 4453 2777 4503 Tertulliani
2802 4453 2924 4504 loco.
2945 4466 3055 4503 cum
3080 4452 3364 4502 interdictas
3386 4452 3472 4500 bas
3487 4450 3823 4500 sacerdotibus
3850 4452 3912 4502 V.

2911 4491 2924 4514 ’
2947 4489 3055 4503 νιιιιι
3081 4489 3198 4502 ιιι-ου.
3210 4489 3364 4502 uumv
3386 4489 3472 4514 IIIIAU
3487 4489 3617 4514 uung
3628 4489 3823 4514 νυν-μυξη
3851 4489 3877 4514 _v
3898 4489 3912 4502 υ

2310 4514 2371 4579 'l'.
2391 4516 2626 4579 dixisset:
2656 4512 2869 4579 Christo,
2894 4510 3077 4579 inquit,
3100 4515 3386 4579 seruabatur
3406 4512 3531 4579 sicut
3550 4511 3598 4562 in
3621 4510 3914 4579 elateris,ita

2310 4572 2362 4648 in
2384 4575 2711 4650 istoquoque,
2735 4571 2864 4650 legis
2892 4571 3312 4650 plenitudoplnde
3346 4572 3667 4650 igiturﬂapud
3689 4587 3775 4650 nos
3807 4571 3915 4650 ple-

2310 4638 2420 4690 nius
2440 4638 2582 4705 atque
2606 4638 2903 4705 instructius
2929 4638 3279 4705 praescribitur,
3304 4638 3449 4689 unius
3482 4638 3795 4705 matrimonii
3810 4647 3914 4688 esse

2312 4694 2534 4764 oportere
2552 4738 2567 4762 ,
2591 4702 2675 4764 qui
2703 4694 3065 4764 allcgunlurlin
3100 4694 3320 4764 ordinem
3357 4694 3725 4764 sacerdotalem.
3752 4700 3915 4764 Usque

2312 4756 2691 4829 adeoquosdam
2725 4756 2919 4829 memini
2950 4760 3187 4829 (ligentes
3207 4761 3308 4829 loco
3344 4756 3569 4828 dejectos.
3612 4759 3706 4809 Ubi
3744 4756 3913 4829 neque

2312 4825 2416 4876 vult
2439 4823 2534 4875 illis
2548 4827 2612 4875 de
2630 4826 2967 4876 sacerdotibus
2980 4823 3207 4886 intelligi,
3224 4823 3516 4887 quiprazter
3532 4834 3738 4887 uxorem
3764 4823 3914 4887 etiam

2313 4889 2580 4951 meretrice
2615 4888 2819 4951 quadarn
2848 4883 3221 4951 umbonum—ut
3243 4883 3508 4951 videbatur
3546 4883 3839 4951 Heumanpp
3862 4886 3912 4935 in

2313 4924 2600 5013 ἓῖῑιέὲὶἷιῖε
2615 4924 2821 5000 Ἣὲἔ
2847 4924 3248 5059 ’ἓῗρῖιῖίῗῆΪξι
3261 4924 3589 5009 ’ἱξεῖῗῆἓῇᾱὲ
3598 4924 3913 5019 Euenit;

2314 5013 2599 5059 tanistarum
2622 5011 2851 5059 inanitur.
2877 5011 2997 5059 Nam
3021 5018 3186 5059 contra
3226 5010 3339 5059 llam
3369 5007 3646 5059 Heumanm
3667 5013 3913 5059 interpre-

2314 5007 2599 5062 lanistarum
2622 5011 2851 5075 loquitur.
2877 5007 2997 5061 Nam
3021 5018 3191 5075 contra
3204 5007 3913 5075 illamﬂeumanuiinterwef

2314 5076 2548 5138 tationem
2592 5070 2777 5138 pugnat
2819 5075 3104 5138 universum
3153 5070 3442 5138 Tertulliani
3492 5071 3742 5138 consilium
3764 5070 3913 5138 L'qui

2315 5134 2447 5185 clare
2466 5128 2686 5186 dicit'de
2700 5140 2911 5197 castrata
2944 5131 3138 5185 licentia
3157 5133 3335 5197 saepius
3356 5128 3589 5197 nubendi,
3619 5136 3670 5181 ct
3694 5128 3821 5197 c._6_._
3844 5128 3913 5181 de

2311 5197 2493 5260 duplici
2520 5198 2628 5260 Dei
2666 5195 2997 5260 dispositione,
3033 5208 3129 5260 una
3166 5192 3279 5260 illa:
3303 5193 3504 5246 crescile
3539 5199 3584 5245 et
3617 5192 3914 5260 multiplica-

2450 5259 2641 5330 ,_alter_a
2669 5253 3052 5330 :_Tempu§_jam
3073 5255 3127 5307 in
3155 5253 3353 5309 collecto
3385 5264 3482 5330 est,
3510 5263 3629 5330 etc”
3648 5253 3915 5330 _qua'lleus

2313 5316 2619 5387 abolefaceril
2642 5316 2869 5387 priorem.
2896 5316 3070 5387 Neque
3094 5326 3451 5387 commemorat
3458 5316 3760 5387 sententiam
3779 5316 3915 5366 Mon-

2315 5380 2505 5448 tanisiis
2543 5380 2801 5448 propriam,
2838 5383 2940 5448 sed
2973 5380 3070 5448 illis
3102 5389 3253 5448 atque
3271 5380 3546 5448 Acatbolicis
3583 5391 3911 5448 communem.

2314 5445 2449 5510 Nam,
2473 5441 2683 5510 primum
2704 5448 2753 5495 in
2768 5441 2889 5510 locts
2902 5444 3141 5510 similibus
3172 5441 3287 5510 libri
3308 5444 3370 5493 de
3394 5443 3725 5510 Monogarnia,
3752 5456 3795 5510 ᾳ.
3830 5441 3910 5492 11.

2315 5504 2557 5559 convincit
2607 5508 2912 5569 adversarios
2962 5507 3231 5569 iniquitatis
3258 5504 3596 5569 repetiturum
3634 5504 3915 5569 nuptiarum

2317 5572 2412 5628 sic,
2437 5577 2493 5632 _u_t
2516 5583 2603 5621 eos
2624 5562 3359 5632 talematrimoniumpostulare
3390 5568 3523 5616 dicat
3545 5565 3609 5615 ab
3649 5562 3716 5616 iis
3743 5562 3917 5632 quibus

2315 5645 2411 5696 non
2432 5628 2573 5696 liceal
2594 5630 2689 5683 tale
2700 5630 2914 5696 habere,
2935 5629 2998 5680 ab
3019 5627 3254 5692 Episcopo
3273 5641 3580 5696 monogamq,
3596 5641 3637 5696 _a
3667 5627 3918 5696 prc'sbylef

2316 5693 2387 5759 ris
2420 5702 2471 5759 _ct
2507 5691 2736 5759 Diaconis
2773 5686 2995 5759 ejusdem
3039 5686 3358 5759 sacramenti,
3399 5686 3437 5741 ἅ
3471 5686 3632 5759 viduis
3667 5686 3836 5759 "etiam;
3871 5694 3921 5739 et

2316 5754 2473 5816 laicis,
2493 5765 2548 5807 et
2581 5758 2646 5804 ab
2685 5754 2918 5818 Apostolo
2955 5756 3255 5818 interdictas
3277 5757 3652 5818 argumentatur
3690 5756 3917 5818 nuptias.

2312 5810 2573 5883 propterea
2588 5818 2716 5881 quod
2732 5810 2886 5871 totum
2902 5813 3125 5871 ordinem
3141 5810 3444 5878 Ecclesiti'm.
3468 5828 3537 5879 e.,
3551 5810 3837 5867 sacerdotes
3857 5810 3922 5866 de
