4242 6264
350 338 460 398 157

1205 337 1297 396 AC.
1335 334 1675 396 DOCTRINA
1716 325 2163 397 SCRlPTOBUM
2197 339 2685 409 TERTULLIANI.

3508 361 3646 427 ,158

356 449 754 510 matrimonium
790 455 1201 543 contraxerant,
1248 452 1327 507 ait
1384 451 1454 507 ab
1492 450 1675 506 ofﬁcio
1724 449 1942 519 publico
1979 451 2031 511 A
2060 453 2559 520 Montanistic‘orum
2578 478 2828 535 numero,
2850 474 2905 527 et
2924 469 3014 543 qui
3037 482 3102 528 eo
3116 473 3312 531 rectius
3332 474 3519 534 referri
3546 477 3645 537 de—

360 546 602 618 sejungi;
633 560 750 616 qua:
769 543 934 599 verba
959 542 1101 599 haud
1127 544 1261 612 scio,
1289 559 1356 598 an
1386 559 1492 599 non
1525 544 1633 598 sint
1662 544 1840 598 minus
1864 556 1954 599 aco

360 638 693 694 commodata
721 637 970 705 scriptori
1012 636 1385 692 Montanistico
1414 650 1576 706 quam
1637 635 1707 690 ei~
1735 633 1824 705 qui
1854 634 1953 688 doc

358 730 559 786 ctrinas
582 729 837 788 Ecclesiae
863 730 1066 785 rectius
1086 729 1370 786 sentientis
1389 728 1733 799 sequebatur.
1754 724 1954 782 Deinde

359 821 416 878 in
440 821 628 876 eadem
656 821 895 877 sectione
923 836 1145 878 uxorem
1165 858 1183 888 ,
1214 821 1260 876 si
1285 820 1465 877 denuo
1490 820 1804 876 societatem
1825 830 1954 875 con-

358 913 591 985 iugalem
622 910 836 979 inierit,
864 929 970 969 non
1032 916 1110 969 ait
1166 914 1308 971 male
1360 912 1542 969 facere
1563 954 1580 980 ,
1612 912 1900 983 adjicitque
1926 927 1959 968 c

362 1012 543 1061 mente
586 1003 748 1060 Pauli
792 1006 1013 1077 apostoli
1038 1021 1144 1061 non
1175 1006 1391 1077 quidem
1420 1022 1526 1060 non
1564 1005 1818 1060 honestas
1841 1017 1960 1061 esse

360 1096 629 1152 secundas
668 1098 910 1170 nuptias,
939 1097 1037 1153 sed
1083 1106 1261 1153 tamen
1274 1113 1383 1166 .eas
1410 1097 1825 1154 sollicitudinem
1854 1111 1958 1151 non

347 1187 537 1243 elevem
579 1188 1020 1259 calamitatesque
1050 1190 1325 1246 inducere.
1369 1188 1553 1260 Neque
1590 1187 1688 1243 lib.
1717 1188 1782 1243 ll.
1814 1202 1865 1243 e.
1902 1189 1955 1245 1.

364 1280 745 1337 abstinentiam
773 1296 803 1334 a
832 1297 974 1337 novo
998 1283 1341 1338 matrimonio
1358 1281 1571 1337 aliunde
1593 1279 1957 1348 commendat,

317 1424 330 1435 ,
368 1371 470 1426 nisi
501 1387 567 1427 ex
595 1387 683 1437 eo,
712 1372 855 1443 quod
886 1388 947 1428 ea
980 1374 1235 1444 majorem
1262 1373 1445 1429 afferat
1473 1373 1782 1429 utilitatem.
1806 1371 1959 1439 Quod

369 1471 456 1519 est
495 1464 675 1519 nimia:
702 1464 937 1518 lenitatis
966 1464 1018 1518 in
1059 1465 1319 1533 scriptore
1348 1463 1724 1519 Montanistico
1746 1502 1762 1529 ,
1804 1463 1962 1531 cujus

369 1554 655 1626 disciplina
684 1572 872 1612 omnes
897 1557 1156 1612 secundas
1179 1556 1390 1626 nuptias
1411 1557 1462 1611 in
1485 1556 1605 1611 loco
1625 1566 1961 1611 summorum

373 1648 632 1702 vitiorum
665 1648 913 1704 habebat.
959 1648 1194 1719 Denique
1238 1648 1374 1702 libro
1411 1647 1474 1702 ll.
1511 1648 1662 1703 uxori
1696 1663 1806 1703 sum
1837 1663 1961 1718 per-

2061 548 2256 619 bcant,
2287 554 2581 615 videamus.
2628 560 2685 616 in
2724 564 2918 634 quibus
2956 580 3062 622 non
3103 566 3289 625 dubito
3326 587 3545 628 aureum
3586 572 3649 629 de

2060 643 2318 702 Patientia
2361 651 2554 708 librum
2582 655 2755 724 primo
2782 656 2902 714 loco
2932 672 3153 732 ponere.
3186 660 3318 718 Nam
3349 665 3447 720 etsi
3482 662 3649 722 Tillc-

2059 740 2280 796 manlius
2306 741 2608 811 (Mémoires
2638 764 2765 815 pour
2800 753 2959 805 servir
2988 754 3021 807 ὰ
3048 754 3296 809 l‘ltistoirc
3326 754 3653 813 Ecclésiastio

2057 847 2154 900 que
2174 873 2187 897 ,
2221 842 2351 888 tom.
2387 835 2475 891 IIl.
2512 854 2563 907 p.
2594 839 2748 913 262.)
2781 840 2922 899 hunc
2961 844 3086 899 velit
3116 843 3181 902 iis
3208 846 3498 919 adiungere
3521 893 3536 915 ,
3560 851 3652 921 qui

2059 923 2366 994 superiores
2390 935 2513 982 sunt
2537 927 2840 989 defectione
2861 932 3167 990 Tertulliani
3188 938 3253 992 ad
3280 938 3651 1017 Montanista‘s,

2061 1026 2343 1087 propterea
2372 1060 2387 1085 ,
2417 1021 2561 1091 quod
2589 1030 2644 1079 et
2684 1021 2859 1096 fugam
2904 1024 2955 1081 in
2988 1029 3216 1098 publicis
3241 1030 3655 1089 Christianorum

2063 1117 2283 1177 propter
2312 1110 2627 1182 religionem
2655 1114 3048 1174 calamitatibus
3078 1135 3181 1176 non
3209 1125 3434 1193 spernit,
3466 1134 3520 1181 et
3546 1141 3659 1181 ma-

2062 1210 2219 1269 gnam
2271 1201 2898 1275 modestiam-adhibet;
2949 1202 3128 1266 tamen
3180 1213 3268 1268 illa
3322 1231 3656 1288 nequaquam

2064 1290 2256 1348 idonea
2287 1293 2353 1347 ad
2383 1294 2519 1351 hanc
2549 1310 2660 1352 rem
2692 1299 3111 1358 conﬁrmandam
3144 1306 3393 1362 arbitror.
3427 1308 3557 1364 Nam
3588 1308 3657 1366 de

2067 1384 2329 1441 modestia
2376 1401 2437 1442 ea
2497 1404 2603 1445 non
2654 1391 2813 1448 video
2851 1408 3015 1465 quare
3055 1397 3126 1451 uti
3173 1396 3519 1457 Tertullimms
3550 1418 3660 1459 non

2064 1477 2228 1532 etiam
2260 1488 2380 1549 post
2406 1490 2707 1551 susceptam
2746 1485 2797 1538 in
2825 1484 3155 1544 orthodoxos
3197 1490 3530 1547 inimicitiam
3563 1509 3662 1564 po-

2067 1572 2257 1627 tuisset
2276 1613 2289 1637 ,
2319 1586 2496 1645 neque
2524 1576 2667 1631 enim
2711 1591 2773 1633 ea
2807 1581 3019 1649 propria
3050 1591 3136 1637 est
3166 1582 3336 1638 virtus
3366 1594 3515 1641 recte
3543 1602 3665 1643 sen-

2069 1664 2344 1732 tientium;
2376 1677 2430 1722 et
2457 1667 2533 1722 illi
2561 1669 2711 1725 alteri
2742 1686 2808 1725 ne
2834 1686 2927 1726 sua
2960 1673 3177 1743 quidem
3211 1677 3408 1733 veritas
3434 1688 3665 1735 constat.

368 1739 537 1840 ξηίηῖι
558 1832 572 1840 _
596 1755 786 1795 "Nam
851 1748 971 1810 Ροεί
999 1739 1264 1840 ,ρδξιυηιη
1291 1755 1451 1795 suum
1519 1741 1964 1840 .Col'liinc‘iaﬂeﬂ
1992 1782 2033 1840 ,Ξ
2072 1750 2281 1814 Etenim
2310 1760 2361 1815 in
2390 1777 2454 1816 eo
2482 1764 2631 1830 loco,
2673 1780 2704 1819 e
2729 1779 2836 1836 quo
2865 1739 3186 1835 potestatem
3218 1767 3447 1840 fugiendi
3478 1785 3507 1824 a
3536 1770 3664 1826 Ter-

367 1832 702 1933 ίηευηίξαηιι
728 1848 931 1933 ιιιςαξιθ
998 1833 1154 1933 ίηιξξῖ-
1198 1834 1300 1888 alia
1360 1834 1643 1933 “VF'iQVi
1679 1835 1832 1933 lese.
1866 1834 1967 1888 "iSi
1996 1837 2045 1897 Β
2076 1850 2293 1913 tulliano
2343 1865 2652 1909 concessam
2702 1832 2935 1912 ercita're
2985 1872 3208 1914 cenatur
3252 1832 3347 1929 (vc.
3392 1862 3503 1932 l5.)
3544 1860 3667 1933 fuga

369 1931 428 1978 ut
480 1923 640 1979 nubat
694 1922 1023 1992 christiano,
1053 1923 1289 1995 dicitque
1336 1938 1386 1979 c.
1450 1925 1503 1980 1.
1533 1923 1827 1980 difficilium
1880 1938 1966 1980 re-

370 2031 488 2072 rum
528 2017 733 2073 facilem
776 2032 898 2073 esse
941 2018 1175 2073 veniam.
1200 2016 1306 2073 Sed
1326 2017 1659 2072 Montanistzc
1680 2032 1786 2088 quo
1807 2017 1968 2073 modo

380 2109 715 2181 excipiebant
768 2124 861 2163 eos
892 2110 983 2180 qui
1014 2108 1078 2163 ad
1110 2110 1323 2178 nuptias
1360 2109 1668 2164 redierant?
1696 2108 1965 2179 Digamos,

378 2203 551 2274 inquit
593 2200 956 2268 Tertullianits,
1007 2198 1070 2257 de
1117 2196 1339 2256 Pndicit.
1374 2217 1420 2257 c.
1469 2192 1520 2258 1.
1565 2211 1821 2268 extrem.,
1847 2201 1970 2273 [oris

383 2295 622 2361 sistimus,
654 2294 882 2349 eumdem
912 2294 1120 2347 limitem
1151 2293 1365 2348 mmchis
1392 2309 1588 2365 quoque
1616 2302 1662 2347 et
1690 2293 1969 2364 fornicato-

381 2389 521 2443 τῶνε
541 2388 843 2458 ﬁgimus,-
870 2400 971 2441 non
989 2386 1210 2457 amplius
1234 2385 1300 2440 ab
1328 2385 1555 2440 Ecclesia
1583 2385 1975 2456 publicationem

380 2480 639 2536 dedecoris
677 2480 936 2534 relaturis.
975 2478 1195 2534 Scilicet
1237 2478 1340 2533 hoc
1377 2489 1460 2534 est
1507 2476 1716 2532 facilem
1762 2477 1974 2533 veniam

381 2573 525 2630 dare.
549 2570 667 2629 1am
696 2571 837 2627 haud
864 2570 1081 2626 difﬁcile
1110 2580 1194 2626 est
1232 2570 1298 2625 ad
1323 2568 1668 2639 iudicandum
1697 2584 1825 2624 num
1856 2581 1979 2639 pos-

379 2665 485 2721 sint
510 2665 609 2721 ista
642 2672 752 2718 tam
779 2662 950 2730 clara,
979 2676 1101 2733 qua:
1120 2646 1367 2716 caussam
1398 2675 1426 2713 a
1459 2660 1619 2715 nobis
1649 2660 1976 2730 propositam

379 2758 668 2826 adiuvant,
692 2757 810 2812 loca
837 2754 1067 2811 convelli
1095 2753 1274 2823 aliqua
1303 2752 1393 2807 tali
1419 2751 1767 2807 similitudine
1796 2750 1974 2806 dicto-

380 2867 497 2907 rum
526 2849 882 2923 quorumdam
907 2888 925 2916 ,
956 2862 1074 2918 qua:
1103 2855 1227 2902 sunt
1268 2847 1320 2901 in
1364 2845 1480 2901 istis
1524 2846 1676 2900 libris
1698 2886 1713 2911 ,
1743 2860 1865 2900 cum
1913 2844 1981 2901 iis

383 2957 501 3013 qua:
540 2942 779 2997 severior
810 2938 1045 2994 Montani
1078 2937 1358 3008 disciplina
1403 2937 1455 2992 in
1497 2936 1615 2992 aliis
1660 2936 1977 2992 Tcrtulliano

383 3034 667 3103 persuasit.
700 3031 837 3087 Illud
875 3045 1006 3087 vero
1034 3027 1382 3100 unum,quod
1418 3028 1580 3084 habet
1611 3026 1975 3095 Hoﬂ'manntts,

383 3126 421 3184 l.
448 3140 499 3182 c.
530 3125 559 3198 §
609 3124 725 3192 12.,
757 3130 1137 3194 argumentum
1157 3163 1172 3188 ,
1204 3121 1345 3192 quod
1380 3119 1501 3175 libri
1540 3119 1628 3173 isti
1658 3118 1841 3189 scripti
1870 3118 1980 3173 sint

2076 1943 2162 1998 illa
2235 1945 2383 1999 nullo
2439 1947 2600 2001 modo
2663 1949 3002 2017 conceditur,
3057 1952 3150 2005 sed
3223 1952 3393 2022 ipsam
3462 1954 3670 2021 patien-

2074 2037 2202 2092 tiam
2254 2039 2552 2095 afliruiatur
2609 2041 2913 2098 llrtnitatem
2988 2043 3235 2099 humanae
3296 2045 3671 2102 imbecillitatis

2077 2138 2334 2198 praestare
2358 2172 2372 2196 ,
2405 2132 2582 2202 ignem
2629 2133 2788 2188 etiam
2821 2142 2875 2189 et
2902 2147 3116 2190 crucem
3158 2142 3212 2190 et
3253 2134 3455 2192 bestias
3479 2142 3535 2192 et
3560 2136 3672 2208 gla-

2075 2222 2222 2277 dium
2256 2223 2368 2292 ipsa
2397 2225 2695 2281 constantia
2725 2226 2885 2283 vinci.
2920 2229 3080 2299 Atqui
3120 2236 3246 2284 sunt
3284 2230 3444 2285 etiam
3486 2231 3537 2285 in
3571 2230 3674 2287 hoc

2081 2315 2326 2385 quamvis
2357 2317 2613 2386 praeclaro
2638 2317 2816 2374 libello
2847 2320 3020 2389 plura,
3054 2330 3174 2391 quzc
3201 2321 3437 2376 animum
3469 2319 3670 2377 Tertul-

2078 2408 2207 2463 liani
2244 2407 2683 2465 Montanistarum
2736 2412 3011 2467 erroribus
3057 2428 3163 2467 non
3214 2413 3407 2468 leviter
3451 2414 3674 2469 tinctum

2077 2500 2405 2569 ostendunt,
2461 2511 2690 2575 suntque
2736 2502 2807 2558 ibi
2855 2518 3044 2560 omnes
3084 2502 3192 2560 fere
3235 2503 3675 2560 Moutanistarum

2089 2601 2306 2651 errores
2326 2588 2604 2668 propositi.
2637 2598 2711 2653 Ac
2734 2597 3048 2668 significotio
3069 2597 3154 2652 illa
3178 2597 3392 2665 quidem
3413 2594 3673 2653 Paracleti

2078 2684 2407 2743 eubobscura
2459 2695 2579 2755 est,
2609 2687 2874 2743 nonnulla
2907 2696 3085 2743 tamen
3113 2687 3166 2742 in
3200 2687 3300 2743 hoc
3344 2687 3483 2755 loco,
3532 2704 3582 2743 c.
3618 2688 3672 2755 1,

2085 2777 2155 2831 ad
2202 2778 2452 2848 capienda
2498 2787 2545 2833 et
2596 2778 2887 2851 prmstanda
2940 2793 3039 2845 ea,
3095 2779 3206 2833 sola
3258 2780 3427 2851 gratia
3493 2780 3705 2837 divinw.

2079 2864 2433 2940 inspirationis
2480 2872 2738 2942 operatur.
2787 2869 2957 2929 Porro
3010 2869 3316 2940 praestantia
3369 2870 3679 2939 nuptiarum

2082 2974 2189 3019 non
2245 2966 2597 3037 repetiturum
2656 2965 2728 3020 ita
2778 2963 2890 3020 fere
2937 2964 3253 3034 proponitur
3304 2978 3356 3018 c.
3402 2962 3523 3018 13.:
3575 2961 3682 3015 Pa-

2084 3057 2265 3110 tientia
2324 3057 2581 3111 sanctitati
2640 3072 2838 3127 quoque
2895 3066 3136 3127 procurat
3172 3055 3530 3108 continentiam
3569 3070 3684 3107 car-

2083 3148 2200 3211 nis;
2220 3148 2347 3213 hinc,
2372 3155 2422 3200 ct
2468 3147 2676 3201 uiduam
2715 3155 2866 3213 tenet,
2886 3154 2930 3200 et
2967 3146 3211 3217 virginem
3238 3145 3496 3215 assignat,
3524 3152 3573 3198 et
3598 3160 3684 3197 vo-

384 3234 509 3274 cum
539 3194 776 3288 vqumstio
803 3216 867 3270 de
892 3215 1043 3286 Fuga
1072 3214 1124 3269 in
1152 3213 1391 3284 periculo
1420 3220 1638 3282 propter
1660 3210 1978 3282 religionem

2084 3194 2195 3211 ----.
2220 3194 2347 3213 νην,
2374 3194 2418 3200 --
2473 3194 2675 3201 νππη-
2716 3194 2927 3213 mm,“
3240 3194 3458 3215 ην--σηητ
3484 3194 3496 3208 .
3527 3194 3568 3198 --
3604 3194 3649 3197 --

2085 3239 2364 3293 luntarium
2414 3239 2692 3308 spadonem
2741 3236 2811 3291 ad
2866 3252 3022 3309 regna
3062 3236 3178 3290 caeli
3221 3234 3370 3289 levat.
3408 3234 3684 3291 Secundus

387 3310 582 3380 agitata
614 3308 835 3375 fuisset,
866 3322 1037 3378 eaque
1063 3307 1289 3361 salutem
1324 3313 1509 3375 petere
1532 3318 1853 3374 quemquam
1879 3302 1979 3358 de-

392 3401 524 3455 bere
546 3398 884 3454 Tertulliani“
907 3414 1026 3454 cum
1052 3397 1388 3453 Montanistis
1412 3402 1693 3466 negasset;
1726 3394 1827 3465 hoc
1847 3390 1978 3448 illud

395 3507 564 3547 unum
593 3490 725 3546 adeo
750 3506 847 3546 nos
872 3506 975 3546 non
1007 3494 1209 3555 meret,
1241 3496 1299 3543 ut
1330 3501 1516 3544 eamus
1542 3487 1595 3541 in
1621 3486 1737 3556 ejus
1766 3494 1982 3542 senten-

395 3587 524 3641 tiam
547 3625 562 3650 ,
596 3591 654 3638 ut
678 3585 748 3639 ab
771 3599 830 3639 ea
873 3584 1044 3655 magis
1085 3581 1344 3638 retrahat.
1370 3579 1502 3635 Nam
1535 3578 1627 3634 ille
1657 3578 1768 3648 ipse
1796 3577 1980 3642 locus,

388 3692 548 3749 quem
596 3678 787 3747 promit
812 3691 843 3733 e
869 3677 964 3732 lib.
999 3675 1039 3729 Ι.
1068 3689 1119 3730 c.
1147 3674 1225 3730 3.:
1259 3671 1432 3727 Etiam
1471 3672 1526 3726 irt
1556 3670 1985 3740 persecutionibus

389 3768 570 3823 melius
598 3778 672 3822 est
699 3784 763 3823 ea;
789 3769 1036 3838 permissu
1062 3762 1236 3836 fugere
1273 3763 1336 3818 de
1360 3761 1551 3833 oppido
1576 3804 1590 3828 ,
1617 3777 1768 3832 quam
1799 3760 1983 3827 depre-

389 3862 601 3916 hensum
628 3870 674 3915 et
703 3860 975 3915 distortum
1001 3873 1224 3929 negare;
1248 3856 1340 3910 ille
1367 3855 1498 3911 satis
1520 3853 1679 3909 docet
1709 3851 1985 3907 Tertullia-
2048 3868 2054 3874 ·

390 3970 511 4008 nam
542 3969 653 4009 non
684 3966 899 4007 omnem
928 3948 1104 4020 fugam
1136 3950 1187 4003 in
1218 3947 1307 4002 tali
1338 3954 1654 4016 tempestate
1683 3960 1788 3999 non
1817 3944 1988 4015 legiti-

391 4060 533 4101 mam
556 4046 927 4109 existimasse;
954 4057 1079 4097 eum
1113 4040 1271 4112 igitur
1297 4038 1580 4096 confirmat
1636 4045 1880 4107 tempore
1922 4050 1989 4092 eo

392 4153 499 4210 quo
537 4135 638 4192 hos
667 4136 970 4206 composuit
1009 4133 1176 4189 libros
1196 4174 1211 4201 ,
1240 4146 1361 4188 cum
1394 4128 1733 4185 Montanistis
1774 4128 1949 4183 minus
1970 4168 1988 4198 ,

393 4247 552 4304 quam
566 4230 780 4288 caeteris
795 4228 1056 4286 sensisse.

935 4337 1327 4398 ARTICULUS
1356 4336 1422 4392 γ.

399 4437 597 4504 Quarta
634 4434 812 4490 classis
840 4432 1104 4498 librorum,
1123 4442 1337 4499 quorum
1363 4442 1463 4482 non
1492 4426 1591 4482 nisi
1618 4424 1993 4481 Montanismtts

1118 4510 1275 4554 natet.

1118 4516 1275 4573 patet.

346 4676 351 4683 ἱ
435 4600 464 4672 ς
509 4600 555 4654 1.
586 4629 654 4640 —-
681 4597 834 4652 Liber
870 4597 933 4651 de
959 4556 1235 4658 Patientia,
1270 4608 1357 4646 an.
1380 4590 1487 4647 200
1509 4590 1583 4646 vel
1608 4589 1706 4646 901
1739 4556 1958 4658 scriptas
2018 4585 2074 4647 1)

471 4690 643 4759 Quam
683 4689 753 4744 ob
800 4704 917 4744 rem
959 4686 1123 4742 etiam
1170 4682 1290 4751 hos
1316 4683 1613 4739 eximamus
1655 4695 1687 4735 e
1735 4678 1993 4735 librorum

399 4801 696 4865 monogamis
717 4799 953 4865 disponat.
979 4799 1109 4865 Quae
1122 4798 1283 4848 omnia
1300 4795 1600 4865 ostendunt,
1627 4793 1898 4846 Catholicos
1915 4805 1997 4841 se-

358 4858 367 4867 ’
403 4858 585 4915 ουηόεῖδ
625 4858 934 4927 sacerdotum
979 4858 1529 4927 nuptiasrepudiasse‘,
1570 4868 1786 4927 cum_ex
1827 4867 1999 4927 eorum

405 4926 673 4977 sententiis
709 4916 1061 4987 wiligat,_nec'
1091 4920 1233 4987 laicisr
1254 4916 1762 4987 hujustnodlpuptias
1797 4916 2000 4987 concedi

368 5012 381 5017 -
403 5001 566 5052 posse.
592 4990 663 5052 Ac
695 5002 741 5036 (ε.
783 4981 860 5052 12.
900 4981 1176 5052 planissime
1199 4986 1267 5033 sic
1307 4981 1374 5033 ait
1405 4981 1667 5052 catholicos
1688 4981 2001 5052 argumenta-

404 5039 513 5100 ios:
540 5048 678 5114 Solos
711 5048 793 5114 qui
837 5039 947 5114 sunt
978 5045 1030 5097 in
1051 5040 1662 5114 clero__n_t_on£gant_iwjngo
1703 5039 1998 5114 adstringit;

405 5124 521 5180 ergo
552 5110 607 5163 id
642 5103 1285 5180 natiumnibnsprtescribit.
1311 5103 1498 5180 Deinde
1534 5103 1999 5180 hang-“consttut-io;

405 5162 539 5230 ne‘in.
565 5187 659 5238 qua
681 5172 885 5223 sublatae
901 5162 1006 5222 sint
1019 5171 1248 5220 secunda:
1270 5170 1472 5230 nuptia',
1491 5178 1586 5216 non
1605 5162 1886 5235 Paracleto,
1910 5162 2001 5231 sed

407 5235 600 5287 Christo
635 5237 835 5289 tribuit,
877 5242 930 5284 et
968 5233 1168 5283 adhibet
1211 5229 1427 5289 Apostoli
1476 5229 1641 5289 verba,
1687 5238 1771 5289 qut
1814 5222 2002 5289 plenius

407 5270 862 5364 ξίδιςξσξηξῃῖῑξξά.
878 5270 2003 5364 ῑᾷυξῖιὶ”ῖιῖὶί.’τζὲἔὶῗίρέίῖδῖἶέν,ξξῖέίῗξιέθὲξξὲέ

406 5351 701 5423 matrimonii
712 5372 824 5423 desse
841 5351 1194 5423 oporteretqni
1216 5352 1485 5423 allegatum
1509 5352 1557 5399 in
1588 5351 2001 5423 eminensque)»

408 5421 635 5483 dotalem,
681 5422 802 5472 Tum
822 5411 983 5483 sthtim
1012 5411 1153 5483 addit
1175 5432 1193 5483 _:
1222 5411 1369 5483 usque
1400 5412 1526 5483 adeo
1546 5411 2002 5483 meminit/ignium

410 5472 776 5558 ἐφοβήαπ-
817 5481 967 5558 ιὶιξορ,
994 5480 1058 5558 (le
1097 5472 1999 5558 sanabis.992:$‘..i9§¢¥i?1.i-£€2

409 5537 714 5597 Montanistm
766 5537 853 5597 ne‘
880 5545 1053 5594 laicum
1102 5540 1300 5603 quidem
1356 5537 1676 5603 secundarum
1722 5537 2001 5603 nuptiarum

408 5620 548 5658 reum
560 5608 817 5670 tulissent.
840 5606 897 5657 In
921 5613 1087 5655 nostro
1109 5598 1246 5670 vero,
1261 5600 1366 5652 loco
1390 5601 1459 5670 sic
1480 5598 1692 5670 loquitur
1716 5600 2005 5670 tonantum

410 5668 679 5733 ιῐεῖινᾳιιαηξΔ
700 5667 844 5733 ﬁdei,
884 5674 1113 5733 quantum
1147 5664 1416 5733 obstrepunt
1450 5664 1692 5733 sanctitati
1718 5664 1905 5733 puplice
1927 5669 2004 5733 se-

897 5718 1140 5796 Ἐςοζρεὶω
1155 5733 1201 5778 et
1208 5718 1516 5796 priéscriptio
1536 5718 1752 5796 Appstolt'
1764 5718 2002 5796 declarat,

414 5803 525 5858 cum
544 5781 774 5858 dignata;
795 5781 1037 5858 transiuit
1069 5781 1503 5858 presidere_._cism
1537 5781 1736 5838 viduam
1750 5781 1916 5849 adlegi
1952 5781 2003 5833 in

409 5846 642 5920 ordini,
668 5868 761 5910 me:
782 5854 1044 5917 univirmn,
1066 5846 1158 5905 non
1178 5846 1411 5905 concedit.

1208 5721 1516 5797 πτώσετθριίο
1536 5725 1576 5792 4

2084 3328 2213 3386 item
2254 3331 2465 3400 nuptias
2502 3329 2750 3385 adulterii
2790 3329 3007 3384 nomine
3066 3325 3296 3383 traducit
3348 3341 3398 3382 c.
3442 3322 3528 3382 12.
3561 3325 3686 3395 luc-

2083 3419 2186 3476 diae
2260 3434 2328 3476 ex
2372 3421 2594 3476 arbitrio
2661 3429 2925 3490 suscepta:
2989 3417 3222 3475 maxima
3286 3416 3403 3473 laus
3442 3434 3505 3474 ex
3547 3418 3601 3473 h.
3643 3418 3681 3476 l.

2082 3516 2327 3571 cernitur
2374 3528 2421 3570 c.
2462 3515 2579 3571 13.;
2606 3514 2876 3587 Aﬁlictatio
2906 3514 3076 3569 carnis
3116 3513 3281 3568 hostia
3321 3511 3535 3567 Domino
3568 3513 3685 3583 pla-

2086 3608 2281 3663 catoria
2325 3624 2414 3679 per
2443 3609 2810 3663 Itamiliationis
2835 3608 3163 3678 sacriﬁcium,
3193 3621 3346 3678 quum
3376 3607 3551 3661 sordes
3571 3622 3686 3660 cum
3754 3627 3761 3633 κ

2086 3701 2325 3770 angustia
2371 3701 2529 3753 victus
2601 3699 2822 3754 Domino
2873 3699 2999 3753 libat
3044 3708 3277 3753 contenta
3325 3696 3547 3769 simplici
3589 3714 3685 3767 pa-

2088 3792 2207 3847 bulo
2273 3806 2498 3864 puroque
2558 3800 2715 3863 aqua!
2751 3800 2893 3863 potu,
2936 3806 3087 3863 quum
3147 3791 3352 3862 jcjunt’a
3399 3791 3682 3862 conjungit,

2088 3900 2245 3956 quum
2288 3885 2446 3939 cineri
2469 3892 2518 3940 et
2544 3899 2692 3939 sacco
2720 3884 2972 3939 inolescit.
3005 3882 3078 3938 De
3133 3881 3249 3953 fuga
3274 3881 3384 3953 jam
3414 3880 3545 3936 dixi.
3586 3880 3689 3937 Ne-

2090 3986 2209 4048 gata
2273 3977 2506 4047 denique
2556 3977 2779 4034 semotis
2818 3990 2846 4030 a
2892 3973 3162 4032 Societatc
3214 3987 3366 4029 sacra
3433 3980 3688 4043 peccato-

2093 4071 2246 4126 ribus
2319 4071 2472 4126 venia
2520 4080 2700 4124 nonne
2754 4075 2837 4122 est
2874 4066 2926 4121 in
2985 4065 3069 4120 his
3123 4064 3299 4120 verbis
3348 4076 3395 4119 c.
3457 4060 3543 4118 12.
3599 4061 3689 4131 ubi

2095 4180 2311 4222 omnem
2342 4175 2681 4234 peccatorum
2724 4174 2875 4233 Spem
2918 4176 3023 4215 non
3069 4158 3121 4213 iu
3152 4158 3305 4214 venia
3334 4157 3403 4213 ab
3435 4155 3691 4225 Ecclesia:

2095 4258 2370 4313 sodalibus
2411 4255 2699 4312 obtinenda
2736 4253 2920 4326 ponit,
2962 4249 3059 4307 sed
3096 4251 3149 4305 in
3193 4250 3365 4305 salute
3405 4263 3500 4312 ea,
3531 4261 3691 4318 quam

2096 4350 2374 4407 christiani
2436 4350 2626 4405 horum
2694 4332 3126 4403 emendationem
3179 4348 3555 4412 exspectantes
3605 4332 3694 4393 v'el

2102 4446 2421 4515 exoptarent
2461 4441 2545 4497 vel
2592 4447 2919 4502 exorarent;
2964 4443 3161 4507 przcter
3204 4430 3346 4503 quod
3395 4447 3424 4484 a
3466 4428 3695 4499 collegio

2103 4552 2261 4592 sacro
2301 4535 2736 4592 Montanistarum
2767 4528 3184 4600 esspectaudum
3230 4525 3360 4580 nihil
3388 4531 3502 4578 erat
3546 4519 3693 4593 (vide

2103 4630 2166 4683 de
2194 4626 2451 4683 Pudicitia
2476 4640 2524 4683 c.
2558 4629 2607 4681 1.
2640 4623 2825 4695 extr.).
2860 4623 2958 4689 Qui
2989 4619 3427 4675 Montanistarutn
3458 4624 3693 4680 errores,

2101 4725 2348 4792 quamvis
2373 4736 2476 4776 non
2505 4719 2709 4790 pOSsint
2733 4717 2831 4771 nisi
2855 4729 2952 4785 per
2972 4712 3213 4782 qumdant
3238 4706 3398 4763 veluti
3423 4705 3698 4761 involucra

2103 4816 2155 4870 in
2188 4816 2289 4869 hoc
2317 4814 2452 4867 libro
2482 4810 2741 4881 perspici;
2772 4814 2947 4860 tamen
2971 4819 3035 4859 ex
3064 4818 3130 4858 eo
3161 4800 3290 4855 nihil
3320 4798 3570 4865 efficitur,
3593 4796 3698 4853 nisi

2103 4905 2245 4978 quod
2264 4904 2349 4959 hic
2372 4902 2586 4958 libellus
2601 4901 2671 4954 sit
2687 4913 2751 4954 ex
2774 4912 2840 4953 eo
2866 4906 3131 4964 tempore,
3155 4909 3258 4963 quo
3287 4892 3371 4948 illa
3396 4889 3698 4946 Tertulliani

2103 4997 2377 5055 contentio
2423 4995 2475 5049 in
2523 4988 2876 5048 defendendis
2922 4986 3365 5043 Montanistarum
3415 4984 3565 5039 scitis
3614 4980 3699 5035 vel

2106 5091 2343 5148 nondum
2383 5090 2696 5151 ertarserat,
2729 5084 2812 5139 vel
2853 5082 3109 5137 reStincta
3154 5080 3334 5151 aliquo
3371 5076 3532 5132 modo
3558 5084 3695 5131 erat.

2105 5182 2470 5255 Etasigitur
2514 5179 2669 5249 hujus
2715 5174 2880 5232 libelli
2925 5190 3032 5231 non
3060 5175 3189 5229 satis
3216 5182 3361 5228 certa
3399 5180 3501 5225 est.
3541 5168 3697 5234 Quod

2106 5278 2421 5332 imminente
2462 5274 2572 5344 jam
2604 5269 2914 5326 christianis
2942 5266 3183 5338 periculo
3209 5264 3439 5332 scriptus
3468 5261 3559 5328 sit,
3589 5274 3695 5314 non

2104 5368 2389 5425 admodum
2432 5364 2710 5427 dubitem,
2755 5362 2952 5417 etenim
2997 5357 3173 5425 aliqua
3223 5353 3380 5430 liujds
3418 5350 3699 5407 sententia:

2104 5474 2210 5519 non
2236 5463 2414 5530 inepta
2438 5457 2574 5513 ratio
2601 5456 2652 5510 in
2679 5455 2793 5524 ipso
2818 5452 2939 5507 libri
2959 5457 3273 5519 argumento
3299 5444 3604 5518 quzcrenda.
3627 5444 3699 5498 At

2104 5571 2233 5611 vero
2261 5549 2609 5623 scripseritne
2650 5547 2799 5601 illum
2830 5542 3175 5598 Tertullianus
3201 5540 3340 5594 inter
3365 5546 3540 5593 metus
3566 5534 3698 5591 Sca-

2107 5646 2244 5716 pula:
2280 5644 2536 5698 adversus
2555 5638 2896 5700 christianos,
2920 5634 3218 5703 imperante
3243 5626 3528 5693 Caraeallo,
3549 5627 3697 5683 excio

2105 5744 2244 5794 talos
2263 5777 2277 5803 ,
2308 5732 2447 5805 quod
2478 5729 2667 5785 Atliaio
2698 5727 2927 5799 placuit,
2954 5739 3023 5780 an
3052 5724 3151 5780 sub
3178 5722 3386 5777 initium
3413 5717 3687 5776 calamita-

2103 5838 2217 5887 tum
2245 5826 2572 5899 publicarum
2592 5822 2691 5880 sub
2717 5818 2904 5879 Severo
2930 5818 3085 5891 Aug.,
3114 5829 3221 5888 quo
3248 5821 3487 5885 tempore
3511 5819 3564 5869 et
3592 5809 3686 5870 ille
