4250 6266
582 320 688 381 159

1647 330 2100 391 DlSSERTATlO
2137 333 2225 392 ne
2265 309 2746 394 venamur:

3767 348 3872 405 160

581 440 650 494 de
677 438 824 511 Fuga
861 439 913 495 itt
955 439 1325 511 persecutione
1352 441 1587 512 placidus
1629 446 1718 501 ille
1761 462 1867 500 non
1913 446 2092 502 minus
2117 457 2172 502 et
2200 452 2252 510 Α
2279 466 2399 506 rum
2428 491 2443 516 ,
2474 451 2666 523 quibus
2696 450 2972 508 christia'ni
2998 467 3027 508 a
3057 451 3288 508 Deorum
3317 453 3611 513 cultoribus
3649 457 3870 529 objicie-

585 535 856 604 mitigatus
878 536 1293 590 commentarius
1316 537 1509 606 prodiit
1535 581 1550 603 ,
1579 539 1629 595 id
1657 555 1816 596 nemo
1846 540 2000 597 facile
2025 542 2174 600 dixe.

582 627 684 683 rit:
714 641 879 696 quare
905 626 969 681 ad
1000 628 1162 683 alium
1192 638 1544 686 transeamus.

585 760 614 832 §
670 760 724 814 2.
757 789 828 800 —
855 760 1007 815 Liber
1045 763 1106 818 de
1139 765 1366 820 vetandis
1417 765 1705 837 Virginibus
1730 809 1744 831 ,
1790 769 1877 836 qui
1919 779 1992 822 est
2026 768 2178 840 facile

881 853 1126 908 librorum
1156 855 1625 913 Montanisticorutn
1649 861 1861 931 primus.

653 987 750 1043 Est
780 989 823 1043 is
847 991 910 1045 de
931 992 1154 1048 nefandis
1195 993 1488 1067 Virginibus
1516 997 1668 1062 liber,
1695 1015 1853 1069 quem
1879 1000 1943 1054 ad
1971 1003 2177 1070 primos

580 1095 824 1136 errorum
856 1083 1089 1139 Montani
1135 1087 1322 1156 plenos
1374 1089 1642 1159 pertinere
1704 1107 1809 1145 non
1887 1093 2174 1150 admodum

580 1173 787 1228 dubito.
817 1175 947 1229 Nam
977 1177 1046 1232 de
1077 1179 1170 1232 illo
1197 1196 1296 1234 nos
1328 1181 1578 1236 hrcsitare
1609 1200 1713 1238 non
1755 1185 1881 1238 sinit
1910 1186 2175 1240 creberri-

581 1281 669 1320 ma
705 1265 960 1321 Paracleti
1023 1285 1280 1340 nova-quc
1309 1273 1426 1339 ejus
1456 1273 1755 1344 disriplinne
1785 1292 2169 1332 commemOta.

582 1357 694 1421 tio;
745 1367 801 1411 ιιι
844 1375 909 1413 ne
940 1376 1160 1416 necesse
1191 1364 1402 1432 quidem
1434 1366 1503 1418 sit
1546 1367 1624 1419 vel
1657 1367 1773 1421 libri
1807 1368 1958 1422 istius
1989 1369 2177 1423 simili-

581 1449 818 1505 tudinem
880 1469 998 1529 cum
1047 1454 1110 1508 iis
1157 1455 1219 1509 de
1261 1443 1410 1510 Cultu
1450 1460 1750 1528 feutiuarum
1778 1501 1791 1521 ,
1841 1460 1931 1529 qui
1976 1470 2099 1514 sunt
2145 1475 2177 1517 e

581 1525 1023 1602 blonlanistartim
1087 1549 1402 1618 disciplina,
1463 1552 1545 1605 vel
1602 1553 1967 1622 obscurioreut
2021 1554 2176 1608 unius

581 1637 814 1706 coniugii
868 1638 962 1708 (c.
1013 1640 1066 1693 5.
1103 1639 1514 1710 )defcnsionem
1577 1643 1796 1699 referre.
1853 1646 1988 1714 Qttid
2028 1647 2173 1700 enim

582 1728 670 1782 illa
721 1730 1042 1798 significatio
1115 1735 1518 1801 revelationum,
1576 1738 1800 1806 quibus,
1856 1747 1912 1791 ιιι
1965 1739 2038 1793 ait
2087 1738 2176 1793 ille

581 1833 630 1873 c.
694 1820 806 1884 17..
865 1820 1125 1878 Dominus
1179 1826 1458 1880 Velaminis
1528 1828 1694 1894 spatia
1771 1838 2002 1883 ructatus
2055 1829 2175 1884 est?

582 1910 718 1978 Quid
786 1914 993 1968 novitas
1055 1917 1446 1983 correctionis,
1490 1935 1647 1989 quam
1717 1919 1834 1990 lege
1899 1903 2020 1975 lidei
2069 1923 2086 1992 (
2119 1921 2170 1976 in

585 2002 844 2073 Symbolo
876 2007 1172 2073 ap0stulieo
1211 2011 1620 2078 Comprehensa)
1653 2021 1935 2075 manente,
1979 2022 2173 2068 cmtcra

581 2094 878 2166 disciplina:
909 2110 962 2153 et
989 2103 1446 2166 conversationis,
1481 2115 1738 2172 operante
1781 2117 1834 2161 et
1864 2103 2174 2175 proliciente

583 2207 752 2262 usque
800 2194 851 2247 in
900 2193 1058 2250 finem
1091 2197 1261 2266 gratia
1323 2198 1432 2260 Dei,
1459 2197 1741 2253 admittant
1775 2198 1866 2272 (c.
1900 2217 1938 2255 ι.
1966 2199 2012 2269 )?
2035 2200 2174 2268 Quid

583 2285 673 2339 ille
739 2284 1079 2352 Paracletus,
1132 2303 1290 2359 quem
1365 2290 1569 2344 miserit
1618 2291 1902 2356 Dominus,
1937 2304 1994 2346 ut
2048 2309 2177 2363 pau-

583 2375 731 2431 latim
776 2378 1097 2447 dirigeretur
1141 2392 1193 2435 ct
1224 2380 1288 2435 ad
1332 2380 1624 2451 perfectum
1679 2385 2062 2454 perduceretur
2089 2387 2174 2440 di-

581 2469 802 2539 sciplina
854 2470 1242 2546 (ibid.)?Quid
1292 2476 1564 2529 enarratio
1611 2485 1827 2530 relatum
1878 2477 2174 2550 disciplina:

581 2559 909 2626 christiantc,
943 2566 993 2616 itt
1025 2565 1438 2634 quibnsjttstitia
1469 2567 1687 2622 demum
1721 2585 1814 2637 per
1846 2568 2175 2624 Paracletum

582 2655 949 2724 Cotnponcnda
985 2658 1054 2710 sit
1086 2657 1136 2711 itt
1169 2659 1566 2715 maturitatem?
1595 2661 1755 2729 Quid,
1788 2664 2023 2731 inquam,
2061 2663 2177 2719 lucc

581 2747 758 2800 Omnia
790 2748 931 2802 aliud
953 2790 968 2815 ,
1000 2765 1156 2818 qnam
1190 2749 1561 2806 Tertullianunt
1591 2753 1823 2808 Montani
1853 2755 2173 2826 discipulum

584 2841 882 2894 testantur?
907 2842 1009 2898 Sed
1039 2859 1212 2914 neque
1238 2846 1363 2899 illud
1394 2849 1561 2917 magis
1587 2849 1871 2904 obscurum
1900 2861 1978 2904 est
2007 2893 2020 2915 ,
2071 2852 2178 2922 pri-

581 2946 725 2984 mum
759 2930 901 2987 hunc
951 2933 1062 2988 fere
1111 2939 1294 2990 laetum
1349 2953 1467 2992 esse
1519 2956 1677 3008 quem
1708 2942 2024 3010 coniunctus
2053 2959 2174 3000 cum

582 3021 916 3078 Montanistis
961 3026 1208 3082 ediderit.
1253 3027 1492 3100 Namque
1521 3073 1536 3097 ,
1590 3045 1644 3086 ut
1691 3034 1758 3087 ab
1806 3035 1907 3090 hoc
1953 3037 2172 3106 ordiar,

581 3113 757 3169 nullus
789 3115 901 3172 fere
931 3127 1009 3172 est
1039 3119 1177 3174 inter
1204 3135 1394 3177 omnes
1417 3123 1534 3192 ejus
1564 3123 1964 3182 Moutanisticos
1995 3130 2128 3184 liber
2157 3172 2172 3196 ,

2277 543 2490 610 bantur,
2518 545 2842 600 mentionem
2865 546 3153 616 injecisset,
3181 547 3295 618 ipse.
3316 548 3476 603 etiam
3495 548 3866 618 Tertullianus,

2276 637 2364 705 qui
2393 637 2525 690 nihil
2557 638 2695 691 solet
2723 640 2973 694 omittere
2999 655 3205 694 caussa:
3245 638 3356 696 suae
3402 643 3720 712 proficuum,
3744 662 3867 703 cunt

2276 728 2404 783 illud
2433 739 2804 800 argumentum
2833 732 2882 785 itt
2913 732 3062 787 libris
3103 733 3165 788 de
3189 733 3341 788 Cultu
3370 737 3676 806 feminarum
3703 741 3870 795 nostri

2277 820 2539 875 similibus
2560 821 2888 888 adhibuerit,
2923 833 3100 879 tamen
3125 824 3211 880 hic
3240 841 3306 880 ne
3334 841 3442 881 uno
3463 827 3676 897 quidem
3705 832 3870 887 verbo

2279 927 2372 968 cas
2393 914 2465 967 ait
2493 915 2786 970 exstitisse.
2813 919 2926 982 Qua
2955 933 3019 971 cx
3046 934 3102 972 re
3128 919 3303 989 colligi
3332 929 3528 990 potest,
3555 937 3678 976 eum
3705 925 3875 995 scrip-

2280 1013 2390 1058 tum
2421 1021 2540 1060 esse
2563 997 2694 1073 tum,
2718 1022 2839 1062 cum
2867 1008 3064 1062 talibus
3090 1009 3242 1064 malis
3271 1027 3376 1064 non
3395 1022 3574 1067 essent
3597 1012 3872 1070 christiani

2279 1098 2542 1167 oppressi.
2567 1099 2725 1168 Atqui
2753 1115 2873 1154 cum
2894 1115 3014 1156 cum
3041 1100 3336 1156 dixerimus
3354 1105 3708 1175 compositum
3751 1123 3873 1165 esse

2280 1200 2562 1264 postquam
2617 1189 2965 1245 Tertullianus
3025 1207 3083 1246 sc
3129 1192 3465 1250 Montanistis
3513 1198 3824 1266 adiunxerat
3855 1240 3870 1262 ,

2278 1293 2499 1350 apparet
2573 1293 2812 1338 nostrum
2872 1285 3067 1339 librum
3145 1303 3248 1340 non
3305 1303 3461 1357 posse
3515 1291 3870 1361 antiquiorem

2279 1387 2400 1428 esse
2419 1389 2559 1427 anno
2573 1373 2701 1441 CC.,
2725 1377 2976 1444 quoniam
3003 1375 3372 1432 Tertullianum
3395 1380 3523 1435 alibi
3549 1380 3872 1439 docebamns

2279 1480 2345 1520 eo
2370 1479 2513 1520 anno
2539 1466 2604 1521 ad
2629 1455 2988 1522 Montanistas
3007 1471 3321 1536 transiisse;
3353 1487 3527 1542 neque
3555 1475 3721 1529 multo
3749 1489 3872 1543 pos-

2281 1557 2528 1611 teriorem
2556 1559 2739 1622 etiam,
2768 1573 2888 1612 cum
2917 1575 3058 1614 anno
3083 1560 3238 1616 CCII.
3267 1563 3600 1621 calamitates
3630 1581 3656 1618 a
3683 1566 3872 1622 Seuero

2278 1648 2521 1703 excitata:
2557 1648 2670 1718 jam
2708 1651 2948 1721 ceperint
2989 1651 3218 1706 initium.
3259 1653 3363 1709 Sed
3404 1670 3526 1710 eum
3556 1656 3748 1712 librum
3778 1673 3873 1713 no-

2283 1741 2476 1798 luimus
2517 1743 2655 1798 inter
2694 1744 2812 1798 illos
2853 1743 3056 1801 referre
3085 1787 3099 1812 ,
3139 1763 3367 1818 quorum
3402 1759 3534 1804 tetas
3574 1750 3872 1808 certissime

2205 1841 2252 1903 Β
2279 1844 2549 1889 eottstaret
2589 1845 2868 1904 propterea
2890 1878 2905 1901 ,
2947 1837 3090 1906 quod
3129 1839 3484 1907 conjectando
3515 1842 3682 1912 magis
3709 1857 3867 1913 quant

2277 1927 2529 1981 adhibitis
2567 1927 2885 1982 certissimis
2922 1931 3407 2002 argumentis,ejtts
3447 1942 3733 2002 potuerunt
3773 1950 3868 1989 na-

2279 2022 2412 2076 tales
2433 2021 2704 2075 constitui.
2957 2023 2960 2026 ⁴

2279 2154 2306 2227 §
2357 2157 2411 2210 '5.
2440 2186 2510 2195 —
2536 2155 2686 2210 Liber
2730 2155 2792 2210 de
2835 2153 3204 2212 Exhortatione
3244 2157 3501 2214 Castitatis
3543 2173 3682 2213 anno
3735 2157 3859 2215 201.

2953 2258 3210 2305 exaralus.

2348 2383 2530 2454 Neque
2556 2399 2684 2441 vero
2712 2386 2781 2440 ita
2810 2384 2980 2440 multo
3008 2392 3126 2452 post
3155 2382 3341 2454 scripti
3373 2381 3624 2438 videntur
3650 2381 3770 2437 libri
3797 2382 3829 2436 ii
3850 2419 3865 2445 .

2277 2475 2471 2544 quibus
2518 2474 2842 2531 domesticas
2889 2475 3330 2530 Montanistarum
3371 2463 3640 2529 doctrinas
3674 2489 3706 2528 a
3734 2489 3866 2529 con-

2281 2575 2482 2636 temptu
2510 2577 2564 2622 ct
2589 2569 2790 2638 impetu
2820 2569 3100 2623 contraria:
3131 2568 3294 2636 partis
3331 2566 3604 2620 vindicare
3630 2565 3828 2620 studuit
3852 2605 3868 2632 ,

2277 2659 2464 2728 quales
2495 2672 2620 2715 sunt
2645 2661 2708 2714 de
2738 2660 3105 2714 Exhortatione
3131 2657 3398 2722 castitatis,
3432 2657 3496 2710 de
3518 2653 3869 2728 Monogamia,

2279 2749 2342 2804 de
2369 2750 2626 2820 Jeiuniis,
2680 2752 2837 2820 deque
2879 2750 3143 2805 Pudicitia
3181 2749 3684 2804 commentationes.
3734 2750 3874 2815 Quas

2279 2856 2398 2910 esse
2426 2857 2614 2897 omnes
2651 2844 2835 2912 plenas
2873 2857 3117 2898 errorum
3171 2839 3440 2906 Montani,
3472 2854 3631 2894 nemo
3655 2847 3739 2893 est
3776 2837 3868 2907 qui

2279 2932 2596 2996 dubitet;et
2626 2950 2718 2989 eas
2763 2934 2861 2988 hoc
2909 2932 3022 2988 fere
3067 2942 3330 3002 tempore,
3382 2931 3436 2984 lt.
3479 2946 3530 2985 e.
3583 2931 3683 2985 sub
3713 2930 3876 2984 initiis

2280 3024 2620 3080 Mt‘intanistni
2673 3025 2910 3096 Septimii
2949 3025 3250 3094 prodiisse,
3301 3021 3533 3077 dubitari
3573 3022 3661 3076 vix
3705 3019 3876 3089 magis

2261 3129 2472 3189 potest.
2505 3119 2654 3186 Quod
2701 3129 3010 3188 utrumque,
3037 3117 3277 3188 singulos
3318 3116 3415 3170 hos
3441 3115 3606 3170 libros
3653 3129 3874 3183 pereur-

581 3209 634 3263 in
662 3226 768 3280 quo
792 3212 1051 3281 majorem
1083 3215 1186 3269 vim
1216 3215 1468 3271 adhibeat
1499 3217 1563 3272 ad
1592 3219 1982 3276 defendendam
2023 3222 2174 3278 disci-

2282 3211 2478 3278 rendo,
2511 3212 2741 3267 breviter
2767 3212 3114 3274 docebimus,
3152 3225 3218 3265 nc
3258 3209 3371 3264 hme
3402 3218 3593 3264 nostrze
3619 3207 3867 3275 scriptio-

583 3300 777 3369 plinam
808 3302 1251 3361 Montanistarum
1281 3323 1309 3360 a
1337 3309 1489 3379 culpa
1517 3311 1767 3368 novitatis
1790 3355 1804 3376 ,
1835 3329 1993 3382 quam
2045 3313 2088 3368 is
2109 3313 2177 3370 de

578 3407 685 3462 quo
709 3396 986 3464 qua'ritur,
1020 3398 1281 3466 imprimis
1329 3409 1462 3455 seet.
1512 3402 1564 3456 1.
1591 3403 1681 3468 2.;
1727 3405 1868 3473 quod
1897 3415 2043 3460 certe
2081 3406 2176 3460 dat

582 3483 759 3537 locum
809 3489 1115 3556 suspicandi
1172 3507 1276 3544 non
1328 3492 1505 3562 ine-pte
1561 3493 1930 3550 Tertullinnum
1987 3497 2172 3565 hunc,

579 3589 737 3644 quam
758 3577 983 3642 primum
1003 3597 1061 3633 se
1077 3580 1762 3652 Montanistisadjnnxcrat,
1783 3590 2171 3652 composuisse,

525 3665 538 3672 ’
580 3682 636 3724 ut
667 3671 872 3726 crimen
921 3690 950 3727 a
997 3689 1056 3728 sc
1102 3691 1358 3730 novarum
1406 3693 1585 3732 rerum
1619 3692 1939 3736 removeret.
1983 3681 2092 3737 Nec
2121 3683 2172 3737 in

581 3761 689 3814 ullo
715 3761 819 3816 alio
845 3765 1014 3834 magis
1040 3764 1251 3820 videtur
1280 3767 1604 3821 Puractetutu
1631 3769 1852 3840 ejusque
1879 3772 2174 3841 disciplina:

577 3857 814 3911 divinam
851 3859 1108 3929 originem
1143 3859 1451 3923 defendere,
1491 3862 1589 3915 nisi
1622 3865 1672 3916 in
1698 3863 1796 3917 hoc
1827 3863 1981 3930 ipso;
2014 3881 2172 3934 quam

579 3963 684 4002 non
741 3948 901 4004 modo
941 3951 1261 4020 agnitionem
1309 3951 1564 4006 Paracteti
1593 3997 1608 4019 ,
1660 3955 1752 4009 sed
1807 3956 2172 4012 defensionem

579 4053 700 4093 cum
755 4041 884 4095 alibi
932 4041 1105 4108 (adv.
1169 4042 1446 4109 Praxcam,
1499 4061 1548 4100 c.
1609 4047 1708 4116 Ι.)
1753 4049 1895 4102 dicat
1937 4065 1996 4106 se
2057 4051 2169 4105 dis-

573 4132 819 4202 jttnxissc
861 4149 891 4187 a
948 4132 1234 4204 Psyclticis,
1289 4136 1440 4189 facile
1488 4150 1571 4192 cst
1615 4139 1906 4203 intellectu,
1932 4151 2172 4198 nostrum

578 4226 808 4292 librum,
857 4228 908 4281 in
950 4243 1056 4296 quo
1099 4228 1444 4285 vehementer
1489 4246 1609 4285 eum
1652 4233 1866 4301 quidem
1893 4235 2169 4303 defendit,

579 4317 720 4371 inter
752 4319 1036 4388 primordia
1085 4322 1342 4390 temporis
1390 4321 1458 4375 ab
1487 4323 1601 4391 ipso
1641 4324 1779 4393 apud
1826 4325 2174 4383 MontaniStas

578 4411 681 4466 acti
709 4419 984 4466 exaratum
1033 4411 1214 4467 fuisse.
1249 4416 1421 4484 Atque
1471 4415 1598 4468 illud
1647 4417 1953 4472 confirmari
1991 4419 2175 4474 multis

567 4504 910 4573 argumentis
937 4521 1040 4559 non
1076 4505 1446 4574 probabilitate
1476 4507 1745 4564 destitutis
1769 4519 1961 4580 potest.
1999 4511 2172 4566 Primo

578 4597 679 4651 sub
718 4597 820 4650 isto
861 4597 977 4666 ipso
1018 4611 1258 4666 tempore
1297 4601 1478 4669 scripti
1517 4611 1643 4655 sunt
1679 4601 1798 4656 libri
1837 4603 1900 4656 de
1927 4601 2076 4656 Cultu
2105 4607 2174 4675 fe-

579 4691 854 4755 minarttut,
898 4699 956 4746 ut
992 4691 1096 4745 alio
1137 4691 1252 4746 loco
1290 4677 1694 4762 disptttuhamtis
1719 4739 1732 4758 ,
1767 4696 1850 4750 isti
1883 4711 2009 4750 vero
2039 4700 2174 4765 ejus-

578 4782 700 4836 dem
759 4799 927 4854 prOpc
983 4793 1110 4838 sunt
1166 4801 1286 4839 cntn
1348 4796 1531 4840 nostro
1571 4780 1890 4856 argumenti.
1937 4787 2169 4856 Deinde,

578 4888 699 4927 cum
734 4876 952 4930 haberet
979 4878 1316 4932 occasionem
1348 4879 1476 4934 satis
1504 4890 1859 4950 apportttnatn
1887 4881 2172 4937 iuvehendi

579 4967 826 5020 severius
854 4967 904 5020 in
928 4968 1238 5023 orthodoxte
1267 4970 1520 5025 Ecclesia:
1551 4973 1883 5028 addietorum
1907 5015 1922 5039 ,
1955 4973 2177 5028 nonhttl-

583 5058 755 5112 lorum
785 5058 976 5113 saltem
996 5099 1010 5123 ,
1040 5059 1092 5114 in
1119 5061 1360 5118 velandis
1401 5063 1706 5134 Virginibus
1729 5067 2174 5122 consuetudinem

581 5152 904 5206 contrariam
931 5167 1042 5207 sua:
1066 5195 1080 5217 ,
1115 5162 1291 5209 tamen
1326 5155 1410 5210 hic
1459 5157 1628 5212 multo
1676 5159 1967 5214 modestius
1999 5160 2176 5231 dispu-

583 5251 695 5307 tat,
730 5260 887 5314 quam
940 5246 990 5299 in
1047 5245 1168 5300 aliis
1233 5248 1323 5316 qui
1379 5260 1502 5304 sunt
1541 5251 1854 5306 orthodoxis
1899 5255 2172 5324 oppositi,

553 5385 556 5388 .
581 5335 722 5404 quod
749 5375 764 5397 .
794 5336 893 5390 nisi
923 5337 1062 5405 qttod
1092 5338 1350 5394 vellemus
1380 5339 1715 5409 admittatur,
1746 5353 2011 5413 conceptu
2034 5344 2176 5398 diffi-

581 5425 683 5478 cile
711 5440 832 5480 esse
860 5428 1082 5498 quisque
1123 5429 1266 5485 dicet
1296 5472 1310 5495 ,
1361 5431 1452 5502 qui
1497 5433 2020 5489 vehementissimam
2051 5435 2175 5490 Ter-

583 5514 787 5569 tulliani
815 5517 864 5569 in
895 5517 1229 5575 defendendo
1260 5521 1617 5577 Montanismo
1659 5523 1821 5578 animi
1851 5527 2173 5582 commodo-

583 5623 706 5666 nem
764 5609 979 5667 aliunde
1026 5614 1304 5671 intellexit.
1365 5616 1628 5687 Denique,
1681 5621 1890 5674 tametsi
1946 5621 2173 5676 multum

585 5703 876 5773 profuisset
902 5722 1126 5769 caussae.
1160 5709 1312 5779 cujus
1350 5711 1400 5765 itt
1435 5713 1570 5766 libro
1591 5721 1776 5767 nostro
1806 5712 2173 5770 defensionem

583 5807 925 5871 susceperat,
955 5800 1000 5857 si
1026 5801 1388 5864 calamitatum
1438 5803 1765 5877 publicarum
1813 5815 1864 5865 ct
1914 5807 2175 5880 periculo-

2283 3305 2365 3357 nis
2391 3320 2512 3372 pars
2536 3346 2549 3368 ,
2594 3306 2839 3373 quamvis
2869 3304 2936 3356 ah
2963 3303 3080 3357 aliis
3107 3302 3268 3357 ctiam
3301 3311 3542 3363 tractata,
3571 3299 3866 3354 desiderari

2279 3394 2541 3450 videatur.
2571 3395 2704 3450 Sunt
2735 3411 2862 3450 vero
2890 3396 3001 3467 isti:
3025 3396 3067 3449 si
3099 3395 3224 3464 quid
3256 3395 3432 3458 video,
3465 3393 3655 3449 eodem
3682 3391 3872 3448 ordine

2278 3487 2440 3550 editi,
2474 3502 2580 3556 quo
2618 3501 2725 3541 eos.
2754 3478 3162 3548 ctiarravintus;
3208 3485 3277 3539 ita
3324 3497 3382 3538 ut
3430 3485 3621 3540 horum
3671 3484 3876 3553 primus

2277 3581 2446 3636 videri
2473 3583 2635 3651 possit
2663 3583 2726 3647 is,
2751 3583 2839 3652 qui
2863 3591 2943 3638 est
2970 3581 3032 3634 de
3062 3580 3426 3635 Exhortatione
3475 3579 3741 3632 castitatis.
3775 3576 3876 3644 Qui

2277 3675 2490 3744 quidem
2515 3693 2620 3729 non
2653 3675 2885 3731 refertur
2913 3677 2981 3729 ab
3025 3674 3072 3728 11
3085 3675 3344 3744 ierongtno
3393 3671 3584 3744 (Catal.
3621 3671 3868 3740 scriptor.

2281 3767 2428 3822 Eccl.
2465 3783 2514 3820 c.
2551 3768 2666 3837 55.)
2719 3768 2770 3821 in
2813 3782 3036 3822 numero
3087 3767 3341 3820 librorum
3405 3780 3543 3833 quos
3594 3763 3658 3816 ad
3687 3762 3877 3817 defen-

2279 3858 2452 3913 denda
2498 3858 2732 3912 Montani
2773 3859 2904 3913 scita
2951 3859 3295 3914 Tertulhanus
3326 3857 3726 3925 composuerit;
3754 3863 3881 3909 sunt

2277 3953 2436 4006 etiam
2487 3953 2537 4006 itt
2586 3951 2688 4007 hoc
2731 3953 2871 4006 libro
2917 3969 3032 4021 qua-
3097 3967 3210 4005 rem
3264 3966 3367 4003 non
3415 3949 3546 4004 Satis
3589 3947 3878 4003 excutienti

2278 4045 2603 4113 persuadere
2651 4055 2903 4114 possent,
2941 4042 3173 4098 nondum
3213 4051 3323 4096 tttm
3350 4041 3418 4095 de
3466 4042 3552 4095 illa
3591 4039 3877 4110 disciplina

2277 4153 2399 4190 eum
2443 4136 2646 4191 fuisse:
2691 4135 2784 4190 sed
2825 4151 2887 4190 ea
2915 4137 3128 4206 quidem
3167 4147 3289 4189 sunt
3316 4135 3536 4190 leviora.
3567 4133 3698 4188 Nam
3737 4131 3878 4202 quod

2277 4227 2624 4298 Hieronymus
2650 4228 2702 4282 in
2746 4227 2919 4282 indice
2961 4227 3152 4282 horum
3180 4228 3435 4281 librorum
3487 4235 3729 4281 nostrum
3769 4240 3880 4280 non

2279 4320 2511 4385 habeat,
2548 4320 2707 4389 hujus
2737 4322 2814 4376 rei
2853 4331 3032 4391 potest
3076 4323 3192 4374 haec
3223 4319 3358 4374 ratio
3388 4333 3546 4384 esse,
3589 4317 3729 4387 quod
3768 4331 3878 4372 non

2276 4415 2503 4469 voluerit
2545 4429 2862 4469 enumerare
2918 4413 3016 4466 nisi
3047 4413 3212 4467 libros
3242 4427 3359 4480 eos,
3389 4427 3525 4481 quos
3569 4407 3876 4479 Opponendi

2278 4506 2591 4561 ortltodoxis
2649 4505 2928 4560 consilium
2983 4503 3300 4559 Tertulliano
3363 4504 3497 4569 fuit,
3542 4503 3586 4558 is
3639 4515 3769 4556 vero
3813 4500 3881 4555 de

2278 4597 2645 4652 Exhortatione
2703 4596 2950 4650 castitatis
3001 4596 3136 4651 liber
3175 4611 3279 4651 non
3320 4597 3385 4652 iis
3423 4595 3702 4666 oppositus
3741 4601 3825 4648 est
3853 4633 3871 4661 ,

2277 4691 2371 4746 sed
2411 4691 2644 4762 scriptus
2683 4689 2749 4744 ad
2787 4689 3089 4745 docendum
3132 4689 3356 4745 fratrem
3419 4690 3602 4744 nescio
3669 4701 3829 4758 quem
3859 4726 3878 4752 ,

2276 4799 2435 4854 quem
2469 4799 2575 4837 non
2634 4789 2740 4836 tant
2781 4781 3062 4836 confutare
3099 4781 3167 4836 de
3208 4782 3409 4852 nuptiis
3449 4779 3758 4848 repetendis
3796 4793 3884 4832 co-

2277 4877 2531 4946 gitantcm
2576 4873 2783 4941 voluit,
2827 4891 2986 4944 quam
3017 4873 3085 4928 ad
3116 4872 3440 4929 omittendas
3499 4874 3629 4926 istas
3679 4870 3881 4926 adhor-

2289 4968 2411 5022 tari.
2462 4967 2729 5022 Praeterea
2771 4983 2878 5022 non
2917 4967 3164 5038 equidem
3198 4967 3435 5032 inficior,
3475 4967 3604 5019 satis
3647 4965 3732 5019 l.ic
3759 4981 3880 5018 me-

2278 5060 2464 5115 dcstitc
2493 5071 2547 5115 ct
2589 5060 2707 5129 plus
2748 5075 2868 5115 csse
2889 5075 3047 5135 quam
3075 5061 3125 5114 in
3154 5061 3367 5116 caeteris
3387 5102 3401 5125 ,
3433 5058 3523 5129 qui
3572 5056 3874 5111 doetrinam

2278 5155 2508 5225 aliquant
2566 5154 3008 5209 Montanistarum
3071 5153 3387 5222 disitutant,
3471 5154 3644 5223 ipsum
3706 5150 3870 5206 etiam

2279 5246 2650 5301 Tcrtulliauunt
2705 5246 2756 5300 itt
2799 5245 2899 5301 hoc
2953 5246 3092 5301 libro
3142 5246 3374 5302 suadere
3413 5247 3581 5316 magis
3635 5255 3688 5300 et
3744 5243 3877 5299 utile

2280 5337 2670 5407 honestumque
2725 5337 2906 5392 dicere
2952 5353 3113 5392 unum
3167 5337 3509 5408 coniugium,
3553 5352 3712 5407 quam
3749 5349 3876 5405 pcr-

2281 5431 2468 5486 fcctam
2498 5429 3015 5486 intermittendarum
3048 5430 3402 5484 secundarum
3436 5430 3740 5499 nuptiarum
3771 5441 3874 5481 ne-

2278 5523 2583 5578 cessitatem
2633 5522 2951 5586 defendere;
3015 5522 3156 5578 unde
3201 5523 3456 5594 colligere
3489 5522 3610 5592 quis
3649 5529 3870 5592 posset,

2280 5631 2402 5671 eum
2427 5614 2713 5671 inclinasse
2735 5613 2874 5670 forte
2896 5656 2911 5682 ,
2957 5613 3051 5669 sed
3084 5629 3183 5668 nec
3231 5625 3340 5669 tuin
3383 5628 3441 5670 sc
3473 5613 3774 5686 applicasse
3805 5611 3876 5667 ad

2281 5718 2458 5779 partes
2489 5707 2928 5764 Montanislarum
2952 5747 2966 5769 ,
2995 5705 3444 5775 quemadmodum
3474 5714 3527 5760 et
3565 5703 3694 5761 illud
3732 5704 3784 5758 in
3814 5702 3879 5756 li-

2285 5804 2394 5861 bris
2434 5803 2500 5857 ad
2535 5801 2757 5860 Uxorem
2797 5799 3044 5876 superius
3073 5797 3324 5861 diximus.
3364 5788 3435 5861 Al
3463 5797 3565 5856 ista
3609 5794 3876 5855 modestia
