4242 6264
323 346 430 402 {Gl

1225 341 1314 427 {lC
1353 345 1695 407 DOCTRINA
1736 343 2174 408 SCRIPTORUM
2207 340 2696 406 TERTULLIANI.

3512 341 3617 403 I62

321 461 653 532 facilitasque
692 457 810 530 ejus
842 465 1062 530 apparet
1105 459 1265 516 etiam
1312 464 1363 518 in
1409 466 1528 522 aliis
1579 468 1729 523 libris
1770 468 1911 522 haud
1947 469 1999 527 Α
2025 467 2216 530 tuales,
2239 467 2308 521 ita
2331 461 2882 536 propteragnitioncm
2901 457 3277 516 charismatum
3295 460 3617 531 appellatos,

326 562 488 619 dubie
524 570 761 628 tempore
809 571 876 613 eo
912 558 1154 628 scriptis,
1201 575 1306 630 quo
1344 561 1452 631 jam
1497 578 1557 620 se
1610 565 1914 635 disciplina:

329 654 568 711 Montani
594 650 877 706 dediderat
903 694 918 718 ,
964 660 1016 705 et
1056 649 1368 708 admiranda
1411 671 1516 710 non
1557 657 1716 712 nimis
1754 667 1835 713 est
1870 658 1923 710 in

326 747 464 803 libro
505 745 635 810 tali,
670 745 761 814 qui
799 754 882 798 est
919 744 1086 798 instar
1116 747 1358 814 epistolae
1402 751 1686 814 suasoriae,
1720 753 1773 805 in
1818 767 1926 821 qua

327 839 568 894 solemus
584 836 656 890 uti
679 834 1036 899 summissiori
1066 837 1378 908 placidaque
1395 839 1650 908 dictione,
1671 857 1734 896 ac
1751 843 1896 912 scrip
1911 875 1923 881 -

332 939 416 986 tus
444 930 652 984 videtur
678 942 784 982 non
823 927 889 982 ad
919 927 1150 998 aliquem
1199 929 1641 988 Montanistarum
1671 977 1684 998 ,
1719 936 1807 1004 qui
1840 948 1929 989 sc-

332 1023 544 1078 veriore
569 1021 848 1090 disciplina
881 1020 1248 1077 delectabatur
1268 1065 1282 1087 ,
1313 1025 1410 1080 sed
1439 1025 1504 1081 ad
1529 1029 1812 1097 quemdam
1859 1029 1928 1085 de

331 1113 570 1171 Ecclesia
627 1111 1050 1181 orthodoxorum
1113 1111 1409 1170 hominem.
1471 1115 1634 1186 Cujus
1694 1118 1769 1172 rei
1822 1133 1926 1172 non

332 1208 564 1263 obscura
593 1215 676 1261 est
701 1205 750 1278 in
781 1203 1058 1275 principiis
1085 1205 1203 1261 libri
1231 1207 1565 1277 signiﬁcatio,
1597 1210 1681 1263 ubi
1710 1209 1926 1265 fratrem

331 1299 480 1355 illum
524 1297 600 1351 ait
627 1297 744 1369 sine
786 1295 952 1350 dubio
979 1296 1042 1350 de
1078 1297 1214 1350 exitu
1255 1299 1619 1370 singular-italis
1648 1300 1729 1368 (h.
1779 1317 1828 1356 e.
1861 1302 1928 1358 de

331 1389 700 1448 reslaurandis
745 1389 971 1459 nuptiis)
1020 1391 1276 1460 cogitare;
1306 1391 1444 1460 quod
1489 1392 1626 1446 haud
1675 1394 1787 1448 scio
1814 1435 1829 1457 ,
1861 1410 1929 1449 an

331 1497 440 1538 non
463 1481 623 1536 cadat
648 1480 701 1534 in
729 1494 852 1534 eum
902 1481 988 1549 qui
1018 1494 1136 1534 cum
1164 1480 1495 1536 Montanistis
1526 1498 1630 1536 non
1665 1483 1930 1554 legitimas

341 1574 570 1646 putabat
620 1575 882 1628 secundas
926 1573 1153 1643 nuptias.
1189 1573 1370 1642 Neque
1395 1591 1494 1645 ego
1539 1577 1726 1644 ignoro
1774 1593 1930 1632 seruo

330 1669 522 1738 pulum
557 1665 865 1721 Tillemontii
891 1668 949 1734 (1.
981 1682 1031 1723 c.
1066 1681 1115 1734 p.
1149 1665 1325 1737 202.),
1356 1669 1444 1738 qui
1477 1679 1530 1725 et
1557 1686 1802 1738 magnam
1831 1673 1931 1726 sibi

330 1758 483 1829 ﬁngit
537 1758 678 1812 inter
719 1757 859 1811 hunc
906 1766 958 1812 et
1001 1758 1064 1812 de
1105 1757 1435 1828 Monogamia
1484 1763 1929 1817 commentarium

2025 558 2257 625 denique
2310 558 2360 611 in
2391 554 2762 627 impugnandis
2811 551 3059 607 secundis
3099 553 3294 622 nuptiis
3337 565 3621 611 consumat

2031 651 2378 715 universum,
2432 663 2535 701 non
2583 659 2802 701 necesse
2865 653 2948 698 est
2995 644 3177 699 multis
3234 643 3374 699 hunc
3418 645 3614 702 librum

2029 754 2272 795 asserere
2299 737 2704 817 Montanisticis.
2736 735 2841 790 Sed
2873 735 3084 804 paulmn
3127 736 3275 802 juvat
3314 736 3364 789 in
3407 745 3620 806 tempus

2030 835 2214 902 scripti
2235 833 2394 904 hujus
2415 834 2784 909 con'nnentarii
2810 833 3099 904 inquirere.
3123 832 3254 887 Cum
3274 833 3420 888 illum
3444 833 3619 888 locum

2033 923 2190 978 Pauli
2254 941 2360 996 quo
2427 926 2801 980 abstinentiam
2851 941 2881 978 a
2928 925 3123 994 nuptiis
3172 925 3362 979 suadet
3408 935 3625 995 propter

2033 1017 2280 1088 injuriam
2313 1017 2451 1071 illius
2478 1017 2756 1086 temporis,
2784 1031 2891 1087 quo
2916 1016 3142 1084 subjecti
3168 1015 3445 1072 christiani
3471 1025 3626 1072 erant

2033 1113 2390 1184 periculorum
2457 1115 2793 1184 perpetuitati
2821 1154 2836 1178 ,
2869 1111 3215 1166 Tcrtullianus
3244 1113 3309 1165 ad
3380 1126 3625 1168 caussam

2038 1219 2191 1258 suam
2247 1205 2633 1267 contorsisset,
2677 1204 2838 1275 magis
2887 1220 3058 1269 nunc,
3114 1203 3294 1268 addit,
3327 1213 3523 1271 tempus
3574 1205 3628 1257 in

2033 1297 2244 1351 collecto
2287 1307 2359 1350 est
2401 1297 2420 1367 (
2465 1312 2513 1352 c.
2560 1299 2614 1350 5.
2642 1295 2662 1367 )
2690 1340 2705 1363 ,
2741 1311 2913 1362 neque
2967 1295 3049 1349 his
3108 1296 3235 1365 ipsis
3300 1295 3480 1351 verbis
3532 1295 3629 1351 ob-

2037 1403 2194 1444 scure
2235 1389 2499 1458 signiﬁcat
2539 1404 2784 1458 magnam
2835 1397 3204 1458 tempestatem
3255 1389 3625 1445 calamitatum

2035 1489 2147 1534 tum
2173 1522 2186 1545 ,
2219 1497 2338 1536 cum
2382 1480 2449 1535 de
2496 1481 2828 1550 utonogamia
2870 1481 3167 1545 scriberet,
3222 1481 3273 1534 in
3302 1480 3625 1535 christianos

2036 1573 2275 1628 irruisse.
2307 1571 2457 1640 Quod
2486 1574 2692 1626 etiamsi
2719 1572 2839 1642 quis
2889 1572 3092 1626 diceret
3128 1573 3288 1626 etiam
3313 1573 3417 1626 dici
3444 1589 3474 1626 a
3499 1571 3624 1626 Ter-

2038 1666 2252 1719 tulliano
2287 1666 2524 1736 potuisse
2568 1665 2709 1719 nulla
2761 1665 2933 1718 adhuc
2983 1664 3288 1720 calamitate
3339 1665 3545 1734 publica
3575 1664 3629 1720 in

2037 1757 2359 1812 christianos
2384 1759 2644 1811 existente
2670 1799 2683 1824 ,
2717 1757 2842 1810 illud
2869 1768 3044 1810 tamen
3071 1758 3237 1811 multo
3265 1767 3348 1813 est
3375 1757 3626 1827 probabi-

333 1827 852 1912 dissiutilitudittetn,
881 1864 1000 1918 qua:
1025 1849 1165 1903 nulla
1199 1827 1311 1905 fere
1331 1861 1416 1906 est
1447 1864 1591 1909 recte
1615 1855 1927 1922 attendemi,
1962 1827 2010 1886 B
2041 1851 2142 1904 lius
2197 1861 2476 1920 propterea
2518 1849 2658 1920 quod
2684 1850 2970 1904 admodum
2999 1852 3248 1906 credibile
3276 1862 3355 1906 est
3381 1894 3396 1919 ,
3422 1852 3632 1906 Tertul-

334 1953 390 1998 et
417 1942 737 2012 prmteritam
766 1940 979 1995 silentio
1000 1941 1238 1997 Montani
1256 1946 1570 2014 memoriam
1591 1949 1834 2004 miratur.
1869 1951 1934 2003 At

336 2051 404 2091 ne
443 2035 707 2107 appellem
762 2035 907 2112 illum
937 2035 1152 2104 locum,
1195 2053 1354 2107 quem
1384 2056 1487 2094 non
1525 2057 1838 2112 expressum
1881 2044 1932 2098 in

335 2128 482 2183 libris
522 2129 720 2182 nostris
762 2111 1020 2198 Rigaltius
1065 2128 1158 2200 (in
1192 2139 1304 2184 not.
1356 2130 1423 2185 ad
1467 2130 1518 2185 h.
1562 2111 1605 2186 I.
1661 2149 1711 2203 p.
1764 2136 1934 2207 114.)

338 2220 598 2284 reatituit,
631 2221 684 2274 in
727 2235 830 2290 quo
860 2236 1087 2274 summae
1135 2219 1393 2277 Priscilch
1415 2265 1430 2288 ,
1481 2225 1618 2279 vatis
1645 2226 1935 2283 Montanis.

341 2313 462 2367 ticae
487 2355 500 2376 ,
552 2312 730 2367 laudes
772 2313 1149 2377 continentur,
1210 2329 1315 2370 non
1350 2314 1536 2371 fuisset
1564 2319 1857 2388 prudentia:
1885 2321 1935 2377 ei

338 2403 557 2458 laudare
584 2402 922 2469 Montanum,
972 2405 1060 2474 qui
1112 2405 1395 2474 repudiare
1437 2408 1550 2475 ejus
1595 2408 1933 2480 disciplinam

336 2494 633 2549 videbatur.
663 2494 768 2549 Sed
796 2497 841 2548 si
871 2510 974 2565 qua
999 2506 1080 2549 est
1106 2497 1265 2550 etiam
1296 2496 1399 2550 alia
1427 2496 1690 2552 dubitatio
1716 2541 1730 2565 ,
1789 2501 1938 2554 omni

345 2587 418 2642 illi
446 2586 643 2657 opponi
677 2595 872 2656 potest,
898 2601 1001 2641 non
1025 2587 1196 2641 solum
1221 2601 1448 2652 summa,
1474 2590 1632 2644 etiam
1661 2591 1728 2646 ad
1749 2595 1933 2660 verba,

340 2679 635 2736 similitudo
675 2695 798 2734 cum
828 2679 964 2734 libro
991 2680 1055 2746 de
1087 2678 1416 2751 Monogamia
1437 2723 1450 2747 ,
1482 2698 1641 2753 quem
1675 2683 1787 2739 fere
1815 2685 1935 2740 libri

340 2760 509 2842 nostri
563 2787 750 2842 posses
797 2771 979 2827 dicere
1042 2779 1347 2844 παράᾳρασιν
1381 2791 1394 2839 ;
1425 2775 1516 2830 sed
1579 2793 1787 2847 quoque
1838 2779 1932 2845 id,

338 2865 479 2936 quod
525 2875 608 2920 est
661 2880 712 2920 c.
769 2864 850 2919 6:
891 2864 1024 2918 Deus
1073 2866 1457 2935 in'primortlio
1514 2879 1782 2924 sementem
1849 2888 1937 2942 ge-

341 2958 475 3011 neris
516 2958 678 3011 emisit
719 2957 935 3010 indultis
977 2958 1330 3028 conjugiorum
1359 2959 1586 3028 habenis,
1611 2961 1768 3015 donec
1788 2980 1936 3016 utun-

343 3048 437 3102 dus
474 3049 786 3119 repleretur,
829 3051 989 3102 donec
1027 3065 1168 3103 nova:
1205 3049 1488 3122 disciplina:
1526 3056 1740 3108 materia
1778 3057 1935 3126 proﬁ-

347 3149 522 3203 ceret;
579 3157 716 3193 nunc
757 3156 871 3193 vero
909 3140 1000 3193 sub
1038 3142 1432 3197 extremitatibus
1470 3154 1752 3214 temporum
1795 3163 1933 3200 com-
1963 3179 2008 3240 ρ

343 3233 526 3302 pressit
570 3232 706 3304 quod
753 3233 1021 3296 emiserat,
1073 3243 1119 3286 et
1176 3236 1420 3288 revocavit
1460 3237 1595 3304 quod
1634 3237 1934 3294 indulserat.

344 3321 528 3391 Neque
573 3337 697 3377 vero
743 3334 826 3379 est
870 3339 899 3378 a
946 3323 1168 3379 veritate
1215 3326 1385 3395 magis
1425 3327 1696 3394 alienmn,
1743 3329 1935 3385 librum

347 3422 592 3470 nostrum
635 3413 745 3469 fere
789 3415 1016 3484 primum
1047 3416 1228 3473 dicere
1258 3434 1444 3472 eorum
1466 3461 1478 3482 ,
1510 3435 1734 3489 quorum
1766 3422 1935 3492 ipsum

349 3513 722 3576 argumentum
749 3518 986 3562 versatur
1033 3507 1087 3562 in
1118 3507 1468 3564 defendendis
1497 3509 1936 3592 Montanistarmn

342 3598 638 3652 erroribus.
668 3595 798 3651 Nam
829 3599 891 3653 de
921 3598 1251 3672 Monognmia
1283 3601 1478 3656 librum
1511 3618 1614 3658 non
1655 3619 1938 3673 possumus

337 3689 530 3745 eodem
557 3732 571 3753 ,
603 3705 723 3745 cum
759 3700 949 3748 nostro
972 3734 988 3758 ,
1041 3702 1283 3763 tempore
1327 3694 1582 3765 scriptum
1630 3698 1938 3755 existimare

340 3790 618 3850 propterea
645 3780 812 3851 quod,
843 3784 920 3837 uti
972 3783 1306 3851 dicebamus,
1339 3797 1421 3840 est
1452 3802 1674 3856 prorsus
1695 3791 1934 3859 ejusdem

336 3872 655 3941 argumenti.
688 3872 893 3929 Deinde
917 3883 1156 3929 nostrum
1182 3875 1394 3931 videtur
1422 3877 1768 3937 Tertullianus
1792 3883 1937 3952 prius

336 3962 618 4032 scripsisse
642 4004 657 4028 ,
688 3979 850 4034 quam
883 3965 1027 4018 illum
1054 4005 1068 4030 ,
1101 3966 1214 4036 qui,
1247 3969 1290 4022 si
1312 3969 1423 4036 jam
1456 3972 1770 4038 exstitisset,
1805 3988 1931 4027 cum

336 4068 397 4109 se
419 4053 484 4109 ad
503 4065 744 4123 nostrum
762 4056 1100 4111 scribendum
1129 4059 1450 4129 accingeret,
1479 4064 1642 4116 nostri
1666 4064 1936 4120 scribendi

336 4145 481 4199 nulla
511 4144 801 4201 necessitas
828 4146 1056 4211 fuisset,
1111 4149 1204 4204 sed
1237 4151 1450 4205 fratrem
1483 4152 1626 4207 illum
1679 4155 1940 4224 potuisset

337 4240 406 4296 ad
439 4242 884 4298 commentarium
928 4243 992 4298 de
1020 4243 1346 4316 Monogamio
1415 4257 1663 4318 tanquam
1718 4251 1784 4304 ad
1841 4266 1937 4321 pu-

334 4333 474 4390 blice
503 4334 700 4390 editam
728 4334 1142 4406 diSputationem
1167 4339 1460 4394 remittere.
1492 4338 1596 4396 Sed
1626 4352 1866 4402 nostrum
1890 4345 1938 4400 si

339 4426 486 4495 prius
545 4425 806 4495 scriptum
865 4441 986 4482 esse
1039 4427 1402 4494 arbitremur,
1482 4447 1586 4487 non
1643 4441 1847 4502 poterat
1893 4435 1938 4490 is

2039 1941 2232 1995 linnum
2267 1943 2445 1996 statim
2473 1941 2572 1995 sub
2617 1941 2822 1995 initium
2867 1942 3095 2010 suscepti
3138 1941 3479 1996 Montanismi
3514 1943 3632 1996 ani-

2041 2053 2187 2091 mum
2239 2036 2305 2091 ad
2357 2035 2512 2106 hujus
2559 2034 2852 2103 disciplina:
2900 2034 3197 2089 doctrinam
3244 2034 3632 2092 defendendam

2038 2131 2326 2201 appulisse.
2371 2127 2425 2183 Id
2469 2127 2513 2181 si
2545 2143 2729 2182 verum
2769 2128 2866 2190 sit,
2915 2126 3097 2181 incidit
3125 2127 3363 2196 profecto
3387 2127 3471 2182 hic
3501 2127 3634 2182 liber

2041 2224 2093 2278 in
2126 2239 2186 2278 ea
2221 2234 2458 2293 tempora
2484 2263 2496 2286 ,
2535 2222 2726 2291 quibus
2752 2221 2860 2290 jam
2906 2221 3041 2292 ignis
3071 2222 3431 2274 calamitatum
3465 2221 3637 2291 publi-

2039 2330 2222 2370 carum
2265 2315 2404 2369 inter
2449 2313 2772 2368 christianos
2812 2323 3106 2367 exarserat.
3158 2312 3267 2367 lloc
3313 2314 3470 2381 igitur
3516 2312 3634 2368 loco

2039 2407 2164 2460 dum
2223 2406 2524 2475 requiratur
2580 2404 2750 2474 qualis
2786 2406 2996 2459 vexatio
3023 2404 3434 2459 christianorum
3482 2406 3636 2460 intel-

2041 2498 2247 2568 ligcnda
2290 2501 2392 2558 sit,
2444 2497 2800 2552 demonstrari
2848 2499 2946 2551 ista
2987 2497 3131 2551 nullo
3179 2499 3388 2564 negotio
3439 2505 3631 2566 potest.

2040 2589 2170 2644 Nam
2204 2599 2324 2660 post
2361 2589 2664 2642 Tertulliani
2693 2588 2755 2642 ad
2800 2575 3144 2643 Moittanistas
3183 2588 3540 2643 secessionem
3570 2601 3632 2642 ea

2041 2692 2262 2751 repente
2284 2682 2486 2735 exstitit
2508 2697 2685 2736 rerum
2713 2680 3057 2750 pertttrbatio,
3076 2696 3234 2750 quam
3259 2679 3474 2735 Severus
3494 2680 3628 2751 Aug.

2041 2775 2218 2829 edicto
2264 2789 2360 2828 suo
2403 2775 2783 2828 concitaverat.
2821 2775 2992 2842 Atque
3041 2772 3154 2826 haec
3183 2789 3302 2827 cum
3334 2785 3531 2842 ecepta.
3565 2775 3631 2828 A.

2040 2863 2190 2920 CCII.
2225 2864 2336 2920 fere
2363 2874 2481 2936 post
2507 2881 2703 2920 annum
2732 2865 2906 2918 CCIV.
2937 2865 3191 2930 desierit,
3222 2864 3510 2935 scriptique
3529 2866 3637 2919 sint

2041 2967 2162 3028 post
2193 2958 2384 3012 librum
2417 2969 2656 3012 nostrum
2686 2957 2804 3011 libri
2835 2958 2896 3010 de
2919 2956 3144 3028 Jejuniis
3167 2998 3181 3022 ,
3213 2957 3378 3026 deque
3419 2957 3635 3011 Pudici-

2041 3054 2133 3118 tia,
2160 3067 2264 3108 non
2292 3053 2482 3106 librum
2506 3063 2745 3106 nostrum
2765 3052 3083 3107 abhorretin
3107 3068 3302 3106 annum
3327 3051 3438 3106 fere
3457 3049 3634 3108 CCIII.
3673 3111 3679 3130 ι

2042 3145 2331 3212 eonjicere.
2375 3144 2559 3214 Neque
2585 3159 2713 3199 vero
2749 3157 2941 3197 vereor
2968 3144 3091 3197 huic
3136 3143 3458 3213 subjungere
3485 3143 3635 3198 illum

2041 3235 2105 3288 de
2129 3235 2350 3305 Jejuniis
2392 3235 2584 3289 librum
2613 3276 2627 3298 ,
2673 3250 2830 3304 quem
2867 3235 3214 3302 posteriorem
3247 3249 3367 3289 esse
3415 3234 3551 3288 libro
3577 3236 3640 3289 de

2044 3326 2372 3395 Monogomia
2405 3335 2460 3380 et
2495 3327 2716 3381 alteram
2755 3325 2914 3380 veluti
2964 3325 3336 3394 disputationis
3377 3324 3638 3380 adversus

2041 3420 2330 3492 Psychicos
2360 3430 2600 3491 partem,
2636 3421 2841 3474 initium
2873 3420 3023 3474 istiUs
3054 3419 3174 3473 libri
3206 3420 3334 3474 satis
3364 3419 3590 3474 ostendit
3619 3462 3634 3487 ,

2041 3514 2321 3585 ipsumque
2347 3513 2475 3567 illud
2500 3514 2654 3568 docet
2680 3529 2783 3567 non
2822 3514 2889 3566 ita
2919 3514 3088 3568 multo
3110 3522 3229 3583 post
3259 3513 3408 3568 illum
3434 3495 3635 3570 editum

2041 3623 2070 3662 a
2107 3607 2420 3662 Tertulliano
2452 3606 2637 3662 fuisse.
2689 3608 2780 3662 Est
2811 3607 2967 3676 igitur
2996 3607 3041 3660 is
3071 3609 3283 3677 quoque
3323 3608 3374 3662 in
3422 3608 3634 3678 publica

2041 3701 2269 3772 quadam
2313 3703 2594 3756 vexatione
2635 3701 2941 3770 expositus,
2985 3716 3145 3772 quam
3176 3701 3475 3771 significare
3515 3703 3638 3758 hinc

2043 3793 2186 3860 inde,
2208 3794 2370 3849 veluti
2398 3795 2448 3849 in
2473 3804 2708 3850 extrema
2733 3794 2852 3848 libri
2883 3804 3053 3864 parte,
3082 3795 3324 3858 videtur;
3343 3810 3441 3851 nec
3465 3803 3641 3866 potest

2043 3885 2298 3940 vindicari
2327 3900 2356 3938 a
2385 3885 2719 3940 Montanisnti
2749 3885 3073 3953 suspicione,
3095 3901 3201 3940 non
3231 3885 3390 3940 modo
3422 3895 3639 3956 propter

2041 3975 2188 4031 illam
2221 3975 2338 4032 libri
2369 3984 2601 4041 aetatem,
2626 3975 2721 4030 sed
2743 3986 2958 4046 propter
2976 3975 3235 4030 Parocleti
3255 3979 3415 4032 etiam
3449 3977 3638 4032 defen-

2041 4073 2339 4139 sionem,c.
2385 4073 2473 4128 I0.
2522 4087 2570 4126 c.
2629 4073 2716 4127 11.
2778 4087 2826 4125 c.
2882 4072 2968 4126 15.
3023 4082 3079 4126 et
3140 4071 3337 4126 bellum
3377 4069 3642 4143 Psyclticis

2043 4167 2252 4237 publice
2270 4167 2321 4222 in
2374 4165 2475 4222 hoc
2523 4167 2657 4223 libro
2699 4167 2972 4222 indictum.
3017 4167 3144 4222 Post
3176 4167 3442 4221 huncruna
3477 4176 3641 4222 restat

2042 4261 2421 4315 commentatio
2466 4259 2730 4331 Psychicts
2760 4258 2937 4313 studio
2967 4259 3237 4328 opposita,
3263 4274 3329 4313 ea
3369 4257 3635 4325 videlicet,

2041 4362 2124 4408 est
2145 4353 2204 4405 de
2226 4368 2342 4421 qum
2362 4350 2887 4406 Pudicitiainstituta.
2907 4351 3078 4418 Quam
3096 4366 3216 4406 esse
3231 4361 3415 4406 contra
3434 4351 3636 4406 adver-

2045 4445 2214 4498 sarios
2248 4443 2688 4498 Montanistarnm
2725 4445 2978 4515 scriptam
2997 4459 3404 4513 nemounquam
3426 4445 3640 4500 dubita-

338 4520 702 4576 eommendari
734 4519 1045 4591 Psychicis;
1075 4521 1336 4592 siquidem
1367 4540 1472 4578 non
1529 4524 1740 4594 publice
1778 4536 1894 4583 erat
1919 4570 1933 4596 ,

2044 4538 2138 4602 vit,
2159 4553 2257 4593 nec
2279 4538 2522 4593 dubitare
2548 4540 2665 4609 quis
2689 4548 2860 4609 potest
2883 4549 3160 4609 propterea
3200 4540 3340 4609 quod
3371 4541 3483 4608 ipse
3513 4537 3642 4594 illud

337 4612 437 4668 sed
485 4615 691 4683 privato
731 4617 888 4671 alicui
935 4617 1260 4687 propositus.
1312 4618 1550 4690 Denique
1591 4622 1938 4678 ostendemus

339 4715 525 4774 postea
551 4746 567 4770 ,
615 4707 806 4763 librum
837 4708 905 4763 de
947 4707 1278 4778 Monogamio
1306 4724 1427 4766 esse
1456 4710 1567 4767 fere
1597 4712 1697 4768 sub
1729 4713 1938 4768 initium

339 4795 702 4852 calamitatum
754 4799 821 4854 ab
867 4799 984 4868 ipso
1038 4799 1237 4854 Severo
1278 4801 1341 4854 A.
1397 4799 1546 4858 CCII.
1593 4803 1941 4862 cxcitatarnm

338 4887 600 4957 scriptum
627 4929 642 4955 ,
688 4897 1021 4960 ceterosque
1073 4890 1340 4961 Psychicis
1387 4894 1632 4949 consulto
1661 4898 1938 4967 oppositos

340 4979 666 5049 posteriores
709 4995 829 5037 esse
870 4996 939 5037 eo
979 4983 1041 5036 de
1095 4981 1466 5056 Monogamia;
1499 4986 1677 5056 itaque
1722 5004 1943 5046 necesse

340 5080 424 5126 est
450 5071 676 5128 credere
699 5113 714 5136 ,
745 5083 984 5129 nostrum
1009 5073 1076 5130 de
1108 5073 1475 5130 Exhortatione
1490 5079 1736 5133 castitatis
1753 5079 1943 5136 librum

331 5160 473 5217 illos
491 5172 654 5219 aetate
669 5163 782 5219 fere
801 5179 1078 5235 superare.

387 5295 415 5366 §
446 5297 502 5352 4.
527 5327 600 5339 -—-
622 5296 767 5352 Libri
814 5299 878 5354 de
902 5298 1234 5371 Monogamia
1256 5343 1271 5369 ,
1297 5302 1521 5374 Jejuniis
1542 5314 1588 5360 et
1615 5304 1877 5362 Pudicitia
1899 5350 1915 5376 ,

851 5407 971 5446 ann.
1002 5391 1110 5448 203
1149 5394 1346 5477 scripti.

420 5525 738 5582 Devolvitur
759 5543 888 5599 ergo
913 5531 1085 5585 oratio
1123 5541 1303 5588 nostra
1351 5534 1417 5588 ad
1452 5535 1598 5604 illum
1642 5535 1709 5591 de
1760 5535 1943 5591 Mono-

343 5619 515 5688 gomia
543 5618 770 5674 librum:
793 5620 846 5676 in
872 5637 979 5691 quo
1001 5637 1124 5678 cum
1144 5625 1315 5681 ubivis
1340 5624 1620 5696 Psyclticos
1638 5626 1943 5699 redarguat,

346 5705 679 5764 Paracletum
706 5722 982 5770 auctorem
1000 5729 1155 5771 suum
1188 5716 1260 5790 (c.
1289 5717 1344 5772 4.
1379 5720 1498 5773 init.
1526 5735 1644 5790 cap.
1679 5721 1766 5776 14.
1794 5725 1956 5800 emt.)

345 5813 480 5856 cum
512 5817 644 5858 nova
684 5805 960 5878 pr0phetia
986 5809 1267 5885 decantet,
1298 5827 1531 5884 suosque
1574 5825 1757 5888 crepet
1785 5817 1948 5889 spiri-

2043 4629 2272 4684 Tertull.
2300 4645 2467 4700 seque
2489 4631 2718 4684 alienum
2735 4646 2763 4682 a
2795 4631 3051 4684 societate
3072 4630 3450 4700 Psyehieorum
3484 4630 3645 4698 proli-

2046 4723 2332 4775 tetur.c.l.
2362 4736 2410 4776 c.
2429 4722 2480 4777 6.
2505 4737 2555 4774 c.
2574 4721 2657 4774 10.
2677 4735 2726 4774 e.
2752 4721 2838 4775 16.
2867 4732 2919 4775 et
2940 4720 3342 4790 cmt.)Suntqne
3365 4720 3530 4774 multa
3559 4719 3642 4776 vel

2045 4811 2182 4866 libro
2206 4813 2305 4882 ipsi
2335 4813 2589 4882 impressa
2627 4814 2714 4881 (c.
2735 4812 2824 4865 22.
2850 4812 2869 4884 )
2896 4814 2977 4867 vel
3006 4813 3224 4869 aliunde
3273 4822 3417 4870 certa
3467 4816 3642 4887 signa,

2047 4903 2221 4974 qualia
2244 4899 2423 4958 Orsius
2449 4903 2468 4976 (
2475 4902 2500 4956 1
2506 4922 2536 4956 ιι
2559 4904 2681 4957 diss.
2709 4905 2771 4957 de
2791 4920 2913 4973 pace
2935 4917 2982 4958 et
2998 4904 3213 4959 absolut.
3234 4907 3529 4976 capitalium
3548 4910 3645 4963 cri-

2049 4998 2243 5049 minum
2273 5012 2303 5048 a
2327 4995 2576 5049 catholica
2604 4994 2834 5049 Ecclesia
2858 4995 3014 5050 tribus
3043 4997 3293 5063 prioribus
3315 5000 3513 5054 sarculis
3536 5017 3637 5054 non

2051 5086 2313 5158 denegata,
2344 5087 2419 5157 (e.
2448 5087 2501 5140 4.
2529 5087 2750 5157 digress.
2784 5087 2834 5141 5.
2865 5103 2920 5158 p.
2949 5088 3073 5144 120.
3097 5089 3202 5160 sq.)
3232 5090 3501 5160 produxit,
3527 5107 3647 5161 qua:

2053 5194 2157 5232 non
2177 5177 2462 5232 admodum
2482 5179 2836 5234 recentiorem
2862 5181 2999 5236 hunc
3023 5182 3216 5237 librum
3239 5183 3633 5236 calamitatibus

2053 5285 2081 5323 a
2110 5271 2307 5325 Severo
2335 5269 2746 5324 Christianorum
2774 5272 2985 5326 familiae
3014 5272 3248 5336 inflictis,
3268 5289 3465 5327 annum
3488 5274 3649 5343 igitur
3717 5327 3720 5329 Α

2055 5361 2283 5416 natalem
2300 5361 2456 5433 hujus
2470 5363 2587 5418 libri
2604 5363 2710 5418 fere
2721 5362 2995 5418 CCIV.aut
3008 5374 3322 5433 sequentem
3336 5365 3644 5420 ostendunt.

2056 5542 2085 5615 §
2127 5545 2180 5600 5.
2215 5544 2444 5600 —Libri
2484 5548 2722 5602 adversus
2747 5547 3026 5608 Praxeam,
3055 5546 3422 5619 Hermogenem
3449 5592 3464 5620 ,
3500 5559 3547 5606 et
3587 5511 3676 5606 de

2340 5640 2550 5706 Anima,
2585 5657 2719 5695 anno
2756 5642 2881 5697 204.
2928 5641 3006 5695 vel
3049 5640 3174 5698 205.
3199 5642 3339 5698 editi.

2135 5817 2243 5878 llos
2271 5820 2503 5878 nondum
2549 5820 2660 5879 fere
2699 5821 2863 5880 libros
2903 5833 3088 5881 contra
3119 5825 3414 5886 Ecclesiam
3455 5829 3641 5888 ortho-
