4250 6266
579 363 683 421 163

1637 353 2082 418 DISSER'I‘ATIO
2122 351 2211 413 DE
2247 347 2434 410 VERA
2472 348 2729 410 £TATE
2814 342 2827 358 ’

3763 349 3867 408 164

571 475 766 536 doxam
797 471 1127 540 confecerat,
1160 484 1281 526 cum
1313 468 1402 526 alii
1431 485 1488 526 se
1514 472 1698 542 generi
1739 471 2162 541 disputationum
2192 463 2245 530 Α
2269 472 2444 520 exstat
2469 507 2484 532 ,
2513 468 2753 522 adversus
2783 463 3101 522 Marcionem
3123 462 3382 534 secundo,
3407 476 3457 521 c.
3486 463 3566 533 6.,
3595 466 3868 534 occurrit;

574 571 836 627 adversus
867 567 1144 621 hmretieos
1185 563 1426 619 dederet.
1458 563 1698 632 Namque
1744 564 1934 618 horum
1966 562 2165 618 doctri-

575 675 673 718 nas
720 657 871 714 libris
913 657 1093 712 statim
1141 655 1241 709 sibi
1291 655 1548 724 subjectis
1579 654 1953 709 Tertullianum
1985 653 2170 722 exagi-

579 763 720 809 tasse
743 791 759 817 ,
792 764 897 803 non
937 747 1190 804 abhorret
1226 761 1256 801 a
1303 762 1432 809 vero
1457 787 1472 814 ,
1504 747 1757 818 quoniam
1805 746 1905 816 ipsi
1948 745 2000 800 hi
2049 744 2171 800 libri

579 841 820 902 eamdem
864 839 979 898 fere
1008 849 1220 896 aetatem
1266 855 1454 911 magna
1503 840 1603 896 sub
1643 839 1830 898 Severo
1871 837 2173 896 calamitate

577 935 990 992 Christianorum
1023 933 1178 1004 paulo
1216 935 1567 1005 posteriorem
1606 933 1876 1003 produnt;
1909 940 1964 987 et
1989 932 2033 986 si
2055 930 2174 1002 quis

577 1027 899 1098 conjectura:
925 1025 1132 1082 dandus
1162 1034 1243 1081 est
1272 1025 1419 1084 locus
1439 1067 1453 1091 ,
1487 1040 1592 1080 non
1621 1026 1798 1095 inepte
1825 1024 1944 1094 quis
1971 1022 2175 1077 Tertul-

581 1123 777 1174 lianum
807 1126 1127 1176 concentum
1159 1132 1282 1172 cum
1327 1132 1451 1171 vera
1481 1117 1717 1172 Ecclesia
1745 1131 1900 1170 suum
1932 1115 1984 1170 iu
2016 1111 2178 1172 rebus

579 1213 646 1268 ad
667 1211 822 1268 ﬁdem
845 1208 1235 1279 pertinentibus
1259 1208 1386 1278 ipsis
1409 1207 1492 1262 his
1513 1207 1768 1262 doctrinis
1791 1205 2054 1262 adversus
2077 1204 2179 1258 ha:-

581 1305 777 1360 rcticos
793 1301 1145 1378 defendendis
1168 1300 1490 1356 conﬁrmare
1513 1301 1749 1356 voluisse
1779 1299 1998 1356 diceret.
2025 1298 2100 1354 Ac
2123 1297 2177 1353 in

581 1395 664 1450 his
681 1395 830 1449 libris
851 1393 992 1450 nulla
1015 1392 1224 1448 videtur
1239 1393 1508 1464 antiquior
1541 1392 1829 1462 disputatio
1853 1391 1939 1444 illa
1963 1405 2081 1460 quae
2098 1397 2182 1444 est

582 1486 841 1542 adversus
866 1486 1121 1540 Praxeam
1143 1500 1163 1548 ;
1189 1499 1311 1540 nam
1341 1495 1395 1538 et
1426 1484 1637 1538 videtur
1663 1483 1819 1553 paulo
1842 1492 1965 1536 ante
1985 1481 2180 1538 librqu

583 1589 758 1634 contra
787 1578 1166 1632 Valentinianus
1190 1577 1488 1646 conscripta
1507 1621 1520 1644 ,
1549 1592 1810 1647 nusquam
1834 1575 1975 1632 enim
2001 1575 2051 1628 iu
2081 1574 2182 1628 hoc

583 1664 895 1741 Autiprax'ea
918 1713 930 1733 ,
964 1671 1206 1740 quamvis
1233 1684 1608 1737 saepenumero
1640 1667 2020 1722 Valentinianus
2037 1680 2184 1721 com-

587 1773 876 1824 memoret,
903 1760 968 1818 ad
989 1759 1566 1814 librumValentinianis
1585 1759 1884 1829 Oppositum
1911 1765 2185 1826 provocat,

2272 559 2365 613 sed
2399 569 2573 629 potest
2590 561 2750 616 etiam
2777 577 2808 617 a
2838 560 3158 620 Tertulliano
3192 577 3331 617 unus
3377 561 3636 618 librorum
3685 571 3873 618 contra

2275 649 2590 710 Marcionem
2619 653 3015 728 deperditorum
3052 655 3300 725 intelligi.
3333 653 3388 709 Si
3417 653 3544 709 illud
3577 655 3830 710 statueris
3853 696 3868 722 ,

2273 744 2374 798 erit
2391 744 2454 798 de
2473 744 2656 800 Anima
2677 747 2898 817 scriptio
2917 747 3184 817 posterior
3204 763 3346 802 anno
3369 745 3619 814 CCVIII.;
3643 748 3724 802 sin
3748 749 3872 814 hoc,

2278 845 2454 907 potest
2491 839 2652 894 etiam
2702 848 2827 896 ante
2868 840 3016 896 illum
3066 855 3266 895 annum
3315 839 3589 895 collocari.
3640 839 3878 906 Quarum

2280 932 2668 989 sententiarum
2716 933 2848 988 mihi
2898 934 3066 1004 magis
3109 934 3386 1004 posterior
3423 934 3682 1005 probatur
3712 953 3726 988 :
3756 949 3879 990 nam

2281 1034 2338 1078 ut
2379 1025 2702 1096 appendices
2750 1027 3006 1082 librorum
3027 1068 3040 1093 ,
3075 1027 3246 1097 qualis
3273 1035 3356 1082 est
3387 1036 3574 1082 noster
3619 1025 3834 1081 libellus
3862 1067 3878 1094 ,

2281 1119 2448 1189 magis
2474 1122 2638 1176 moris
2662 1130 2746 1176 est
2777 1122 2955 1175 statim
2981 1161 2996 1186 ,
3030 1138 3135 1176 non
3167 1122 3325 1192 longo
3355 1129 3477 1189 post
3505 1130 3782 1189 tempore,
3813 1120 3879 1175 iis

2282 1196 2546 1278 subjicere
2561 1253 2576 1275 ,
2601 1213 2680 1268 sic
2698 1221 2753 1267 et
2769 1212 2958 1267 eodem
2981 1211 3140 1266 modo
3160 1212 3214 1265 in
3238 1211 3515 1282 Scorpiace
3533 1211 3758 1265 amissos
3773 1210 3883 1281 jam

2283 1301 2450 1357 libros
2479 1301 2738 1358 adversus
2759 1302 3074 1364 Mat-sionem
3094 1303 3292 1358 excitat
3310 1343 3325 1368 ,
3356 1311 3410 1356 et
3435 1302 3540 1356 erit
3562 1300 3696 1356 ordo
3725 1301 3889 1356 libro-

2284 1407 2400 1448 rum
2431 1393 2744 1450 Tertulliani
2773 1436 2789 1461 ,
2817 1394 2864 1450 si
2893 1395 2994 1450 ista
3021 1393 3334 1450 admittatur
3376 1395 3642 1449 sententia
3676 1433 3690 1459 ,
3719 1393 3888 1449 multo

2284 1486 2621 1542 concinnior.
2654 1487 2863 1542 Etenim
2895 1489 2948 1542 in
2977 1487 3078 1542 ista
3106 1487 3416 1558 Scorpiace,
3450 1501 3609 1556 quam
3639 1486 3885 1556 probavi-

2286 1595 2408 1634 mus
2427 1594 2571 1634 anno
2590 1579 2766 1636 CCIV.
2796 1581 3051 1651 scriptam
3077 1579 3242 1636 fuisse
3262 1623 3275 1646 ,
3305 1581 3567 1635 haereticos
3587 1621 3602 1646 ,
3625 1577 3890 1634 Gnosticos

2287 1670 2752 1744 et_Valentinianos
2799 1674 3041 1741 queritur
3088 1673 3403 1742 impugnare
3420 1673 3676 1742 supplicia
3703 1681 3893 1742 sponte

2294 1779 2322 1819 a
2372 1763 2684 1819 christianis
2727 1774 2942 1834 propter
2990 1765 3300 1834 religionem
3387 1775 3633 1836 suscepta
3687 1766 3786 1832 (c.
3832 1766 3885 1820 I.

587 1867 743 1923 quem
763 1867 963 1913 morem
987 1851 1149 1917 alias,
1174 1851 1224 1904 id
1253 1849 1392 1920 quod
1414 1826 1860 1920 omnibusipsum
1886 1847 2188 1918 legentibus
2217 1826 2265 1888 Β
2294 1872 2344 1914 ρ,
2381 1860 2432 1914 4,
2469 1857 2568 1926 5,),
2627 1826 2740 1914 δαί
2765 1826 2985 1913 ίηίίιπο
3033 1826 3321 1921 depugna.
3352 1873 3402 1913 ο,
3436 1859 3507 1913 55
3537 1826 3564 1925 ξ
3587 1826 3750 1912 ,παίω
3781 1857 3892 1912 dis,

588 1955 814 2011 constat,
837 1944 1166 2014 teneresolet
1187 1941 1531 1997 Tertullianus
1548 1959 1566 2008 ;
1584 1952 1632 1997 et
1651 1941 1792 2014 quod
1807 1940 2011 1995 videtur
2023 1939 2090 1994 ad
2105 1956 2189 2007 ea,

589 2055 706 2116 qua:
726 2038 957 2094 diximus
978 2079 992 2106 ,
1010 2036 1374 2092 conﬁrmanda
1405 2034 1878 2101 accommodatius,
1905 2031 2130 2087 Praxeas
2150 2033 2193 2090 is

591 2144 706 2191 erat
727 2135 1039 2199 haereticus,
1063 2147 1219 2203 quem
1233 2131 1565 2186 Montanistae
1613 2130 1711 2184 sibi
1743 2129 1900 2199 longe
1931 2127 2199 2182 molestis.-

592 2228 784 2282 simum
807 2235 990 2296 putare
1011 2223 1304 2288 debebant,
1329 2221 1580 2292 quoniam
1612 2220 1655 2276 is
1685 2220 1821 2290 ipse,
1832 2228 2194 2297 prmterquam

595 2319 734 2391 quod
753 2333 990 2375 errorem
1005 2316 1261 2371 doetrince
1277 2313 1539 2370 deTriade
1555 2312 1890 2367 sanctissima
1909 2309 2196 2364 adversum

596 2410 1040 2467 disseminaverat
1060 2449 1072 2474 ,
1093 2414 1431 2478 persuaserat
1460 2405 1621 2460 etiam
1654 2402 1895 2459 Pontiﬁci
1923 2401 2163 2457 Romano
2181 2442 2196 2468 ,

597 2519 754 2575 quem
772 2505 870 2559 viri
890 2503 1030 2558 docti
1048 2503 1175 2557 satis
1189 2497 1588 2556 beneVictorem
1608 2496 1775 2552 fuisse
1792 2496 2118 2559 existimant,
2143 2504 2200 2550 ut

595 2596 704 2667 jam
737 2604 972 2667 paratam
990 2591 1325 2648 Montanistis
1345 2600 1538 2660 pacem
1576 2585 2120 2658 refringeret(vid.c.l
2138 2583 2198 2654 .).

600 2688 784 2758 Neque
801 2702 926 2758 ergo
942 2685 1162 2740 difﬁcile
1183 2691 1264 2738 est
1279 2682 1498 2737 credere
1516 2722 1531 2747 ,
1557 2681 1763 2735 initium
1781 2679 2202 2750 disputationum

603 2793 819 2833 suarum
835 2776 1252 2832 Tertullianuma
1280 2772 1587 2828 velitatione
1603 2786 1723 2826 cum
1757 2769 1958 2824 Praxea
1989 2769 2202 2825 fecisse.

603 2872 775 2940 Quam
821 2887 976 2926 nemo
1007 2869 1220 2941 negabit
1251 2883 1281 2922 a
1308 2865 1632 2921 Tertulliano
1677 2863 1995 2919 Montanista
2047 2862 2208 2922 fuisse

605 2971 909 3032 susceptam
941 2979 954 3028 ;
986 2961 1161 3034 ipsum
1205 2959 1347 3014 enim
1390 2972 1586 3013 nomen
1615 2954 1988 3027 Psyclticorum
2020 2952 2090 3022 (c.
2124 2953 2207 3021 I),

606 3056 722 3128 ipse
749 3055 1051 3112 Paraclettts
1073 3097 1087 3122 ,
1116 3055 1168 3112 in
1196 3068 1301 3123 quo
1323 3067 1382 3108 sc
1409 3051 1600 3108 melius
1626 3050 1693 3106 de
1719 3049 1942 3104 veritate
1966 3046 2209 3119 mysterii

2295 1957 2442 2018 putat
2485 1948 2554 2003 de
2589 1951 2758 2020 gloria
2801 1959 3092 2021 martyrum
3115 1992 3130 2018 ,
3155 1960 3209 2005 et
3260 1950 3382 2004 huic
3421 1950 3591 2016 libro,
3619 1960 3676 2004 ut
3701 1961 3886 2020 postea

2296 2040 2608 2110 apparebit,
2637 2043 2817 2096 statim
2869 2042 3103 2111 subjecit
3143 2043 3386 2096 adversus
3429 2040 3894 2096 Valentinianoslio

2298 2134 2476 2200 brum,
2508 2135 2559 2189 in
2591 2152 2716 2204 quo,
2748 2151 2798 2191 c.
2830 2135 2919 2192 50.
2953 2136 3094 2202 init.,
3126 2137 3486 2207 impugnatum
3507 2139 3580 2192 ait
3605 2153 3634 2190 a
3669 2136 3898 2192 Valenti-

2301 2226 2466 2280 nianis
2494 2229 2732 2298 martyrii
2764 2230 3154 2283 necessitatem.
3187 2229 3370 2300 Itaque
3397 2230 3527 2284 satis
3557 2229 3778 2285 videtur
3807 2244 3900 2284 ve-

2305 2321 2448 2375 ritati
2497 2331 2916 2377 consentaneum
2941 2365 2955 2389 ,
2985 2333 3224 2378 nostrum
3266 2323 3329 2376 de
3358 2323 3544 2376 Anima
3582 2333 3629 2377 et
3662 2323 3900 2378 adversus

2315 2412 2696 2470 Valentinianos
2725 2415 2916 2470 librum
2950 2431 3055 2470 non
3085 2415 3253 2471 multo
3281 2425 3401 2486 post
3423 2416 3729 2487 Scorpiacen
3756 2430 3899 2471 anno

2305 2504 2418 2561 fere
2447 2505 2598 2562 CCV.
2629 2507 2791 2561 fuisse
2819 2507 3199 2577 conscriptum.

2309 2641 2337 2714 ᾗ
2381 2642 2434 2699 6.
2467 2673 2538 2684 -
2567 2642 2707 2697 Libri
2723 2644 2962 2699 adversus
2995 2641 3379 2700 Valentinianos
3397 2653 3443 2697 et
3471 2641 3534 2698 de
3551 2640 3906 2714 Prwscriptioo

2382 2736 2548 2803 nibus,
2583 2736 2748 2792 Carne
2771 2737 2958 2793 Christi
3004 2745 3048 2791 et
3080 2737 3485 2803 Resurrectione,
3517 2746 3630 2808 post
3655 2753 3778 2794 ann.
3802 2735 3907 2793 205

2383 2831 2580 2902 scripti.

2389 2965 2534 3021 Ordo
2564 2966 2722 3036 igitur
2746 2965 3002 3022 librorum
3031 2965 3264 3036 postulat
3289 3007 3303 3031 ,
3331 2974 3388 3020 ut
3417 2979 3557 3020 nunc
3581 2963 3649 3020 de
3675 2963 3772 3018 hac
3808 2961 3911 3018 Va-

2318 3059 2712 3114 lentinianornm
2733 3058 3156 3129 reprehensione
3183 3057 3446 3112 dicamus.
3474 3058 3536 3111 Et
3561 3071 3687 3111 vero
3708 3055 3796 3110 illa
3825 3054 3913 3110 de-

607 3151 675 3218 de
704 3164 910 3253 summa.
938 3147 1168 3253 maxima
1211 3144 1404 3253 Triade
1432 3145 1678 3247 cdoclum
1729 3143 2005 3253 Ρξοίίξθων
2033 3140 2210 3244 (cf?
2239 3184 2287 3253 c
2320 3151 2545 3208 lectione
2591 3150 2896 3206 Tertulliani
2947 3151 3012 3206 ad
3058 3151 3404 3206 IIoutanistas
3449 3148 3706 3204 inferior:
3757 3145 3902 3216 quod

608 3258 659 3298 c.
733 3241 804 3308 8,
863 3251 968 3298 etc.
1007 3240 1066 3312 ),
1134 3237 1249 3310 ipsa
1336 3237 1569 3314 denique
1660 3235 1921 3306 professio
1981 3234 2212 3304 agnitio-

610 3350 734 3390 nem
777 3333 1035 3390 Paracleti
1078 3340 1132 3388 et
1165 3329 1531 3387 defensionem
1575 3326 1873 3398 sejunxisse
1928 3341 1987 3383 se
2014 3341 2044 3382 a
2078 3324 2212 3395 Psy-

613 3427 1043 3496 chicis,ponunt
1094 3421 1223 3476 illud
1299 3435 1458 3490 supra
1532 3434 1746 3476 omnem
1804 3416 2215 3474 dubitationem.

615 3517 725 3573 Sed
773 3517 839 3570 de
887 3519 999 3587 ipsa
1055 3514 1210 3586 hujus
1260 3513 1382 3569 libri
1432 3520 1592 3567 aetate
1643 3526 1741 3567 nos
1785 3527 1891 3566 non
1956 3509 2220 3572 audemus

618 3618 992 3665 asscveranter
1030 3608 1376 3678 pronuntiare
1403 3647 1416 3670 ,
1449 3605 1694 3676 quamvis
1716 3646 1730 3671 ,
1761 3606 1805 3660 si
1833 3605 1930 3660 ista
1959 3604 2222 3664 adversus

619 3687 880 3757 Proxeam
924 3699 1216 3769 disputatio
1266 3698 1436 3770 prima
1481 3706 1566 3752 est
1613 3697 1751 3752 inter
1790 3696 2239 3754 concertationes

621 3811 742 3852 cum
793 3791 1085 3857 hmreticis,
1118 3802 1278 3861 atque
1320 3790 1404 3845 ha:
1449 3799 1648 3846 secutae
1689 3783 1813 3844 sunt
1843 3793 2022 3846 statim
2053 3789 2222 3854 libros

624 3886 935 3944 orthodoxa:
968 3882 1225 3938 Ecclesia:
1271 3882 1578 3952 oppositos,
1611 3895 1752 3934 anno
1781 3880 1890 3936 fere
1921 3879 2096 3936 CCIV.
2131 3888 2224 3936 aut

626 3980 692 4037 V.
725 3975 987 4047 assignari
1017 3991 1120 4030 non
1163 3975 1299 4030 male
1329 3974 1514 4044 possit.
1547 3973 1696 4030 Hanc
1721 3973 1996 4043 excepisse
2028 3973 2221 4029 librum

627 4073 868 4127 adversus
897 4069 1266 4141 Hermogenem
1294 4081 1398 4123 non
1421 4066 1711 4124 dubitarim
1735 4065 1917 4121 dicere
1938 4109 1952 4134 ,
1978 4075 2058 4121 est
2079 4067 2224 4126 enim

630 4166 729 4220 iste
755 4162 1022 4232 antiquior
1048 4160 1182 4216 libro
1214 4160 1276 4213 de
1304 4158 1487 4213 Anima
1518 4169 1571 4213 et
1599 4158 1688 4213 illo
1713 4157 1954 4213 adversus
1993 4156 2220 4212 Valenti-

631 4255 845 4320 nianos,
871 4262 928 4308 ut
965 4262 1148 4322 postea
1194 4250 1491 4317 docebitur,
1524 4250 1615 4320 qui
1661 4265 1782 4306 cum
1811 4249 2094 4320 compositi
2120 4249 2229 4308 sint

633 4348 744 4404 fere
774 4347 1052 4402 transactis
1076 4345 1345 4402 furoribus
1373 4343 1664 4400 Severiunis
1686 4386 1702 4411 ,
1763 4342 1938 4399 eidem
1969 4359 2090 4400 cum
2121 4343 2230 4400 An-

635 4443 867 4515 tipraxea
927 4455 1068 4494 anno
1121 4437 1434 4494 tribuendus
1481 4436 1693 4492 videtur
1738 4444 1920 4492 noster
1972 4436 2226 4505 libellus,

2319 3243 2532 3314 quidem
2576 3243 2717 3298 dicta
2747 3242 2870 3298 huic
2913 3242 3259 3313 disputationi
3303 3255 3517 3311 aspersa
3569 3253 3675 3293 non
3706 3237 3910 3308 planis-

2321 3336 2455 3392 sime
2484 3335 2680 3391 doceut
2707 3351 2721 3400 ;
2751 3333 2881 3389 nihil
2908 3342 2990 3390 est
3032 3334 3177 3388 enim
3216 3333 3270 3388 in
3301 3332 3402 3387 hoc
3430 3331 3608 3386 libello
3636 3329 3913 3385 doctrina-

2321 3444 2439 3484 rum
2467 3471 2481 3497 ,
2510 3427 2650 3498 quod
2677 3442 2783 3481 non
2833 3427 3092 3496 potuisset
3131 3426 3289 3482 etiam
3327 3425 3394 3481 ab
3423 3423 3726 3480 orthodoxo
3753 3422 3916 3493 protl-

2322 3524 2447 3578 cisci
2475 3541 2488 3588 ;
2521 3523 2612 3577 sed
2645 3531 2819 3577 tamen
2851 3521 2904 3576 id
2927 3528 3148 3592 apparet
3172 3519 3476 3588 dupliciter.
3502 3517 3742 3573 Primum
3769 3513 3912 3586 quod

2320 3613 2430 3684 jam
2459 3628 2517 3668 se
2547 3613 2708 3681 dicat,
2737 3628 2788 3668 e.
2814 3611 2926 3680 I6.,
2957 3621 3209 3679 extrem.,
3240 3625 3361 3665 cum
3391 3608 3708 3680 Hermagene
3735 3607 3802 3662 de
3825 3621 3920 3662 eo-

2324 3708 2446 3764 dem
2475 3715 2635 3777 atque
2664 3721 2784 3761 cum
2825 3705 3198 3762 Valentinianis
3228 3712 3548 3774 argumento
3573 3715 3918 3772 congressum

2325 3798 2492 3854 fuisse
2517 3840 2531 3864 ,
2558 3814 2678 3868 quas
2709 3797 3224 3870 Antihermogeniana
3265 3797 3558 3866 disputatio
3607 3805 3688 3850 est
3713 3809 3742 3848 a
3769 3792 3922 3848 nobis

2327 3891 2488 3946 modo
2536 3890 2911 3945 Montanistico
2959 3889 3204 3960 scriptori
3253 3898 3496 3954 asserta;
3543 3884 3738 3942 deinde
3781 3883 3923 3956 quod

2331 3983 2680 4039 vehementer
2699 3991 2869 4053 optat,
2903 3997 2951 4039 c.
2983 3983 3035 4038 ὅ.
3065 3991 3229 4048 extr.,
3265 3988 3322 4034 ut
3348 3980 3448 4035 sibi
3475 3979 3692 4034 daretur
3716 3974 3926 4046 assequi

2329 4076 2612 4132 Proculum
2639 4079 2693 4132 in
2722 4077 2870 4132 onmi
2896 4091 3059 4147 opere
3081 4118 3094 4141 ,
3127 4091 3289 4146 quem
3316 4083 3370 4130 et
3397 4074 3606 4145 virginis
3636 4081 3848 4127 senectia
3877 4078 3926 4126 et

2330 4173 2624 4227 christiana:
2663 4171 2962 4243 eloquentia:
3003 4171 3302 4240 dignitatem
3331 4167 3587 4238 appellat.
3615 4165 3768 4221 Hunc
3794 4163 3929 4219 Pro-

2331 4266 2505 4319 culum
2533 4279 2634 4334 ego
2663 4278 2766 4318 non
2799 4262 2986 4318 dubito
3021 4261 3307 4316 Proeulum
3349 4260 3498 4316 illum
3545 4257 3927 4314 Montanistam

2333 4357 2518 4426 fuisse,
2539 4357 2692 4428 cujus
2715 4365 2892 4413 exstat
2911 4355 3051 4426 apud
3081 4355 3386 4422 Eusebium,
3412 4354 3452 4410 l.
3479 4353 3565 4409 VI.
3591 4353 3652 4408 Ii.
3677 4351 3739 4408 Ε.
3762 4367 3812 4407 c.
3835 4349 3933 4406 20.

2336 4452 2616 4516 memoria,
2640 4465 2761 4505 cum
2785 4458 3005 4520 propter
3026 4449 3241 4505 laudem
3271 4446 3590 4519 virginitatis
3609 4447 3744 4515 ejus,
3769 4458 3932 4514 quam

636 4551 796 4607 quem
821 4550 850 4589 a
882 4533 1204 4590 Montanista
1257 4531 1570 4586 Tertulliano
1620 4529 1912 4601 profectum
1938 4545 2059 4587 esse
2103 4545 2227 4601 per-
2254 4547 2310 4608 Ῑ)
2338 4551 2587 4614 tanquam
2615 4541 2928 4612 praeclaram
2957 4542 3009 4595 in
3036 4556 3102 4596 eo
3129 4539 3381 4596 virtutem
3427 4536 3774 4594 Tertullianus
3816 4534 3932 4590 θοι.
3993 4551 3998 4556 -

637 4627 826 4685 acerba
853 4629 903 4680 in
934 4627 1184 4696 repetitas
1199 4625 1266 4680 ab
1291 4623 1607 4694 Hermogene
1624 4623 1837 4693 nuptias
1860 4621 2030 4678 oratio
2052 4622 2124 4694 (c.
2154 4620 2230 4695 I.)

638 4738 743 4778 non
774 4723 1003 4778 obscure
1031 4718 1288 4778 declarat.
1339 4716 1472 4772 lluic
1504 4716 1666 4772 veluti
1698 4715 2048 4788 appendicem
2083 4715 2233 4786 adje-

639 4817 745 4880 cit,
775 4813 916 4885 quod
945 4813 1153 4868 initium
1187 4809 1310 4866 libri
1341 4819 1394 4868 et
1423 4809 1588 4866 multa
1615 4808 1719 4864 alia
1756 4807 1872 4864 loca
1917 4807 2110 4863 docent
2133 4849 2148 4874 ,
2175 4807 2237 4862 li-

641 4905 796 4960 brum
844 4905 904 4960 de
943 4905 1128 4958 Anima
1169 4901 1424 4958 refertum
1451 4901 1673 4956 somniis
1712 4899 2190 4956 innumerabilibus
2218 4941 2236 4970 ,

643 4998 733 5069 qui
765 4996 923 5050 habet
970 4995 1111 5050 haud
1158 4995 1347 5052 dubias
1392 4993 1734 5050 Montanismi
1781 4992 2094 5062 notas(I);
2142 4989 2239 5052 sed

643 5093 872 5149 fueritne
897 5091 1085 5147 eodem
1115 5089 1224 5146 fere
1247 5104 1368 5145 cum
1399 5088 1536 5146 libro
1557 5087 1816 5144 adversus
1842 5086 2238 5158 Hermogenem

645 5203 788 5242 anno
814 5228 828 5258 ,
861 5200 927 5240 an
960 5191 1080 5255 post
1108 5197 1304 5236 annum
1332 5180 1549 5236 demum
1571 5177 1795 5236 CCVIII.
1820 5179 2050 5250 scriptus
2071 5175 2241 5246 ,illud

645 5292 774 5334 vero
820 5275 1013 5332 cadere
1075 5273 1126 5330 in
1171 5272 1614 5342 disceptationem
1665 5279 1858 5341 potest.
1915 5269 2048 5328 Nam
2105 5269 2240 5333 c.2,

646 5368 858 5434 Inesse,
912 5368 1023 5433 ait,
1054 5366 1196 5421 nobis
1235 5376 1290 5420 τὸ
1335 5368 1630 5430 αὐτεξούσιον
1689 5363 1987 5418 naturaliter
2029 5365 2143 5434 jam
2198 5371 2246 5426 et

649 5461 901 5517 Marciani
953 5461 1302 5528 ostendimus;
1331 5473 1449 5528 quae
1501 5456 1792 5528 disputatio
1852 5455 1907 5511 in
1936 5454 2075 5511 libro
2106 5498 2121 5525 ,
2156 5455 2247 5526 qui

711 5666 783 5731 (t)
818 5666 875 5719 E.
901 5680 945 5718 c.
972 5680 1083 5719 cum
1104 5679 1144 5731 ς.
1283 5671 1334 5714 et
1356 5662 1434 5716 58.
1457 5661 1701 5731 Heraclidi
1730 5662 1998 5731 monitaet
2028 5661 2252 5731 testimo-

649 5723 781 5778 nium
810 5731 1008 5784 excitat,
1035 5729 1314 5788 ibidemque
1341 5735 1453 5775 etc.
1479 5725 1528 5773 9.
1554 5724 1672 5775 dicit
1693 5739 1808 5776 suos
1845 5723 2103 5788 Spirilalt'a
2126 5725 2247 5788 clm-

649 5797 849 5858 rismata
883 5801 1159 5858 agnoscere,
1185 5785 1247 5839 ac'
1285 5793 1388 5853 post
1425 5788 1666 5842 Joannem
1707 5785 1894 5854 quoque
1933 5785 2248 5854 PrOphetiam

651 5851 884 5908 meruisse
904 5851 1150 5915 eumqui.

2337 4639 2552 4704 laudat,
2581 4646 2694 4693 tum
2725 4646 3006 4708 propterea
3030 4677 3044 4701 ,
3073 4635 3216 4707 quod
3249 4637 3420 4707 ipsum
3453 4643 3698 4689 nostrum
3727 4643 3939 4686 nuncu-

2339 4739 2429 4801 pat
2452 4771 2466 4794 ,
2495 4728 2805 4784 distinctum
2834 4727 2938 4782 hoc
2972 4727 3191 4782 nomine
3219 4726 3285 4781 ab
3317 4725 3381 4779 iis
3427 4737 3564 4795 quos
3606 4721 3769 4776 modo
3817 4719 3940 4774 Iau-

2340 4819 2596 4886 daverat,
2656 4817 2866 4873 Iustino
2932 4817 3166 4889 Martyre
3195 4859 3209 4884 ,
3258 4815 3492 4871 Miltiade
3552 4811 3943 4884 (Ecclesiarum

2340 4913 2602 4982 sophista,
2635 4919 2693 4965 ut
2717 4911 2792 4965 ait
2820 4910 2956 4965 forte
3006 4909 3260 4965 Incensus
3308 4907 3432 4962 odio
3459 4905 3619 4975 hujus
3667 4904 3801 4968 viri,
3849 4902 3944 4973 qui

2344 5007 2425 5080 [ut
2460 5006 2624 5062 refert
2647 5005 2912 5068 Eusebius,
2942 5005 2979 5060 l.
3011 5019 3063 5060 c.
3095 5003 3189 5059 lib.
3215 5001 3280 5056 V.
3311 4999 3423 5073 17.]
3451 5001 3614 5056 etiam
3645 5012 3703 5054 se
3733 4996 3948 5052 Monta-

2343 5100 2499 5156 nistis
2524 5097 2900 5176 opposuerat),
2924 5107 3083 5167 atque
3111 5095 3311 5150 [remeo
3331 5137 3345 5162 ,
3378 5091 3727 5163 scriptoribus
3753 5088 3949 5144 ortho-

2345 5193 2498 5248 doxae
2525 5191 2802 5248 Ecclesite.
2832 5189 2937 5246 Sed
2969 5190 3137 5260 ipsam
3173 5189 3332 5258 hujus
3365 5187 3486 5242 libri
3511 5192 3725 5241 {etatem
3753 5182 3797 5237 si
3823 5181 3952 5252 quis

2347 5286 2596 5342 subtilius
2641 5293 3056 5356 percunctatur,
3091 5283 3222 5338 satis
3266 5280 3478 5338 videtur
3524 5285 3951 5336 consentaneum

2348 5378 2530 5433 dicere
2555 5419 2570 5443 ,
2596 5391 2716 5431 eum
2741 5390 2859 5430 esse
2886 5390 2992 5429 non
3024 5375 3096 5430 ita
3119 5373 3289 5428 multo
3312 5378 3432 5441 post
3459 5369 3687 5440 sopitam
3715 5364 3952 5435 quodam

2353 5470 2512 5526 modo
2542 5467 2914 5523 crudelitatem
2947 5467 3000 5520 in
3027 5464 3353 5520 christianos
3399 5472 3699 5518 exaratum.
3730 5457 3866 5512 Nam
3895 5465 3954 5512 et

2354 5561 2746 5618 confessionem
2800 5558 3042 5617 veritatis
3086 5556 3394 5611 christiana:
3445 5554 3545 5608 sub
3597 5549 3956 5624 potestatibus

2357 5653 2511 5708 istius
2540 5651 2722 5706 saeculi
2750 5659 2802 5705 et
2844 5647 2983 5718 apud
3011 5647 3292 5704 tribunalia
3326 5645 3614 5715 praesidum
3647 5641 3827 5715 (quam
3861 5655 3958 5696 ur-

2358 5757 2443 5818 get
2471 5761 2522 5801 e.
2554 5745 2670 5814 50.)
2703 5741 3000 5799 defendere
3049 5757 3156 5796 non
3201 5738 3489 5795 admodum
3539 5749 3763 5793 necesse
3807 5741 3952 5800 erat,

2358 5839 2463 5902 nisi
2488 5847 2604 5900 tum
2646 5837 2734 5901 vel
2782 5837 2958 5911 ipsum
3005 5833 3136 5901 illud
3179 5829 3551 5896 calamitosum
3579 5837 3836 5910 tempus,
3863 5823 3994 5886 vel-
