4242 6264
340 348 450 410 ξω
490 374 504 391 .

1248 352 1337 411 AC
1377 349 1725 411 DOCTRINA
1760 340 2198 408 SCRIPTORUM
2234 342 2718 409 TERTULLIANI.

3528 352 3633 412 166

342 465 463 536 ejus
489 467 607 523 viva
636 464 891 523 memoria
933 464 1253 535 exstitisset,
1282 476 1338 523 et
1365 474 1481 536 est,
1513 474 1573 523 ut
1599 464 1762 523 modo
1786 464 1933 521 dice-
1963 462 2017 525 Α
2042 475 2179 517 ntus.
2200 460 2397 521 Audio.
2427 465 2566 533 Quid
2592 482 2724 540 ergo
2758 467 2881 527 est?
2930 477 3119 525 omnes
3155 475 3281 527 sunt
3325 466 3628 527 Tertulliani

344 557 539 616 bamus
557 601 571 627 ,
607 560 691 615 hic
718 560 852 616 liber
877 556 1068 621 eodem
1098 560 1209 616 fere
1236 576 1359 616 cum
1390 560 1667 630 Scorpiace
1695 569 1933 628 tempore

340 652 571 722 scriptus
602 662 883 723 postquam
912 651 1060 708 furor
1096 652 1287 709 Severi
1318 652 1609 710 restinctus
1629 651 1842 715 fuerat,
1874 658 1933 706 ut

340 743 560 800 historia
602 745 761 817 hujus
806 748 1065 817 temporis
1112 748 1293 803 docet.
1341 747 1523 817 Itaque
1565 747 1741 819 placet
1777 745 1844 801 ad
1870 745 1936 800 lic

337 834 492 892 brum
514 839 578 893 de
609 837 1081 911 Prazscriptionibus
1101 840 1451 895 haereticorum
1474 838 1750 909 progredi,
1773 853 1932 908 quem

338 927 464 984 huic
489 929 753 1000 subjicere
779 946 883 985 non
906 932 1246 997 dubitamus;
1271 931 1528 1003 quidquid
1551 932 1710 987 etiam
1733 931 1787 985 in
1808 945 1935 986 con-

335 1021 555 1077 trariam
587 1032 792 1094 partem
823 1023 1179 1081 Tillemontius
1213 1024 1318 1095 (L.
1347 1042 1392 1079 e.
1427 1033 1563 1097 part.
1610 1023 1695 1079 lll.
1720 1041 1774 1094 p.
1802 1022 1929 1078 205.

336 1123 385 1169 et
426 1124 536 1169 not.
568 1114 624 1170 6.
702 1117 757 1170 in
797 1114 1105 1180 Tertullian.
1150 1134 1204 1188 p.
1232 1116 1410 1187 656.)
1445 1124 1490 1169 et
1515 1113 1932 1184 WhistonusUn

335 1208 525 1279 scripto
559 1223 579 1261 :
610 1206 715 1262 Tlte
741 1218 851 1263 true
880 1210 1048 1281 origin
1072 1214 1135 1280 of
1155 1210 1237 1263 tlte
1264 1209 1524 1264 Sabellian
1563 1206 1667 1262 and
1695 1206 1928 1261 Atltana~

342 1299 453 1353 sian
477 1297 749 1356 Doctrines
786 1304 849 1371 of
882 1301 968 1355 tlte
1015 1300 1237 1372 Trinitg,
1270 1318 1324 1371 p.
1353 1302 1407 1356 5.
1463 1299 1572 1370 sq.)
1615 1298 1927 1370 disputave-

333 1390 462 1446 rint.
504 1391 636 1446 Nam
670 1393 805 1448 libro
832 1391 874 1448 1.
905 1395 1144 1449 adversus
1169 1391 1498 1458 Marcionnn,
1528 1405 1579 1446 c.
1606 1392 1683 1456 L,
1710 1406 1769 1449 se
1825 1391 1926 1445 ali-

331 1482 551 1551 quando
579 1494 920 1539 exaraturum
950 1485 1211 1554 promittit
1238 1483 1652 1555 disputationem
1680 1483 1744 1537 de
1774 1481 1926 1538 Pro:-

329 1576 613 1646 scriptione
652 1577 908 1633 adversus
951 1576 1231 1635 lmretieos
1251 1618 1266 1644 ,
1295 1590 1329 1631 e
1355 1590 1463 1646 quo
1490 1575 1593 1631 hoc
1624 1575 1926 1635 necessaria

328 1669 683 1724 conclusione
711 1669 939 1733 elicitur,
969 1668 1182 1724 demum
1212 1678 1333 1738 post
1358 1683 1558 1723 annum
1582 1665 1801 1723 CCVIII.
1830 1681 1929 1721 no.

328 1768 501 1815 atrum
517 1760 713 1821 librum
738 1761 836 1816 luci
854 1760 1019 1815 fuisse
1037 1761 1362 1831 expositum.
1388 1760 1562 1831 Atque
1585 1759 1712 1815 illud
1727 1759 1921 1830 ipsum,

2038 550 2299 610 adversus
2344 556 2636 616 haereticos
2675 561 2796 618 libri
2842 560 3167 632 posteriores
3208 576 3275 618 eo
3329 563 3420 634 qui
3449 572 3533 620 est
3559 565 3624 621 de

2039 643 2433 720 I’rwsciiptione
2453 654 2479 707 .9
2505 656 2574 713 At
2599 655 2761 712 istum
2789 655 2965 712 locum
3009 655 3357 712 Tertullianus
3377 700 3392 726 ,
3415 667 3473 714 ut
3496 650 3639 715 mihi

2037 738 2274 808 videtur,
2308 757 2413 798 non
2446 756 2593 802 recte
2625 747 2787 818 cepit.
2815 747 2950 804 Nam
2972 750 3043 804 in
3071 764 3138 805 eo
3162 750 3281 806 loco
3315 766 3420 805 non
3461 765 3629 821 gene-

2037 831 2195 887 ratim
2238 833 2292 889 in
2329 834 2431 895 hoc
2494 838 2633 894 libro
2705 838 3052 897 Tei'tultianus
3095 841 3170 896 ait
3232 856 3292 898 se
3346 841 3631 900 haereticos

2036 921 2363 992 confutasse,
2404 928 2500 983 sed
2530 928 2700 999 addit,
2730 946 2790 988 se
2827 932 2882 989 id
2911 933 3103 990 fecisse
3127 935 3380 991 universe
3403 936 3554 990 certis
3583 943 3631 992 et

2026 1015 2186 1085 justis
2227 1028 2275 1073 et
2323 1024 2623 1078 necessariis
2667 1027 3152 1097 praseriptionibus.
3208 1028 3390 1099 Itaque
3418 1030 3470 1084 in
3509 1030 3631 1085 aliis

2036 1105 2186 1164 libris
2232 1126 2340 1167 non
2383 1127 2443 1169 se
2472 1115 2753 1183 pollicetur
2777 1120 3061 1189 separatim
3089 1121 3485 1177 confutaturum
3515 1122 3629 1178 hae-

2034 1203 2325 1262 reticorum
2348 1207 2679 1280 singulorum
2708 1211 3031 1281 doctrinam,
3054 1216 3149 1271 sed
3178 1224 3517 1277 ostensurum
3544 1231 3624 1285 se,

2033 1294 2273 1365 singulos
2292 1298 2452 1363 etiam
2478 1300 2761 1359 haereticos
2785 1320 3079 1377 eorumque
3109 1309 3263 1373 scita,
3303 1317 3460 1364 astate
3493 1309 3626 1364 doc-

2001 1430 2015 1445 .
2036 1383 2189 1440 trinis
2217 1395 2362 1443 recte
2385 1392 2729 1448 sentientium
2760 1394 2979 1452 cedere.
3008 1396 3076 1452 At
3098 1397 3277 1453 denuo
3296 1398 3625 1467 Wltistonus,

2033 1473 2068 1529 l.
2094 1490 2144 1530 c.
2164 1492 2217 1548 ι).
2240 1478 2310 1532 κίε
2339 1481 2621 1552 Antiquior
2642 1495 2725 1540 est
2754 1488 2800 1541 is
2826 1488 2889 1541 de
2923 1487 3319 1560 Praescriptione
3336 1488 3626 1547 Commen-

2036 1569 2199 1624 tarius
2218 1570 2551 1649 _Apologetico
2596 1575 2921 1634 Tertulliani.
2960 1580 3319 1648 Quamobrem
3359 1585 3627 1642 obsecro?

2034 1658 2301 1731 Expedite,
2318 1665 2489 1735 inquit
2510 1668 2561 1723 in
2590 1669 2810 1742 Apolog.
2826 1673 3007 1739 c.47.,
3032 1676 3408 1745 praseribimus
3427 1678 3628 1734 adulte-

2031 1751 2102 1807 ris
2118 1754 2303 1810 nostris
2324 1798 2340 1823 ,
2388 1757 2532 1815 illam
2572 1777 2679 1817 esse
2702 1764 2933 1834 regulam
2972 1768 3215 1835 ueritatis,
3255 1785 3370 1841 quia
3397 1771 3563 1826 veniat
3591 1788 3627 1829 α

330 1865 501 1921 neque
528 1861 769 1921 tempore
794 1865 889 1918 eo,
920 1867 1030 1921 quo
1054 1825 1251 1908 librum
1281 1825 1522 1909 nostrum
1547 1825 1923 1922 pet-scriberet,
1955 1825 2005 1891 Β
2031 1842 2254 1914 Christo,
2286 1852 2584 1908 transmissa
2608 1871 2697 1924 per
2716 1857 2921 1913 comites
2945 1859 3125 1928 ipsius,
3150 1825 3328 1931 quibits
3347 1863 3627 1934 aliquando

329 1958 553 1998 vacuum
597 1959 627 1997 a
673 1943 1115 2001 Montanistarum
1162 1945 1438 2001 erroribus
1485 1944 1648 2000 fuisse
1690 1943 1927 1999 animum

330 2033 643 2089 Tertulliani
684 2034 983 2091 clarissime
1025 2035 1263 2092 ostendit
1288 2076 1301 2099 ,
1334 2041 1396 2097 ut
1446 2050 1553 2090 non
1606 2035 1781 2091 dicam
1823 2034 1925 2090 ho-

329 2141 449 2180 rum
477 2141 716 2181 errorum
745 2126 970 2198 vestigia
1005 2142 1114 2183 non
1142 2127 1368 2188 oh’scura
1399 2143 1519 2187 esse
1544 2128 1598 2183 in
1626 2127 1726 2183 hoc
1748 2127 1884 2184 libro
1904 2169 1923 2198 ,

331 2216 496 2272 veluti
527 2232 576 2272 c.
605 2217 725 2284 4-0.,
744 2218 867 2286 ubi,
891 2234 1013 2274 eum
1039 2220 1230 2276 doceat
1250 2262 1265 2287 ,
1296 2220 1459 2277 etiam
1508 2221 1798 2293 malignum
1828 2235 1927 2291 ge-

330 2308 479 2364 nium
500 2309 734 2365 aemulari
761 2310 1121 2368 institutiones
1141 2312 1350 2369 divinas
1370 2312 1519 2383 :quid
1542 2313 1701 2382 quod,
1729 2313 1923 2383 inquit,

326 2408 376 2455 et
400 2416 651 2456 summum
679 2399 985 2471 Pontificem
1012 2403 1065 2458 in
1097 2405 1210 2460 unis
1240 2405 1432 2475 nuptiis
1468 2406 1678 2472 statuit,
1706 2405 1854 2459 liabet
1877 2413 1927 2460 et

325 2491 543 2564 virgines
574 2534 590 2561 ,
635 2493 784 2549 liabet
822 2504 870 2549 et
907 2495 1250 2562 continentes;
1280 2504 1337 2552 et
1377 2512 1498 2568 qua
1542 2503 1670 2552 sunt
1712 2496 1926 2569 generis

325 2584 589 2657 ejusdem.
620 2587 730 2644 Sed
772 2603 870 2660 age
900 2589 1205 2659 aperiamus
1245 2606 1308 2646 ea
1338 2593 1509 2662 capita
1530 2634 1544 2658 ,
1576 2591 1716 2648 unde
1749 2592 1925 2651 omnis

324 2676 398 2732 ad
442 2676 582 2735 hanc
627 2695 879 2736 caussam
927 2679 1226 2751 disputatio
1250 2681 1319 2737 ab
1365 2681 1433 2737 iis
1460 2683 1550 2753 qui
1577 2691 1765 2739 contra
1795 2697 1938 2738 sen~

326 2770 463 2826 tiunt
498 2771 732 2828 ducitur.
765 2775 843 2829 Ac
890 2774 1121 2846 primum
1147 2776 1328 2842 aiunt,
1354 2776 1534 2832 locum
1562 2793 1591 2831 a
1620 2777 1777 2833 nobis
1800 2793 1833 2833 e
1855 2777 1924 2833 li;-

324 2860 424 2917 bro
451 2864 708 2920 adversus
737 2864 1055 2920 Hareionem
1091 2869 1379 2924 excitatum
1426 2869 1732 2940 signiﬁcare
1758 2870 1923 2929 etiam

330 2968 489 3025 posse
538 2955 735 3012 librum
762 2959 873 3027 jam
917 2959 1174 3031 scriptum
1201 2978 1216 3027 ;
1242 2961 1545 3018 Wisthonus
1574 2965 1735 3019 etlam
1777 2963 1923 3019 aliud

322 3047 624 3119 exemplum
652 3049 804 3119 ponit
827 3048 986 3122 hujus
1031 3051 1281 3123 loquendi
1325 3055 1468 3109 modi
1493 3095 1508 3120 ,
1538 3070 1638 3110 nec
1669 3070 1924 3111 necessa-

320 3141 457 3196 rium
480 3142 531 3197 in
560 3156 621 3198 re
647 3144 897 3199 omnibus
933 3154 1081 3211 nota,
1102 3159 1202 3201 nec
1226 3146 1334 3201 ullo
1357 3147 1518 3203 modo
1544 3156 1751 3216 aptum,
1775 3163 1806 3202 e
1824 3147 1918 3203 lib.

324 3230 391 3287 ν.
418 3247 469 3287 c.
498 3231 585 3289 t9.
609 3232 717 3290 Sed
738 3234 869 3291 illud
883 3234 1099 3291 delendi
1118 3253 1226 3293 non
1246 3239 1376 3293 satis
1403 3247 1597 3307 potest.
1626 3237 1759 3292 Nam
1787 3254 1918 3308 quo.

324 3325 658 3397 tiescumque
677 3326 1020 3383 Tertulliamts
1041 3329 1273 3401 aliquem
1296 3330 1488 3386 librum
1511 3330 1620 3400 jam
1642 3345 1671 3384 a
1695 3345 1755 3386 se
1775 3344 1925 3391 comv

324 3417 562 3487 positum
588 3418 826 3488 profert,
854 3437 1124 3490 nunquam
1150 3422 1385 3478 futurum
1413 3422 1639 3479 adhibet
1668 3424 1923 3496 loquendi

321 3522 527 3579 genus,
558 3511 653 3565 sed
671 3510 841 3567 ubivis
860 3513 1192 3583 praeteritum
1218 3556 1232 3581 ,
1264 3523 1424 3585 atque
1449 3514 1640 3571 eodem
1658 3558 1673 3583 ,
1705 3516 1917 3587 opinor,

319 3601 487 3659 modo
507 3604 757 3673 prseteriti
775 3607 1028 3677 temporis
1050 3605 1333 3663 ﬂexionem
1357 3618 1707 3678 usurpaturus
1737 3609 1922 3666 luisset

212 3760 221 3775 ν
315 3693 696 3766 Tertullinus,
726 3708 783 3761 ut
827 3698 954 3755 fecit
975 3699 1044 3756 de
1076 3699 1180 3756 hoc
1229 3701 1367 3756 libro
1405 3700 1532 3756 alibi
1562 3701 1582 3773 (
1605 3701 1662 3756 ln
1691 3702 1828 3757 libro
1857 3702 1922 3758 ds

316 3785 483 3843 Carne
515 3787 736 3855 Christi,
798 3807 850 3848 c.
902 3790 1032 3860 2.),
1075 3792 1119 3847 si
1182 3792 1332 3848 illum
1391 3792 1502 3864 jam
1551 3809 1582 3849 a
1649 3809 1710 3851 se
1772 3810 1922 3850 com-

315 3881 549 3950 positum
578 3882 838 3939 voluisset
866 3882 1067 3940 dicere.
1091 3884 1275 3956 Neque
1305 3900 1432 3941 vero
1460 3886 1591 3942 illud
1630 3888 1808 3943 minus
1838 3897 1922 3944 est

314 3984 655 4042 contortum,
682 3990 807 4031 cum
841 3967 1017 4032 locum
1055 3993 1121 4032 cx
1151 3977 1532 4033 Antimarcione
1563 3977 1920 4036 Tillemontius

314 4074 470 4135 putat
496 4082 781 4123 remanere
810 4070 1053 4143 potuisse
1076 4084 1115 4124 e
1142 4068 1294 4125 libris
1335 4071 1402 4127 iis
1419 4113 1432 4137 ,
1458 4087 1597 4141 quos
1620 4081 1746 4129 ante
1773 4072 1874 4128 hoc
1897 4115 1913 4141 ,

315 4156 459 4227 quod
508 4167 721 4224 exstat,
754 4175 890 4231 opus
936 4160 1176 4216 adversus
1225 4160 1543 4225 Marcionent
1583 4163 1693 4234 jam
1728 4174 1916 4219 contra

315 4264 439 4304 cum
478 4251 791 4321 scripserat.
841 4252 974 4308 Nam
1023 4262 1075 4309 et
1114 4253 1247 4310 illud
1291 4270 1437 4317 mera
1483 4255 1792 4326 conjectura
1834 4264 1919 4312 est

315 4341 464 4397 nullo
490 4342 653 4399 modo
689 4343 981 4415 probabilis
1012 4357 1289 4416 propterea
1312 4386 1328 4413 ,
1359 4347 1504 4418 quod
1542 4347 1912 4419 Tertullianus,

313 4449 438 4489 cum
483 4450 543 4490 se
587 4434 656 4490 ad
697 4436 1012 4492 scribendos
1050 4447 1267 4498 nostros
1313 4438 1555 4494 adversus
1602 4439 1916 4497 Nomionem

2031 1939 2331 2006 posteriores
2383 1943 2568 1999 diversi
2626 1947 2710 2001 isti
2776 1959 3192 2008 commentatores
3256 1954 3622 2024 probabuntur.

2032 2028 2263 2087 Acutum
2312 2048 2442 2091 vero
2471 2034 2765 2107 hominem,
2815 2041 2904 2113 qui
2947 2057 3068 2098 eum
3118 2043 3186 2100 de
3217 2047 3621 2118 praescriptione

2031 2123 2197 2191 audit,
2225 2127 2388 2182 etiam
2438 2128 2632 2187 librum
2668 2147 2833 2205 super
2874 2150 2936 2191 ea
2962 2150 3022 2192 re
3060 2136 3319 2209 scriptum
3347 2140 3525 2197 videt!
3558 2140 3626 2196 Et

2033 2230 2096 2272 ea
2125 2220 2341 2289 quidem
2377 2227 2705 2297 oppugnatio
2737 2228 2806 2284 ad
2852 2240 3065 2287 aetatem
3110 2231 3268 2302 hujus
3302 2233 3424 2289 libri
3455 2237 3625 2307 magis

2032 2314 2370 2383 pertinebat;
2403 2328 2598 2376 caztera
2619 2363 2633 2389 ,
2676 2323 2873 2395 quibus
2910 2339 2970 2380 se
2992 2325 3210 2387 adactos
3235 2342 3302 2384 eo
3329 2327 3533 2396 dicunt,
3566 2337 3626 2387 ut

2032 2404 2174 2461 hunc
2213 2407 2408 2466 librum
2447 2426 2479 2467 e
2530 2430 2756 2479 numero
2795 2408 3288 2476 Ilontanisticorum
3319 2422 3619 2492 proscribe-

2029 2509 2170 2566 rent,
2212 2500 2329 2557 btec
2370 2515 2497 2560 sunt
2527 2506 2795 2563 :Primum
2842 2510 3146 2568 Wltistonus
3189 2514 3454 2585 adjectum
3488 2516 3625 2573 libro

2030 2600 2215 2649 nostro
2237 2594 2501 2667 libellum,
2532 2601 2624 2670 qui
2652 2599 2937 2661 btereticos
2962 2614 3112 2662 ortos
3137 2606 3193 2662 in
3224 2608 3424 2664 familia
3450 2608 3625 2667 chris-

2031 2683 2295 2741 tianorum
2317 2701 2579 2757 recenset,
2615 2693 2822 2763 objicit,
2851 2696 2908 2751 in
2934 2712 3041 2768 quo
3071 2698 3379 2769 planissime
3420 2710 3466 2757 ot
3496 2709 3623 2760 κατά

2027 2778 2199 2845 tit-57¢:
2250 2775 2491 2836 haeretici
2551 2782 3015 2855 condemnamur;
3057 2790 3200 2860 quod
3256 2802 3405 2849 esset
3464 2809 3621 2864 argu~

2027 2875 2265 2929 mentum
2287 2870 2436 2927 nullo
2457 2873 2619 2930 modo
2638 2875 2983 2946 eludendum,
3013 2880 3079 2948 si,
3112 2881 3254 2952 quod
3285 2884 3620 2953 probandum

2026 2960 2250 3029 suscipit
2276 2960 2600 3033 Wltistonus,
2623 2966 2714 3025 hic
2747 2969 2959 3026 libellus
3002 2973 3258 3030 vindicari
3307 2974 3621 3032 Tertulliano

2028 3062 2234 3120 posset.
2264 3053 2370 3111 Sed
2402 3058 2530 3126 quid
2558 3075 2658 3129 pro
2697 3065 2966 3119 sententia
3021 3066 3181 3121 hodie
3211 3082 3241 3121 a
3277 3068 3419 3123 viris'
3446 3070 3623 3126 doctis

2031 3155 2249 3209 prorsus
2278 3145 2557 3217 proﬂigata
2599 3151 2873 3222 disputet,
2926 3155 3208 3212 audiamus
3248 3166 3446 3215 uinea.
3478 3160 3622 3217 idem

2027 3242 2129 3301 est,
2156 3235 2251 3302 ait,
2278 3236 2331 3293 in
2374 3237 2497 3307 hoc,
2528 3242 2672 3312 quod
2708 3243 2762 3301 in
2799 3245 3014 3316 scriptis
3038 3246 3364 3315 Tertulliani,
3406 3251 3621 3309 dicendi
3725 3266 3730 3270 ‘

2026 3341 2216 3403 genus.
2244 3328 2526 3399 Quomodo
2550 3334 2803 3392 tandem?
2830 3336 3018 3396 Graeca
3044 3342 3242 3413 saepius
3264 3346 3426 3402 verba
3470 3346 3625 3403 libel-

2025 3418 2111 3475 lus
2140 3420 2319 3479 latinis
2360 3425 2582 3494 miscet;
2613 3428 2850 3500 loquitur
2889 3448 2956 3489 eo
2999 3434 3181 3505 modo,
3226 3452 3333 3508 quo
3382 3438 3621 3498 Africani

2026 3513 2222 3583 solent,
2268 3516 2488 3576 horrido
2516 3520 2607 3579 illo
2653 3533 2708 3580 et
2751 3540 2891 3596 pene
2927 3526 3185 3597 barbaro;
3213 3532 3384 3589 acutis
3432 3549 3618 3605 perse-

2025 3608 2206 3678 quitur
2256 3609 2540 3671 lncretieos
2596 3617 3079 3690 conclusiunculis;
3124 3623 3292 3679 multa
3344 3625 3506 3682 etiam
3551 3642 3621 3685 ex

2023 3699 2226 3760 [renuo
2253 3704 2447 3773 sumit;
2477 3708 2708 3780 denique
2736 3712 3023 3770 haereticos
3041 3725 3277 3773 narrata
3302 3716 3620 3775 Tertulliano

2000 3806 2500 3869 commemoratae,
2533 3801 2700 3857 etiam
2722 3817 2839 3873 eos,
2868 3821 3004 3877 quos
3026 3822 3164 3864 unus
3193 3808 3281 3865 ille
3300 3809 3480 3875 habet,
3503 3810 3617 3867 vcl-

2024 3885 2102 3939 uti
2154 3885 2403 3945 Ebionem
2442 3901 2499 3947 et
2531 3890 2905 3952 Praxeam.At
2931 3898 3013 3965 si,
3056 3901 3149 3972 qui
3190 3900 3333 3958 hunc
3379 3902 3618 3959 libellum

2022 3977 2256 4048 scripsit,
2286 3981 2417 4039 Afer
2433 4000 2632 4055 genere
2660 3985 2778 4056 fuit,
2810 3990 2892 4046 vel
2918 3989 3288 4052 Tertulliauuiit
3308 3994 3618 4067 descripsit?

2021 4066 2164 4161 Nihil
2193 4071 2259 4128 ad
2284 4072 2402 4135 haec
2430 4076 2757 4136 Wltistonus.
2788 4082 3203 4155 Progrediamur
3239 4104 3389 4161 ergo.
3411 4066 3618 4145 'Clarisc

2021 4160 2158 4223 sime
2184 4164 2498 4239 Augustinus
2519 4171 2588 4229 de
2616 4172 2820 4230 Haeres.
2848 4192 2902 4235 η.
2930 4177 3044 4234 86.:
3076 4177 3421 4238 Tertullianus
3443 4195 3617 4239 trans-

2020 4251 2077 4352 iit
2107 4255 2183 4352 all
2212 4256 2486 4352 l’hrygas,
2516 4281 2643 4335 quos
2670 4277 2823 4324 antea
2859 4269 3198 4327 destruunt.
3231 4272 3461 4333 Ubinam
3490 4285 3616 4333 tan-
3691 4348 3694 4352 ι

2020 4344 2142 4409 dein
2164 4348 2188 4402 ?
2209 4348 2505 4424 Nusquam,
2538 4359 2613 4415 ait
2647 4359 2960 4431 νγίειΙιοηιιε,
2988 4376 3099 4421 tam
3132 4368 3313 4438 ample
3363 4385 3522 4439 quam
3561 4370 3616 4426 in

2020 4439 2122 4497 hac
2149 4445 2467 4514 appendice.
2510 4449 2676 4508 Certe
2718 4454 2956 4522 audiam,
2999 4457 3141 4513 unde
3165 4457 3283 4516 haec
3314 4458 3617 4516 Win/tonus

314 4524 488 4581 libros
507 4528 837 4600 accingeret,
869 4544 1031 4584 unam
1062 4529 1141 4585 illi
1167 4530 1469 4601 oppositam
1498 4530 1914 4604 disputationem
1938 4546 1994 4615 Β
2020 4530 2285 4597 didicerit.
2313 4536 2658 4613 Hieronymus
2676 4545 2918 4603 adversus
2940 4545 3295 4619 Lueiferianos
3314 4566 3378 4607 es
3406 4550 3527 4614 hoc,
3551 4551 3620 4607 de

316 4619 632 4686 rescissam,
664 4620 888 4681 alteram
925 4622 1182 4683 amissam
1210 4623 1533 4697 conﬁrmat;
1564 4636 1619 4682 ct
1646 4626 1789 4683 istud
1829 4642 1917 4683 ar-

310 4722 628 4785 gumentum
656 4712 971 4771 Tillemontii
1001 4714 1052 4771 in
1083 4729 1143 4772 se
1166 4706 1327 4772 etiam
1352 4716 1591 4787 ineptum
1624 4728 1725 4779 est.
1760 4719 1916 4787 Quod

315 4821 445 4867 vero
470 4805 599 4864 dicit
626 4806 822 4867 librum
846 4809 911 4869 de
939 4809 1108 4867 Carne
1136 4808 1323 4869 Christi
1350 4824 1471 4871 esse
1504 4812 1737 4881 priorem
1764 4813 1915 4870 libris

311 4898 516 4957 nostris
553 4899 796 4963 adversus
825 4900 1165 4972 Marcionem,
1206 4900 1350 4961 hunc
1387 4916 1517 4961 vero
1555 4906 1912 4975 posteriorem

311 4990 456 5047 libro
498 4991 563 5046 de
606 4992 957 5049 hereticorum
988 4993 1424 5066 Prwscriptione,
1480 5010 1543 5052 ea
1593 5012 1700 5051 non
1748 5012 1916 5053 conor

311 5081 603 5154 attingere;
635 5092 720 5141 est
748 5085 892 5143 enim
916 5101 978 5141 ea
1005 5086 1075 5142 de
1111 5102 1171 5144 re
1199 5088 1331 5146 satis
1360 5101 1521 5159 supra
1558 5088 1910 5159 disputatum,

311 5173 460 5231 unde
498 5176 850 5249 intelligatur,
888 5180 1123 5253 primum
1152 5187 1399 5237 nostrum
1427 5180 1621 5237 librum
1651 5182 1915 5235 Antimar-

312 5265 500 5335 cionis,
519 5267 593 5329 de
628 5283 738 5340 quo
764 5270 852 5326 hic
877 5272 1189 5343 quaerimus,
1240 5286 1349 5328 non
1386 5286 1506 5331 esse
1554 5287 1677 5329 cum
1703 5273 1912 5335 caeteris

308 5355 540 5423 editum,
572 5373 674 5416 nec
697 5360 807 5417 ullo
834 5362 995 5419 modo
1022 5363 1116 5421 illo
1142 5364 1207 5419 de
1236 5362 1404 5420 Carne
1429 5362 1621 5420 Christi
1651 5365 1912 5436 posterio-

314 5464 454 5509 rem.
473 5450 582 5515 Sed
610 5452 664 5509 in
691 5452 799 5512 line
833 5455 956 5515 libri
981 5455 1052 5513 de
1078 5455 1493 5529 Praescriptione
1518 5456 1912 5516 Tertulliantts:

309 5559 452 5617 nunc
492 5547 697 5625 quidem
733 5550 1062 5625 generaliter,
1109 5550 1301 5625 inquit,
1328 5538 1529 5635 laetum
1572 5562 1646 5609 est
1688 5569 1720 5606 a
1767 5555 1910 5609 nobis

306 5640 554 5701 adversus
583 5639 797 5697 ltwreses
824 5656 1018 5711 omnes,
1065 5644 1215 5698 certis
1244 5652 1294 5697 et
1333 5643 1490 5715 justis
1528 5654 1574 5700 et
1613 5644 1909 5705 necessariis

303 5732 779 5803 prescriptionibus
800 5736 1117 5809 repellendas
1137 5752 1171 5790 a
1193 5736 1466 5792 collatione
1496 5736 1903 5811 Seripturarum.

310 5815 399 5876 De
424 5818 614 5893 reliquo
737 5825 891 5885 etiam
929 5825 1214 5903 specialiter
1250 5828 1550 5900 quibusdam
1574 5828 1903 5904 respondebi-

2018 4640 2129 4695 quo
2169 4632 2462 4699 quaerimus
2485 4675 2500 4699 ,
2534 4628 2740 4702 libello,
2760 4639 2929 4699 multa
2950 4680 2965 4706 ,
3008 4628 3277 4711 tanquam
3300 4656 3368 4697 ex
3396 4642 3619 4713 antiquo

2019 4718 2221 4787 scripto
2251 4723 2435 4791 sumit,
2459 4725 2697 4797 ﬂetuque
2723 4726 3069 4799 Epiphanius.
3112 4731 3193 4787 Sit
3245 4733 3317 4788 ita
3342 4746 3491 4802 sane,
3523 4735 3622 4791 de-

2019 4808 2333 4881 scripserint
2360 4813 2520 4885 igitur
2562 4818 2749 4875 multa.
2777 4819 2919 4892 Ergo
2959 4820 3049 4877 hic
3100 4822 3315 4881 libellus
3368 4841 3619 4899 magnam

2019 4901 2180 4963 habet
2206 4906 2601 4977 antiquitatem.
2644 4911 2817 4969 Habet
2843 4912 3120 4983 profecto,
3151 4917 3312 4976 etiam
3346 4917 3621 4978 Tertullia-

2019 5012 2084 5055 no
2113 4995 2254 5057 forte
2280 5001 2543 5071 aequalem
2569 5021 2584 5070 ;
2617 5019 2685 5063 an
2716 5020 2842 5062 eum
2876 5007 3038 5064 etiam
3069 5020 3349 5081 parentem
3379 5015 3573 5073 habeat
3598 5060 3615 5087 ,

2017 5088 2071 5151 id
2102 5091 2339 5153 nondum
2378 5095 2533 5153 video
2556 5113 2586 5152 a
2620 5097 2891 5157 Whistono
2916 5102 3134 5175 planum
3162 5105 3249 5163 his
3295 5108 3618 5167 testimoniis

2014 5185 2235 5247 factum.
2267 5190 2492 5261 Deinde,
2527 5193 2823 5253 abhorrere
2863 5198 3191 5263 arbitrantur
3244 5202 3387 5272 quod
3422 5201 3622 5258 Tertul-

2014 5281 2184 5339 liaints
2211 5295 2491 5355 separatus
2513 5304 2543 5344 a
2564 5292 2837 5353 communi
2861 5291 3102 5350 Ecclesia
3124 5295 3399 5363 scripserit
3419 5294 3616 5353 librum

2017 5382 2123 5431 tam
2150 5373 2376 5447 bellum,
2406 5388 2515 5436 tam
2544 5380 2740 5439 fortem
2779 5383 2849 5440 ad
2880 5384 3243 5456 ‘exagitandos
3286 5401 3497 5456 omnes,
3526 5388 3619 5458 qui

2013 5479 2075 5523 se
2120 5468 2392 5526 erroribus
2428 5471 2497 5527 ab
2556 5472 2793 5530 Ecclesia
2842 5483 3191 5545 separassent
3220 5490 3234 5528 :
3265 5490 3363 5544 ac,
3402 5478 3615 5535 etiamsi

2014 5565 2160 5615 tanta
2182 5559 2261 5617 vis
2290 5560 2416 5620 insit
2446 5564 2675 5634 veritati,
2707 5572 2764 5621 ut
2793 5566 2957 5622 etiam
2993 5567 3175 5623 invitis
3200 5582 3261 5624 se
3285 5569 3615 5639 conspicien-

2008 5649 2134 5709 dam
2168 5651 2665 5729 defendendamque
2702 5658 2942 5730 prmbeat
2967 5699 2983 5728 ,
3010 5659 3130 5730 ipse
3157 5675 3370 5732 quoque
3412 5659 3616 5718 Tertul-

2008 5742 2176 5803 lianus
2216 5748 2428 5820 sapius
2454 5750 2510 5806 in
2559 5750 2711 5809 libris
2754 5752 2897 5810 haud
2944 5752 3105 5810 dubie
3156 5755 3210 5810 in
3257 5752 3615 5817 Montanismo

2006 5837 2325 5911 conscriptis
2346 5842 2740 5941 proscriptioni
2765 5843 3026 5913 adversus
3053 5843 3349 5910 hereticos
3374 5847 3607 5923 insistat,
