4250 6266
601 367 704 425 167

1673 349 2122 416 DISSERTATIO
2162 350 2250 407 DE
2290 350 2476 408 VERA
2515 348 2770 408 ᾸΞΤΑΤΕ

3748 374 3753 380 -
3785 339 3890 398 188

602 494 778 539 tamen
814 487 959 537 tanto
985 491 1104 534 cum
1151 473 1375 532 consilio
1417 480 1472 529 et
1518 473 1871 553 amplitudine
1921 483 2183 538 nusquam
2217 467 2268 526 Α
2297 479 2390 518 vas
2416 506 2432 530 ,
2478 464 2571 520 sed
2621 464 2792 531 magis
2829 461 3172 518 conﬁrmatas
3218 468 3430 514 veteres
3471 455 3889 512 christianorum

601 575 703 631 hoc
734 574 839 629 telo
859 587 978 626 eum
1004 570 1167 624 fuisse
1195 582 1348 622 nsum
1374 565 1804 621 animadvertere
1827 563 2036 632 jubeut.
2061 564 2190 628 Quae

601 664 890 734 disputatio
918 670 998 715 cst
1037 659 1223 730 magis,
1250 673 1407 727 quam
1438 657 1610 718 decet,
1641 662 1849 725 arguta.
1872 652 2004 707 Nam
2036 651 2188 706 Mon-

603 757 830 821 tanistat,
858 755 969 823 ipse
996 753 1158 808 etiam
1181 749 1545 812 Tertullimttts,
1583 747 1634 801 id
1657 745 1797 816 quod
1852 754 2069 813 constati
2112 752 2187 811 (ν.

600 848 666 904 de
694 847 871 917 Jejun,
899 863 947 902 c.
985 847 1039 900 1.
1073 845 1138 899 de
1168 842 1314 914 Virg.
1347 843 1446 896 vel.
1473 856 1519 895 c.
1546 841 1652 909 2.),
1681 853 1952 907 nunquam
1975 850 2032 889 se
2062 834 2192 888 alie-

603 956 701 996 nos
723 940 778 994 in
804 939 1063 994 doctrinis
1089 936 1152 992 ad
1178 936 1333 990 fidem
1367 933 1754 1003 pertinentibus
1784 930 1851 984 ab
1876 928 2192 982 orthodoxis

603 1031 830 1105 professi
857 1040 1002 1092 sunt,
1041 1043 1214 1099 neque
1259 1025 1604 1081 Tertullianus
1647 1037 1869 1092 usquam
1908 1019 2194 1089 Psychicos

606 1129 756 1200 ponit
785 1129 836 1182 in
869 1139 1095 1180 numero
1133 1123 1529 1182 ltmreticorum,
1559 1117 1652 1171 sed
1681 1117 1748 1170 ab
1791 1115 1853 1169 iis
1884 1113 2197 1184 planissime

604 1220 882 1291 distinguit
929 1219 1003 1290 (e.
1045 1233 1098 1286 εξ.
1133 1216 1183 1270 itt
1215 1214 1310 1268 lib.
1345 1213 1410 1266 de
1442 1210 1654 1278 Munog.
1681 1207 1781 1261 sub
1826 1203 1989 1274 init.).
2042 1203 2197 1258 Modo

604 1311 941 1369 emendatam
996 1308 1210 1363 aiebant
1261 1315 1316 1360 ct
1361 1302 1671 1376 perductam
1703 1301 1767 1353 ad
1817 1298 2194 1368 perfectionem

605 1404 941 1474 disciplinam
989 1417 1161 1466 suam,
1212 1413 1388 1467 neque
1430 1396 1481 1448 in
1521 1394 1701 1457 rebus,
1743 1382 1862 1460 qua:
1893 1389 1992 1443 sub
2038 1388 2197 1442 fidem

607 1496 843 1558 cadunt,
875 1495 941 1548 de
968 1493 1161 1563 quibus
1189 1488 1458 1544 dissensio
1487 1485 1645 1540 unice
1677 1483 1958 1537 lucreticos
1998 1481 2198 1563 consti-

607 1591 726 1656 tuit,
757 1605 814 1644 se
852 1557 1225 1656 discrepantes
1255 1600 1282 1637 a
1309 1581 1551 1636 doctrina
1597 1575 1797 1631 Christi
1827 1584 1882 1629 et
1918 1557 2199 1644 Apostolo-

608 1699 726 1739 rum
759 1679 1168 1736 conlirmabant.
1201 1678 1377 1746 Itaque
1422 1672 1552 1728 nihil
1601 1669 1782 1724 mirari
1815 1670 2025 1730 attinet,
2055 1666 2200 1737 quod

609 1791 673 1832 ex
713 1785 867 1829 :etate
907 1771 1188 1829 recentiori
1220 1769 1581 1824 doctrinarum
1620 1764 1687 1817 ab
1716 1761 1980 1817 bmrcticis
2009 1759 2196 1814 delen-

2297 555 2742 626 propugnabant;
2785 555 2892 608 imo
2939 554 3084 624 ipsos
3124 552 3281 614 ritus,
3314 565 3448 620 quos
3491 553 3762 606 recentius
3805 550 3890 604 in.

2296 646 2486 702 ductos
2533 646 2674 715 apud
2722 645 2957 699 Montani
3008 653 3302 700 sectatores
3354 644 3555 698 rectius
3599 641 3892 696 sentientes

2296 739 2622 803 clamabant,
2657 747 2712 791 ut
2743 737 2936 808 probet
2965 752 2994 790 c
3021 735 3190 791 sacris
3217 734 3430 802 litteris,
3465 734 3700 805 ipsorum
3729 735 3890 789 etiam

2295 829 2675 900 Apostolorum
2709 829 2789 883 vel
2815 827 3206 885 consuetudine
3247 827 3329 882 vel
3378 826 3686 897 praeceptis,
3713 825 3894 881 multis

2300 920 2352 974 in
2398 923 2526 976 locis
2581 919 2925 974 Tertullianus
2975 921 3196 975 laborat.
3256 918 3363 974 Sed
3415 918 3450 973 ii
3521 918 3755 974 bteretici
3801 915 3897 972 ad-

2299 1028 2487 1070 versus
2508 1027 2646 1083 quos
2677 1012 2978 1066 Tertulliani
3012 1013 3251 1067 instituta
3283 1020 3369 1067 est
3409 1012 3460 1065 in
3483 1009 3621 1067 libro
3644 1011 3712 1067 de
3754 1011 3900 1066 Prte-

2304 1107 2597 1176 scriptione
2622 1106 2937 1177 disputatio,
2987 1105 3276 1160 multarum
3307 1104 3504 1160 Christi
3533 1105 3896 1160 doctrinarum

2301 1202 2383 1254 vel
2414 1199 2575 1255 rudes
2600 1185 2886 1270 Apostolus
2930 1199 3246 1254 dictitabant
3290 1197 3456 1253 fuisse
3479 1239 3495 1262 ,
3527 1198 3614 1253 vel
3642 1197 3900 1253 Christum

2303 1308 2410 1348 non
2437 1295 2614 1348 omnia
2646 1293 2898 1348 omnibus
2941 1291 3250 1358 tradidisse,
3275 1301 3335 1347 ιιι
3368 1292 3565 1348 Noster
3590 1293 3663 1347 ait
3701 1292 3754 1345 in
3784 1291 3901 1361 ipso

2304 1383 2442 1449 hoc,
2490 1400 2649 1455 quem
2709 1373 3031 1452 tractamus,
3074 1385 3214 1440 loco.
3261 1384 3430 1450 Quam
3487 1385 3557 1439 ob
3613 1399 3727 1456 rem
3776 1397 3900 1438 cum

2305 1477 2454 1532 locus
2483 1478 2548 1542 is,
2593 1476 2661 1532 de
2703 1492 2810 1546 quo
2833 1476 3192 1548 disputamus,
3220 1493 3250 1530 a
3282 1475 3600 1530 Montanista
3645 1490 3751 1528 non
3795 1473 3903 1528 mi-

2306 1586 2408 1627 nus
2449 1569 2683 1642 potuerit
2709 1568 2974 1634 adhiberi,
3006 1583 3164 1638 quam
3209 1583 3242 1623 a
3289 1568 3438 1622 socio
3478 1565 3733 1622 Ecclesia:
3759 1575 3903 1621 recte

2305 1662 2610 1729 sentientis,
2643 1659 2743 1715 hoc
2777 1662 3054 1731 qua-ritur,
3088 1669 3205 1713 utra
3231 1660 3302 1713 sit
3330 1648 3592 1714 sententia
3622 1657 3706 1712 vel
3737 1657 3900 1716 inter-

2307 1755 2533 1826 pretatio
2563 1753 2630 1808 ad
2660 1755 2940 1808 veritatem
2971 1751 3332 1823 propensior?
3373 1752 3459 1806 ubi
3489 1765 3590 1822 ego
3629 1765 3736 1805 non
3765 1749 3904 1804 mul-

612 1883 790 1923 sarum
840 1874 1212 1936 argumentum
1261 1859 1326 1913 ad
1384 1873 1476 1912 eos
1531 1852 1921 1924 impugnandos
1963 1851 2196 1905 duxerit.
2232 1837 2278 1896 B
2309 1856 2422 1902 tum
2461 1845 2649 1902 dubito
2701 1846 2828 1915 quin
2886 1845 3058 1915 ipsum
3100 1843 3242 1897 hunc
3291 1843 3484 1897 librum
3529 1828 3700 1897 dicam
3732 1837 3906 1894 ετα-

609 1960 850 2016 Alterum
903 1973 1031 2013 vero
1061 1956 1186 2010 illud
1216 1951 1528 2008 Tillemonn‘i
1559 1949 1690 2003 nihil
1722 1957 1825 2003 est.
1866 1945 2076 2001 Etenim
2101 1945 2202 1999 etsi

617 2051 903 2119 suscipiam
955 2047 1096 2119 quod
1151 2047 1238 2101 hic
1283 2045 1529 2109 consilio,
1578 2041 1670 2097 sed
1717 2040 1770 2094 in
1809 2039 2023 2094 caneris
2057 2037 2203 2091 libris

611 2144 803 2205 obiter,
829 2142 895 2196 de
922 2141 1022 2195 hac
1051 2139 1230 2209 regula
1255 2137 1617 2191 doctrinarum
1645 2132 2054 2200 iudicandarum
2079 2128 2202 2182 Ter-

613 2236 858 2290 tullianus
899 2232 1270 2303 disputaverit,
1304 2241 1480 2284 tamen
1515 2229 1659 2282 illam
1687 2240 1804 2280 non
1833 2226 2081 2290 obscure,
2107 2221 2202 2276 sed

613 2330 771 2401 plane
808 2328 960 2393 satis,
993 2327 1246 2397 proponit
1272 2325 1323 2378 in
1349 2323 1499 2377 libris
1528 2321 1786 2376 adversus
1816 2317 2118 2378 haereticos,
2147 2325 2202 2371 et

614 2420 680 2476 ad
706 2421 848 2474 illam
888 2433 1001 2474 rem
1023 2434 1091 2473 ex
1132 2417 1376 2472 instituto
1413 2411 1787 2483 disputandum
1838 2409 2031 2464 librutn
2081 2422 2202 2462 nos-

617 2525 758 2572 trum
803 2515 1180 2579 destinaverat,
1226 2511 1440 2581 alioque
1468 2507 1626 2562 modo
1657 2503 1894 2560 confutat
1921 2505 1972 2557 in
1995 2501 2205 2557 caeteris

616 2609 991 2666 barreticorum
1024 2606 1265 2676 ineptias.
1303 2606 1477 2674 Atque
1507 2600 1624 2657 haec
1647 2600 1757 2671 ipsa
1790 2606 2013 2670 possunt
2042 2596 2202 2650 etiam

615 2703 811 2776 opponi
851 2701 938 2755 alii
979 2699 1189 2755 cuidam
1250 2694 1679 2751 adversariorum
1711 2699 2026 2762 argumento
2050 2729 2064 2751 .
2099 2703 2204 2743 non

618 2797 723 2852 levi
771 2795 845 2850 illi
893 2793 1109 2864 quidem
1134 2834 1148 2856 ,
1188 2790 1279 2845 sed
1319 2789 1388 2842 ita
1418 2789 1539 2854 forti
1567 2828 1581 2852 ,
1626 2794 1683 2840 ut
1727 2799 1862 2853 pene
1893 2797 1996 2836 nos
2039 2781 2208 2835 videri

618 2897 802 2963 posset
831 2887 1143 2957 pertrahere
1171 2883 1222 2937 in
1252 2866 1584 2958 adversarias
1625 2888 1805 2946 partes
1837 2889 2016 2944 posse,
2055 2872 2149 2927 sed
2179 2886 2208 2925 a

624 2978 980 3044 Tillemontio,
1012 2975 1154 3047 quod
1185 2974 1372 3035 miror,
1397 2986 1501 3025 non
1530 2973 1660 3024 satis
1690 2969 1975 3022 illustrato.
2007 2963 2210 3018 Videli-

618 3085 706 3128 cet
733 3087 999 3128 summum
1023 3070 1074 3124 in
1121 3065 1378 3122 doctrinis
1413 3062 1821 3133 apustolicarum
1850 3057 2209 3114 Ecclesiarum

619 3182 743 3222 cum
788 3165 905 3220 suis
935 3175 1255 3218 consensum
1283 3201 1297 3223 ,
1328 3157 1421 3212 sed
1448 3155 1818 3210 vehementem
1850 3152 1916 3205 ab
1945 3148 2212 3204 haereticis

2309 1939 2526 1992 tulliano
2552 1935 2873 1991 Mnntanista
2901 1935 3185 2006 proﬁcisci.
3205 1933 3336 1990 Nam
3360 1938 3611 2005 primum,
3636 1941 3764 1988 sunt
3783 1931 3905 1986 libri

2309 2030 2618 2099 Septimiani
2665 2045 2696 2084 e
2742 2027 3025 2098 disciplina
3085 2027 3528 2082 Montanistarum
3598 2023 3788 2090 ducti,
3851 2023 3904 2077 in

2309 2123 2500 2193 quibus
2529 2122 2606 2177 illi
2629 2122 2788 2175 instat
2807 2120 3196 2191 pra-scriptioni
3221 2120 3272 2172 in
3294 2134 3482 2173 caussa
3508 2115 3902 2181 lnereticorum,

2310 2229 2410 2269 nec
2452 2213 2558 2268 ullo
2589 2212 2749 2268 modo
2773 2254 2787 2277 ,
2834 2210 2977 2282 quod
3016 2225 3114 2265 usu
3163 2211 3259 2278 ipsi
3295 2210 3442 2264 venit
3465 2209 3532 2262 de
3566 2209 3712 2262 libris
3741 2204 3904 2260 omni~

2311 2305 2413 2361 bus
2451 2304 2563 2358 suis
2591 2344 2606 2369 ,
2635 2303 2702 2358 ad
2743 2317 2879 2373 quo~
2908 2302 3184 2356 remittere
3227 2302 3457 2356 lectores
3485 2307 3716 2369 poterat,
3749 2311 3903 2352 suum

2311 2395 2375 2449 de
2401 2394 2798 2464 Pratscriptione
2823 2393 3176 2447 ha'reticorum
3217 2406 3355 2461 Opus
3393 2399 3711 2454 antestatur,
3739 2387 3904 2442 veluti

2311 2489 2365 2544 in
2399 2489 2533 2543 libro
2550 2487 2790 2541 adversus
2808 2485 3086 2549 Praxeam,
3112 2500 3161 2539 c.
3189 2484 3523 2550 2.,adversus
3543 2481 3905 2552 Hermogenem

2312 2596 2361 2637 c.
2394 2583 2445 2636 l.
2482 2579 2703 2645 Deinde,
2736 2581 2780 2634 si
2812 2583 2858 2633 is
2877 2588 3022 2634 esset.
3051 2576 3154 2632 loci
3184 2577 3431 2647 superius
3477 2575 3684 2631 tractati
3712 2589 3744 2629 e
3770 2572 3906 2628 libro

2313 2686 2500 2731 nostro
2545 2689 2740 2730 sensus
2806 2674 3016 2744 qualem
3069 2671 3423 2726 Tillemontius
3471 2670 3641 2740 ﬁngit,
3683 2683 3787 2723 non
3816 2666 3907 2722 ad-

2315 2771 2534 2826 modum
2563 2769 2823 2824 credibile
2844 2778 2926 2823 est
2981 2765 3350 2820 Tertullianum
3378 2765 3616 2835 potuisse
3636 2769 3757 2832 post
3775 2759 3906 2816 scri-

2314 2875 2463 2936 ptum
2498 2863 2640 2916 bunc
2689 2861 2882 2916 librum
2930 2861 2998 2914 ad
3043 2857 3397 2914 Montatiistas
3434 2855 3638 2920 delabi,
3681 2853 3770 2925 qui
3803 2862 3908 2907 tam

2315 2955 2550 3013 dilucide
2572 2956 2893 3011 sententiam
2924 2955 3180 3008 adversus
3206 2949 3440 3004 Montani
3484 2948 3722 3003 scholam
3763 2946 3910 3001 dixe.

2316 3061 2420 3116 rat,
2453 3051 2536 3104 vel
2568 3053 2708 3103 hunc
2733 3047 2953 3114 librum,
2977 3043 3030 3100 in
3054 3061 3160 3116 quo
3187 3043 3422 3099 Montani
3460 3040 3764 3096 molitiones
3796 3046 3915 3091 tan-

2320 3152 2375 3198 to
2404 3143 2608 3211 impetu
2635 3138 2876 3194 damnati
2901 3137 3134 3202 fuerant,
3158 3137 3320 3190 etiam
3346 3135 3394 3188 in
3431 3131 3599 3187 libris.
3621 3143 3756 3199 quos
3787 3136 3910 3181 tan-

619 3257 924 3314 dissensum
967 3251 1217 3325 proponit
1260 3265 1378 3319 cap.
1411 3247 1526 3310 56.;
1558 3256 1613 3301 et
1653 3243 1794 3314 quod
1849 3244 2009 3314 longe
2040 3240 2211 3308 majus
2239 3203 2284 3266 C
2327 3251 2487 3304 quam
2519 3233 2844 3288 Montanista
2871 3229 3136 3293 exaravit,
3161 3237 3218 3282 ut
3238 3226 3290 3280 in
3316 3225 3409 3279 lib.
3451 3222 3512 3277 de
3539 3219 3705 3277 Carne
3725 3217 3915 3274 Christi

621 3359 724 3413 est,
741 3350 1108 3411 vehementer,
1129 3342 1252 3398 c.2l
1272 3383 1310 3408 .,
1331 3341 1563 3410 exagitat
1589 3335 1889 3399 haereticus,
1924 3341 2213 3404 propterea

625 3441 768 3512 quod
820 3445 1212 3496 consueverant
1265 3433 1487 3498 dicere,
1536 3446 1640 3484 non
1691 3428 1871 3484 omnia
1921 3424 2216 3495 Apostolus

629 3535 816 3599 scisse,
843 3532 986 3602 quod
1014 3532 1127 3600 ipse
1147 3530 1255 3584 illis
1278 3527 1556 3581 videbatur
1575 3523 1727 3578 Jesus
1757 3521 1984 3576 Christus
2010 3517 2218 3574 dixisse

629 3625 770 3697 apud
802 3626 1056 3679 Joannem
1100 3621 1281 3677 verbis
1312 3620 1396 3675 his
1431 3636 1443 3672 :
1477 3617 1643 3672 Multa
1666 3615 1854 3670 vobisa
1875 3630 1959 3668 me
1995 3613 2210 3668 dicenda

630 3729 854 3784 restant,
896 3717 984 3773 sed
1023 3715 1274 3786 suscipere
1301 3731 1357 3767 en
1382 3711 1605 3766 nonduin
1633 3713 1857 3774 potestis.
1890 3708 1997 3763 llos
2023 3717 2209 3778 postea

634 3809 870 3866 retundit
891 3808 1064 3862 verbis
1091 3805 1286 3861 Christi
1316 3805 1400 3870 iis,
1424 3818 1542 3873 qua:
1581 3800 1946 3871 superioribus
1969 3798 2220 3868 subiece-

635 3912 718 3959 rat
742 3919 754 3955 :
784 3898 911 3956 Cum
937 3899 1124 3954 venerit
1146 3896 1234 3949 ille
1255 3894 1499 3965 Spiritus,
1537 3896 1580 3948 is
1604 3909 1688 3947 vos
1709 3892 1778 3946 ad
1798 3908 1946 3946 omne
1975 3891 2050 3958 id,
2083 3889 2222 3962 quod

635 4011 806 4050 verum
846 4004 941 4060 est,
981 3991 1384 4064 cognoscendum
1411 3989 1683 4053 perduret;
1727 3987 1870 4043 unde
1899 3986 2036 4042 efﬁci
2068 3999 2224 4057 posse

637 4098 788 4160 putat
836 4088 1014 4142 omnia
1073 4085 1235 4140 fuisse
1282 4084 1503 4140 eductos
1545 4082 1863 4154 Apostolus;
1917 4096 2040 4136 nam
2078 4082 2226 4150 ipsos

638 4183 758 4238 illos
786 4182 1042 4252 Spiritum
1071 4198 1100 4236 a
1123 4179 1324 4234 Christo
1349 4188 1527 4248 postea
1558 4179 1780 4232 omnino
1829 4175 2102 4244 accepisse
2141 4172 2216 4228 ait

637 4291 704 4332 ex
734 4276 882 4332 Actis
931 4275 1307 4346 Apostolorum
1347 4273 1486 4327 haud
1531 4271 1694 4327 dubie
1739 4279 2007 4326 constare.
2063 4267 2224 4339 Atqui

640 4368 756 4424 ba-c
802 4367 1053 4439 cogitanti
1102 4367 1352 4434 cuidam,
1399 4375 1456 4423 et
1500 4365 1744 4434 apudse
1785 4362 2048 4432 reputanti
2096 4361 2228 4417 scita

638 4461 1102 4526 Montanistarum,
1153 4460 1264 4531 qui,
1315 4458 1426 4515 fere
1474 4458 1539 4514 ad
1580 4457 1827 4512 eumdem
1875 4455 2022 4511 illum
2053 4457 2227 4510 locum

636 4555 857 4612 Joannis
887 4557 1238 4628 posteriorem
1277 4561 1649 4624 provocantes,
1692 4550 1950 4604 Paracleti
1997 4549 2226 4618 discipli-
2257 4563 2311 4622 1)

641 4665 764 4705 nam
796 4648 1168 4719 perfectiorem
1215 4659 1428 4714 quoque
1457 4642 1735 4714 disciplina
1780 4642 1969 4695 Christi
2010 4649 2065 4696 et
2092 4641 2230 4711 Apo-

640 4743 885 4797 stolorum
912 4739 1294 4802 defendebant,
1322 4736 1663 4792 videreturne
1707 4734 1866 4806 igitur
1903 4733 1975 4788 illi
2026 4730 2229 4786 Tertul-
2295 4809 2298 4812 ἑ

644 4833 811 4887 lianus
841 4842 946 4885 tam
991 4833 1136 4887 clare
1161 4831 1420 4886 adversus
1451 4830 1595 4898 ipsos
1635 4826 1980 4882 Montanistas
2010 4835 2229 4882 senten-

649 4925 774 4978 tiam
804 4923 1008 4986 direre,
1033 4934 1089 4978 ut
1109 4913 1343 4978 dubitari
1391 4921 1458 4976 de
1513 4925 1755 4993 ὂρθοδοείᾳ
1795 4918 1951 4988 hujus
1979 4918 2101 4972 libri
2129 4933 2231 4972 non

646 5013 863 5086 posset?
903 5012 1020 5069 Non
1070 5016 1314 5084 equidem
1369 5026 1513 5084 puto.
1558 5013 1696 5069 Nam
1725 5056 1738 5076 ,
1795 5014 1895 5069 etsi
1954 5015 2039 5068 hic
2083 5018 2230 5067 locus

647 5123 893 5174 nia-gnam
949 5106 1140 5161 habeat
1201 5109 1498 5176 rationem,
1541 5107 1712 5176 potuit
1772 5117 1946 5160 tamen
2005 5105 2231 5175 proferri

647 5204 806 5258 etiam
833 5202 899 5257 ab
951 5217 1016 5256 eo
1065 5199 1156 5270 qui
1207 5199 1383 5254 stabat
1423 5215 1450 5252 a
1491 5199 1930 5254 Montanistarum
1976 5198 2234 5268 partibus.

649 5295 884 5360 Etenim,
929 5296 1000 5352 uti
1041 5294 1272 5350 diximus
1299 5336 1314 5358 ,
1361 5308 1621 5364 nusquam
1676 5291 2019 5347 Tcrtulh'umts
2069 5291 2234 5360 ullntn

649 5389 878 5444 admittit
922 5391 1061 5445 inter
1087 5387 1432 5444 Montanislas
1473 5397 1526 5441 et
1570 5385 1900 5440 ortuodosos
1943 5383 2230 5454 Apostolo-

649 5496 766 5537 rum
791 5490 1084 5537 sectatores
1105 5481 1406 5536 dissensum
1443 5478 1510 5535 de
1538 5479 1601 5533 iis
1627 5493 1766 5540 esse,
1799 5493 1918 5546 qua:
1947 5457 2051 5530 ﬁde
2081 5476 2191 5530 aeci
2211 5505 2237 5517 -

651 5575 842 5646 pienda
863 5585 1022 5639 sunt;
1053 5586 1105 5632 et
1155 5574 1294 5646 quod
1325 5573 1523 5628 nullius
1550 5587 1692 5627 verre
1736 5569 1994 5625 doctrina.-
2034 5585 2231 5638 exlier-

652 5679 732 5724 tcs
764 5669 926 5724 fuisse
981 5669 1267 5739 Apostolus
1325 5667 1600 5726 defendit.
1632 5665 1760 5720 illud
1812 5663 1925 5719 dari
1977 5679 2006 5718 a
2052 5663 2241 5733 quovis

650 5761 1087 5816 Montanistarum
1127 5769 1354 5830 poterat.
1395 5758 1502 5815 Sed
1555 5759 1977 5814 emendatiorem
2017 5756 2229 5811 demum

652 5865 747 5922 per
776 5849 1101 5906 Paracletttm
1125 5849 1483 5919 disciplinam,
1506 5847 1778 5906 doctrinas
1803 5848 1965 5906 etiam
1994 5861 2103 5906 non
2128 5861 2228 5903 no-

2319 3341 2367 3382 c.
2399 3327 2453 3380 2.
2484 3335 2624 3381 extr.
2681 3324 2918 3378 laudare.
2961 3321 3145 3390 Neque
3174 3333 3304 3374 vero
3334 3315 3517 3372 mirari
3561 3313 3679 3390 quis
3719 3311 3913 3378 debet,

2321 3417 2693 3472 Tertullinnum
2721 3425 2825 3469 tam
2853 3429 2912 3468 se
2950 3412 3265 3481 adjunxisse
3299 3404 3605 3464 defensioni
3645 3403 3917 3458 doctrina-

2323 3525 2440 3565 rum
2475 3509 2525 3562 in
2558 3507 2971 3562 Christianorum
3003 3502 3261 3558 Ecclesiis
3284 3507 3653 3567 susceptarum
3706 3496 3757 3549 in
3784 3494 3918 3549 libro

2325 3618 2484 3674 quem
2509 3611 2750 3671 tempore
2785 3598 3102 3652 defectionis
3130 3609 3243 3649 sua:
3269 3593 3338 3648 ab
3369 3591 3450 3647 his
3477 3589 3731 3646 Ecelesiis
3751 3586 3919 3655 scrip-

2325 3707 2506 3760 serat;
2535 3705 2643 3750 tum
2669 3695 2810 3749 enim
2839 3693 2949 3762 jam
2979 3692 3096 3761 ipso
3139 3699 3380 3759 tempore
3410 3685 3700 3741 restinctus
3739 3681 3917 3749 aliquo

2329 3788 2491 3844 modo
2513 3797 2624 3842 crat
2661 3786 2748 3840 ille
2773 3783 3082 3838 Tertulliani
3105 3781 3156 3836 in
3177 3793 3331 3836 secus
3351 3777 3649 3834 sentientes
3669 3769 3924 3828 orthodo-

2333 3899 2416 3939 sae
2444 3881 2700 3937 Ecclesia:
2737 3878 2914 3933 socios
2956 3875 3126 3940 furor,
3177 3887 3370 3942 seque,
3412 3869 3622 3940 placato
3656 3865 3925 3936 paulisper

2330 3976 2548 4039 animo,
2579 3973 2629 4026 in
2688 3969 2972 4025 haereticos
3014 3971 3374 4028 converterat,
3419 3960 3560 4016 unde
3603 3958 3774 4029 major
3801 3967 3926 4009 cum

2330 4078 2479 4124 recte
2521 4063 2878 4122 sentientibus
2903 4073 3200 4117 consensus
3229 4066 3284 4112 et
3309 4055 3490 4111 mitior
3517 4054 3587 4110 de
3609 4051 3674 4107 iis
3707 4056 3928 4105 senten-

2334 4163 2407 4218 tia
2427 4158 2634 4216 cxstitit
2661 4157 2762 4230 (1).

2835 4291 3088 4350 ARTICU
3099 4291 3228 4348 ωε
3257 4289 3344 4345 Vl.

2337 4436 2534 4502 Quinta
2555 4433 2730 4489 classis
2757 4431 3019 4493 librorum,
3047 4444 3261 4500 quarunt
3285 4441 3377 4481 nec
3420 4434 3544 4481 etas
3581 4436 3672 4477 nec
3696 4419 3934 4476 doctrina

2981 4532 3117 4576 certa
3143 4529 3236 4576 εει.

2695 4639 2724 4711 ς
2748 4638 2802 4695 1.
2827 4667 2899 4680 -
2920 4634 3069 4690 Liber
3091 4635 3154 4689 de
3181 4631 3510 4688 Paenitentia.

2409 4753 2527 4809 Jam
2555 4751 2622 4806 de
2645 4751 2819 4817 libris,
2841 4750 2929 4819 qui
2947 4759 3072 4804 sunt
3087 4748 3155 4803 de
3172 4746 3338 4802 Carne
3360 4744 3568 4809 Christi,
3585 4743 3745 4812 deque
3767 4739 3935 4795 carnis

2340 4843 2744 4907 Resurrertione,
2783 4857 2887 4896 non
2920 4851 3001 4896 est
3032 4839 3172 4910 quod
3197 4838 3361 4892 multa
3379 4837 3642 4898 dicamus,
3661 4849 3782 4890 cum
3800 4831 3940 4886 hunc

2339 4954 2404 4994 eo
2438 4939 2790 5007 posteriorem
2817 4950 2941 4992 esse
2969 4934 3112 4989 illius
3145 4933 3263 4986 libri
3294 4932 3345 4986 in
3399 4930 3500 4984 hoc
3528 4928 3780 4985 excitatio
3808 4925 3940 4980 satis

2404 5114 2476 5175 (l)
2512 5113 2670 5163 Ardua
2729 5124 2883 5175 sane,
2927 5113 2967 5161 si
3006 5123 3101 5175 qua
3135 5107 3310 5167 fuerit,
3351 5119 3407 5156 ac
3444 5103 3681 5175 angustiis
3717 5099 3942 5174 intritnta

2341 5164 2538 5227 videtur
2579 5175 2683 5224 lure
2717 5176 2780 5223 de
2821 5164 3246 5234 Praescriptionum
3287 5164 3880 5234 t'ettttxire’oontrqversia
3909 5177 3940 5220 _:

2341 5223 2486 5302 quam
2510 5223 2682 5286 rursus
2699 5239 2744 5286 in
2765 5235 2907 5297 hujus
2929 5223 3093 5297 oreris
3108 5233 3318 5302 decursu
3345 5223 3627 5302 ipiprompttt
3647 5225 3744 5273 erit
3760 5223 3944 5302 aliqua-

2342 5289 2490 5349 t'enus
2521 5304 2792 5360 exagitare,
2812 5289 3152 5358 uestrumque,
3180 5296 3271 5342 etsi
3300 5289 3442 5360 nobis
3463 5303 3558 5339 non
3596 5289 3744 5336 liceat
3771 5292 3941 5360 tantas

2343 5346 2646 5422 honorati;
2677 5346 2816 5414 lites.
2873 5346 3619 5422 senteii'tiam__qualemcumque
3650 5346 3940 5422 .expliear‘e.

2343 5409 2669 5473 Nuncauth
2695 5423 2740 5470 id
2765 5409 2928 5469 obiter
2951 5427 3134 5468 tantum
3155 5409 3324 5466 dicere
3353 5418 3503 5474 juvat,
3531 5409 3626 5460 nec
3643 5411 3743 5474 jam
3761 5409 3944 5474 Avideti-

2343 5470 2424 5534 cet
2455 5470 2758 5546 displicuisse
2779 5496 2922 5546 quam
2946 5470 3628 5546 subtidoraturjillemontius
3643 5470 3943 5546 opinionem,

2343 5532 2440 5609 qua
2464 5532 2649 5594 librum
2688 5532 3088 5609 hune,_equidem
3114 5550 3226 5590 ante
3264 5537 3553 5609 Tertulli-ani
3593 5532 3943 5609 deiectionem,

2344 5593 2454 5657 dum
2477 5593 2633 5656 adhuc
2655 5620 2770 5655 sana
2803 5593 3154 5663 tide'tioreret,
3180 5614 3237 5650 ac
3260 5604 3416 5651 forsan
3451 5599 3566 5646 dum
3603 5593 3770 5644 Romae
3792 5605 3949 5663 agens

2345 5670 2630 5720 traditiones
2666 5667 2955 5731 apostolicas
2999 5662 3195 5729 penitus
3239 5663 3612 5731 introspiceret,
3655 5662 3949 5731 conceptum

2345 5716 2863 5791 iuisseacincdaptuni
2883 5766 2897 5789 ,
2923 5716 3020 5777 nec
3044 5736 3208 5777 tamen
3231 5727 3322 5774 nisi
3477 5721 3630 5791 tionis
3667 5719 3719 5790 in
3743 5716 3949 5791 “arcto.

2346 5777 2850 5855 iftéiﬁ.‘tii.ér'eiiié'j=im
2882 5777 3084 5841 auctore
3121 5777 3499 5855 tt_i_montauistni
3535 5781 3685 5838 lace,
3709 5780 3762 5827 in
3786 5777 3950 5827 lucem

2347 5848 2530 5907 editum
2553 5848 2922 5904 arbitraremur.
3143 5848 3262 5903 Enn.
