4250 6266
438 4804 451 4813 ,
544 4763 616 4819 De
643 4757 903 4819 Baptismo.

520 406 660 465 ,ΠΙ

1631 399 2081 462 DISSERTATIO
2120 400 2209 458 DE
2250 400 2435 459 VERA
2476 397 2734 459 IETATE

3760 389 3865 448 172

564 524 875 597 planissime
901 523 1048 579 dicit.
1079 519 1184 579 Sed
1213 522 1311 577 ista
1340 519 1580 586 demum,
1622 537 1741 592 quae
1779 520 1847 577 de
1886 520 2158 575 Britannis
2182 520 2238 583 Α
2263 528 2405 575 reret
2425 518 2519 588 (In
2548 519 2633 573 the
2656 517 2836 573 sacred
2863 518 3056 588 history
3085 521 3144 587 of
3172 515 3253 571 tlze
3276 510 3465 570 Jewish
3493 512 3596 568 and
3618 510 3865 597 christian

564 618 744 673 rmteri
802 615 1089 685 scriptores
1137 611 1491 679 tradiderunt,
1540 621 1666 667 sunt
1716 614 1766 667 in
1820 611 2161 684 expeditione

566 706 744 763 Severi
772 705 1032 761 adversus
1057 720 1154 761 eos
1180 705 1339 768 facta,
1372 719 1532 775 quam
1559 715 1769 760 consult
1800 704 1963 761 fuisse
2016 718 2161 759 anno

562 795 780 853 CCVIII.
813 806 1136 866 susceptam.
1183 794 1332 851 Prior
1374 796 1533 867 igitur
1573 795 1656 851 hic
1685 794 1987 851 Tertulliani
2027 795 2162 851 liber

563 889 785 955 exstitit,
815 899 868 945 et
895 889 1065 945 nmlto
1088 889 1255 960 ,prior
1279 888 1515 960 quidem,
1544 890 1586 943 si
1617 888 1745 963 quid
1768 887 1941 952 video,
1983 898 2159 944 recte-

562 998 666 1053 que
723 982 1068 1037 Tertullianus
1108 980 1277 1037 altero
1324 983 1374 1037 in
1406 981 1526 1037 loco
1570 980 1891 1052 disputavit,
1935 980 2022 1051 qui
2078 991 2162 1036 est

563 1091 611 1130 c.
642 1076 729 1131 I3.
758 1074 939 1145 Neque
984 1074 1126 1129 enim
1174 1084 1415 1144 tempore
1452 1073 1635 1144 scripti
1677 1073 1833 1143 hujus
1878 1071 1999 1128 libri
2051 1074 2164 1126 cui-

564 1185 722 1240 quam
763 1168 1068 1225 Judceorum
1098 1168 1388 1238 permissus
1413 1177 1529 1223 erat
1558 1166 1732 1221 aditus
1761 1165 1829 1221 ad
1875 1164 2161 1221 Bethlehe-

567 1277 710 1317 mum
734 1269 825 1316 aut
851 1274 1034 1331 agrum
1066 1259 1529 1329 circumjacentem
1553 1302 1565 1324 ,
1590 1268 1678 1313 aut
1712 1258 2159 1330 Hierosolymam.

570 1355 858 1411 Enimvero
870 1352 1351 1418 constat,Severrun
1374 1354 1566 1407 multas
1586 1366 1800 1420 rogasse
1816 1350 2014 1405 Judmis
2031 1351 2167 1405 ami-

565 1460 654 1501 eas
691 1446 867 1517 leges,
895 1460 1028 1516 quas
1063 1445 1113 1498 in
1143 1444 1462 1514 compendio
1498 1444 1738 1500 recitavit
1766 1442 1989 1497 Iacobus
2029 1442 2162 1498 Bas-

565 1540 746 1611 nagius
776 1537 941 1610 (Hist.
965 1539 1051 1593 des
1068 1536 1229 1608 Juifs,
1254 1547 1290 1591 t.
1317 1536 1453 1602 Vlll,
1477 1552 1530 1606 p.
1552 1536 1642 1602 49,
1665 1534 1823 1605 seq.),
1844 1551 1904 1590 ac
1926 1535 2023 1590 ista
2041 1536 2161 1606 jura

567 1631 879 1702 Spartianus
932 1627 1047 1699 (In
1101 1627 1218 1681 Vita
1285 1628 1481 1693 Severi,
1531 1643 1581 1682 c.
1642 1627 1761 1693 16)
1805 1628 1879 1681 ait
1945 1625 2160 1683 fundata

567 1723 694 1790 ipsis
724 1736 844 1776 esse
873 1728 982 1775 tum
1006 1761 1019 1784 ,
1051 1734 1172 1773 cum
1210 1719 1424 1773 Severus
1451 1760 1465 1785 ,
1496 1729 1647 1791 capta
1674 1718 2023 1788 Ctesiphonte
2042 1760 2057 1786 ,
2108 1717 2160 1772 in

478 1801 491 1812 ’
563 1813 848 1885 ,Εεςγριυηι
880 1811 1327 1881 proficisceretur,
1361 1810 1415 1863 h.
1446 1825 1496 1865 e.
1537 1825 1623 1864 an.
1660 1810 1768 1866 fere
1792 1808 1943 1867 CCII.
1976 1810 2158 1880 Itaque

2265 609 2476 677 church,
2517 619 2655 681 part.
2688 609 2732 664 II
2754 650 2768 677 ,
2807 609 2912 665 vol.
2942 609 3006 677 6,
3040 624 3160 680 pag.
3207 606 3457 679 477-78).
3491 609 3665 677 Atque
3691 594 3736 659 is
3761 602 3859 660 SS.

2266 704 2383 758 illas
2432 713 2695 775 martyres
2748 719 2853 760 non
2911 700 3124 773 quidem
3172 700 3463 757 arbitratur
3512 716 3543 756 e
3584 697 3865 769 disciplina

2267 794 2708 851 Montanistarum
2742 795 2924 862 fuisse,
2954 794 3096 867 quod
3119 794 3433 865 quibusdam
3462 793 3680 864 placuit,
3702 792 3866 848 veluti

2268 888 2500 944 Samucli
2546 888 2802 960 Basuagio
2836 887 3102 959 (Annalib.
3134 886 3292 942 Polit.
3326 886 3551 954 Ecclcs.,
3619 894 3745 940 tom.
3799 885 3863 953 II,

2269 1000 2387 1055 pag.
2410 982 2540 1046 224,
2566 981 2670 1055 qs.)
2689 1000 2703 1050 ;
2725 982 2820 1038 sed
2850 982 2963 1038 lucc
2989 983 3076 1054 qui
3103 981 3341 1052 collegit,
3375 980 3687 1051 etnuplane
3718 989 3870 1050 putat

2267 1080 2373 1131 non
2407 1077 2783 1132 montanistam
2815 1076 2996 1144 modo,
3041 1075 3132 1131 sed
3184 1085 3238 1131 et
3284 1074 3653 1137 Tertullianum
3680 1073 3865 1129 fuisse.

2266 1167 2380 1235 Qua
2410 1169 2476 1224 de
2506 1185 2563 1225 re
2590 1169 2743 1224 nobis
2788 1168 2939 1224 sedet
2979 1169 3245 1224 contraria
3283 1167 3569 1223 sententia.
3594 1165 3727 1221 Nam
3761 1166 3870 1236 pri-

2267 1275 2416 1316 mum
2452 1260 2615 1315 multa
2656 1270 2777 1316 sunt
2821 1262 2872 1315 in
2922 1260 3071 1330 ipsis’,
3124 1274 3259 1332 quos
3311 1257 3567 1331 Perpetua
3608 1259 3824 1329 reliquit
3849 1299 3866 1326 ,

2266 1354 2703 1419 couuuentariis,
2757 1370 2878 1424 qua:
2923 1351 3063 1412 haud
3129 1352 3287 1406 dubie
3337 1366 3455 1406 eam
3506 1350 3794 1405 ostendunt
3838 1365 3871 1405 e

2267 1445 2716 1501 Montanistarmn
2767 1445 2964 1500 lainilia
2995 1443 3183 1499 fuisse.
3230 1441 3395 1514 quue
3427 1442 3537 1513 jam
3586 1441 3870 1512 occupavit

2266 1536 2575 1609 Basnagius,
2628 1537 2722 1592 sed
2756 1548 2944 1591 nactus
2989 1545 3092 1600 est,
3126 1534 3213 1606 qui
3247 1533 3632 1591 contradiceret
3656 1574 3672 1600 ,
3716 1531 3869 1588 Joseo

2266 1631 2425 1701 phum
2480 1631 2816 1702 Augustinum
2869 1628 3096 1691 Orsium,
3154 1631 3265 1699 qui,
3320 1628 3740 1698 quamviscum,
3778 1627 3867 1697 qui

2265 1736 2381 1779 acta
2430 1725 2530 1779 ista
2576 1724 2842 1795 collegit,
2901 1722 3642 1797 niontauistaurexistimet,
3691 1716 3868 1776 tamen

2218 1857 2224 1865 .
2268 1825 2491 1870 strenue
2524 1816 2575 1869 in
2626 1812 2962 1870 defendenda
2992 1812 3180 1868 harum
3207 1822 3500 1883 martyrum
3533 1811 3637 1866 ﬁde
3664 1810 3871 1869 laborat

564 1884 781 1958 nonest
805 1900 1095 1967 credibile,
1136 1888 1257 1955 eum
1288 1900 1449 1955 multa
1473 1899 1601 1969 ipsis
1632 1898 1749 1970 jura
1796 1900 2160 1968 concesserit,
2193 1884 2241 1945 Β
2272 1906 2361 1978 (ιη
2412 1908 2536 1962 diss.
2592 1908 2861 1979 Apologet.
2896 1922 2989 1977 pro
3025 1904 3132 1962 SS.
3164 1904 3457 1977 Perpetuos,
3512 1903 3792 1959 Felicitatis
3822 1912 3869 1957 et

562 1993 788 2067 amplius
814 2007 1133 2064 quemquam
1165 1992 1504 2063 prohibuisse
1537 1992 1604 2047 ab
1646 1991 1791 2047 aditu
1837 1992 1922 2046 vel
1946 1992 2160 2048 .Hiero-

544 2076 887 2159 sotymorum
938 2086 1020 2140 vel
1056 2085 1371 2155 cujusquam
1416 2084 1550 2140 alius
1593 2085 1644 2139 in
1696 2085 1974 2139 Palaestina
2020 2084 2158 2152 loci,

563 2195 662 2234 nec
686 2179 792 2234 diei
822 2186 996 2247 potest
1030 2177 1247 2232 exilium
1275 2175 1583 2233 Judteorum
1610 2177 1692 2230 vel
1722 2175 2025 2231 Tertulliani
2061 2178 2159 2231 ad-

562 2286 735 2327 versus
760 2268 975 2324 Judteos
997 2268 1189 2345 librum
1211 2268 1427 2324 demum
1463 2276 1582 2337 post
1602 2266 1749 2321 illum
1777 2283 1975 2324 annum
1996 2269 2161 2324 exsti-

562 2364 687 2419 tisse
709 2403 723 2427 ,
766 2360 860 2418 sed
900 2368 1054 2416 antea
1088 2361 1277 2431 magis.
1307 2361 1363 2416 In
1392 2373 1495 2428 qua
1540 2360 1804 2415 sententia
1854 2360 2159 2415 conﬁrmari

560 2459 744 2514 videor
785 2458 904 2511 loco
942 2456 1119 2525 aliquo
1156 2444 1457 2508 Tertulliani
1491 2469 1555 2510 ex
1589 2453 1936 2524 Apologetico,
1973 2469 2022 2509 c.
2066 2456 2158 2522 2|,

562 2552 650 2607 ubi
694 2559 888 2621 praeter
937 2548 1040 2603 alia
1087 2546 1285 2602 Judtcis
1338 2553 1519 2600 narrat
1566 2560 1631 2601 ne
1678 2544 2004 2601 advenarum
2036 2546 2160 2617 qui-

558 2643 679 2698 dem
729 2642 848 2712 jure
899 2638 1143 2705 concedi,
1176 2648 1233 2693 ut
1285 2648 1481 2694 terram
1511 2637 1738 2709 patriam
1789 2638 1978 2694 saltem
2007 2639 2175 2694 VOSli-'

558 2738 645 2807 gia
699 2736 1010 2790 salutarent.
1044 2733 1199 2801 Quod
1226 2734 1433 2789 etiamsi
1456 2732 1658 2788 .l‘alsum
1689 2734 1759 2787 sit
1798 2733 1864 2788 de
1902 2736 2156 2790 universo

558 2829 857 2884 Palaestina:
900 2835 1071 2882 tractu
1095 2868 1110 2893 ,
1155 2841 1186 2881 e
1225 2840 1329 2895 quo
1356 2839 1459 2880 non
1490 2825 1740 2880 videntur
1766 2824 1936 2880 Judrei
1968 2842 2031 2881 nc
2066 2842 2159 2896 per

558 2920 843 2974 Adi-ianum
893 2918 1106 2989 quidem
1158 2900 1353 2988 ejecti:
1399 2917 1538 2986 quod
1569 2916 1750 2971 multis
1772 2916 1901 2971 locis
1928 2920 2156 2988 scripto-

564 3027 682 3065 rum
702 2996 945 3065 veterum
968 3009 1229 3078 imprimis
1243 3006 1423 3062 docuit
1439 3004 1528 3061 Jo.
1554 3005 1826 3061 Massonus
1842 3014 1857 3075 (
1872 3006 1931 3061 In
1952 3008 2151 3063 collect.

557 3103 737 3155 histor.
779 3099 848 3155 ad
884 3106 967 3170 ορ.
1014 3097 1255 3153 Aristidis
1272 3097 1354 3151 ed.
1389 3114 1420 3150 a
1445 3096 1591 3153 Sam.
1627 3096 1826 3152 Jcbbio.
1852 3096 1949 3170 §6,
1976 3115 2028 3153 η.
2055 3097 2110 3170 8)
2138 3116 2151 3164 ;

556 3203 734 3249 tamen
765 3192 1140 3247 Tertulliauum
1166 3191 1240 3245 ita
1270 3189 1506 3259 Oportuit
1531 3182 1949 3244 existimassem
1975 3191 2157 3262 Apolo-

555 3289 734 3357 gctico.
765 3285 914 3341 Unde
932 3284 1161 3347 cmteris,
1182 3299 1303 3353 qum
1325 3282 1891 3353 diximus,assumptis,
1916 3283 2155 3352 ejusdem

553 3378 667 3433 fere
696 3379 868 3434 aetatis
895 3392 1015 3433 esse
1039 3376 1236 3431 librum
1275 3376 1514 3430 adversus
1553 3374 1766 3429 Indicos
1803 3376 1978 3447 colligi
2019 3392 2155 3446 quo-

554 3468 676 3523 dam
706 3467 866 3522 modo
896 3476 1091 3537 potest.
1124 3465 1232 3521 Sed
1257 3481 1376 3520 cum
1414 3481 1587 3535 neque
1624 3481 1797 3521 annus
1847 3466 2003 3536 lmjus
2035 3467 2154 3523 libri

553 3570 803 3613 accurate
837 3559 1004 3629 possit
1030 3557 1273 3619 deﬁniri,
1303 3572 1476 3627 neque
1507 3559 1844 3628 perSpicuum
1878 3560 1981 3626 sit,
2033 3575 2156 3616 seno

554 3650 755 3705 seritne
775 3649 885 3718 jam
916 3658 1027 3703 tum
1082 3647 1427 3702 Tertulliunus
1467 3664 1588 3702 cum
1626 3648 1958 3705 Montanistis
1981 3694 1996 3719 ,
2037 3653 2153 3723 pla-

555 3742 666 3798 cuit
710 3742 870 3796 etiam
908 3741 1050 3795 hunc
1081 3740 1275 3794 librum
1322 3741 1387 3793 iis
1430 3740 1746 3811 adjnngerc,
1789 3758 2015 3813 quorum
2055 3759 2155 3799 nec

554 3847 685 3890 mtas
708 3847 807 3889 nec
835 3833 1080 3901 doctrina
1107 3841 1394 3901 appareat;
1426 3842 1480 3886 et
1506 3832 1749 3888 collectis
1799 3827 2048 3889 omnibus
2087 3836 2153 3891 iis

554 3943 675 3998 quzc
702 3927 959 3981 hactenus
990 3924 1261 3996 proposita
1293 3933 1438 3989 sunt,
1472 3925 1542 3978 ita
1577 3926 1684 3980 fere
1716 3927 1961 4007 ordinem
1992 3929 2154 3985 libro-

553 4037 674 4076 rum
707 4019 1021 4075 Tertulliani
1049 4018 1397 4074 constituere.

1154 4134 1217 4183 In
1242 4131 1568 4186 Monttmismo.

1106 4202 1174 4246 De
1194 4196 1394 4247 Corona.

1105 4265 1172 4307 De
1197 4258 1330 4319 Virg.
1370 4258 1599 4309 velandis.

1106 4327 1174 4371 De
1197 4318 1339 4371 Cultu
1373 4318 1601 4370 feminar.

1659 4133 1968 4198 Seorpiacen.

1658 4198 1779 4247 Adv.
1805 4198 2051 4249 Valentia.

1658 4259 1781 4309 Adv.
1801 4260 2032 4312 Marcion.
2060 4262 2094 4312 ι.
2116 4262 2154 4312 Ι.

1659 4327 1725 4371 De
1749 4321 2026 4387 Praescript.
2054 4325 2157 4374 ha:—

586 4139 734 4188 Aute
770 4141 1027 4197 suscept.

649 4196 955 4249 moutauism.

551 4266 621 4310 De
647 4262 894 4310 Oratione.

551 4324 625 4371 Ad
652 4322 904 4385 Martyres.

550 4391 620 4435 ne
636 4381 962 4446 Spectaculis.
1071 4381 1082 4446 Ι
1106 4389 1174 4432 De
1197 4381 1336 4446 Fuga
1358 4386 1408 4431 in
1429 4397 1602 4445 perse-
1627 4381 1639 4446 |
1661 4444 1698 4446 η
1718 4386 1859 4446 relic.

548 4452 617 4495 De
646 4444 934 4495 ldololatria.
1071 4444 1081 4508 |
1167 4444 1299 4508 cu_t.:
1432 4444 1441 4445 “
1566 4507 1570 4508 ν
1627 4444 2155 4508 ΙΙΙιΠῐΛνμιάνρνε.

548 4508 939 4571 Apologetieum.
1070 4506 1171 4571 [De
1209 4506 1415 4571 Exhort.
1456 4506 1638 4571 casti-l
1720 4507 1868 4557 Marc.

548 4569 617 4620 De
642 4569 844 4620 'l‘eStim.
863 4571 1048 4619 animae.
1070 4569 1080 4621 Ι
1166 4570 1300 4618 tatis.
1626 4569 1637 4621 Ι
1657 4575 1725 4617 De
1748 4581 1897 4619 carne
1920 4569 2113 4621 Christi.

547 4630 658 4681 Lib.
714 4634 745 4680 2
792 4634 851 4682 ad
891 4630 1079 4683 natio-l
1102 4638 1168 4680 De
1195 4630 1511 4683 Monoaamia.
1627 4630 1726 4683 lno
1757 4630 2155 4683 Resurrectione.

610 4708 719 4743 nes.

714 4634 745 4680 2
792 4634 851 4682 ad
891 4634 1046 4682 natio-
1069 4630 1079 4703 Ι
1102 4638 1168 4703 t_)e
1195 4630 1511 4703 monogamia.

1103 4698 1168 4742 De
1192 4691 1421 4754 Jejuniis.

1102 4762 1169 4804 De
1192 4754 1445 4804 Pudicitia.

1101 4816 1306 4866 Advers.
1336 4817 1599 4868 Praxeam.

1658 4690 1763 4741 Lib.
1782 4692 1840 4753 V,
1870 4693 1979 4745 adv.
2007 4694 2155 4747 Marc.

1656 4760 1725 4804 De
1748 4755 1919 4805 Pallio.

544 4816 655 4882 Lib.
674 4816 784 4866 2nd
823 4830 1044 4882 uxorem.
1066 4816 1077 4882 ι
1101 4816 1306 4882 Advcrs.
1336 4817 1599 4868 Praxeam.
1625 4816 1636 4882 Ι
1658 4816 1747 4882 (De
1762 4816 2053 4882 Patientia.)

548 4878 807 4938 (adversus
830 4878 1046 4941 Judazos)
1067 4877 1077 4944 l
1101 4878 1222 4944 Adv.
1249 4877 1483 4944 Hermog.
1623 4877 1636 4944 ξ
1657 4877 1730 4944 {id
1755 4879 2029 4944 Scapulam.

1102 4918 1172 4989 iit?
1186 4918 1483 4990 'Aiiiiii33"°'
1623 4918 1636 5003 Ι
1657 4918 2108 5009 ὶῑῖθῖῖόἐὲιῖῐέἱίἶίε.)

569 5041 596 5113 §
627 5040 837 5098 '5.—De
863 5041 997 5096 Actis
1030 5039 1303 5113 Perpetua;
1324 5054 1370 5096 et
1394 5041 1980 5113 Felicitatis,harumque
2005 5063 2153 5102 mou-

1223 5138 1461 5190 tanismo.

618 5252 792 5321 Atque
847 5249 933 5305 hic
986 5246 1268 5320 possemus
1326 5249 1484 5304 ﬁnem
1537 5250 1715 5307 facere
1771 5250 2149 5324 disputationis

502 5328 515 5337 ’
541 5355 780 5415 ηοβιηω
813 5360 984 5414 neque
1012 5344 1153 5400 enim
1196 5350 1388 5419 cmtera
1427 5341 1733 5400 Tertulliani
1778 5346 1996 5418 scripta,
2028 5363 2147 5419 quze

538 5435 625 5490 vel
658 5442 939 5504 perperam
967 5443 1093 5490 sunt
1120 5434 1220 5506 ipsi
1251 5433 1539 5506 adscripta,
1561 5436 1643 5492 vel
1675 5454 1779 5493 non
1811 5449 2147 5505 exstant,ex-

539 5535 723 5580 cutere
769 5525 924 5603 nobis
972 5535 1055 5581 est
1101 5526 1451 5597 propositum.
1481 5525 1590 5583 Sed
1630 5530 1680 5583 in
1716 5528 1953 5584 animum
1997 5532 2146 5586 venit

537 5618 782 5688 quzedam
806 5617 874 5673 de
904 5618 1053 5673 Actis
1076 5618 1180 5673 illis
1211 5618 1315 5674 SS.‘
1354 5616 1625 5689 Perpetua:
1652 5629 1699 5674 et
1732 5619 2018 5676 Felicitatis
2057 5621 2143 5676 di-

536 5725 682 5774 cere,
721 5726 843 5779 qua:
887 5718 1031 5775 sunt,
1073 5710 1162 5779 qui
1208 5709 1367 5763 etiam
1406 5709 1720 5765 Tertulliano
1758 5704 2056 5769 tribuerint.
2084 5711 2141 5769 In

545 5802 743 5872 quibus
776 5818 937 5855 unum
973 5801 1120 5855 illum
1152 5800 1481 5855 Whistonum
1508 5803 1817 5873 impugnare
1839 5805 2032 5873 placet,
2062 5821 2135 5875 qu

532 5908 747 5951 onmem
782 5907 998 5965 operam
1028 5891 1195 5960 dedit,
1222 5899 1282 5951 ut
1311 5892 1424 5950 haec
1466 5894 1597 5950 Acta
1642 5893 1958 5951 Tcrtulliauo
1986 5908 2139 5953 asses

2267 2001 2520 2056 sociorum
2559 2010 2841 2071 martyrum
2880 2000 3189 2054 orthodoxia
3220 2041 3233 2066 ,
3286 1999 3528 2057 adversus
3556 1998 3703 2053 821m.
3736 1996 3868 2051 Bas-

2268 2093 2497 2164 nagium,
2530 2091 2793 2157 Florent.,
2826 2091 2984 2158 I728,
3012 2090 3202 2163 inv4°)’;
3221 2092 3374 2161 cujus
3406 2099 3722 2164 argumenta
3751 2106 3864 2146 me-

2266 2187 2397 2241 mini
2430 2187 2558 2241 mihi
2589 2187 2720 2241 olim
2750 2186 2949 2256 legenti
2981 2200 3093 2241 rem
3149 2184 3307 2240 istam
3357 2200 3463 2240 non
3514 2183 3863 2255 persuadere,

2266 2278 2359 2335 sed
2393 2279 2617 2350 plurima
2664 2279 2943 2334 continere
2989 2278 3056 2331 ab
3100 2276 3199 2332 hac
3228 2277 3590 2347 disputatione
3643 2291 3862 2349 prorsus

2266 2371 2460 2425 aliena.
2493 2368 2596 2425 Sed
2644 2385 2784 2424 nunc
2825 2367 3039 2440 quidem
3074 2384 3179 2423 nou
3211 2378 3294 2423 est
3328 2367 3394 2423 ad
3424 2383 3652 2435 manus;
3685 2369 3865 2439 itaque

2265 2477 2430 2517 unum
2476 2460 2806 2517 Whistouum
2881 2475 3292 2531 persequamur.
3348 2461 3444 2516 Ille
3511 2476 3577 2516 ne
3627 2460 3879 2536 litteram\

2264 2556 2480 2627 quidem
2545 2570 2662 2622 qua:
2705 2553 3125 2609 montanisnium
3166 2552 3342 2623 sapiat
3386 2553 3461 2606 ait
3508 2566 3627 2608 esse
3684 2552 3736 2607 in
3776 2550 3861 2607 his

2268 2646 2539 2719 Perpetua:
2563 2658 2609 2701 et
2636 2645 2816 2701 Saturi
2842 2643 3268 2721 commentariis,
3299 2660 3330 2699 e
3384 2644 3578 2715 quibus
3601 2659 3736 2715 pene
3762 2644 3863 2700 ista

2263 2740 2395 2795 Acta
2421 2739 2718 2810 cmnposita
2748 2746 2905 2803 sunt;
2935 2736 3080 2808 quod
3137 2751 3299 2806 quam
3343 2751 3374 2790 a
3419 2738 3643 2792 veritate
3670 2735 3864 2792 abhor-

2265 2842 2383 2888 reat
2421 2842 2605 2903 postea
2657 2830 3000 2896 docebimus;
3033 2829 3229 2885 deinde
3262 2830 3363 2885 hoc
3408 2844 3572 2884 unum
3611 2828 3861 2886 sufﬁcere

2264 2925 2328 2979 ad
2356 2940 2572 2981 omnem
2606 2924 2753 2980 litem
2800 2922 3226 2994 componendam
3262 2930 3426 2992 putat,
3469 2924 3611 2995 quod
3653 2923 3860 2978 Tertul-

2264 3017 2430 3072 lauus
2464 3018 2667 3087 primus
2698 3016 2857 3071 fuerit
2919 3007 3010 3087 qui
3063 3032 3277 3072 errores
3318 3016 3758 3072 Montanistarum
3804 3018 3858 3071 in

2262 3107 2494 3164 Africam
2523 3117 2764 3178 tempore
2806 3107 2920 3165 lere
2945 3124 3011 3164 eo
3033 3150 3049 3176 ,
3091 3124 3196 3179 quo
3220 3109 3475 3179 supplicia
3496 3108 3567 3163 'ab
3596 3108 3680 3164 his
3706 3124 3855 3164 mar-

2262 3201 2467 3273 tyribus
2507 3210 2719 3271 smnpta
2751 3210 2897 3269 sunt,
2943 3201 3256 3257 induceret:
3293 3216 3454 3273 quare
3503 3217 3623 3256 cum
3668 3202 3757 3258 vix
3799 3201 3856 3258 in

2261 3282 2496 3352 Afrira'm
2552 3299 2665 3351 hcce
2693 3296 2823 3350 scita
2874 3295 3098 3351 l'uissent
3149 3296 3324 3351 delata
3366 3312 3431 3350 eo
3459 3304 3722 3366 tempore,
3750 3311 3857 3351 nou

2261 3404 2420 3461 posse
2464 3388 2569 3444 dici
2615 3389 2858 3444 homines
2898 3388 3195 3444 litterarum
3242 3388 3402 3445 rudes
3427 3389 3584 3460 longe
3615 3399 3853 3445 remotos

2261 3498 2291 3537 a
2321 3482 2665 3553 Carthagine,
2698 3483 2885 3554 quales
2912 3483 2998 3538 isti
3031 3483 3262 3550 fuerunt,
3291 3483 3401 3553 jam
3436 3484 3592 3539 istam
3614 3483 3856 3555 discipli-

2261 3592 2385 3632 nam
2413 3564 2734 3648 suscepisse.
2762 3576 2819 3631 In
2844 3592 2949 3648 quo
2978 3593 3227 3634 sermone
3271 3594 3379 3633 non
3419 3595 3558 3635 unus
3584 3594 3737 3636 error
3769 3595 3853 3635 re-

2261 3671 2486 3739 peritur.
2520 3670 2759 3725 Primum
2788 3668 2891 3725 hoc
2917 3671 3082 3725 sumit
3109 3671 3217 3726 sibi-
3235 3670 3374 3725 haud
3397 3671 3579 3738 dubie,
3598 3671 3738 3743 quod
3767 3674 3857 3727 isti

2261 3772 2524 3833 martyres
2570 3774 2801 3818 mortem
2858 3763 3124 3819 subierint
3169 3762 3446 3826 Tuburbii.
3505 3767 3658 3835 cujus
3715 3765 3861 3820 urbis

2260 3858 2371 3912 scio
2398 3857 2725 3913 mentionem
2758 3858 3005 3928 injectam
3036 3874 3158 3914 esse
3184 3859 3233 3919 in
3261 3859 3460 3928 Spuriis
3491 3859 3680 3914 bormn
3701 3859 3861 3913 Acto-

2258 3964 2377 4004 rum
2400 3950 2685 4019 exemplis,
2716 3959 2769 4005 et
2795 3960 2877 4005 est
2906 3966 3118 4021 quoque
3145 3952 3266 4021 ejus
3293 3967 3491 4007 nomen
3521 3968 3551 4005 a
3585 3951 3858 4007 Whistono

2259 4056 2595 4113 expressum,
2618 4041 2714 4098 sed
2736 4053 2790 4097 et
2819 4059 2911 4113 per
2940 4044 3161 4099 meliora
3182 4067 3438 4117 απογραφα
3474 4053 3529 4101 et
3562 4060 3855 4115 argumen-

2264 4135 2333 4190 tis
2375 4133 2561 4189 l’alesii
2590 4151 2650 4189 ac
2673 4133 2933 4189 Ruinartii
2962 4133 3052 4205 (In
3074 4144 3178 4190 not.
3214 4136 3282 4189 atl
3312 4139 3436 4189 Acta
3465 4147 3706 4207 martyru,
3736 4152 3858 4206 pag.

2265 4224 2355 4293 90,
2384 4226 2473 4292 9t,
2503 4226 2585 4281 ed.
2613 4226 2848 4300 Amstel.)
2894 4228 3023 4283 satis
3050 4228 3350 4297 explosum.
3379 4227 3556 4295 Quare
3582 4228 3629 4283 si
3652 4242 3765 4294 eos,
3799 4237 3860 4283 ut

2263 4317 2339 4373 illi
2372 4318 2472 4373 viri
2500 4317 3150 4390 docuerunt,Carthagine
3176 4320 3528 4390 interemptos
3550 4319 3853 4385 credamus,

2264 4408 2419 4465 facile
2449 4410 2695 4480 accipere
2741 4409 2794 4465 hi
2846 4410 3089 4464 notitiam
3138 4426 3382 4466 errorum
3412 4411 3848 4465 Montanistarum

2265 4502 2611 4572 potuissent,
2676 4517 2829 4557 cum‘
2866 4501 3234 4557 Tertulliauum
3288 4502 3608 4574 Carthagine
3652 4502 3857 4559 vixisse

2184 4608 2238 4668 Ι)
2264 4611 2455 4651 omnes
2482 4598 2681 4651 norint.
2725 4595 2878 4655 Unde
2915 4612 3043 4653 vero
3085 4595 3386 4652 Whistonus
3415 4595 3628 4653 docebit
3660 4596 3859 4651 Ter-titl-

2266 4687 2461 4741 liauum
2488 4688 2720 4757 primum
2750 4686 2914 4743 fuisse
2934 4729 2949 4753 ,
2980 4689 3070 4758 qui
3105 4688 3157 4742 in
3196 4687 3372 4743 Africa
3402 4687 3501 4743 hos
3543 4702 3757 4743 errores
3804 4698 3861 4744 et

2267 4789 2507 4851 tempore
2551 4778 2673 4836 fere
2695 4780 3079 4852 suppliciorum
3107 4780 3174 4837 ab
3201 4780 3286 4836 his
3324 4781 3648 4853 martyribus
3677 4796 3860 4853 sump-

2264 4881 2439 4927 torum
2488 4874 2783 4943 sparserit?
2832 4873 2900 4929 Et
2946 4875 2991 4929 si
3044 4874 3160 4930 haac
3189 4875 3350 4930 etiam
3403 4872 3857 4944 dederim,quid,

2263 4966 2508 5032 obsecro,
2532 4966 2845 5021 incredibile
2865 4974 2947 5021 est
2965 4981 3179 5022 errores
3204 4982 3236 5020 a
3260 4964 3577 5021 Tertulliano
3600 4967 3654 5021 in
3677 4964 3861 5021 Africa

2261 5049 2664 5126 disseminatos,
2705 5072 2841 5128 quos
2890 5066 3015 5113 ante
3057 5070 3256 5113 annum
3300 5056 3463 5124 CCV,
3504 5058 3613 5128 jam
3641 5055 3855 5125 scriptis

2255 5149 2575 5206 defenderat
2631 5148 2796 5220 (huic
2824 5148 2966 5207 enim
2999 5165 3140 5204 anno
3170 5159 3400 5205 mortem
3430 5148 3526 5204 SS.
3562 5147 3857 5219 Martyrum

2257 5243 2563 5299 Whistonus
2609 5241 2917 5314 adjunxit),
2948 5240 3236 5312 perc'eptos
3271 5242 3340 5298 ab
3391 5241 3475 5296 his
3526 5239 3857 5311 martyribus

2252 5335 2438 5403 fuisse,
2468 5334 2731 5405 imprimis
2759 5349 2880 5389 cum
2935 5332 3152 5404 plurimi
3178 5332 3245 5388 ad
3275 5332 3590 5388 societatem
3616 5330 3856 5406 Montani

2252 5425 2594 5492 accedentes,
2624 5433 2873 5495 expertes
2900 5423 3197 5479 litterarum
3235 5422 3455 5490 fuerint,
3484 5432 3539 5479 et
3565 5423 3637 5479 ita
3661 5425 3854 5477 horum
3878 5466 3935 5513 ί

2250 5531 2546 5593 martyrum
2573 5518 2798 5575 similes.
2828 5518 2905 5572 Ac
2934 5518 3106 5573 multo
3126 5517 3296 5587 magis
3319 5516 3577 5573 abhorret
3611 5515 3685 5582 id,
3713 5514 3857 5586 quod

2252 5614 2385 5670 nihil
2436 5615 2505 5670 sit
2556 5612 2890 5669 somniorum
2945 5609 3184 5665 Montani
3229 5610 3637 5666 commentariis
3685 5607 3855 5678 ipsius

2252 5707 2622 5785 Perpetua,“
2667 5706 2846 5763 Saturi
2888 5720 3190 5776 aspersum.
3249 5703 3379 5759 Nam
3411 5704 3637 5775 primum
3664 5716 3857 5773 magna

2250 5782 2345 5858 est
2381 5782 2615 5871 suspicio
2663 5800 2882 5856 humani
2926 5813 3117 5856 sensus
3167 5798 3221 5853 in
3270 5799 3401 5868 ipsis
3452 5796 3851 5868 spccicbushis

2247 5894 2553 5954 hominibus
2600 5894 2845 5965 objectis.
2877 5893 3091 5952 Etenim
3124 5890 3380 5962 Perpetua
3410 5906 3518 5948 non
3545 5889 3706 5947 modo
3735 5899 3848 5969 sta-
