4250 6266
423 371 536 428 ΥΠ

1361 373 1448 429 AC
1491 373 1829 431 DOCTRINA
1870 374 2307 434 SCRIPTOHUM
2348 379 2832 438 TERTUILIANI.

3637 393 3739 449 178

422 487 527 546 sed
562 501 628 543 ne
657 479 876 542 verbum
922 494 1005 542 est
1051 486 1266 557 quidem
1311 487 1401 554 ibi,
1454 505 1560 559 quo
1605 505 1666 545 se
1714 491 2026 561 scriptorem
2057 493 2109 552 Α
2139 499 2268 557 tant,
2304 502 2358 547 ut
2389 495 2454 549 ab
2485 494 2585 550 hoc
2607 495 2808 565 ordiar,
2839 497 2940 553 viri
2995 498 3138 557 docti
3179 501 3306 572 quid
3344 517 3520 560 causa:
3571 504 3735 563 fuerit

429 581 624 639 horum
656 582 910 636 Actorum
941 580 1287 651 significaret,
1313 581 1455 652 quod
1481 581 1618 637 haud
1648 583 1832 638 dubito
1877 584 2023 654 quin,

426 677 505 731 uti
537 674 696 738 solet,
740 671 1168 738 facturuscsset,
1200 673 1244 727 si
1277 673 1388 743 ipse
1417 675 1650 744 scriptor
1675 673 1832 745 hujus
1862 673 2028 729 histo-

420 766 520 823 ria:
545 766 862 822 exstitisset.
917 764 1119 820 Deinde
1145 764 1295 830 nihil,
1331 773 1388 820 ut
1413 764 1542 819 mibi
1573 765 1802 833 videtur,
1834 781 2024 836 quem-

419 874 584 931 quam
616 865 832 928 oportet
868 857 1069 926 scripta
1107 855 1412 913 Tertulliani
1442 857 1779 927 ‘modumque
1813 856 2024 913 dicendi

420 953 762 1024 cognovisse,
809 952 898 1020 qui
943 951 1123 1006 dicere
1171 951 1332 1016 ausit,
1378 966 1550 1021 genus
1600 951 1813 1007 dicendi
1859 951 2022 1016 illud,

417 1044 565 1116 quod
595 1054 676 1100 est
705 1043 759 1099 in
789 1043 896 1098 line
923 1044 1113 1098 horum
1142 1045 1687 1110 commentariorum,
1718 1043 1876 1099 simul
1907 1060 2026 1101 esse

416 1139 560 1205 ejus,
601 1136 744 1208 quod
770 1137 888 1191 aliis
921 1137 972 1190 in
1002 1137 1218 1208 scriptis
1246 1120 1552 1191 Tertulliani
1581 1137 2020 1209 deprehenditur.

419 1229 608 1300 Itaque
652 1227 936 1284 eximenda
983 1237 1110 1282 sunt
1153 1229 1250 1282 ista
1284 1230 1414 1282 Acta
1458 1245 1488 1283 e
1527 1228 1675 1285 libris
1708 1229 2020 1294 Tertulliani,

422 1336 526 1377 nec
548 1335 772 1377 necesse
799 1331 880 1376 est
909 1320 1068 1391 igitur
1090 1321 1157 1376 de
1185 1321 1299 1392 ipsa
1331 1335 1518 1376 eorum
1548 1330 1704 1378 aetate
1730 1322 2018 1394 diSputare.

458 1452 489 1524 ᾗ
549 1453 601 1509 6.
626 1483 696 1493 —
727 1451 863 1510 Usu:
891 1453 1137 1505 universa:
1164 1452 1316 1523 Imjus
1344 1450 1716 1521 Disputationis
1748 1452 1990 1523 exemplis

619 1559 682 1598 ea:
707 1543 922 1597 historia
946 1529 1226 1596 christiana
1255 1542 1421 1596 ductis
1451 1543 1844 1598 demonstratur.

542 1681 736 1751 Atque.
790 1678 918 1735 dum
952 1693 1050 1733 nos
1095 1679 1252 1732 linem
1299 1679 1569 1735 scribendi
1618 1678 1874 1749 facimus,
1919 1697 2024 1736 non

422 1773 730 1830 dubitamus
754 1773 886 1836 fore,
906 1773 1100 1843 quibus
1123 1771 1300 1826 omnis
1331 1771 1449 1828 haec
1475 1787 1660 1842 Opera,
1691 1773 2024 1844 disputandis

2136 594 2190 638 ut
2222 601 2280 640 sc
2310 585 2646 645 Montanistis
2690 589 3039 649 Tertullianus
3079 596 3424 667 adjungeret,
3455 598 3508 654 in
3539 599 3734 670 quibus

2134 676 2283 730 mttlti
2323 677 2648 734 audiendum
2693 680 3064 755 Hieronymum
3095 695 3302 757 putant,
3336 687 3426 758 qui
3453 688 3576 745 odio
3604 689 3734 748 doc-

2137 777 2308 822 torum
2330 768 2587 826 Ecclesia:
2607 771 2862 829 Romamn
2879 776 2954 830 ait
2975 777 3252 834 incensum
3274 792 3395 834 eum
3415 779 3736 839 valedixisse

2132 862 2402 915 communi
2435 861 2728 930 Ecclesim;
2763 867 2929 936 quod,
2961 878 3017 923 ut
3041 871 3142 925 alia
3174 882 3513 942 praeteream,
3541 874 3628 928 vix
3649 885 3735 931 est

2131 951 2407 1018 credibile,
2435 964 2737 1025 propterea,
2765 958 2904 1028 quod
2933 963 3140 1031 magnis
3168 963 3419 1020 laudibus
3447 963 3729 1021 Romanam

2134 1042 2416 1100 Ecclesium
2463 1048 2513 1102 in
2563 1050 2703 1104 libro
2749 1053 2812 1105 de
2853 1051 3178 1126 Pra'script.,
3209 1059 3587 1116 montanistico
3615 1059 3733 1127 illo,

2134 1140 2207 1191 uti
2236 1137 2468 1194 diximus
2487 1181 2500 1207 ,
2535 1143 2872 1213 persequitur
2892 1145 2960 1215 (e.
2993 1146 3141 1218 56.);
3187 1161 3286 1204 nec
3316 1148 3369 1204 in
3397 1163 3462 1205 eo
3488 1150 3733 1205 adversus

2135 1228 2410 1296 Praxeam,
2461 1249 2511 1289 c.
2544 1235 2598 1301 1,
2645 1237 2731 1290 ubi
2776 1237 3122 1295 vehementer
3151 1257 3296 1308 eum,
3339 1243 3731 1302 adulterantem

2135 1323 2277 1377 illam
2302 1323 2596 1381 Ecclesiam
2620 1330 2913 1397 erroribus,
2942 1332 3254 1396 insectatur,
3287 1333 3576 1406 quidquam
3602 1350 3733 1391 con-

2135 1416 2472 1472 tumeliarum
2507 1419 2559 1472 in
2591 1419 2758 1489 ipsam
2793 1421 2931 1477 hanc
2959 1423 3256 1479 Ecclesium
3297 1425 3481 1497 ejusve
3505 1427 3729 1498 Episco-

2133 1520 2256 1574 pum
2285 1509 2516 1578 pt'ujicit.
2574 1511 2627 1564 ln
2659 1511 2879 1567 historia
2909 1513 3103 1570 deinde
3133 1516 3572 1582 blontanistarum
3600 1527 3733 1590 quot

2132 1599 2320 1684 evitari
2353 1612 2592 1670 peccata,
2623 1614 2753 1684 quot
2774 1615 3084 1674 argmnenta
3106 1607 3381 1663 emendari
3407 1609 3728 1679 potuissent,

2131 1695 2174 1747 si
2205 1677 2295 1763 qui
2334 1704 2458 1750 ante
2501 1677 2860 1752 defeetibnctn
2917 1698 3260 1767 Tertulliani,
3305 1677 3502 1774 quique
3545 1713 3728 1774 postea

2132 1785 2254 1840 libri
2296 1787 2479 1855 scripti
2524 1787 2754 1854 fuerint,
2800 1791 3102 1845 accuratius
3129 1792 3315 1846 fuisset
3341 1794 3734 1860 constitutum?

420 1866 509 1921 his
539 1865 698 1922 rebus
729 1865 994 1935 impensa,
1033 1864 1165 1919 levis
1197 1865 1442 1935 maleque
1473 1865 1731 1920 collocata
1760 1866 2024 1922 videatur.
2053 1853 2101 1911 Β
2130 1886 2285 1944 sum,
2332 1889 2390 1932 υι
2426 1878 2527 1934 hoc
2555 1889 2693 1947 “lar,
2735 1882 2825 1952 (μιί
2855 1882 2908 1935 in
2942 1881 3153 1953 ﬂagitiis
3183 1857 3420 1939 Μοηιδηί
3452 1885 3731 1942 ridiculum

419 1958 558 2014 Sunt
584 1958 731 2014 enim
756 1957 846 2028 qui
877 1956 958 2012 vel
988 1958 1433 2013 contemnendam
1461 1968 1650 2030 putent
1676 1975 1890 2015 omnem
1916 1961 2027 2016 dis-

417 2050 753 2120 putationem
803 2064 921 2118 qtue
974 2059 1215 2105 versatur
1271 2051 1321 2104 in
1378 2052 1537 2105 rebus
1570 2066 1756 2122 parum
1785 2052 1944 2106 certis
1973 2063 2026 2108 et

422 2139 786 2210 exsanguibus
833 2123 1066 2210 quodam
1114 2140 1309 2206 modo,
1365 2141 1446 2195 vel
1496 2156 1588 2196 eas
1655 2157 1742 2197 res
1799 2158 2025 2213 quarum

426 2250 565 2289 u~us
594 2249 652 2290 se
699 2249 798 2289 non
829 2232 997 2305 prima
1024 2235 1174 2305 quasi
1203 2232 1379 2290 fronte
1409 2235 1582 2299 oll'ert,
1610 2234 1704 2289 sed
1737 2251 2026 2306 perrecon-

427 2329 578 2384 ditus
605 2339 679 2383 cst
698 2370 714 2395 ,
744 2329 883 2383 onmi
917 2329 1146 2383 utilitate
1175 2327 1459 2383 deStitutas
1485 2329 1850 2399 pronuntient.
1898 2329 2027 2398 Qui-

422 2421 530 2476 bus
550 2435 830 2475 occurrere
857 2434 1135 2489 possemus
1153 2435 1466 2490 magnorum
1483 2421 1718 2474 virorum
1741 2421 2022 2488 exemplis,

424 2513 626 2583 quibus
667 2513 718 2568 in
761 2513 1094 2592 hocgcnerc
1143 2512 1563 2582 disputationum
1619 2514 1820 2568 versari
1869 2522 2026 2584 turpe

418 2622 529 2661 non
561 2603 658 2660 fuit
685 2608 855 2661 vismn
876 2649 890 2674 ,
934 2617 988 2662 et
1018 2607 1286 2677 praeclaris
1336 2623 1519 2662 vener.
1573 2607 1792 2663 Ernestii
1822 2608 2020 2676 verbis,

420 2702 512 2772 qui
545 2701 807 2771 proiecto,
853 2702 898 2756 si
929 2703 1048 2772 quis
1075 2701 1229 2766 alius,
1265 2704 1364 2757 scit
1413 2714 1668 2772 quantum
1696 2703 1767 2757 sit
1796 2704 2021 2772 pretium

413 2795 588 2849 cuivis
610 2795 929 2866 -disciplin;n
970 2795 1346 2861 statuendum,
1393 2804 1552 2865 atque
1597 2795 1684 2864 (in
1726 2795 1928 2850 I’rolus.
1961 2797 2024 2852 tle

416 2904 519 2942 usu
553 2889 983 2960 cltalcograpltitc,
1016 2907 1066 2959 p.
1096 2888 1166 2958 5)
1199 2888 1265 2944 de
1295 2889 1518 2960 singulis
1545 2890 1748 2945 artibus
1779 2891 1848 2945 ita
1874 2891 2020 2960 judi-

418 2980 652 3036 caudum
682 2989 904 3047 censet,
953 2991 1007 3034 ut
1035 2998 1208 3036 earum
1246 2983 1540 3054 dignitatem
1575 2992 1621 3037 et
1651 2986 2017 3055 pra’stantiam,

414 3087 520 3124 non
546 3082 648 3124 tam
673 3071 905 3125 utilitatis
929 3072 1275 3142 magnitudine
1300 3081 1345 3126 el
1374 3072 1684 3140 necessitate,
1711 3091 1862 3145 quam
1883 3075 2023 3128 inve-

413 3165 594 3218 niendi
618 3165 980 3236 exercendique
1006 3166 1301 3236 di/ﬁcultate
1335 3167 1622 3234 metiamur,
1664 3185 1820 3240 neque
1842 3187 2020 3239 quan—
2046 3207 2091 3269 Ο

414 3267 524 3309 tum
565 3272 772 3327 qumque
792 3258 972 3327 prosit,
1008 3257 1096 3311 sed
1116 3258 1294 3327 quanti
1312 3275 1519 3329 qumque
1537 3259 1621 3324 sit,
1646 3260 2018 3330 ponderemus;

423 3349 526 3401 nisi
557 3364 668 3402 rero
701 3349 818 3419 quia
872 3349 1034 3420 magis
1063 3358 1107 3404 et
1146 3350 1485 3404 necessarium
1514 3360 1586 3405 est
1613 3361 1659 3405 et
1702 3351 1825 3406 utile
1864 3368 2020 3419 panes

427 3438 590 3509 pinsi,
620 3456 761 3509 quam
787 3439 984 3494 tabulas
1015 3441 1176 3512 pingi,
1204 3451 1469 3513 prapterea
1491 3443 1736 3512 pistorum
1761 3443 2021 3514 api/icium

426 3531 534 3584 arti
561 3531 778 3601 pictoria:
799 3534 1174 3604 prteferendam
1195 3542 1447 3604 putemus.
1481 3535 1656 3606 Atque
1681 3549 1781 3605 ego
1811 3534 1861 3588 iu
1893 3550 2022 3589 enu-

418 3622 664 3680 clcaudis
707 3625 865 3680 rebus
904 3626 1252 3696 subobscuris
1283 3625 1451 3681 multo
1480 3626 1676 3682 rectius
1705 3625 2022 3681 industriam

409 3717 724 3789 ponendam
772 3734 893 3775 esse
935 3719 1188 3788 arbitror,
1234 3707 1394 3791 quam
1442 3721 1494 3776 in
1543 3721 1842 3793 pervagatis
1877 3722 2018 3790 aliis,

409 3811 664 3881 quamvis
707 3826 785 3866 ea:
829 3811 1046 3882 quidem
1085 3812 1255 3883 magis
1282 3811 1565 3869 videantur
1595 3813 1660 3868 ad
1687 3830 1841 3869 usum
1873 3830 2021 3869 com-

408 3918 639 3956 munem
681 3903 1134 3969 accomumdatae;
1179 3919 1300 3957 cum
1343 3904 1395 3958 in
1434 3903 1520 3958 "bis
1561 3919 1748 3974 parum
1781 3904 1864 3959 vel
1892 3905 2022 3960 nihil

411 3994 488 4048 sit
536 3995 680 4065 quod
705 3995 952 4066 effugerit
979 3997 1266 4051 multorum
1291 3996 1642 4068 diligentiam,
1674 3998 1724 4052 in
1753 3997 1856 4052 illis
1882 4013 2023 4053 sem-

407 4101 515 4156 per
543 4086 613 4140 sit
638 4087 779 4157 quod
809 4087 1066 4157 disputari
1121 4087 1348 4159 amplius
1381 4089 1568 4158 possit.
1619 4089 1672 4142 lu
1713 4089 1872 4144 rebus
1894 4103 2023 4144 vero

409 4179 485 4236 iis
531 4196 653 4254 qure
718 4197 824 4236 non
869 4192 1031 4237 certe
1081 4194 1222 4249 sunt,
1278 4183 1372 4238 sed
1423 4183 1772 4253 probabiliter
1821 4187 2023 4240 consti-

412 4272 660 4340 tucndze,
691 4273 848 4343 longe
880 4275 1051 4345 major
1073 4287 1159 4331 est
1187 4275 1254 4346 ad
1278 4276 1666 4348 impetrandam
1692 4277 2020 4347 intelligendi

412 4364 800 4435 scribendique
822 4365 1130 4420 facultatem
1156 4381 1304 4432 usus,
1333 4383 1490 4438 quam
1522 4368 1570 4422 in
1602 4367 1764 4423 certis
1790 4378 1844 4424 et
1870 4368 2021 4439 quasi
2075 4377 2078 4379 ’

415 4459 780 4525 necessariis,
849 4469 1168 4531 propterea,
1228 4461 1366 4532 quod
1416 4462 1522 4516 illa:
1578 4462 1773 4518 multas
1823 4463 2022 4518 habent

2130 1977 2185 2024 et
2218 1969 2479 2026 muliebre
2509 1973 2712 2038 oculos,
2747 1973 2976 2042 capillos
3007 1973 3214 2043 aliaque
3245 1976 3470 2031 ornandi
3499 1977 3732 2035 studium

2134 2078 2381 2133 posuere,
2407 2063 2550 2118 ducti
2578 2064 2737 2120 rebus
2764 2065 2828 2119 iis
2850 2081 2981 2136 quas
3004 2066 3320 2136 Apollonius
3340 2067 3479 2138 apud
3505 2067 3728 2132 Euseb.,

2132 2155 2198 2210 ll.
2230 2155 2294 2211 E.
2318 2155 2383 2208 V.
2418 2155 2509 2223 l8,
2542 2158 2815 2210 meritoria:
2845 2156 3110 2226 prodidit;
3144 2156 3295 2227 cujus
3324 2157 3509 2226 verba,
3541 2159 3585 2213 si
3608 2159 3732 2229 quid

2131 2249 2318 2313 video,
2366 2249 2506 2305 hanc
2535 2265 2648 2304 rem
2681 2238 2827 2304 nullo
2862 2250 3021 2304 modo
3050 2249 3406 2316 confirmant,
3450 2259 3642 2323 estque
3666 2252 3734 2308 ab

2133 2342 2381 2398 omnibus
2407 2341 2458 2396 in
2489 2357 2555 2398 eo
2584 2352 2882 2413 peccatum,
2907 2342 3048 2413 quod
3072 2343 3374 2414 prophetam
3399 2342 3472 2398 ibi
3499 2357 3737 2399 comme-

2132 2443 2396 2497 moratum
2425 2433 2732 2489 Montanum
2764 2450 2885 2490 esse
2919 2434 3272 2502 crediderint,
3302 2449 3424 2490 cum
3465 2435 3732 2507 Apollonii

2132 2528 2294 2584 verba
2323 2527 2390 2582 de
2417 2527 2561 2597 vitiis
2587 2529 2840 2584 universe
2872 2527 3347 2599 intelligendasint
3368 2569 3384 2595 ,
3425 2543 3544 2600 qua:
3578 2543 3733 2584 ava-

2132 2620 2292 2685 tibus,
2326 2634 2553 2690 quorum
2595 2620 2794 2674 multos
2836 2619 3172 2673 Montanista:
3213 2618 3509 2688 jactabant,
3542 2617 3734 2675 abesse
3773 2637 3784 2646 '

2129 2713 2414 2768 deberent.
2440 2711 2546 2767 Sed
2574 2712 2852 2782 potestilla
2875 2712 3141 2767 calumnia
3165 2712 3328 2795 etiam
3352 2711 3563 2768 retundi
3581 2714 3732 2768 seve-

2126 2804 2356 2860 rioribus
2379 2803 2481 2858 illis
2503 2803 2843 2870 Tertulliani,
2870 2805 2919 2857 iu
2945 2803 3093 2858 libris
3107 2803 3170 2857 de
3200 2802 3341 2875 Virg.
3365 2804 3461 2858 vel.
3485 2802 3737 2874 Cultuque

2127 2897 2328 2966 femin.,
2359 2895 2519 2950 dictis
2561 2894 2818 2951 adversus
2863 2896 3083 2950 nimium
3135 2896 3412 2974 muliebris
3457 2897 3736 2972 elegantia:

2126 2987 2383 3044 studium.
2413 2988 2580 3042 Porro
2604 2987 2952 3057 Epiphanius,
2980 2987 3112 3042 baer.
3139 2987 3230 3054 49,
3258 2996 3389 3043 sect.
3415 2988 3502 3042 Η.
3531 2987 3737 3042 Monta-

2128 3083 2295 3135 nistas
2310 3080 2438 3134 dicit
2467 3081 2605 3135 inter
2619 3079 2880 3135 orandum
2899 3095 3114 3134 tnauum
3137 3081 3214 3134 ori
3240 3080 3564 3147 admovisse,
3593 3081 3732 3136 unde

2126 3170 2570 3242 Tuscodrugorum
2585 3185 2778 3224 nomen
2802 3169 3143 3234 meruissent;
3166 3185 3324 3240 quam
3343 3170 3554 3238 culpam
3579 3169 3735 3226 Wer-

2127 3265 2436 3330 nsdorflius,
2460 3264 2545 3319 vir
2573 3263 2928 3340 clarissimus,
2960 3263 2998 3318 I.
3026 3278 3100 3326 c.,
3129 3261 3156 3333 ς
3183 3250 3272 3325 2i,
3299 3261 3576 3316 confutare
3601 3264 3735 3316 ‘vult

2129 3359 2248 3413 loco
2284 3357 2518 3428 quodam
2547 3356 2861 3412 Tertulliani
2907 3371 2939 3411 e
2977 3355 3114 3411 libro
3143 3357 3206 3409 de
3236 3353 3407 3421 0rat.,
3437 3369 3486 3409 c.
3525 3356 3609 3420 15,
3643 3341 3730 3411 ubi

2127 3465 2235 3505 non
2266 3465 2388 3504 esse
2414 3448 2692 3505 modestiae
2721 3448 2797 3503 ait
2825 3461 3018 3502 manus
3062 3447 3201 3502 inter
3231 3460 3416 3517 preces
3445 3446 3731 3502 sublimius

2129 3541 2328 3611 efferre
2351 3556 2370 3594 :
2396 3540 2486 3611 qui
2519 3541 2668 3596 locus
2695 3554 2726 3595 e
2761 3539 2920 3606 libro,
2969 3554 2999 3594 a
3026 3538 3356 3594 Tertulliano
3385 3547 3533 3594 recte
3558 3538 3732 3594 adhuc

2128 3633 2393 3689 sentiente
2420 3615 2776 3702 conscripto,
2843 3631 3043 3686 nullam
3089 3631 3194 3685 vim
3244 3630 3309 3684 ad
3355 3629 3726 3701 depellendam

2125 3726 2335 3796 culpam
2380 3723 2562 3791 habet,
2607 3732 2664 3778 ut
2703 3739 2810 3778 non
2850 3723 3024 3777 dicam
3070 3721 3430 3793 Epipbauium
3473 3721 3576 3777 hoc
3620 3738 3728 3778 non

2127 3818 2227 3874 nisi
2253 3817 2321 3872 de
2350 3815 2668 3888 quibusdam
2699 3815 3040 3872 montanistis
3068 3815 3287 3871 referre.
3322 3814 3590 3870 Prteterea
3623 3815 3735 3871 dis-

2131 3910 2433 3982 putationes
2492 3907 2817 3964 Tillcmontii
2858 3907 3190 3982 aliorumque
3229 3905 3296 3961 de
3339 3906 3732 3961 calamitatibus

2129 4004 2558 4059 Christianorum
2589 4001 2688 4056 sub
2719 4000 2922 4055 Severo
2942 4042 2956 4067 ,
2999 3980 3156 4070 quatit
3186 3998 3422 4054 confusm
3466 4008 3589 4055 sunt
3629 4016 3728 4064 cm,

2129 4109 2430 4164 omncSque
2459 4109 2642 4148 carum
2670 4093 2771 4148 loci
2800 4108 2957 4162 quam
2987 4092 3292 4162 perturbate
3316 4107 3380 4147 ac
3402 4101 3732 4163 praepostero

2126 4187 2314 4242 ordine
2378 4185 2572 4256 positi,
2615 4184 2752 4240 hanc
2804 4199 2964 4238 uuam
3015 4184 3084 4238 ob
3133 4181 3384 4250 causam,
3433 4183 3575 4255 quod
3636 4187 3730 4254 qui

2127 4280 2386 4352 ﬂagrante
2430 4281 2626 4350 priore,
2678 4279 2977 4348 imperante
3019 4277 3241 4344 Severo,
3272 4279 3575 4345 vexatione,
3605 4293 3726 4332 cum

2127 4373 2314 4428 eadem
2345 4388 2468 4427 cum
2498 4370 2812 4426 orthodoxis
2841 4372 3063 4425 sentiret
3090 4353 3450 4424 'l‘erttillianus
3472 4410 3486 4436 ,
3533 4369 3731 4440 quique

2128 4467 2228 4521 sub
2257 4465 2576 4535 posteriore,
2608 4479 2727 4517 cum
2758 4463 2825 4517 ab
2856 4463 2920 4516 iis
2942 4478 3001 4518 se
3022 4462 3367 4532 sejuuxisset,
3396 4463 3577 4531 scripti
3602 4462 3729 4523 sint.

405 4549 588 4618 veluti
632 4551 830 4607 formas
850 4594 866 4620 ,
915 4564 968 4608 et
1007 4555 1228 4626 cogitari
1274 4572 1337 4610 ac
1367 4556 1626 4626 diSputari
1657 4558 1711 4612 in
1742 4569 2021 4628 utramque
2046 4567 2100 4627 υ
2128 4557 2293 4610 libros
2322 4571 2424 4610 non
2459 4558 2604 4610 recte
2630 4553 2962 4609 distinxerit.
3017 4553 3253 4622 Denique
3281 4552 3410 4607 nihil
3437 4561 3520 4606 est
3545 4551 3733 4622 dispu-

417 4655 630 4716 partem
662 4655 916 4716 possunt,
944 4646 1086 4715 quod
1114 4663 1360 4720 magnam
1393 4635 1591 4705 habere
1622 4650 1726 4703 vim
1756 4649 1821 4704 ad
1853 4651 2022 4728 impe-

413 4738 671 4794 u'andam
697 4738 865 4808 ipsam
909 4738 1236 4810 intelligendi
1277 4740 1623 4796 subtilitatem
1683 4740 1882 4797 dudum
1939 4752 2023 4799 est

417 4827 831 4900 rectissimeque
880 4846 908 4884 a
954 4832 1223 4886 veteribus
1269 4832 1542 4887 traditum.
1601 4832 1708 4888 Sed
1754 4833 1879 4904 quid
1922 4850 2021 4906 ego

416 4922 673 4978 universa
702 4923 1040 4994 conquiram,
1073 4939 1197 4980 cum
1230 4933 1284 4980 et
1306 4940 1523 4995 operam
1547 4924 1806 4992 dederim,
1837 4936 1894 4981 ut
1920 4926 2021 4997 ipsi

413 5029 650 5082 caussa,
674 5026 928 5085 quantum
979 5015 1096 5072 ﬁeri
1148 5025 1394 5087 poterat,
1445 5017 1643 5085 aliena,
1695 5033 1796 5074 nec
1843 5027 2022 5074 tamen

416 5124 454 5164 a
482 5109 760 5179 proposito
785 5109 944 5164 nimis
965 5110 1226 5179 scjuucta,
1258 5109 1676 5180 interponerem,
1706 5111 1898 5182 quibus
1926 5111 2025 5166 ali-

416 5211 682 5272 quantum
727 5201 960 5256 satietati
1007 5189 1264 5257 similium
1309 5217 1487 5257 rerum
1531 5202 1800 5270 mederer,
1849 5211 1904 5258 et
1949 5205 2023 5260 nti

419 5293 589 5350 liceat
616 5293 898 5366 exemplis,
936 5292 1130 5364 quibus
1158 5292 1484 5361 declaretur,
1517 5309 1580 5350 ea
1608 5309 1727 5365 qua:
1753 5294 2021 5362 dedimus,

415 5403 725 5460 quanquam
777 5386 978 5442 leviora
1015 5386 1186 5453 forte,
1236 5396 1412 5442 tamen
1449 5402 1569 5442 esse
1600 5387 1933 5454 necessaria,
1978 5387 2024 5443 si

419 5481 548 5552 quis
597 5480 816 5550 majoris
857 5479 1114 5535 momenti
1152 5479 1301 5535 locos
1340 5479 1467 5535 velit
1505 5495 1568 5536 ex
1610 5479 1833 5535 historia
1872 5493 2025 5534 sacra

415 5564 700 5630 excutere.
761 5569 820 5626 lu
864 5568 1062 5642 quibus
1107 5571 1366 5641 ponendis
1413 5567 1593 5627 non'is
1620 5586 1722 5644 ego
1751 5586 1889 5637 sum,
1936 5569 2025 5641 qui

416 5669 585 5725 velim
611 5667 753 5723 viros
775 5665 965 5723 doctos
991 5664 1410 5736 reprehendere,
1442 5663 1536 5720 sed
1563 5679 1750 5735 pauca,
1775 5678 1893 5733 quae
1916 5677 2024 5718 non

418 5761 656 5818 multum
679 5758 940 5830 quaerenti
969 5765 1277 5824 occurrunt,
1323 5755 1562 5822 ali'eram,
1598 5763 1657 5810 ut
1685 5770 1812 5810 usus
1845 5764 2023 5809 tamen

384 5919 386 5921 _
421 5854 589 5926 hujus
614 5852 989 5924 disputationis
1014 5852 1240 5924 quodam
1266 5849 1424 5906 modo
1454 5850 1794 5921 intelligatur.
1830 5848 2018 5918 Dispu-

2129 4650 2332 4706 tatione
2390 4658 2570 4703 nostra
2627 4646 2901 4701 efficacius
2953 4645 3017 4699 ad
3067 4643 3418 4699 convellenda
3460 4642 3730 4697 Wbistoni

2128 4739 2334 4794 somnia
2390 4753 2507 4808 quae
2539 4738 2592 4791 in
2621 4738 2758 4792 libro
2787 4736 3032 4806 superius
3057 4735 3222 4811 citato
3273 4733 3392 4806 (tlte
3422 4743 3533 4789 true
3562 4733 3732 4804 origin

2129 4831 2286 4902 oft/te
2317 4829 2578 4886 Sabellian
2609 4830 2711 4882 and
2740 4827 3056 4880 Atlmnasian
3105 4825 3356 4880 doctrines
3386 4825 3443 4896 of
3462 4827 3543 4902 tlte
3560 4824 3733 4881 Τνὲηἱ-

2128 4935 2180 4996 ty
2203 4967 2216 4993 ,
2238 4923 2406 4984 Lond.
2432 4924 2589 4990 1720,
2610 4925 2769 4992 in-S")
2795 4922 3088 4992 proposuit,
3114 4921 3164 4975 in
3188 4935 3292 4992 quo
3307 4921 3732 4977 Sabellianorum

2127 5027 2209 5082 et,
2254 5027 2314 5072 ut
2362 5032 2454 5074 eos
2503 5026 2686 5084 vocat,
2740 5015 3227 5071 Atbanasianorum
3275 5015 3362 5070 de‘
3396 5015 3732 5070 sanctissima

2130 5109 2324 5165 Triade
2373 5111 2505 5166 scita
2557 5110 2770 5165 inventa
2817 5124 2909 5178 per
2951 5107 3226 5164 Simonem
3274 5107 3481 5178 Magum
3529 5121 3592 5162 ac
3639 5121 3736 5176 per

2128 5203 2479 5258 Montanistas
2511 5193 2823 5258 resuscitata
2857 5202 3009 5274 lingit
3029 5245 3045 5270 ,
3096 5212 3256 5273 atque
3286 5207 3570 5272 pr0ptcrea
3598 5197 3737 5253 Ter-

2130 5295 2336 5350 tulliani
2367 5310 2430 5350 ea
2459 5295 2510 5349 in
2543 5311 2601 5349 re
2629 5295 2948 5350 sententiam
2998 5293 3260 5364 triplicem
3305 5291 3468 5346 fuisse
3511 5299 3736 5345 conatur

2128 5389 2323 5445 docere
2366 5403 2395 5442 e
2439 5388 2632 5458 triplici
2675 5388 2930 5444 librorum
2968 5400 3168 5457 genere
3220 5384 3311 5456 qui
3365 5393 3548 5440 essent
3575 5383 3642 5439 ab
3669 5398 3735 5439 co

2131 5482 2369 5547 exarati,
2422 5497 2544 5535 cum
2584 5481 2668 5536 vel
2711 5489 2856 5537 recte
2886 5481 3178 5545 sensisset,
3212 5478 3293 5534 vel
3328 5477 3638 5533 inclinasset
3667 5475 3733 5530 ad

2129 5574 2365 5630 Montani
2398 5589 2633 5640 errores,
2663 5574 2742 5628 vel
2776 5572 3010 5628 imbutus
3036 5573 3100 5629 iis
3126 5571 3346 5627 omnino
3378 5569 3588 5624 fuisset.
3631 5566 3736 5622 Ubi

2131 5668 2184 5723 in
2233 5665 2425 5737 quovis
2478 5665 2735 5719 librormn
2781 5679 2978 5737 genere
3019 5664 3152 5719 tales
3215 5662 3383 5716 libros
3428 5657 3596 5713 refert
3644 5657 3738 5728 qui

2130 5761 2292 5832 plane
2318 5758 2408 5812 alii
2439 5757 2695 5811 librorum
2726 5757 2910 5827 generi
2939 5771 2968 5809 a
2999 5755 3158 5812 nobis
3185 5751 3374 5808 asserti
3406 5746 3554 5806 fuere
3574 5793 3590 5819 ,
3631 5765 3743 5822 quo

2131 5855 2248 5926 ipso
2277 5851 2452 5909 omnis
2478 5848 2856 5906 Wbistoniaua
2899 5847 3186 5918 disputatio
3204 5845 3269 5902 ad
3296 5844 3520 5904 nihilum
3540 5843 3747 5919 redigi-
