  <div class='ocr_page' id='page_1' title='image "/cluster/home/n/w/nwhite01/storage/ocr_20150623/1/hvd.32044054128335/111.png"; bbox 0 0 4242 6264; ppageno 0'>
   <div class='ocr_carea' id='block_1_1' title="bbox 537 324 3836 393">
    <p class='ocr_par' dir='ltr' id='par_1_1' title="bbox 537 324 3836 393">
     <span class='ocr_line' id='line_1_1' title="bbox 537 324 3836 393; baseline -0.002 -1"><span class='ocrx_word' id='word_1_1' title='bbox 537 334 641 393; x_wconf 78' lang='grc'><strong>179</strong></span> <span class='ocrx_word' id='word_1_2' title='bbox 1131 386 1145 392; x_wconf 86' lang='grc'><em>,</em></span> <span class='ocrx_word' id='word_1_3' title='bbox 1712 328 1853 389; x_wconf 81' lang='lat' dir='ltr'><strong>PAR</strong></span> <span class='ocrx_word' id='word_1_4' title='bbox 1871 324 2102 385; x_wconf 77' lang='lat' dir='ltr'><strong>ADOXA</strong></span> <span class='ocrx_word' id='word_1_5' title='bbox 2144 325 2605 385; x_wconf 79' lang='lat' dir='ltr'><strong>TERTULLIANI</strong></span> <span class='ocrx_word' id='word_1_6' title='bbox 3734 324 3836 384; x_wconf 61' lang='lat'><strong>£80</strong></span> 
     </span>
    </p>
   </div>
   <div class='ocr_carea' id='block_1_2' title="bbox 536 429 3839 523">
    <p class='ocr_par' dir='ltr' id='par_1_2' title="bbox 536 429 3839 523">
     <span class='ocr_line' id='line_1_2' title="bbox 536 429 3839 523; baseline -0.002 -22"><span class='ocrx_word' id='word_1_7' title='bbox 536 458 646 503; x_wconf 88' lang='lat' dir='ltr'><strong>tur.</strong></span> <span class='ocrx_word' id='word_1_8' title='bbox 690 446 796 504; x_wconf 81' lang='lat' dir='ltr'><strong>Sed</strong></span> <span class='ocrx_word' id='word_1_9' title='bbox 824 455 905 505; x_wconf 90' lang='lat' dir='ltr'><strong>est</strong></span> <span class='ocrx_word' id='word_1_10' title='bbox 937 445 1148 503; x_wconf 90' lang='lat' dir='ltr'><strong>tandem</strong></span> <span class='ocrx_word' id='word_1_11' title='bbox 1184 442 1473 517; x_wconf 89' lang='lat' dir='ltr'><strong>aliquando</strong></span> <span class='ocrx_word' id='word_1_12' title='bbox 1499 442 1872 507; x_wconf 88' lang='lat' dir='ltr'><strong>desinendum,</strong></span> <span class='ocrx_word' id='word_1_13' title='bbox 1895 457 1960 496; x_wconf 90' lang='lat' dir='ltr'><strong>ne</strong></span> <span class='ocrx_word' id='word_1_14' title='bbox 1986 439 2134 496; x_wconf 90' lang='lat' dir='ltr'><strong>nimii</strong></span> <span class='ocrx_word' id='word_1_15' title='bbox 2164 442 2217 504; x_wconf 75' lang='grc' dir='ltr'><strong>Α</strong></span> <span class='ocrx_word' id='word_1_16' title='bbox 2242 429 2632 512; x_wconf 73' lang='lat' dir='ltr'><strong>disputaturum</strong></span> <span class='ocrx_word' id='word_1_17' title='bbox 2664 448 2883 506; x_wconf 89' lang='lat' dir='ltr'><strong>natura,</strong></span> <span class='ocrx_word' id='word_1_18' title='bbox 2908 442 3022 511; x_wconf 88' lang='lat' dir='ltr'><strong>vel,</strong></span> <span class='ocrx_word' id='word_1_19' title='bbox 3050 444 3243 523; x_wconf 85' lang='lat' dir='ltr'><strong>quibus</strong></span> <span class='ocrx_word' id='word_1_20' title='bbox 3267 441 3511 517; x_wconf 81' lang='lat' dir='ltr'><strong>oppressi</strong></span> <span class='ocrx_word' id='word_1_21' title='bbox 3533 440 3586 497; x_wconf 92' lang='lat' dir='ltr'><strong>in</strong></span> <span class='ocrx_word' id='word_1_22' title='bbox 3617 440 3681 497; x_wconf 90' lang='lat' dir='ltr'><strong>iis</strong></span> <span class='ocrx_word' id='word_1_23' title='bbox 3701 454 3839 512; x_wconf 84' lang='lat' dir='ltr'><strong>pro-</strong></span> 
     </span>
    </p>
   </div>
   <div class='ocr_carea' id='block_1_3' title="bbox 537 533 3841 605">
    <p class='ocr_par' dir='ltr' id='par_1_3' title="bbox 537 533 3841 605">
     <span class='ocr_line' id='line_1_3' title="bbox 537 533 3841 605; baseline -0.002 -10"><span class='ocrx_word' id='word_1_24' title='bbox 537 542 593 596; x_wconf 90' lang='lat' dir='ltr'><strong>in</strong></span> <span class='ocrx_word' id='word_1_25' title='bbox 636 540 720 596; x_wconf 86' lang='lat' dir='ltr'><strong>his</strong></span> <span class='ocrx_word' id='word_1_26' title='bbox 759 540 917 596; x_wconf 84' lang='lat' dir='ltr'><strong>rebus</strong></span> <span class='ocrx_word' id='word_1_27' title='bbox 957 538 1270 602; x_wconf 79' lang='lat' dir='ltr'><strong>videamur;</strong></span> <span class='ocrx_word' id='word_1_28' title='bbox 1300 544 1355 592; x_wconf 90' lang='lat' dir='ltr'><strong>et</strong></span> <span class='ocrx_word' id='word_1_29' title='bbox 1390 535 1809 593; x_wconf 75' lang='lat' dir='ltr'><strong>committendas</strong></span> <span class='ocrx_word' id='word_1_30' title='bbox 1850 542 2035 590; x_wconf 90' lang='lat' dir='ltr'><strong>noster</strong></span> <span class='ocrx_word' id='word_1_31' title='bbox 2071 534 2135 588; x_wconf 87' lang='lat' dir='ltr'><strong>li-</strong></span> <span class='ocrx_word' id='word_1_32' title='bbox 2244 535 2505 604; x_wconf 78' lang='lat' dir='ltr'><strong>ponendis</strong></span> <span class='ocrx_word' id='word_1_33' title='bbox 2552 533 2770 603; x_wconf 82' lang='lat' dir='ltr'><strong>fuimus,</strong></span> <span class='ocrx_word' id='word_1_34' title='bbox 2812 534 3021 591; x_wconf 91' lang='lat' dir='ltr'><strong>labores</strong></span> <span class='ocrx_word' id='word_1_35' title='bbox 3046 537 3153 605; x_wconf 82' lang='lat' dir='ltr'><strong>alii,</strong></span> <span class='ocrx_word' id='word_1_36' title='bbox 3187 537 3481 593; x_wconf 76' lang='lat' dir='ltr'><strong>effecerunt</strong></span> <span class='ocrx_word' id='word_1_37' title='bbox 3519 543 3709 590; x_wconf 89' lang='lat' dir='ltr'><strong>utnon</strong></span> <span class='ocrx_word' id='word_1_38' title='bbox 3740 547 3841 605; x_wconf 86' lang='lat' dir='ltr'><strong>po-</strong></span> 
     </span>
    </p>
   </div>
   <div class='ocr_carea' id='block_1_4' title="bbox 540 621 3116 700">
    <p class='ocr_par' dir='ltr' id='par_1_4' title="bbox 540 621 3116 700">
     <span class='ocr_line' id='line_1_4' title="bbox 540 621 3116 700; baseline -0.002 -13"><span class='ocrx_word' id='word_1_39' title='bbox 540 631 714 687; x_wconf 90' lang='lat' dir='ltr'><strong>bellus</strong></span> <span class='ocrx_word' id='word_1_40' title='bbox 742 630 1022 687; x_wconf 90' lang='lat' dir='ltr'><strong>doctorum</strong></span> <span class='ocrx_word' id='word_1_41' title='bbox 1065 628 1336 684; x_wconf 78' lang='lat' dir='ltr'><strong>hominum</strong></span> <span class='ocrx_word' id='word_1_42' title='bbox 1362 627 1584 698; x_wconf 88' lang='lat' dir='ltr'><strong>judicio,</strong></span> <span class='ocrx_word' id='word_1_43' title='bbox 1616 626 1758 700; x_wconf 90' lang='lat' dir='ltr'><strong>quod</strong></span> <span class='ocrx_word' id='word_1_44' title='bbox 1790 623 1937 682; x_wconf 79' lang='lat' dir='ltr'><strong>tant&#39;o</strong></span> <span class='ocrx_word' id='word_1_45' title='bbox 1963 625 2131 696; x_wconf 69' lang='lat' dir='ltr'><strong>magis</strong></span> <span class='ocrx_word' id='word_1_46' title='bbox 2166 658 2167 661; x_wconf 61' lang='grc' dir='ltr'><strong>η</strong></span> <span class='ocrx_word' id='word_1_47' title='bbox 2244 621 2502 683; x_wconf 78' lang='lat' dir='ltr'><strong>tuerinnis</strong></span> <span class='ocrx_word' id='word_1_48' title='bbox 2526 626 2856 684; x_wconf 87' lang='lat' dir='ltr'><strong>accuratoria</strong></span> <span class='ocrx_word' id='word_1_49' title='bbox 2892 627 3116 684; x_wconf 79' lang='lat' dir='ltr'><strong>tradere.</strong></span> 
     </span>
    </p>
   </div>
   <div class='ocr_carea' id='block_1_5' title="bbox 537 714 2527 794">
    <p class='ocr_par' dir='ltr' id='par_1_5' title="bbox 537 714 2527 794">
     <span class='ocr_line' id='line_1_5' title="bbox 537 714 2527 794; baseline -0.005 -16"><span class='ocrx_word' id='word_1_50' title='bbox 537 736 748 793; x_wconf 69' lang='lat' dir='ltr'><strong>acquum</strong></span> <span class='ocrx_word' id='word_1_51' title='bbox 796 714 1059 794; x_wconf 70' lang='lat' dir='ltr'><strong>rogamus</strong></span> <span class='ocrx_word' id='word_1_52' title='bbox 1088 720 1278 787; x_wconf 90' lang='lat' dir='ltr'><strong>nobis,</strong></span> <span class='ocrx_word' id='word_1_53' title='bbox 1328 736 1433 791; x_wconf 90' lang='lat' dir='ltr'><strong>quo</strong></span> <span class='ocrx_word' id='word_1_54' title='bbox 1481 719 1651 791; x_wconf 88' lang='lat' dir='ltr'><strong>magis</strong></span> <span class='ocrx_word' id='word_1_55' title='bbox 1693 718 1773 775; x_wconf 90' lang='lat' dir='ltr'><strong>vcl</strong></span> <span class='ocrx_word' id='word_1_56' title='bbox 1807 717 1917 788; x_wconf 87' lang='lat' dir='ltr'><strong>ipsa</strong></span> <span class='ocrx_word' id='word_1_57' title='bbox 1949 731 2127 772; x_wconf 89' lang='lat' dir='ltr'><strong>rerum</strong></span> <span class='ocrx_word' id='word_1_58' title='bbox 2522 740 2527 743; x_wconf 28' lang='grc' dir='ltr'><strong>Α</strong></span> 
     </span>
    </p>
   </div>
   <div class='ocr_carea' id='block_1_6' title="bbox 864 878 3604 1156">
    <p class='ocr_par' dir='ltr' id='par_1_6' title="bbox 864 878 3604 1156">
     <span class='ocr_line' id='line_1_6' title="bbox 864 878 3604 1156; baseline 0 -30"><span class='ocrx_word' id='word_1_59' title='bbox 864 878 1991 1126; x_wconf 54' lang='grc' dir='ltr'><strong>ἧῖᾸΒΟΧΑ</strong></span> <span class='ocrx_word' id='word_1_60' title='bbox 2099 878 3604 1156; x_wconf 54' lang='grc' dir='ltr'><strong>ΤΕΒΤΠΕΠΑΝῙ</strong></span> 
     </span>
    </p>
   </div>
   <div class='ocr_carea' id='block_1_7' title="bbox 864 1204 2162 1374">
    <p class='ocr_par' dir='ltr' id='par_1_7' title="bbox 864 1204 2162 1333">
     <span class='ocr_line' id='line_1_7' title="bbox 864 1204 2162 1333; baseline -0.001 -44"><span class='ocrx_word' id='word_1_61' title='bbox 864 1204 883 1224; x_wconf 84' lang='grc'><em>’</em></span> <span class='ocrx_word' id='word_1_62' title='bbox 1210 1330 1213 1333; x_wconf 3' lang='lat'><strong><em>&gt;</em></strong></span> <span class='ocrx_word' id='word_1_63' title='bbox 1782 1213 2162 1290; x_wconf 84' lang='lat' dir='ltr'><strong>CUMAI</strong></span> 
     </span>
    </p>
   </div>
   <div class='ocr_carea' id='block_1_8' title="bbox 2263 1204 3537 1374">
    <p class='ocr_par' dir='ltr' id='par_1_8' title="bbox 2263 1213 3537 1289">
     <span class='ocr_line' id='line_1_8' title="bbox 2263 1213 3537 1289; baseline 0.002 -3"><span class='ocrx_word' id='word_1_64' title='bbox 2263 1213 2610 1289; x_wconf 83' lang='lat' dir='ltr'><strong>‘IDOTO</strong></span> <span class='ocrx_word' id='word_1_65' title='bbox 3337 1280 3344 1288; x_wconf 93' lang='lat'><strong>.</strong></span> <span class='ocrx_word' id='word_1_66' title='bbox 3532 1232 3537 1233; x_wconf 44' lang='grc' dir='ltr'>ί</span> 
     </span>
    </p>
   </div>
   <div class='ocr_carea' id='block_1_9' title="bbox 1550 1391 2871 1547">
    <p class='ocr_par' dir='ltr' id='par_1_9' title="bbox 1550 1391 2871 1547">
     <span class='ocr_line' id='line_1_9' title="bbox 1550 1391 2871 1547; baseline -0.002 -35"><span class='ocrx_word' id='word_1_67' title='bbox 1550 1401 2101 1514; x_wconf 63' lang='lat' dir='ltr'><strong>uacum</strong></span> <span class='ocrx_word' id='word_1_68' title='bbox 2162 1391 2871 1509; x_wconf 83' lang='lat' dir='ltr'><strong>PAMELII.</strong></span> 
     </span>
    </p>
   </div>
   <div class='ocr_carea' id='block_1_10' title="bbox 2134 1623 2282 1680">
    <p class='ocr_par' dir='ltr' id='par_1_10' title="bbox 2134 1623 2282 1680">
     <span class='ocr_line' id='line_1_10' title="bbox 2134 1623 2282 1680; baseline 0 -8"><span class='ocrx_word' id='word_1_69' title='bbox 2134 1623 2282 1680; x_wconf 67' lang='grc' dir='ltr'><strong>οἷςΕο</strong></span> 
     </span>
    </p>
   </div>
   <div class='ocr_carea' id='block_1_11' title="bbox 549 835 3840 902">
    <p class='ocr_par' dir='ltr' id='par_1_11' title="bbox 606 837 3840 902">
     <span class='ocr_line' id='line_1_11' title="bbox 606 837 3840 902; baseline -0.011 3"><span class='ocrx_word' id='word_1_70' title='bbox 606 837 633 902; x_wconf 67' lang='lat'><strong>4!</strong></span> <span class='ocrx_word' id='word_1_71' title='bbox 840 837 866 891; x_wconf 74' lang='grc' dir='ltr'>Ξ</span> <span class='ocrx_word' id='word_1_72' title='bbox 906 837 3840 902; x_wconf 53' lang='lat' dir='ltr'><strong>EMWMWA</strong></span> 
     </span>
    </p>
   </div>
   <div class='ocr_carea' id='block_1_12' title="bbox 1788 1642 2127 1661">
    <p class='ocr_par' dir='ltr' id='par_1_12' title="bbox 1788 1642 2127 1661">
     <span class='ocr_line' id='line_1_12' title="bbox 1788 1642 2127 1661; baseline -0.012 0"><span class='ocrx_word' id='word_1_73' title='bbox 1788 1642 2127 1661; x_wconf 43' lang='lat' dir='ltr'><strong><em>ﬂ</em></strong></span> 
     </span>
    </p>
   </div>
   <div class='ocr_carea' id='block_1_13' title="bbox 547 1738 3849 1846">
    <p class='ocr_par' dir='ltr' id='par_1_13' title="bbox 547 1738 3849 1846">
     <span class='ocr_line' id='line_1_13' title="bbox 547 1738 3849 1846; baseline -0.008 -9"><span class='ocrx_word' id='word_1_74' title='bbox 547 1781 597 1836; x_wconf 91' lang='grc'><strong>1.</strong></span> <span class='ocrx_word' id='word_1_75' title='bbox 630 1780 704 1836; x_wconf 89' lang='lat' dir='ltr'><strong>De</strong></span> <span class='ocrx_word' id='word_1_76' title='bbox 735 1773 939 1846; x_wconf 88' lang='lat' dir='ltr'><strong>angelis</strong></span> <span class='ocrx_word' id='word_1_77' title='bbox 963 1763 1335 1827; x_wconf 74' lang='lat' dir='ltr'><strong>desertoribus</strong></span> <span class='ocrx_word' id='word_1_78' title='bbox 1378 1758 1468 1831; x_wconf 86' lang='lat' dir='ltr'><strong>qui</strong></span> <span class='ocrx_word' id='word_1_79' title='bbox 1498 1748 2145 1846; x_wconf 7' lang='lat' dir='ltr'><strong>duxeruntgliliashomi-</strong></span> <span class='ocrx_word' id='word_1_80' title='bbox 2254 1748 2380 1846; x_wconf 82' lang='lat' dir='ltr'><strong>liani</strong></span> <span class='ocrx_word' id='word_1_81' title='bbox 2472 1738 2665 1846; x_wconf 82' lang='lat' dir='ltr'><strong>Dehinc</strong></span> <span class='ocrx_word' id='word_1_82' title='bbox 2694 1751 2840 1846; x_wconf 72' lang='lat' dir='ltr'><strong>scito,</strong></span> <span class='ocrx_word' id='word_1_83' title='bbox 2872 1766 2963 1807; x_wconf 87' lang='lat' dir='ltr'><strong>nec</strong></span> <span class='ocrx_word' id='word_1_84' title='bbox 2990 1751 3122 1846; x_wconf 87' lang='lat' dir='ltr'><strong>illud</strong></span> <span class='ocrx_word' id='word_1_85' title='bbox 3144 1755 3353 1811; x_wconf 82' lang='lat' dir='ltr'><strong>concedi</strong></span> <span class='ocrx_word' id='word_1_86' title='bbox 3380 1754 3469 1811; x_wconf 75' lang='lat' dir='ltr'><strong>tibi</strong></span> <span class='ocrx_word' id='word_1_87' title='bbox 3490 1797 3504 1823; x_wconf 93' lang='lat'><strong>,</strong></span> <span class='ocrx_word' id='word_1_88' title='bbox 3536 1756 3672 1827; x_wconf 89' lang='lat' dir='ltr'><strong>quod</strong></span> <span class='ocrx_word' id='word_1_89' title='bbox 3692 1765 3849 1827; x_wconf 83' lang='lat' dir='ltr'><strong>puta-</strong></span> 
     </span>
    </p>
   </div>
   <div class='ocr_carea' id='block_1_14' title="bbox 623 1840 2151 1925">
    <p class='ocr_par' dir='ltr' id='par_1_14' title="bbox 623 1840 2151 1925">
     <span class='ocr_line' id='line_1_14' title="bbox 623 1840 2151 1925; baseline -0.022 1"><span class='ocrx_word' id='word_1_90' title='bbox 623 1886 769 1925; x_wconf 86' lang='lat' dir='ltr'><strong>nnm.</strong></span> <span class='ocrx_word' id='word_1_91' title='bbox 796 1840 944 1921; x_wconf 47' lang='lat' dir='ltr'><strong>iam.</strong></span> <span class='ocrx_word' id='word_1_92' title='bbox 975 1861 1039 1917; x_wconf 77' lang='grc'><strong>11.</strong></span> <span class='ocrx_word' id='word_1_93' title='bbox 1069 1859 1155 1915; x_wconf 91' lang='lat' dir='ltr'><strong>lib.</strong></span> <span class='ocrx_word' id='word_1_94' title='bbox 1183 1856 1245 1911; x_wconf 83' lang='lat' dir='ltr'><strong>de</strong></span> <span class='ocrx_word' id='word_1_95' title='bbox 1274 1850 1464 1907; x_wconf 83' lang='lat' dir='ltr'><strong>Idolol.</strong></span> <span class='ocrx_word' id='word_1_96' title='bbox 1497 1865 1544 1903; x_wconf 77' lang='grc' dir='ltr'><strong>ο.</strong></span> <span class='ocrx_word' id='word_1_97' title='bbox 1572 1847 1626 1904; x_wconf 90' lang='lat'><strong>9.</strong></span> <span class='ocrx_word' id='word_1_98' title='bbox 1661 1863 1714 1901; x_wconf 87' lang='grc' dir='ltr'><strong>η.</strong></span> <span class='ocrx_word' id='word_1_99' title='bbox 1760 1844 1853 1900; x_wconf 77' lang='grc'><strong>47.</strong></span> <span class='ocrx_word' id='word_1_100' title='bbox 1890 1840 2041 1896; x_wconf 85' lang='lat' dir='ltr'><strong>Libra</strong></span> <span class='ocrx_word' id='word_1_101' title='bbox 2088 1840 2151 1893; x_wconf 87' lang='lat' dir='ltr'><strong>de</strong></span> 
     </span>
    </p>
   </div>
   <div class='ocr_carea' id='block_1_15' title="bbox 2259 1841 3841 1914">
    <p class='ocr_par' dir='ltr' id='par_1_15' title="bbox 2259 1841 3841 1914">
     <span class='ocr_line' id='line_1_15' title="bbox 2259 1841 3841 1914; baseline 0.006 -20"><span class='ocrx_word' id='word_1_102' title='bbox 2259 1841 2361 1895; x_wconf 87' lang='lat' dir='ltr'><strong>tiva</strong></span> <span class='ocrx_word' id='word_1_103' title='bbox 2408 1842 2560 1913; x_wconf 71' lang='lat' dir='ltr'><strong>fuerit</strong></span> <span class='ocrx_word' id='word_1_104' title='bbox 2591 1843 2785 1914; x_wconf 79' lang='lat' dir='ltr'><strong>angelis</strong></span> <span class='ocrx_word' id='word_1_105' title='bbox 2812 1859 2932 1898; x_wconf 88' lang='lat' dir='ltr'><strong>caro</strong></span> <span class='ocrx_word' id='word_1_106' title='bbox 2953 1886 2967 1910; x_wconf 92' lang='lat'><strong>,</strong></span> <span class='ocrx_word' id='word_1_107' title='bbox 3001 1845 3090 1899; x_wconf 87' lang='lat' dir='ltr'><strong>sed</strong></span> <span class='ocrx_word' id='word_1_108' title='bbox 3116 1860 3247 1901; x_wconf 70' lang='lat' dir='ltr'><strong>veras</strong></span> <span class='ocrx_word' id='word_1_109' title='bbox 3276 1857 3321 1901; x_wconf 87' lang='lat' dir='ltr'><strong>et</strong></span> <span class='ocrx_word' id='word_1_110' title='bbox 3343 1848 3522 1903; x_wconf 71' lang='lat' dir='ltr'><strong>solida:</strong></span> <span class='ocrx_word' id='word_1_111' title='bbox 3546 1848 3841 1904; x_wconf 73' lang='lat' dir='ltr'><strong>substantia:</strong></span> 
     </span>
    </p>
   </div>
   <div class='ocr_carea' id='block_1_16' title="bbox 634 1903 3849 2019">
    <p class='ocr_par' dir='ltr' id='par_1_16' title="bbox 634 1903 3849 2019">
     <span class='ocr_line' id='line_1_16' title="bbox 634 1903 3849 2019; baseline -0.007 -3"><span class='ocrx_word' id='word_1_112' title='bbox 1235 1948 1285 2003; x_wconf 96' lang='grc'><strong>1.</strong></span> <span class='ocrx_word' id='word_1_113' title='bbox 1312 1961 1453 1999; x_wconf 87' lang='lat' dir='ltr'><strong>num.</strong></span> <span class='ocrx_word' id='word_1_114' title='bbox 1482 1942 1568 1996; x_wconf 88' lang='grc'><strong>17.</strong></span> <span class='ocrx_word' id='word_1_115' title='bbox 1588 1940 1675 1996; x_wconf 85' lang='lat' dir='ltr'><strong>lib.</strong></span> <span class='ocrx_word' id='word_1_116' title='bbox 1694 1938 1754 1992; x_wconf 89' lang='lat' dir='ltr'><strong>de</strong></span> <span class='ocrx_word' id='word_1_117' title='bbox 1776 1935 1927 1993; x_wconf 86' lang='lat' dir='ltr'><strong>Cultu</strong></span> <span class='ocrx_word' id='word_1_118' title='bbox 1957 1932 2153 2005; x_wconf 62' lang='lat' dir='ltr'><strong>tientia.</strong></span> <span class='ocrx_word' id='word_1_119' title='bbox 2184 1903 2232 1962; x_wconf 78' lang='grc' dir='ltr'><strong>Β</strong></span> <span class='ocrx_word' id='word_1_120' title='bbox 2264 1934 2521 1989; x_wconf 80' lang='lat' dir='ltr'><strong>Inunanw.</strong></span> <span class='ocrx_word' id='word_1_121' title='bbox 2541 1903 2716 1990; x_wconf 36' lang='lat' dir='ltr'><strong>Scd&#39;in</strong></span> <span class='ocrx_word' id='word_1_122' title='bbox 2735 1935 2853 1990; x_wconf 82' lang='lat' dir='ltr'><strong>aliis</strong></span> <span class='ocrx_word' id='word_1_123' title='bbox 2872 1935 3026 1991; x_wconf 86' lang='lat' dir='ltr'><strong>libris</strong></span> <span class='ocrx_word' id='word_1_124' title='bbox 3047 1937 3238 1993; x_wconf 90' lang='lat' dir='ltr'><strong>eodem</strong></span> <span class='ocrx_word' id='word_1_125' title='bbox 3259 1939 3584 2008; x_wconf 79' lang='lat' dir='ltr'><strong>conscriptis</strong></span> <span class='ocrx_word' id='word_1_126' title='bbox 3604 1948 3849 2011; x_wconf 87' lang='lat' dir='ltr'><strong>tempore</strong></span> 
     </span>
    </p>
   </div>
   <div class='ocr_carea' id='block_1_17' title="bbox 616 2022 2153 2115">
    <p class='ocr_par' dir='ltr' id='par_1_17' title="bbox 616 2022 2153 2115">
     <span class='ocr_line' id='line_1_17' title="bbox 616 2022 2153 2115; baseline -0.021 -5"><span class='ocrx_word' id='word_1_127' title='bbox 616 2072 665 2109; x_wconf 89' lang='lat' dir='ltr'><strong>c.</strong></span> <span class='ocrx_word' id='word_1_128' title='bbox 684 2052 769 2115; x_wconf 88' lang='grc'><strong>10,</strong></span> <span class='ocrx_word' id='word_1_129' title='bbox 798 2066 939 2105; x_wconf 81' lang='lat' dir='ltr'><strong>nam.</strong></span> <span class='ocrx_word' id='word_1_130' title='bbox 958 2045 1049 2109; x_wconf 77' lang='lat'><strong>56,</strong></span> <span class='ocrx_word' id='word_1_131' title='bbox 1077 2053 1122 2097; x_wconf 84' lang='lat' dir='ltr'><strong>et</strong></span> <span class='ocrx_word' id='word_1_132' title='bbox 1144 2041 1181 2096; x_wconf 86' lang='grc' dir='ltr'><strong>ι.</strong></span> <span class='ocrx_word' id='word_1_133' title='bbox 1200 2040 1261 2094; x_wconf 84' lang='lat' dir='ltr'><strong>de</strong></span> <span class='ocrx_word' id='word_1_134' title='bbox 1283 2034 1523 2093; x_wconf 83' lang='lat' dir='ltr'><strong>Vclandis</strong></span> <span class='ocrx_word' id='word_1_135' title='bbox 1553 2028 1751 2102; x_wconf 82' lang='lat' dir='ltr'><strong>Virgin.</strong></span> <span class='ocrx_word' id='word_1_136' title='bbox 1770 2028 1884 2092; x_wconf 76' lang='lat'><strong>0.7,</strong></span> <span class='ocrx_word' id='word_1_137' title='bbox 1902 2041 2041 2079; x_wconf 74' lang='lat' dir='ltr'><strong>nunt.</strong></span> <span class='ocrx_word' id='word_1_138' title='bbox 2064 2022 2153 2078; x_wconf 72' lang='lat'><strong>5‘2.</strong></span> 
     </span>
    </p>
   </div>
   <div class='ocr_carea' id='block_1_18' title="bbox 622 2114 2136 2200">
    <p class='ocr_par' dir='ltr' id='par_1_18' title="bbox 622 2114 2136 2200">
     <span class='ocr_line' id='line_1_18' title="bbox 622 2114 2136 2200; baseline -0.022 0"><span class='ocrx_word' id='word_1_139' title='bbox 622 2114 763 2200; x_wconf 80' lang='lat' dir='ltr'><strong>Item</strong></span> <span class='ocrx_word' id='word_1_140' title='bbox 783 2152 906 2197; x_wconf 85' lang='lat' dir='ltr'><strong>tum.</strong></span> <span class='ocrx_word' id='word_1_141' title='bbox 929 2137 1016 2193; x_wconf 84' lang='lat' dir='ltr'><strong>Ill.</strong></span> <span class='ocrx_word' id='word_1_142' title='bbox 1051 2135 1138 2190; x_wconf 91' lang='lat' dir='ltr'><strong>lib.</strong></span> <span class='ocrx_word' id='word_1_143' title='bbox 1172 2132 1235 2188; x_wconf 85' lang='lat' dir='ltr'><strong>V.</strong></span> <span class='ocrx_word' id='word_1_144' title='bbox 1268 2131 1384 2190; x_wconf 81' lang='lat' dir='ltr'><strong>adv.</strong></span> <span class='ocrx_word' id='word_1_145' title='bbox 1415 2126 1583 2180; x_wconf 79' lang='lat' dir='ltr'><strong>Marc.</strong></span> <span class='ocrx_word' id='word_1_146' title='bbox 1612 2139 1728 2193; x_wconf 81' lang='lat' dir='ltr'><strong>cap.</strong></span> <span class='ocrx_word' id='word_1_147' title='bbox 1755 2119 1986 2175; x_wconf 86' lang='lat' dir='ltr'><strong>l8.num.</strong></span> <span class='ocrx_word' id='word_1_148' title='bbox 2008 2114 2136 2170; x_wconf 64' lang='grc' dir='ltr'><strong>ΞΜ.</strong></span> 
     </span>
    </p>
   </div>
   <div class='ocr_carea' id='block_1_19' title="bbox 625 2202 2157 2311">
    <p class='ocr_par' dir='ltr' id='par_1_19' title="bbox 625 2202 2157 2311">
     <span class='ocr_line' id='line_1_19' title="bbox 625 2202 2157 2311; baseline -0.022 -20"><span class='ocrx_word' id='word_1_149' title='bbox 625 2236 815 2311; x_wconf 73' lang='lat' dir='ltr'><strong>(Juxta</strong></span> <span class='ocrx_word' id='word_1_150' title='bbox 841 2231 964 2286; x_wconf 88' lang='lat' dir='ltr'><strong>edit.</strong></span> <span class='ocrx_word' id='word_1_151' title='bbox 991 2223 1231 2291; x_wconf 88' lang='lat' dir='ltr'><strong>Pamelii,</strong></span> <span class='ocrx_word' id='word_1_152' title='bbox 1261 2221 1533 2289; x_wconf 84' lang='lat' dir='ltr'><strong>Antverp.,</strong></span> <span class='ocrx_word' id='word_1_153' title='bbox 1552 2212 1722 2279; x_wconf 72' lang='lat'><strong>1579;</strong></span> <span class='ocrx_word' id='word_1_154' title='bbox 1744 2209 1939 2277; x_wconf 80' lang='lat' dir='ltr'><strong>Paris.,</strong></span> <span class='ocrx_word' id='word_1_155' title='bbox 1968 2202 2157 2275; x_wconf 73' lang='grc'><strong>1585.)</strong></span> 
     </span>
    </p>
   </div>
   <div class='ocr_carea' id='block_1_20' title="bbox 634 2329 2157 2422">
    <p class='ocr_par' dir='ltr' id='par_1_20' title="bbox 634 2329 2157 2422">
     <span class='ocr_line' id='line_1_20' title="bbox 634 2329 2157 2422; baseline -0.022 -17"><span class='ocrx_word' id='word_1_156' title='bbox 634 2349 801 2419; x_wconf 89' lang='lat' dir='ltr'><strong>llujus</strong></span> <span class='ocrx_word' id='word_1_157' title='bbox 829 2330 1088 2401; x_wconf 81' lang='lat' dir='ltr'><strong>Paradoxi</strong></span> <span class='ocrx_word' id='word_1_158' title='bbox 1144 2329 1755 2422; x_wconf 83' lang='lat' dir='ltr'><strong>Tertullianusprimns</strong></span> <span class='ocrx_word' id='word_1_159' title='bbox 1808 2331 2157 2422; x_wconf 35' lang='lat' dir='ltr'><strong>auctor-non</strong></span> 
     </span>
    </p>
   </div>
   <div class='ocr_carea' id='block_1_21' title="bbox 555 2414 2155 2510">
    <p class='ocr_par' dir='ltr' id='par_1_21' title="bbox 555 2414 2155 2510">
     <span class='ocr_line' id='line_1_21' title="bbox 555 2414 2155 2510; baseline -0.023 -10"><span class='ocrx_word' id='word_1_160' title='bbox 555 2452 658 2509; x_wconf 88' lang='lat' dir='ltr'><strong>est,</strong></span> <span class='ocrx_word' id='word_1_161' title='bbox 684 2414 855 2510; x_wconf 67' lang='lat' dir='ltr'><strong>neque</strong></span> <span class='ocrx_word' id='word_1_162' title='bbox 883 2442 1223 2508; x_wconf 87' lang='lat' dir='ltr'><strong>postremus;</strong></span> <span class='ocrx_word' id='word_1_163' title='bbox 1248 2425 1363 2489; x_wconf 87' lang='lat' dir='ltr'><strong>sed,</strong></span> <span class='ocrx_word' id='word_1_164' title='bbox 1387 2421 1541 2479; x_wconf 87' lang='lat' dir='ltr'><strong>sicuti</strong></span> <span class='ocrx_word' id='word_1_165' title='bbox 1568 2418 1756 2490; x_wconf 86' lang='lat' dir='ltr'><strong>partim</strong></span> <span class='ocrx_word' id='word_1_166' title='bbox 1779 2414 2155 2510; x_wconf 70' lang='lat' dir='ltr'><strong>adnotavimus</strong></span> 
     </span>
    </p>
   </div>
   <div class='ocr_carea' id='block_1_22' title="bbox 557 2503 2155 2592">
    <p class='ocr_par' dir='ltr' id='par_1_22' title="bbox 557 2503 2155 2592">
     <span class='ocr_line' id='line_1_22' title="bbox 557 2503 2155 2592; baseline -0.021 0"><span class='ocrx_word' id='word_1_167' title='bbox 557 2535 627 2592; x_wconf 85' lang='lat' dir='ltr'><strong>ad</strong></span> <span class='ocrx_word' id='word_1_168' title='bbox 644 2503 745 2589; x_wconf 82' lang='lat' dir='ltr'><strong>lib.</strong></span> <span class='ocrx_word' id='word_1_169' title='bbox 769 2503 837 2588; x_wconf 86' lang='lat' dir='ltr'><strong>de</strong></span> <span class='ocrx_word' id='word_1_170' title='bbox 860 2503 1053 2585; x_wconf 80' lang='lat' dir='ltr'><strong>ilabiln</strong></span> <span class='ocrx_word' id='word_1_171' title='bbox 1080 2524 1241 2592; x_wconf 86' lang='lat' dir='ltr'><strong>virg.,</strong></span> <span class='ocrx_word' id='word_1_172' title='bbox 1266 2518 1353 2575; x_wconf 87' lang='lat' dir='ltr'><strong>ubi</strong></span> <span class='ocrx_word' id='word_1_173' title='bbox 1383 2515 1612 2573; x_wconf 79' lang='lat' dir='ltr'><strong>maxime</strong></span> <span class='ocrx_word' id='word_1_174' title='bbox 1635 2529 1699 2568; x_wconf 81' lang='lat' dir='ltr'><strong>ex</strong></span> <span class='ocrx_word' id='word_1_175' title='bbox 1726 2508 1997 2582; x_wconf 89' lang='lat' dir='ltr'><strong>proposito</strong></span> <span class='ocrx_word' id='word_1_176' title='bbox 2024 2503 2155 2561; x_wconf 91' lang='lat' dir='ltr'><strong>illud</strong></span> 
     </span>
    </p>
   </div>
   <div class='ocr_carea' id='block_1_23' title="bbox 558 2599 2154 2690">
    <p class='ocr_par' dir='ltr' id='par_1_23' title="bbox 558 2599 2154 2690">
     <span class='ocr_line' id='line_1_23' title="bbox 558 2599 2154 2690; baseline -0.02 -6"><span class='ocrx_word' id='word_1_177' title='bbox 558 2636 767 2690; x_wconf 87' lang='lat' dir='ltr'><strong>tractat,</strong></span> <span class='ocrx_word' id='word_1_178' title='bbox 802 2630 926 2678; x_wconf 88' lang='lat' dir='ltr'><strong>ante</strong></span> <span class='ocrx_word' id='word_1_179' title='bbox 947 2634 1067 2676; x_wconf 88' lang='lat' dir='ltr'><strong>eum</strong></span> <span class='ocrx_word' id='word_1_180' title='bbox 1096 2611 1314 2684; x_wconf 84' lang='lat' dir='ltr'><strong>Joseph.</strong></span> <span class='ocrx_word' id='word_1_181' title='bbox 1340 2608 1600 2679; x_wconf 79' lang='lat' dir='ltr'><strong>Antiquit.</strong></span> <span class='ocrx_word' id='word_1_182' title='bbox 1635 2606 1728 2660; x_wconf 88' lang='lat' dir='ltr'><strong>lib.</strong></span> <span class='ocrx_word' id='word_1_183' title='bbox 1760 2604 1798 2669; x_wconf 90' lang='grc' dir='ltr'><strong>Ι,</strong></span> <span class='ocrx_word' id='word_1_184' title='bbox 1828 2603 1886 2658; x_wconf 90' lang='lat' dir='ltr'><strong>S.</strong></span> <span class='ocrx_word' id='word_1_185' title='bbox 1915 2599 2154 2657; x_wconf 81' lang='lat' dir='ltr'><strong>Justinus</strong></span> 
     </span>
    </p>
   </div>
   <div class='ocr_carea' id='block_1_24' title="bbox 558 2692 2154 2786">
    <p class='ocr_par' dir='ltr' id='par_1_24' title="bbox 558 2692 2154 2786">
     <span class='ocr_line' id='line_1_24' title="bbox 558 2692 2154 2786; baseline -0.019 -11"><span class='ocrx_word' id='word_1_186' title='bbox 558 2719 714 2775; x_wconf 82' lang='lat' dir='ltr'><strong>Mart.</strong></span> <span class='ocrx_word' id='word_1_187' title='bbox 748 2713 973 2786; x_wconf 87' lang='lat' dir='ltr'><strong>Apolog.</strong></span> <span class='ocrx_word' id='word_1_188' title='bbox 1003 2719 1259 2777; x_wconf 82' lang='lat' dir='ltr'><strong>utraque,</strong></span> <span class='ocrx_word' id='word_1_189' title='bbox 1317 2701 1580 2772; x_wconf 79' lang='lat' dir='ltr'><strong>Atltcnag.</strong></span> <span class='ocrx_word' id='word_1_190' title='bbox 1612 2699 1663 2753; x_wconf 93' lang='lat' dir='ltr'><strong>in</strong></span> <span class='ocrx_word' id='word_1_191' title='bbox 1691 2695 1874 2766; x_wconf 70' lang='lat' dir='ltr'><strong>Apoll,</strong></span> <span class='ocrx_word' id='word_1_192' title='bbox 1905 2692 2154 2786; x_wconf 73' lang='lat' dir='ltr'><strong>Clemens</strong></span> 
     </span>
    </p>
   </div>
   <div class='ocr_carea' id='block_1_25' title="bbox 560 2782 2152 2866">
    <p class='ocr_par' dir='ltr' id='par_1_25' title="bbox 560 2782 2152 2866">
     <span class='ocr_line' id='line_1_25' title="bbox 560 2782 2152 2866; baseline -0.019 0"><span class='ocrx_word' id='word_1_193' title='bbox 560 2782 820 2866; x_wconf 32' lang='lat' dir='ltr'><strong>Alexand&#39;.</strong></span> <span class='ocrx_word' id='word_1_194' title='bbox 851 2782 945 2859; x_wconf 84' lang='lat' dir='ltr'><strong>lib.</strong></span> <span class='ocrx_word' id='word_1_195' title='bbox 974 2800 1039 2857; x_wconf 93' lang='lat' dir='ltr'><strong>lll</strong></span> <span class='ocrx_word' id='word_1_196' title='bbox 1063 2810 1117 2855; x_wconf 88' lang='lat' dir='ltr'><strong>et</strong></span> <span class='ocrx_word' id='word_1_197' title='bbox 1140 2796 1204 2853; x_wconf 84' lang='lat' dir='ltr'><strong>V.</strong></span> <span class='ocrx_word' id='word_1_198' title='bbox 1224 2794 1461 2850; x_wconf 87' lang='lat' dir='ltr'><strong>Stromat</strong></span> <span class='ocrx_word' id='word_1_199' title='bbox 1492 2801 1609 2861; x_wconf 89' lang='lat' dir='ltr'><strong>post</strong></span> <span class='ocrx_word' id='word_1_200' title='bbox 1636 2804 1757 2844; x_wconf 90' lang='lat' dir='ltr'><strong>eum</strong></span> <span class='ocrx_word' id='word_1_201' title='bbox 1781 2786 2024 2842; x_wconf 78' lang='lat' dir='ltr'><strong>Lactant.</strong></span> <span class='ocrx_word' id='word_1_202' title='bbox 2057 2782 2152 2837; x_wconf 90' lang='lat' dir='ltr'><strong>lib.</strong></span> 
     </span>
    </p>
   </div>
   <div class='ocr_carea' id='block_1_26' title="bbox 564 2878 2156 2963">
    <p class='ocr_par' dir='ltr' id='par_1_26' title="bbox 564 2878 2156 2963">
     <span class='ocr_line' id='line_1_26' title="bbox 564 2878 2156 2963; baseline -0.017 -5"><span class='ocrx_word' id='word_1_203' title='bbox 564 2902 630 2959; x_wconf 90' lang='lat' dir='ltr'><strong>ll.</strong></span> <span class='ocrx_word' id='word_1_204' title='bbox 651 2900 823 2956; x_wconf 90' lang='lat' dir='ltr'><strong>lnstit.</strong></span> <span class='ocrx_word' id='word_1_205' title='bbox 847 2897 1011 2953; x_wconf 84' lang='lat' dir='ltr'><strong>divin.</strong></span> <span class='ocrx_word' id='word_1_206' title='bbox 1038 2907 1157 2963; x_wconf 86' lang='lat' dir='ltr'><strong>cap.</strong></span> <span class='ocrx_word' id='word_1_207' title='bbox 1193 2889 1303 2953; x_wconf 78' lang='grc'><strong>15..</strong></span> <span class='ocrx_word' id='word_1_208' title='bbox 1335 2887 1393 2942; x_wconf 89' lang='lat' dir='ltr'><strong>S.</strong></span> <span class='ocrx_word' id='word_1_209' title='bbox 1425 2886 1676 2958; x_wconf 76' lang='lat' dir='ltr'><strong>Cyprian.</strong></span> <span class='ocrx_word' id='word_1_210' title='bbox 1710 2882 1801 2936; x_wconf 90' lang='lat' dir='ltr'><strong>lib.</strong></span> <span class='ocrx_word' id='word_1_211' title='bbox 1830 2879 1899 2936; x_wconf 92' lang='lat' dir='ltr'><strong>de</strong></span> <span class='ocrx_word' id='word_1_212' title='bbox 1930 2878 2071 2934; x_wconf 88' lang='lat' dir='ltr'><strong>Disc.</strong></span> <span class='ocrx_word' id='word_1_213' title='bbox 2104 2884 2156 2932; x_wconf 90' lang='lat' dir='ltr'><strong>ct</strong></span> 
     </span>
    </p>
   </div>
   <div class='ocr_carea' id='block_1_27' title="bbox 564 2973 2152 3059">
    <p class='ocr_par' dir='ltr' id='par_1_27' title="bbox 564 2973 2152 3059">
     <span class='ocr_line' id='line_1_27' title="bbox 564 2973 2152 3059; baseline -0.018 -10"><span class='ocrx_word' id='word_1_214' title='bbox 564 2994 700 3049; x_wconf 88' lang='lat' dir='ltr'><strong>llah.</strong></span> <span class='ocrx_word' id='word_1_215' title='bbox 731 2992 864 3059; x_wconf 87' lang='lat' dir='ltr'><strong>virg.</strong></span> <span class='ocrx_word' id='word_1_216' title='bbox 897 3004 1046 3044; x_wconf 87' lang='lat' dir='ltr'><strong>nntn.</strong></span> <span class='ocrx_word' id='word_1_217' title='bbox 1079 2986 1193 3050; x_wconf 73' lang='grc'><strong>54..</strong></span> <span class='ocrx_word' id='word_1_218' title='bbox 1232 2980 1426 3038; x_wconf 80' lang='lat' dir='ltr'><strong>Euseb.</strong></span> <span class='ocrx_word' id='word_1_219' title='bbox 1459 2977 1625 3035; x_wconf 85' lang='lat' dir='ltr'><strong>lib.V.</strong></span> <span class='ocrx_word' id='word_1_220' title='bbox 1661 2976 1862 3045; x_wconf 86' lang='lat' dir='ltr'><strong>Evang.</strong></span> <span class='ocrx_word' id='word_1_221' title='bbox 1891 2973 2152 3041; x_wconf 73' lang='lat' dir='ltr'><strong>Pra‘par.,</strong></span> 
     </span>
    </p>
   </div>
   <div class='ocr_carea' id='block_1_28' title="bbox 571 3061 2193 3146">
    <p class='ocr_par' dir='ltr' id='par_1_28' title="bbox 571 3061 2193 3146">
     <span class='ocr_line' id='line_1_28' title="bbox 571 3061 2193 3146; baseline -0.017 -3"><span class='ocrx_word' id='word_1_222' title='bbox 571 3095 627 3144; x_wconf 87' lang='lat' dir='ltr'><strong>et</strong></span> <span class='ocrx_word' id='word_1_223' title='bbox 654 3081 890 3146; x_wconf 81' lang='lat' dir='ltr'><strong>Method.</strong></span> <span class='ocrx_word' id='word_1_224' title='bbox 924 3094 1090 3136; x_wconf 84' lang='lat' dir='ltr'><strong>serm.</strong></span> <span class='ocrx_word' id='word_1_225' title='bbox 1129 3077 1196 3133; x_wconf 88' lang='lat' dir='ltr'><strong>de</strong></span> <span class='ocrx_word' id='word_1_226' title='bbox 1235 3076 1546 3131; x_wconf 75' lang='lat' dir='ltr'><strong>Ilcsnrrcct.</strong></span> <span class='ocrx_word' id='word_1_227' title='bbox 1578 3070 1805 3125; x_wconf 78' lang='lat' dir='ltr'><strong>Causam</strong></span> <span class='ocrx_word' id='word_1_228' title='bbox 1836 3062 2035 3135; x_wconf 76' lang='lat' dir='ltr'><strong>erroris</strong></span> <span class='ocrx_word' id='word_1_229' title='bbox 2062 3061 2156 3117; x_wconf 85' lang='lat' dir='ltr'><strong>de-</strong></span> <span class='ocrx_word' id='word_1_230' title='bbox 2182 3069 2193 3079; x_wconf 88' lang='lat'><strong><em>&#39;</em></strong></span> 
     </span>
    </p>
   </div>
   <div class='ocr_carea' id='block_1_29' title="bbox 568 3154 2153 3252">
    <p class='ocr_par' dir='ltr' id='par_1_29' title="bbox 568 3154 2153 3252">
     <span class='ocr_line' id='line_1_29' title="bbox 568 3154 2153 3252; baseline -0.016 -20"><span class='ocrx_word' id='word_1_231' title='bbox 568 3177 668 3243; x_wconf 89' lang='lat' dir='ltr'><strong>dit,</strong></span> <span class='ocrx_word' id='word_1_232' title='bbox 691 3173 833 3252; x_wconf 89' lang='lat' dir='ltr'><strong>quod</strong></span> <span class='ocrx_word' id='word_1_233' title='bbox 868 3170 1011 3229; x_wconf 61' lang='lat' dir='ltr'><strong>LXX</strong></span> <span class='ocrx_word' id='word_1_234' title='bbox 1038 3168 1201 3226; x_wconf 85' lang='lat' dir='ltr'><strong>editio</strong></span> <span class='ocrx_word' id='word_1_235' title='bbox 1229 3156 1419 3223; x_wconf 83' lang='lat' dir='ltr'><strong>Graeca</strong></span> <span class='ocrx_word' id='word_1_236' title='bbox 1465 3172 1615 3219; x_wconf 86' lang='lat' dir='ltr'><strong>vetns</strong></span> <span class='ocrx_word' id='word_1_237' title='bbox 1646 3199 1662 3224; x_wconf 85' lang='lat'><strong>,</strong></span> <span class='ocrx_word' id='word_1_238' title='bbox 1694 3173 1853 3229; x_wconf 89' lang='lat' dir='ltr'><strong>quam</strong></span> <span class='ocrx_word' id='word_1_239' title='bbox 1880 3156 1955 3210; x_wconf 87' lang='lat' dir='ltr'><strong>illi</strong></span> <span class='ocrx_word' id='word_1_240' title='bbox 1986 3154 2153 3209; x_wconf 86' lang='lat' dir='ltr'><strong>secuti</strong></span> 
     </span>
    </p>
   </div>
   <div class='ocr_carea' id='block_1_30' title="bbox 561 3253 2161 3336">
    <p class='ocr_par' dir='ltr' id='par_1_30' title="bbox 561 3253 2161 3336">
     <span class='ocr_line' id='line_1_30' title="bbox 561 3253 2161 3336; baseline -0.014 -13"><span class='ocrx_word' id='word_1_241' title='bbox 561 3277 686 3327; x_wconf 85' lang='lat' dir='ltr'><strong>sunt</strong></span> <span class='ocrx_word' id='word_1_242' title='bbox 708 3308 724 3334; x_wconf 90' lang='lat'><strong>,</strong></span> <span class='ocrx_word' id='word_1_243' title='bbox 755 3275 873 3336; x_wconf 86' lang='lat' dir='ltr'><strong>post</strong></span> <span class='ocrx_word' id='word_1_244' title='bbox 904 3262 1180 3318; x_wconf 76' lang='lat' dir='ltr'><strong>Philonem</strong></span> <span class='ocrx_word' id='word_1_245' title='bbox 1230 3259 1431 3328; x_wconf 76' lang='lat' dir='ltr'><strong>legeret</strong></span> <span class='ocrx_word' id='word_1_246' title='bbox 1462 3272 1474 3308; x_wconf 91' lang='lat'>:</span> <span class='ocrx_word' id='word_1_247' title='bbox 1524 3261 1568 3309; x_wconf 70' lang='lat' dir='ltr'><strong>si</strong></span> <span class='ocrx_word' id='word_1_248' title='bbox 1593 3258 1783 3320; x_wconf 70' lang='grc' dir='ltr'><strong>ἄγγελοι</strong></span> <span class='ocrx_word' id='word_1_249' title='bbox 1809 3256 1891 3305; x_wconf 76' lang='grc' dir='ltr'><strong>τοῦ</strong></span> <span class='ocrx_word' id='word_1_250' title='bbox 1920 3253 2037 3303; x_wconf 81' lang='grc' dir='ltr'><strong>Θεοῦ</strong></span> <span class='ocrx_word' id='word_1_251' title='bbox 2059 3286 2073 3311; x_wconf 87' lang='grc'><em>,</em></span> <span class='ocrx_word' id='word_1_252' title='bbox 2104 3253 2161 3301; x_wconf 89' lang='lat' dir='ltr'><strong>et</strong></span> 
     </span>
    </p>
   </div>
   <div class='ocr_carea' id='block_1_31' title="bbox 564 3340 2157 3424">
    <p class='ocr_par' dir='ltr' id='par_1_31' title="bbox 564 3340 2157 3424">
     <span class='ocr_line' id='line_1_31' title="bbox 564 3340 2157 3424; baseline -0.015 -7"><span class='ocrx_word' id='word_1_253' title='bbox 564 3362 750 3417; x_wconf 86' lang='lat' dir='ltr'><strong>Latina</strong></span> <span class='ocrx_word' id='word_1_254' title='bbox 771 3357 972 3424; x_wconf 86' lang='lat' dir='ltr'><strong>Italica,</strong></span> <span class='ocrx_word' id='word_1_255' title='bbox 995 3354 1080 3410; x_wconf 88' lang='lat' dir='ltr'><strong>vel</strong></span> <span class='ocrx_word' id='word_1_256' title='bbox 1108 3352 1205 3410; x_wconf 89' lang='lat' dir='ltr'><strong>SS.</strong></span> <span class='ocrx_word' id='word_1_257' title='bbox 1237 3349 1484 3407; x_wconf 85' lang='lat' dir='ltr'><strong>Ambros.</strong></span> <span class='ocrx_word' id='word_1_258' title='bbox 1517 3348 1744 3417; x_wconf 81' lang='lat' dir='ltr'><strong>August.</strong></span> <span class='ocrx_word' id='word_1_259' title='bbox 1770 3340 2029 3411; x_wconf 85' lang='lat' dir='ltr'><strong>Procopio</strong></span> <span class='ocrx_word' id='word_1_260' title='bbox 2048 3348 2157 3394; x_wconf 83' lang='lat' dir='ltr'><strong>tes-</strong></span> 
     </span>
    </p>
   </div>
   <div class='ocr_carea' id='block_1_32' title="bbox 569 3433 2155 3521">
    <p class='ocr_par' dir='ltr' id='par_1_32' title="bbox 569 3433 2155 3521">
     <span class='ocr_line' id='line_1_32' title="bbox 569 3433 2155 3521; baseline -0.014 -13"><span class='ocrx_word' id='word_1_261' title='bbox 569 3453 730 3518; x_wconf 85' lang='lat' dir='ltr'><strong>tibus,</strong></span> <span class='ocrx_word' id='word_1_262' title='bbox 763 3449 942 3521; x_wconf 83' lang='lat' dir='ltr'><strong>Angeli</strong></span> <span class='ocrx_word' id='word_1_263' title='bbox 979 3446 1110 3513; x_wconf 85' lang='lat' dir='ltr'><strong>Dei,</strong></span> <span class='ocrx_word' id='word_1_264' title='bbox 1142 3458 1239 3516; x_wconf 83' lang='lat' dir='ltr'><strong>pro</strong></span> <span class='ocrx_word' id='word_1_265' title='bbox 1261 3458 1327 3499; x_wconf 92' lang='lat' dir='ltr'><strong>co</strong></span> <span class='ocrx_word' id='word_1_266' title='bbox 1353 3439 1493 3513; x_wconf 92' lang='lat' dir='ltr'><strong>quod</strong></span> <span class='ocrx_word' id='word_1_267' title='bbox 1519 3447 1700 3511; x_wconf 85' lang='lat' dir='ltr'><strong>postea</strong></span> <span class='ocrx_word' id='word_1_268' title='bbox 1723 3437 1918 3493; x_wconf 85' lang='lat' dir='ltr'><strong>lectum</strong></span> <span class='ocrx_word' id='word_1_269' title='bbox 1945 3433 2155 3489; x_wconf 85' lang='lat' dir='ltr'><strong>inveni-</strong></span> 
     </span>
    </p>
   </div>
   <div class='ocr_carea' id='block_1_33' title="bbox 565 3528 2155 3604">
    <p class='ocr_par' dir='ltr' id='par_1_33' title="bbox 565 3528 2155 3604">
     <span class='ocr_line' id='line_1_33' title="bbox 565 3528 2155 3604; baseline -0.013 -5"><span class='ocrx_word' id='word_1_270' title='bbox 565 3555 652 3599; x_wconf 90' lang='lat' dir='ltr'><strong>tur</strong></span> <span class='ocrx_word' id='word_1_271' title='bbox 676 3552 723 3597; x_wconf 78' lang='lat' dir='ltr'><strong>et</strong></span> <span class='ocrx_word' id='word_1_272' title='bbox 748 3550 841 3596; x_wconf 78' lang='grc' dir='ltr'><strong>υῐοι</strong></span> <span class='ocrx_word' id='word_1_273' title='bbox 879 3547 962 3596; x_wconf 72' lang='grc' dir='ltr'><strong>τσῦ</strong></span> <span class='ocrx_word' id='word_1_274' title='bbox 990 3545 1130 3604; x_wconf 63' lang='lat' dir='ltr'><strong>esea,</strong></span> <span class='ocrx_word' id='word_1_275' title='bbox 1160 3545 1214 3592; x_wconf 86' lang='lat' dir='ltr'><strong>et</strong></span> <span class='ocrx_word' id='word_1_276' title='bbox 1240 3534 1430 3590; x_wconf 84' lang='lat' dir='ltr'><strong>Latine</strong></span> <span class='ocrx_word' id='word_1_277' title='bbox 1451 3574 1465 3597; x_wconf 92' lang='lat'><strong>,</strong></span> <span class='ocrx_word' id='word_1_278' title='bbox 1495 3531 1591 3602; x_wconf 80' lang='lat' dir='ltr'><strong>(ilii</strong></span> <span class='ocrx_word' id='word_1_279' title='bbox 1623 3528 1741 3597; x_wconf 87' lang='lat' dir='ltr'><strong>Dei,</strong></span> <span class='ocrx_word' id='word_1_280' title='bbox 1769 3542 1927 3598; x_wconf 86' lang='lat' dir='ltr'><strong>quam</strong></span> <span class='ocrx_word' id='word_1_281' title='bbox 1952 3535 2155 3581; x_wconf 84' lang='lat' dir='ltr'><strong>utram-</strong></span> 
     </span>
    </p>
   </div>
   <div class='ocr_carea' id='block_1_34' title="bbox 562 3616 2155 3705">
    <p class='ocr_par' dir='ltr' id='par_1_34' title="bbox 562 3616 2155 3705">
     <span class='ocr_line' id='line_1_34' title="bbox 562 3616 2155 3705; baseline -0.012 -15"><span class='ocrx_word' id='word_1_282' title='bbox 562 3650 668 3705; x_wconf 83' lang='lat' dir='ltr'><strong>que</strong></span> <span class='ocrx_word' id='word_1_283' title='bbox 692 3641 1027 3705; x_wconf 86' lang='lat' dir='ltr'><strong>agnoverunt</strong></span> <span class='ocrx_word' id='word_1_284' title='bbox 1044 3645 1142 3686; x_wconf 92' lang='lat' dir='ltr'><strong>suo</strong></span> <span class='ocrx_word' id='word_1_285' title='bbox 1161 3616 1403 3697; x_wconf 85' lang='lat' dir='ltr'><strong>tempore</strong></span> <span class='ocrx_word' id='word_1_286' title='bbox 1428 3626 1485 3680; x_wconf 88' lang='lat' dir='ltr'><strong>S.</strong></span> <span class='ocrx_word' id='word_1_287' title='bbox 1507 3626 1730 3695; x_wconf 78' lang='lat' dir='ltr'><strong>August.</strong></span> <span class='ocrx_word' id='word_1_288' title='bbox 1759 3629 1813 3677; x_wconf 86' lang='lat' dir='ltr'><strong>et.</strong></span> <span class='ocrx_word' id='word_1_289' title='bbox 1842 3620 2155 3689; x_wconf 87' lang='lat' dir='ltr'><strong>Procopius.</strong></span> 
     </span>
    </p>
   </div>
   <div class='ocr_carea' id='block_1_35' title="bbox 573 3712 2159 3797">
    <p class='ocr_par' dir='ltr' id='par_1_35' title="bbox 573 3712 2159 3797">
     <span class='ocr_line' id='line_1_35' title="bbox 573 3712 2159 3797; baseline -0.011 -15"><span class='ocrx_word' id='word_1_290' title='bbox 573 3729 768 3785; x_wconf 80' lang='lat' dir='ltr'><strong>Verum</strong></span> <span class='ocrx_word' id='word_1_291' title='bbox 796 3723 1020 3797; x_wconf 87' lang='lat' dir='ltr'><strong>pulchre</strong></span> <span class='ocrx_word' id='word_1_292' title='bbox 1051 3736 1169 3778; x_wconf 89' lang='lat' dir='ltr'><strong>eam</strong></span> <span class='ocrx_word' id='word_1_293' title='bbox 1194 3718 1515 3776; x_wconf 86' lang='lat' dir='ltr'><strong>sententiam</strong></span> <span class='ocrx_word' id='word_1_294' title='bbox 1548 3730 1642 3784; x_wconf 89' lang='lat' dir='ltr'><strong>per</strong></span> <span class='ocrx_word' id='word_1_295' title='bbox 1661 3712 2040 3773; x_wconf 78' lang='lat' dir='ltr'><strong>absurditatem</strong></span> <span class='ocrx_word' id='word_1_296' title='bbox 2070 3726 2159 3766; x_wconf 85' lang='lat' dir='ltr'><strong>rc-</strong></span> 
     </span>
    </p>
   </div>
   <div class='ocr_carea' id='block_1_36' title="bbox 567 3804 2162 3893">
    <p class='ocr_par' dir='ltr' id='par_1_36' title="bbox 567 3804 2162 3893">
     <span class='ocr_line' id='line_1_36' title="bbox 567 3804 2162 3893; baseline -0.011 -17"><span class='ocrx_word' id='word_1_297' title='bbox 567 3817 787 3893; x_wconf 71' lang='lat' dir='ltr'><strong>futatS.</strong></span> <span class='ocrx_word' id='word_1_298' title='bbox 828 3815 1108 3887; x_wconf 85' lang='lat' dir='ltr'><strong>Chrysost.</strong></span> <span class='ocrx_word' id='word_1_299' title='bbox 1157 3811 1305 3866; x_wconf 88' lang='lat' dir='ltr'><strong>hom.</strong></span> <span class='ocrx_word' id='word_1_300' title='bbox 1362 3808 1456 3866; x_wconf 69' lang='lat'><strong>22.</strong></span> <span class='ocrx_word' id='word_1_301' title='bbox 1503 3807 1553 3862; x_wconf 91' lang='lat' dir='ltr'><strong>in</strong></span> <span class='ocrx_word' id='word_1_302' title='bbox 1603 3804 1861 3871; x_wconf 88' lang='lat' dir='ltr'><strong>Genesin,</strong></span> <span class='ocrx_word' id='word_1_303' title='bbox 1912 3816 2162 3859; x_wconf 90' lang='lat' dir='ltr'><strong>asserens</strong></span> 
     </span>
    </p>
   </div>
   <div class='ocr_carea' id='block_1_37' title="bbox 574 3894 2160 3979">
    <p class='ocr_par' dir='ltr' id='par_1_37' title="bbox 574 3894 2160 3979">
     <span class='ocr_line' id='line_1_37' title="bbox 574 3894 2160 3979; baseline -0.012 -12"><span class='ocrx_word' id='word_1_304' title='bbox 574 3922 836 3979; x_wconf 88' lang='lat' dir='ltr'><strong>nusquam</strong></span> <span class='ocrx_word' id='word_1_305' title='bbox 861 3904 989 3962; x_wconf 88' lang='lat' dir='ltr'><strong>alibi</strong></span> <span class='ocrx_word' id='word_1_306' title='bbox 1020 3904 1071 3959; x_wconf 92' lang='lat' dir='ltr'><strong>in</strong></span> <span class='ocrx_word' id='word_1_307' title='bbox 1102 3900 1392 3972; x_wconf 88' lang='lat' dir='ltr'><strong>Seripturis</strong></span> <span class='ocrx_word' id='word_1_308' title='bbox 1414 3902 1633 3968; x_wconf 86' lang='lat' dir='ltr'><strong>(nempe</strong></span> <span class='ocrx_word' id='word_1_309' title='bbox 1664 3896 1819 3968; x_wconf 84' lang='lat' dir='ltr'><strong>juxta</strong></span> <span class='ocrx_word' id='word_1_310' title='bbox 1871 3894 2160 3952; x_wconf 88' lang='lat' dir='ltr'><strong>editionem</strong></span> 
     </span>
    </p>
   </div>
   <div class='ocr_carea' id='block_1_38' title="bbox 568 3985 2158 4071">
    <p class='ocr_par' dir='ltr' id='par_1_38' title="bbox 568 3985 2158 4071">
     <span class='ocr_line' id='line_1_38' title="bbox 568 3985 2158 4071; baseline -0.013 -12"><span class='ocrx_word' id='word_1_311' title='bbox 568 3998 714 4059; x_wconf 81' lang='lat' dir='ltr'><strong>LXX</strong></span> <span class='ocrx_word' id='word_1_312' title='bbox 757 4013 916 4071; x_wconf 88' lang='lat' dir='ltr'><strong>quam</strong></span> <span class='ocrx_word' id='word_1_313' title='bbox 941 3996 1109 4054; x_wconf 92' lang='lat' dir='ltr'><strong>solam</strong></span> <span class='ocrx_word' id='word_1_314' title='bbox 1139 3989 1396 4062; x_wconf 82' lang='lat' dir='ltr'><strong>noverat)</strong></span> <span class='ocrx_word' id='word_1_315' title='bbox 1426 3990 1603 4045; x_wconf 85' lang='lat' dir='ltr'><strong>vocari</strong></span> <span class='ocrx_word' id='word_1_316' title='bbox 1631 3988 1849 4060; x_wconf 86' lang='lat' dir='ltr'><strong>angelos</strong></span> <span class='ocrx_word' id='word_1_317' title='bbox 1876 3986 2018 4043; x_wconf 87' lang='lat' dir='ltr'><strong>filios</strong></span> <span class='ocrx_word' id='word_1_318' title='bbox 2043 3985 2158 4055; x_wconf 80' lang='lat' dir='ltr'><strong>Dei,</strong></span> 
     </span>
    </p>
   </div>
   <div class='ocr_carea' id='block_1_39' title="bbox 571 4077 2161 4150">
    <p class='ocr_par' dir='ltr' id='par_1_39' title="bbox 571 4077 2161 4150">
     <span class='ocr_line' id='line_1_39' title="bbox 571 4077 2161 4150; baseline -0.011 -1"><span class='ocrx_word' id='word_1_319' title='bbox 571 4097 699 4150; x_wconf 88' lang='lat' dir='ltr'><strong>item</strong></span> <span class='ocrx_word' id='word_1_320' title='bbox 726 4093 785 4149; x_wconf 82' lang='lat' dir='ltr'><strong>S.</strong></span> <span class='ocrx_word' id='word_1_321' title='bbox 818 4087 1175 4146; x_wconf 86' lang='lat' dir='ltr'><strong>Ambros.lib.</strong></span> <span class='ocrx_word' id='word_1_322' title='bbox 1208 4085 1277 4141; x_wconf 90' lang='lat' dir='ltr'><strong>de</strong></span> <span class='ocrx_word' id='word_1_323' title='bbox 1304 4083 1418 4140; x_wconf 82' lang='lat' dir='ltr'><strong>Noe</strong></span> <span class='ocrx_word' id='word_1_324' title='bbox 1438 4090 1493 4139; x_wconf 85' lang='lat' dir='ltr'><strong>ct</strong></span> <span class='ocrx_word' id='word_1_325' title='bbox 1517 4081 1674 4146; x_wconf 85' lang='lat' dir='ltr'><strong>Area,</strong></span> <span class='ocrx_word' id='word_1_326' title='bbox 1707 4095 1825 4150; x_wconf 85' lang='lat' dir='ltr'><strong>cap.</strong></span> <span class='ocrx_word' id='word_1_327' title='bbox 1856 4078 1938 4148; x_wconf 75' lang='grc'><strong>4.,</strong></span> <span class='ocrx_word' id='word_1_328' title='bbox 1959 4077 2019 4135; x_wconf 90' lang='lat' dir='ltr'><strong>S.</strong></span> <span class='ocrx_word' id='word_1_329' title='bbox 2046 4077 2161 4133; x_wconf 89' lang='lat' dir='ltr'><strong>An-</strong></span> 
     </span>
    </p>
   </div>
   <div class='ocr_carea' id='block_1_40' title="bbox 570 4169 2161 4257">
    <p class='ocr_par' dir='ltr' id='par_1_40' title="bbox 570 4169 2161 4257">
     <span class='ocr_line' id='line_1_40' title="bbox 570 4169 2161 4257; baseline -0.01 -17"><span class='ocrx_word' id='word_1_330' title='bbox 570 4194 713 4257; x_wconf 87' lang='lat' dir='ltr'><strong>gust.</strong></span> <span class='ocrx_word' id='word_1_331' title='bbox 737 4198 828 4255; x_wconf 90' lang='lat' dir='ltr'><strong>qu.</strong></span> <span class='ocrx_word' id='word_1_332' title='bbox 858 4181 911 4238; x_wconf 82' lang='grc'><strong>5.</strong></span> <span class='ocrx_word' id='word_1_333' title='bbox 938 4181 989 4237; x_wconf 91' lang='lat' dir='ltr'><strong>in</strong></span> <span class='ocrx_word' id='word_1_334' title='bbox 1019 4179 1153 4236; x_wconf 87' lang='lat' dir='ltr'><strong>Gen.</strong></span> <span class='ocrx_word' id='word_1_335' title='bbox 1184 4186 1239 4233; x_wconf 88' lang='lat' dir='ltr'><strong>et</strong></span> <span class='ocrx_word' id='word_1_336' title='bbox 1267 4176 1424 4231; x_wconf 88' lang='lat' dir='ltr'><strong>latins</strong></span> <span class='ocrx_word' id='word_1_337' title='bbox 1452 4172 1544 4228; x_wconf 90' lang='lat' dir='ltr'><strong>lib.</strong></span> <span class='ocrx_word' id='word_1_338' title='bbox 1574 4169 1690 4227; x_wconf 78' lang='lat' dir='ltr'><strong>XV.</strong></span> <span class='ocrx_word' id='word_1_339' title='bbox 1712 4170 1805 4243; x_wconf 60' lang='lat' dir='ltr'><strong>{de</strong></span> <span class='ocrx_word' id='word_1_340' title='bbox 1853 4170 2012 4225; x_wconf 89' lang='lat' dir='ltr'><strong>Civit.</strong></span> <span class='ocrx_word' id='word_1_341' title='bbox 2042 4169 2161 4235; x_wconf 87' lang='lat' dir='ltr'><strong>Dei,</strong></span> 
     </span>
    </p>
   </div>
   <div class='ocr_carea' id='block_1_41' title="bbox 573 4263 2164 4353">
    <p class='ocr_par' dir='ltr' id='par_1_41' title="bbox 573 4263 2164 4353">
     <span class='ocr_line' id='line_1_41' title="bbox 573 4263 2164 4353; baseline -0.009 -20"><span class='ocrx_word' id='word_1_342' title='bbox 573 4292 694 4348; x_wconf 87' lang='lat' dir='ltr'><strong>cap.</strong></span> <span class='ocrx_word' id='word_1_343' title='bbox 731 4274 841 4342; x_wconf 70' lang='lat'><strong>15.;</strong></span> <span class='ocrx_word' id='word_1_344' title='bbox 869 4272 928 4331; x_wconf 89' lang='lat' dir='ltr'><strong>S.</strong></span> <span class='ocrx_word' id='word_1_345' title='bbox 956 4271 1222 4353; x_wconf 70' lang='lat' dir='ltr'><strong>Epiphan.</strong></span> <span class='ocrx_word' id='word_1_346' title='bbox 1251 4268 1394 4338; x_wconf 85' lang='lat' dir='ltr'><strong>Epit.</strong></span> <span class='ocrx_word' id='word_1_347' title='bbox 1427 4265 1595 4323; x_wconf 90' lang='lat' dir='ltr'><strong>divin.</strong></span> <span class='ocrx_word' id='word_1_348' title='bbox 1627 4264 1860 4336; x_wconf 88' lang='lat' dir='ltr'><strong>dogmat.</strong></span> <span class='ocrx_word' id='word_1_349' title='bbox 1893 4272 1948 4320; x_wconf 91' lang='lat' dir='ltr'><strong>et</strong></span> <span class='ocrx_word' id='word_1_350' title='bbox 1968 4263 2164 4319; x_wconf 86' lang='lat' dir='ltr'><strong>Proco-</strong></span> 
     </span>
    </p>
   </div>
   <div class='ocr_carea' id='block_1_42' title="bbox 572 4357 2164 4443">
    <p class='ocr_par' dir='ltr' id='par_1_42' title="bbox 572 4357 2164 4443">
     <span class='ocr_line' id='line_1_42' title="bbox 572 4357 2164 4443; baseline -0.008 -17"><span class='ocrx_word' id='word_1_351' title='bbox 572 4373 695 4443; x_wconf 90' lang='lat' dir='ltr'><strong>pius</strong></span> <span class='ocrx_word' id='word_1_352' title='bbox 721 4370 775 4424; x_wconf 91' lang='lat' dir='ltr'><strong>in</strong></span> <span class='ocrx_word' id='word_1_353' title='bbox 790 4368 1095 4424; x_wconf 89' lang='lat' dir='ltr'><strong>Comment.</strong></span> <span class='ocrx_word' id='word_1_354' title='bbox 1120 4378 1346 4435; x_wconf 84' lang='lat' dir='ltr'><strong>quortun</strong></span> <span class='ocrx_word' id='word_1_355' title='bbox 1374 4360 1655 4433; x_wconf 82' lang='lat' dir='ltr'><strong>Chrysost.</strong></span> <span class='ocrx_word' id='word_1_356' title='bbox 1678 4367 1731 4417; x_wconf 91' lang='lat' dir='ltr'><strong>et</strong></span> <span class='ocrx_word' id='word_1_357' title='bbox 1755 4364 1984 4431; x_wconf 79' lang='lat' dir='ltr'><strong>August.</strong></span> <span class='ocrx_word' id='word_1_358' title='bbox 2002 4357 2164 4415; x_wconf 87' lang='lat' dir='ltr'><strong>etiam</strong></span> 
     </span>
    </p>
   </div>
   <div class='ocr_carea' id='block_1_43' title="bbox 575 4452 2164 4526">
    <p class='ocr_par' dir='ltr' id='par_1_43' title="bbox 575 4452 2164 4526">
     <span class='ocr_line' id='line_1_43' title="bbox 575 4452 2164 4526; baseline -0.008 -5"><span class='ocrx_word' id='word_1_359' title='bbox 575 4463 950 4520; x_wconf 88' lang='lat' dir='ltr'><strong>auctoritatem</strong></span> <span class='ocrx_word' id='word_1_360' title='bbox 981 4459 1102 4516; x_wconf 86' lang='lat' dir='ltr'><strong>libri</strong></span> <span class='ocrx_word' id='word_1_361' title='bbox 1128 4458 1310 4514; x_wconf 84' lang='lat' dir='ltr'><strong>Enocb</strong></span> <span class='ocrx_word' id='word_1_362' title='bbox 1329 4499 1343 4523; x_wconf 92' lang='lat'><strong>,</strong></span> <span class='ocrx_word' id='word_1_363' title='bbox 1385 4471 1492 4526; x_wconf 90' lang='lat' dir='ltr'><strong>quo</strong></span> <span class='ocrx_word' id='word_1_364' title='bbox 1520 4454 1615 4511; x_wconf 89' lang='lat' dir='ltr'><strong>niti</strong></span> <span class='ocrx_word' id='word_1_365' title='bbox 1643 4453 1854 4510; x_wconf 86' lang='lat' dir='ltr'><strong>videtur</strong></span> <span class='ocrx_word' id='word_1_366' title='bbox 1881 4452 2164 4509; x_wconf 84' lang='lat' dir='ltr'><strong>Tertullia-</strong></span> 
     </span>
    </p>
   </div>
   <div class='ocr_carea' id='block_1_44' title="bbox 2264 2026 3853 2099">
    <p class='ocr_par' dir='ltr' id='par_1_44' title="bbox 2264 2026 3853 2099">
     <span class='ocr_line' id='line_1_44' title="bbox 2264 2026 3853 2099; baseline 0.003 -17"><span class='ocrx_word' id='word_1_367' title='bbox 2264 2028 2334 2082; x_wconf 90' lang='lat' dir='ltr'><strong>ita</strong></span> <span class='ocrx_word' id='word_1_368' title='bbox 2362 2026 2595 2096; x_wconf 87' lang='lat' dir='ltr'><strong>seipsum</strong></span> <span class='ocrx_word' id='word_1_369' title='bbox 2614 2027 2845 2099; x_wconf 81' lang='lat' dir='ltr'><strong>explicat</strong></span> <span class='ocrx_word' id='word_1_370' title='bbox 2859 2028 3024 2083; x_wconf 91' lang='lat' dir='ltr'><strong>sicuti</strong></span> <span class='ocrx_word' id='word_1_371' title='bbox 3046 2028 3415 2086; x_wconf 88' lang='lat' dir='ltr'><strong>adnotavimus</strong></span> <span class='ocrx_word' id='word_1_372' title='bbox 3432 2030 3497 2086; x_wconf 87' lang='lat' dir='ltr'><strong>ad</strong></span> <span class='ocrx_word' id='word_1_373' title='bbox 3517 2031 3609 2087; x_wconf 89' lang='lat' dir='ltr'><strong>lib.</strong></span> <span class='ocrx_word' id='word_1_374' title='bbox 3633 2031 3700 2087; x_wconf 91' lang='lat' dir='ltr'><strong>de</strong></span> <span class='ocrx_word' id='word_1_375' title='bbox 3715 2031 3821 2087; x_wconf 88' lang='lat' dir='ltr'><strong>Car</strong></span> <span class='ocrx_word' id='word_1_376' title='bbox 3835 2060 3853 2073; x_wconf 90' lang='lat'><strong>-</strong></span> 
     </span>
    </p>
   </div>
   <div class='ocr_carea' id='block_1_45' title="bbox 2264 2102 3869 2197">
    <p class='ocr_par' dir='ltr' id='par_1_45' title="bbox 2264 2102 3869 2197">
     <span class='ocr_line' id='line_1_45' title="bbox 2264 2102 3869 2197; baseline 0.004 -24"><span class='ocrx_word' id='word_1_377' title='bbox 2264 2133 2332 2175; x_wconf 89' lang='lat' dir='ltr'><strong>ne</strong></span> <span class='ocrx_word' id='word_1_378' title='bbox 2347 2115 2570 2185; x_wconf 86' lang='lat' dir='ltr'><strong>Christi,</strong></span> <span class='ocrx_word' id='word_1_379' title='bbox 2593 2132 2712 2189; x_wconf 89' lang='lat' dir='ltr'><strong>cap.</strong></span> <span class='ocrx_word' id='word_1_380' title='bbox 2730 2118 2782 2184; x_wconf 90' lang='lat'><strong>6,</strong></span> <span class='ocrx_word' id='word_1_381' title='bbox 2806 2134 2955 2174; x_wconf 90' lang='lat' dir='ltr'><strong>num.</strong></span> <span class='ocrx_word' id='word_1_382' title='bbox 2978 2104 3067 2175; x_wconf 73' lang='lat'><strong>60.</strong></span> <span class='ocrx_word' id='word_1_383' title='bbox 3096 2128 3154 2176; x_wconf 92' lang='lat' dir='ltr'><strong>ut</strong></span> <span class='ocrx_word' id='word_1_384' title='bbox 3182 2122 3314 2176; x_wconf 87' lang='lat' dir='ltr'><strong>nihil</strong></span> <span class='ocrx_word' id='word_1_385' title='bbox 3335 2122 3466 2179; x_wconf 89' lang='lat' dir='ltr'><strong>certi</strong></span> <span class='ocrx_word' id='word_1_386' title='bbox 3486 2137 3553 2197; x_wconf 31' lang='lat' dir='ltr'><strong>lea</strong></span> <span class='ocrx_word' id='word_1_387' title='bbox 3582 2123 3650 2178; x_wconf 89' lang='lat' dir='ltr'><strong>de</strong></span> <span class='ocrx_word' id='word_1_388' title='bbox 3677 2138 3736 2179; x_wconf 92' lang='lat' dir='ltr'><strong>re</strong></span> <span class='ocrx_word' id='word_1_389' title='bbox 3759 2102 3869 2179; x_wconf 47' lang='lat' dir='ltr'><strong>vo;</strong></span> 
     </span>
    </p>
   </div>
   <div class='ocr_carea' id='block_1_46' title="bbox 2265 2204 3865 2281">
    <p class='ocr_par' dir='ltr' id='par_1_46' title="bbox 2265 2204 3865 2281">
     <span class='ocr_line' id='line_1_46' title="bbox 2265 2204 3865 2281; baseline 0.003 -16"><span class='ocrx_word' id='word_1_390' title='bbox 2265 2211 2425 2266; x_wconf 88' lang='lat' dir='ltr'><strong>luerit</strong></span> <span class='ocrx_word' id='word_1_391' title='bbox 2443 2225 2706 2277; x_wconf 85' lang='lat' dir='ltr'><strong>asserere,</strong></span> <span class='ocrx_word' id='word_1_392' title='bbox 2733 2211 2929 2281; x_wconf 87' lang='lat' dir='ltr'><strong>alioqui</strong></span> <span class='ocrx_word' id='word_1_393' title='bbox 2951 2204 3090 2267; x_wconf 84' lang='lat' dir='ltr'><strong>enim</strong></span> <span class='ocrx_word' id='word_1_394' title='bbox 3118 2212 3221 2268; x_wconf 86' lang='lat' dir='ltr'><strong>sibi</strong></span> <span class='ocrx_word' id='word_1_395' title='bbox 3244 2213 3508 2269; x_wconf 72' lang='lat' dir='ltr'><strong>videbitur</strong></span> <span class='ocrx_word' id='word_1_396' title='bbox 3529 2214 3865 2271; x_wconf 72' lang='lat' dir='ltr'><strong>contrarius.-</strong></span> 
     </span>
    </p>
   </div>
   <div class='ocr_carea' id='block_1_47' title="bbox 2264 2300 3857 2376">
    <p class='ocr_par' dir='ltr' id='par_1_47' title="bbox 2264 2300 3857 2376">
     <span class='ocr_line' id='line_1_47' title="bbox 2264 2300 3857 2376; baseline 0.003 -20"><span class='ocrx_word' id='word_1_397' title='bbox 2264 2300 2501 2369; x_wconf 86' lang='lat' dir='ltr'><strong>Constut,</strong></span> <span class='ocrx_word' id='word_1_398' title='bbox 2521 2301 2697 2372; x_wconf 89' lang='lat' dir='ltr'><strong>inquit</strong></span> <span class='ocrx_word' id='word_1_399' title='bbox 2737 2302 2808 2358; x_wconf 90' lang='lat' dir='ltr'><strong>ibi</strong></span> <span class='ocrx_word' id='word_1_400' title='bbox 2832 2343 2847 2369; x_wconf 91' lang='lat'><strong>,</strong></span> <span class='ocrx_word' id='word_1_401' title='bbox 2874 2303 3081 2375; x_wconf 80' lang='lat' dir='ltr'><strong>angelos</strong></span> <span class='ocrx_word' id='word_1_402' title='bbox 3105 2320 3307 2358; x_wconf 85' lang='lat' dir='ltr'><strong>carnem</strong></span> <span class='ocrx_word' id='word_1_403' title='bbox 3329 2305 3589 2375; x_wconf 76' lang='lat' dir='ltr'><strong>propriam</strong></span> <span class='ocrx_word' id='word_1_404' title='bbox 3619 2320 3720 2361; x_wconf 85' lang='lat' dir='ltr'><strong>non</strong></span> <span class='ocrx_word' id='word_1_405' title='bbox 3745 2321 3857 2376; x_wconf 84' lang='lat' dir='ltr'><strong>ges-</strong></span> 
     </span>
    </p>
   </div>
   <div class='ocr_carea' id='block_1_48' title="bbox 2259 2388 3856 2469">
    <p class='ocr_par' dir='ltr' id='par_1_48' title="bbox 2259 2388 3856 2469">
     <span class='ocr_line' id='line_1_48' title="bbox 2259 2388 3856 2469; baseline 0.002 -20"><span class='ocrx_word' id='word_1_406' title='bbox 2259 2404 2412 2461; x_wconf 83' lang='lat' dir='ltr'><strong>tasse,</strong></span> <span class='ocrx_word' id='word_1_407' title='bbox 2443 2404 2616 2469; x_wconf 63' lang='lat' dir='ltr'><strong>ypote</strong></span> <span class='ocrx_word' id='word_1_408' title='bbox 2656 2404 2838 2449; x_wconf 87' lang='lat' dir='ltr'><strong>natura</strong></span> <span class='ocrx_word' id='word_1_409' title='bbox 2867 2394 3163 2451; x_wconf 77' lang='lat' dir='ltr'><strong>substantia:</strong></span> <span class='ocrx_word' id='word_1_410' title='bbox 3186 2395 3454 2468; x_wconf 77' lang='lat' dir='ltr'><strong>spiritalis,</strong></span> <span class='ocrx_word' id='word_1_411' title='bbox 3484 2388 3530 2452; x_wconf 84' lang='lat' dir='ltr'><strong>et</strong></span> <span class='ocrx_word' id='word_1_412' title='bbox 3561 2396 3604 2451; x_wconf 87' lang='lat' dir='ltr'><strong>si</strong></span> <span class='ocrx_word' id='word_1_413' title='bbox 3628 2398 3856 2466; x_wconf 87' lang='lat' dir='ltr'><strong>corporis</strong></span> 
     </span>
    </p>
   </div>
   <div class='ocr_carea' id='block_1_49' title="bbox 2258 2475 3854 2559">
    <p class='ocr_par' dir='ltr' id='par_1_49' title="bbox 2258 2475 3854 2559">
     <span class='ocr_line' id='line_1_49' title="bbox 2258 2475 3854 2559; baseline 0.001 -16"><span class='ocrx_word' id='word_1_414' title='bbox 2258 2475 2501 2556; x_wconf 71' lang='lat' dir='ltr'><strong>alicuius,</strong></span> <span class='ocrx_word' id='word_1_415' title='bbox 2530 2488 2797 2542; x_wconf 83' lang='lat' dir='ltr'><strong>suitamen</strong></span> <span class='ocrx_word' id='word_1_416' title='bbox 2824 2488 3043 2559; x_wconf 81' lang='lat' dir='ltr'><strong>generis,</strong></span> <span class='ocrx_word' id='word_1_417' title='bbox 3072 2488 3124 2542; x_wconf 94' lang='lat' dir='ltr'><strong>in</strong></span> <span class='ocrx_word' id='word_1_418' title='bbox 3154 2504 3358 2544; x_wconf 85' lang='lat' dir='ltr'><strong>carnem</strong></span> <span class='ocrx_word' id='word_1_419' title='bbox 3381 2497 3549 2544; x_wconf 89' lang='lat' dir='ltr'><strong>autem</strong></span> <span class='ocrx_word' id='word_1_420' title='bbox 3579 2490 3854 2545; x_wconf 81' lang='lat' dir='ltr'><strong>humanam</strong></span> 
     </span>
    </p>
   </div>
   <div class='ocr_carea' id='block_1_50' title="bbox 2261 2579 3860 2654">
    <p class='ocr_par' dir='ltr' id='par_1_50' title="bbox 2261 2579 3860 2654">
     <span class='ocr_line' id='line_1_50' title="bbox 2261 2579 3860 2654; baseline 0.001 -19"><span class='ocrx_word' id='word_1_421' title='bbox 2261 2579 2663 2650; x_wconf 80' lang='lat' dir='ltr'><strong>tran/igumbilis</strong></span> <span class='ocrx_word' id='word_1_422' title='bbox 2690 2581 2758 2647; x_wconf 83' lang='lat' dir='ltr'><strong>ad</strong></span> <span class='ocrx_word' id='word_1_423' title='bbox 2786 2588 3001 2651; x_wconf 79' lang='lat' dir='ltr'><strong>tempus,</strong></span> <span class='ocrx_word' id='word_1_424' title='bbox 3022 2590 3076 2635; x_wconf 87' lang='lat' dir='ltr'><strong>ut</strong></span> <span class='ocrx_word' id='word_1_425' title='bbox 3107 2580 3266 2640; x_wconf 83' lang='lat' dir='ltr'><strong>videri</strong></span> <span class='ocrx_word' id='word_1_426' title='bbox 3295 2591 3341 2637; x_wconf 80' lang='lat' dir='ltr'><strong>et</strong></span> <span class='ocrx_word' id='word_1_427' title='bbox 3370 2583 3612 2654; x_wconf 82' lang='lat' dir='ltr'><strong>congredi</strong></span> <span class='ocrx_word' id='word_1_428' title='bbox 3636 2584 3860 2637; x_wconf 83' lang='lat' dir='ltr'><strong>cumho-</strong></span> 
     </span>
    </p>
   </div>
   <div class='ocr_carea' id='block_1_51' title="bbox 2218 2671 3856 2744">
    <p class='ocr_par' dir='ltr' id='par_1_51' title="bbox 2218 2671 3856 2744">
     <span class='ocr_line' id='line_1_51' title="bbox 2218 2671 3856 2744; baseline 0.005 -23"><span class='ocrx_word' id='word_1_429' title='bbox 2218 2713 2227 2721; x_wconf 92' lang='lat'><strong>.</strong></span> <span class='ocrx_word' id='word_1_430' title='bbox 2260 2671 2475 2735; x_wconf 78' lang='lat' dir='ltr'><strong>minibus</strong></span> <span class='ocrx_word' id='word_1_431' title='bbox 2499 2673 2709 2740; x_wconf 76' lang='lat' dir='ltr'><strong>possint.</strong></span> <span class='ocrx_word' id='word_1_432' title='bbox 2745 2672 2813 2727; x_wconf 83' lang='lat' dir='ltr'><strong>Et</strong></span> <span class='ocrx_word' id='word_1_433' title='bbox 2839 2674 3072 2743; x_wconf 89' lang='lat' dir='ltr'><strong>apertius</strong></span> <span class='ocrx_word' id='word_1_434' title='bbox 3095 2674 3191 2728; x_wconf 91' lang='lat' dir='ltr'><strong>lib.</strong></span> <span class='ocrx_word' id='word_1_435' title='bbox 3238 2674 3305 2730; x_wconf 90' lang='lat' dir='ltr'><strong>de</strong></span> <span class='ocrx_word' id='word_1_436' title='bbox 3334 2673 3639 2731; x_wconf 75' lang='lat' dir='ltr'><strong>Resurrect.</strong></span> <span class='ocrx_word' id='word_1_437' title='bbox 3677 2690 3856 2744; x_wconf 89' lang='lat' dir='ltr'><strong>carn.,</strong></span> 
     </span>
    </p>
   </div>
   <div class='ocr_carea' id='block_1_52' title="bbox 2260 2750 3861 2838">
    <p class='ocr_par' dir='ltr' id='par_1_52' title="bbox 2260 2750 3861 2838">
     <span class='ocr_line' id='line_1_52' title="bbox 2260 2750 3861 2838; baseline 0.002 -16"><span class='ocrx_word' id='word_1_438' title='bbox 2260 2750 2310 2823; x_wconf 68' lang='grc' dir='ltr'><strong>ἆ.</strong></span> <span class='ocrx_word' id='word_1_439' title='bbox 2338 2765 2406 2819; x_wconf 76' lang='grc'><strong>62</strong></span> <span class='ocrx_word' id='word_1_440' title='bbox 2434 2783 2446 2819; x_wconf 90' lang='lat'><strong>:</strong></span> <span class='ocrx_word' id='word_1_441' title='bbox 2475 2762 2608 2833; x_wconf 81' lang='lat' dir='ltr'><strong>Quia</strong></span> <span class='ocrx_word' id='word_1_442' title='bbox 2622 2775 2670 2820; x_wconf 87' lang='lat' dir='ltr'><strong>et</strong></span> <span class='ocrx_word' id='word_1_443' title='bbox 2697 2766 2884 2837; x_wconf 81' lang='lat' dir='ltr'><strong>angeli,</strong></span> <span class='ocrx_word' id='word_1_444' title='bbox 2917 2765 3106 2837; x_wconf 86' lang='lat' dir='ltr'><strong>inquit,</strong></span> <span class='ocrx_word' id='word_1_445' title='bbox 3130 2766 3406 2837; x_wconf 83' lang='lat' dir='ltr'><strong>aliquando</strong></span> <span class='ocrx_word' id='word_1_446' title='bbox 3429 2777 3669 2838; x_wconf 84' lang='lat' dir='ltr'><strong>tanquam</strong></span> <span class='ocrx_word' id='word_1_447' title='bbox 3696 2769 3861 2825; x_wconf 77' lang='lat' dir='ltr'><strong>[tanti-.-</strong></span> 
     </span>
    </p>
   </div>
   <div class='ocr_carea' id='block_1_53' title="bbox 2262 2857 3858 2931">
    <p class='ocr_par' dir='ltr' id='par_1_53' title="bbox 2262 2857 3858 2931">
     <span class='ocr_line' id='line_1_53' title="bbox 2262 2857 3858 2931; baseline 0.001 -19"><span class='ocrx_word' id='word_1_448' title='bbox 2262 2874 2348 2912; x_wconf 72' lang='lat' dir='ltr'><strong>nos</strong></span> <span class='ocrx_word' id='word_1_449' title='bbox 2375 2858 2584 2927; x_wconf 85' lang='lat' dir='ltr'><strong>[uerunt</strong></span> <span class='ocrx_word' id='word_1_450' title='bbox 2604 2899 2619 2923; x_wconf 91' lang='lat'><strong>,</strong></span> <span class='ocrx_word' id='word_1_451' title='bbox 2673 2857 2867 2912; x_wconf 86' lang='lat' dir='ltr'><strong>edendo</strong></span> <span class='ocrx_word' id='word_1_452' title='bbox 2902 2898 2916 2924; x_wconf 91' lang='lat'><strong>,</strong></span> <span class='ocrx_word' id='word_1_453' title='bbox 2949 2857 3161 2913; x_wconf 87' lang='lat' dir='ltr'><strong>bibendo</strong></span> <span class='ocrx_word' id='word_1_454' title='bbox 3188 2866 3232 2913; x_wconf 92' lang='lat' dir='ltr'><strong>et</strong></span> <span class='ocrx_word' id='word_1_455' title='bbox 3264 2859 3415 2930; x_wconf 85' lang='lat' dir='ltr'><strong>pedes</strong></span> <span class='ocrx_word' id='word_1_456' title='bbox 3444 2859 3647 2915; x_wconf 84' lang='lat' dir='ltr'><strong>lavacro</strong></span> <span class='ocrx_word' id='word_1_457' title='bbox 3689 2862 3858 2931; x_wconf 86' lang='lat' dir='ltr'><strong>porri—</strong></span> 
     </span>
    </p>
   </div>
   <div class='ocr_carea' id='block_1_54' title="bbox 2261 2936 3862 3023">
    <p class='ocr_par' dir='ltr' id='par_1_54' title="bbox 2261 2936 3862 3023">
     <span class='ocr_line' id='line_1_54' title="bbox 2261 2936 3862 3023; baseline 0.002 -20"><span class='ocrx_word' id='word_1_458' title='bbox 2261 2949 2424 3023; x_wconf 86' lang='lat' dir='ltr'><strong>genda</strong></span> <span class='ocrx_word' id='word_1_459' title='bbox 2449 2966 2470 3015; x_wconf 89' lang='lat'><strong><em>;</em></strong></span> <span class='ocrx_word' id='word_1_460' title='bbox 2497 2950 2770 3003; x_wconf 83' lang='lat' dir='ltr'><strong>humanam</strong></span> <span class='ocrx_word' id='word_1_461' title='bbox 2798 2949 2931 3004; x_wconf 90' lang='lat' dir='ltr'><strong>enim</strong></span> <span class='ocrx_word' id='word_1_462' title='bbox 2951 2951 3270 3021; x_wconf 67' lang='lat' dir='ltr'><strong>super/icium</strong></span> <span class='ocrx_word' id='word_1_463' title='bbox 3295 2951 3589 3016; x_wconf 80' lang='lat' dir='ltr'><strong>induerant,</strong></span> <span class='ocrx_word' id='word_1_464' title='bbox 3613 2951 3753 3006; x_wconf 82' lang='lat' dir='ltr'><strong>salva</strong></span> <span class='ocrx_word' id='word_1_465' title='bbox 3771 2936 3862 3006; x_wconf 35' lang='lat' dir='ltr'><strong>&#39;in-</strong></span> 
     </span>
    </p>
   </div>
   <div class='ocr_carea' id='block_1_55' title="bbox 2263 3040 3858 3112">
    <p class='ocr_par' dir='ltr' id='par_1_55' title="bbox 2263 3040 3858 3112">
     <span class='ocr_line' id='line_1_55' title="bbox 2263 3040 3858 3112; baseline 0.003 -18"><span class='ocrx_word' id='word_1_466' title='bbox 2263 3050 2342 3095; x_wconf 86' lang='lat' dir='ltr'><strong>tus</strong></span> <span class='ocrx_word' id='word_1_467' title='bbox 2359 3040 2638 3096; x_wconf 87' lang='lat' dir='ltr'><strong>substantia</strong></span> <span class='ocrx_word' id='word_1_468' title='bbox 2668 3041 2901 3111; x_wconf 86' lang='lat' dir='ltr'><strong>propria.</strong></span> <span class='ocrx_word' id='word_1_469' title='bbox 2938 3040 3051 3097; x_wconf 90' lang='lat' dir='ltr'><strong>lloe</strong></span> <span class='ocrx_word' id='word_1_470' title='bbox 3072 3041 3319 3098; x_wconf 81' lang='lat' dir='ltr'><strong>sufficere</strong></span> <span class='ocrx_word' id='word_1_471' title='bbox 3350 3043 3544 3112; x_wconf 86' lang='lat' dir='ltr'><strong>ubique</strong></span> <span class='ocrx_word' id='word_1_472' title='bbox 3567 3043 3735 3098; x_wconf 86' lang='lat' dir='ltr'><strong>visum</strong></span> <span class='ocrx_word' id='word_1_473' title='bbox 3766 3054 3858 3099; x_wconf 89' lang='lat' dir='ltr'><strong>est</strong></span> 
     </span>
    </p>
   </div>
   <div class='ocr_carea' id='block_1_56' title="bbox 2264 3132 3853 3206">
    <p class='ocr_par' dir='ltr' id='par_1_56' title="bbox 2264 3132 3853 3206">
     <span class='ocr_line' id='line_1_56' title="bbox 2264 3132 3853 3206; baseline -0.001 -15"><span class='ocrx_word' id='word_1_474' title='bbox 2264 3134 2478 3191; x_wconf 87' lang='lat' dir='ltr'><strong>Auctori</strong></span> <span class='ocrx_word' id='word_1_475' title='bbox 2499 3175 2515 3200; x_wconf 90' lang='lat'><strong>,</strong></span> <span class='ocrx_word' id='word_1_476' title='bbox 2571 3132 2713 3205; x_wconf 85' lang='lat' dir='ltr'><strong>quod</strong></span> <span class='ocrx_word' id='word_1_477' title='bbox 2743 3133 2977 3205; x_wconf 81' lang='lat' dir='ltr'><strong>dogmati</strong></span> <span class='ocrx_word' id='word_1_478' title='bbox 3009 3133 3214 3204; x_wconf 84' lang='lat' dir='ltr'><strong>Apellis</strong></span> <span class='ocrx_word' id='word_1_479' title='bbox 3237 3149 3343 3190; x_wconf 90' lang='lat' dir='ltr'><strong>non</strong></span> <span class='ocrx_word' id='word_1_480' title='bbox 3369 3134 3730 3201; x_wconf 89' lang='lat' dir='ltr'><strong>consentiret,</strong></span> <span class='ocrx_word' id='word_1_481' title='bbox 3763 3135 3853 3206; x_wconf 90' lang='lat' dir='ltr'><strong>qui</strong></span> 
     </span>
    </p>
   </div>
   <div class='ocr_carea' id='block_1_57' title="bbox 2266 3226 3858 3302">
    <p class='ocr_par' dir='ltr' id='par_1_57' title="bbox 2266 3226 3858 3302">
     <span class='ocr_line' id='line_1_57' title="bbox 2266 3226 3858 3302; baseline 0.002 -22"><span class='ocrx_word' id='word_1_482' title='bbox 2266 3241 2334 3280; x_wconf 82' lang='lat' dir='ltr'><strong>ex</strong></span> <span class='ocrx_word' id='word_1_483' title='bbox 2366 3240 2526 3280; x_wconf 89' lang='lat' dir='ltr'><strong>aerea</strong></span> <span class='ocrx_word' id='word_1_484' title='bbox 2575 3226 2870 3282; x_wconf 81' lang='lat' dir='ltr'><strong>substantia</strong></span> <span class='ocrx_word' id='word_1_485' title='bbox 2917 3226 3138 3302; x_wconf 75' lang='lat' dir='ltr'><strong>angelos</strong></span> <span class='ocrx_word' id='word_1_486' title='bbox 3165 3228 3375 3283; x_wconf 83' lang='lat' dir='ltr'><strong>creatos</strong></span> <span class='ocrx_word' id='word_1_487' title='bbox 3416 3226 3656 3294; x_wconf 85' lang='lat' dir='ltr'><strong>dicebat,</strong></span> <span class='ocrx_word' id='word_1_488' title='bbox 3706 3235 3763 3281; x_wconf 90' lang='lat' dir='ltr'><strong>ut</strong></span> <span class='ocrx_word' id='word_1_489' title='bbox 3790 3241 3858 3283; x_wconf 91' lang='lat' dir='ltr'><strong>ne</strong></span> 
     </span>
    </p>
   </div>
   <div class='ocr_carea' id='block_1_58' title="bbox 2265 3319 3860 3393">
    <p class='ocr_par' dir='ltr' id='par_1_58' title="bbox 2265 3319 3860 3393">
     <span class='ocr_line' id='line_1_58' title="bbox 2265 3319 3860 3393; baseline 0.001 -19"><span class='ocrx_word' id='word_1_490' title='bbox 2265 3319 2535 3375; x_wconf 86' lang='lat' dir='ltr'><strong>videretur</strong></span> <span class='ocrx_word' id='word_1_491' title='bbox 2563 3319 2636 3375; x_wconf 91' lang='lat' dir='ltr'><strong>illi</strong></span> <span class='ocrx_word' id='word_1_492' title='bbox 2664 3320 2795 3375; x_wconf 87' lang='lat' dir='ltr'><strong>etin</strong></span> <span class='ocrx_word' id='word_1_493' title='bbox 2824 3320 2928 3376; x_wconf 82' lang='lat' dir='ltr'><strong>hoc</strong></span> <span class='ocrx_word' id='word_1_494' title='bbox 2964 3322 3304 3393; x_wconf 86' lang='lat' dir='ltr'><strong>consentire,</strong></span> <span class='ocrx_word' id='word_1_495' title='bbox 3354 3321 3496 3393; x_wconf 88' lang='lat' dir='ltr'><strong>quod</strong></span> <span class='ocrx_word' id='word_1_496' title='bbox 3518 3320 3711 3377; x_wconf 84' lang='lat' dir='ltr'><strong>Christi</strong></span> <span class='ocrx_word' id='word_1_497' title='bbox 3739 3334 3860 3376; x_wconf 87' lang='lat' dir='ltr'><strong>eor-</strong></span> 
     </span>
    </p>
   </div>
   <div class='ocr_carea' id='block_1_59' title="bbox 2266 3411 3947 3484">
    <p class='ocr_par' dir='ltr' id='par_1_59' title="bbox 2266 3411 3947 3484">
     <span class='ocr_line' id='line_1_59' title="bbox 2266 3411 3947 3484; baseline 0.001 -19"><span class='ocrx_word' id='word_1_498' title='bbox 2266 3426 2364 3482; x_wconf 86' lang='lat' dir='ltr'><strong>pns</strong></span> <span class='ocrx_word' id='word_1_499' title='bbox 2395 3426 2459 3466; x_wconf 83' lang='lat' dir='ltr'><strong>ex</strong></span> <span class='ocrx_word' id='word_1_500' title='bbox 2511 3412 2745 3468; x_wconf 70' lang='lat' dir='ltr'><strong>mtberea</strong></span> <span class='ocrx_word' id='word_1_501' title='bbox 2774 3412 2996 3467; x_wconf 90' lang='lat' dir='ltr'><strong>materia</strong></span> <span class='ocrx_word' id='word_1_502' title='bbox 3027 3412 3288 3484; x_wconf 88' lang='lat' dir='ltr'><strong>originem</strong></span> <span class='ocrx_word' id='word_1_503' title='bbox 3320 3411 3541 3468; x_wconf 86' lang='lat' dir='ltr'><strong>haberet</strong></span> <span class='ocrx_word' id='word_1_504' title='bbox 3569 3427 3749 3471; x_wconf 75' lang='lat' dir='ltr'><strong>suam.</strong></span> <span class='ocrx_word' id='word_1_505' title='bbox 3769 3412 3863 3467; x_wconf 79' lang='lat' dir='ltr'><strong>At-</strong></span> <span class='ocrx_word' id='word_1_506' title='bbox 3938 3447 3947 3455; x_wconf 67' lang='grc' dir='ltr'><strong>ι</strong></span> 
     </span>
    </p>
   </div>
   <div class='ocr_carea' id='block_1_60' title="bbox 2238 3503 3854 3577">
    <p class='ocr_par' dir='ltr' id='par_1_60' title="bbox 2238 3503 3854 3577">
     <span class='ocr_line' id='line_1_60' title="bbox 2238 3503 3854 3577; baseline 0.001 -18"><span class='ocrx_word' id='word_1_507' title='bbox 2238 3505 2353 3574; x_wconf 84' lang='lat' dir='ltr'><strong>‘qui</strong></span> <span class='ocrx_word' id='word_1_508' title='bbox 2381 3504 2556 3577; x_wconf 87' lang='lat' dir='ltr'><strong>qualia</strong></span> <span class='ocrx_word' id='word_1_509' title='bbox 2580 3512 2914 3574; x_wconf 44' lang='lat' dir='ltr'><strong>corpora,.ct</strong></span> <span class='ocrx_word' id='word_1_510' title='bbox 2953 3503 3093 3560; x_wconf 89' lang='lat' dir='ltr'><strong>unde</strong></span> <span class='ocrx_word' id='word_1_511' title='bbox 3115 3514 3390 3575; x_wconf 89' lang='lat' dir='ltr'><strong>assumpta</strong></span> <span class='ocrx_word' id='word_1_512' title='bbox 3417 3505 3484 3561; x_wconf 90' lang='lat' dir='ltr'><strong>ab</strong></span> <span class='ocrx_word' id='word_1_513' title='bbox 3514 3504 3719 3575; x_wconf 80' lang='lat' dir='ltr'><strong>angelis</strong></span> <span class='ocrx_word' id='word_1_514' title='bbox 3735 3505 3854 3560; x_wconf 86' lang='lat' dir='ltr'><strong>fne-</strong></span> 
     </span>
    </p>
   </div>
   <div class='ocr_carea' id='block_1_61' title="bbox 2264 3594 3862 3668">
    <p class='ocr_par' dir='ltr' id='par_1_61' title="bbox 2264 3594 3862 3668">
     <span class='ocr_line' id='line_1_61' title="bbox 2264 3594 3862 3668; baseline 0.001 -19"><span class='ocrx_word' id='word_1_515' title='bbox 2264 3596 2404 3660; x_wconf 85' lang='lat' dir='ltr'><strong>rint,</strong></span> <span class='ocrx_word' id='word_1_516' title='bbox 2458 3596 2619 3651; x_wconf 89' lang='lat' dir='ltr'><strong>etiam</strong></span> <span class='ocrx_word' id='word_1_517' title='bbox 2652 3594 2810 3665; x_wconf 76' lang='lat' dir='ltr'><strong>hodie</strong></span> <span class='ocrx_word' id='word_1_518' title='bbox 2838 3605 3243 3652; x_wconf 90' lang='lat' dir='ltr'><strong>controversum</strong></span> <span class='ocrx_word' id='word_1_519' title='bbox 3265 3605 3348 3653; x_wconf 88' lang='lat' dir='ltr'><strong>est</strong></span> <span class='ocrx_word' id='word_1_520' title='bbox 3388 3595 3527 3668; x_wconf 89' lang='lat' dir='ltr'><strong>apud</strong></span> <span class='ocrx_word' id='word_1_521' title='bbox 3554 3595 3862 3667; x_wconf 81' lang='lat' dir='ltr'><strong>Magistrum</strong></span> 
     </span>
    </p>
   </div>
   <div class='ocr_carea' id='block_1_62' title="bbox 2262 3685 3864 3759">
    <p class='ocr_par' dir='ltr' id='par_1_62' title="bbox 2262 3685 3864 3759">
     <span class='ocr_line' id='line_1_62' title="bbox 2262 3685 3864 3759; baseline 0.001 -18"><span class='ocrx_word' id='word_1_522' title='bbox 2262 3685 2676 3752; x_wconf 87' lang='lat' dir='ltr'><strong>Sententiarum,</strong></span> <span class='ocrx_word' id='word_1_523' title='bbox 2709 3685 2802 3741; x_wconf 90' lang='lat' dir='ltr'><strong>lib.</strong></span> <span class='ocrx_word' id='word_1_524' title='bbox 2833 3686 2898 3742; x_wconf 92' lang='lat' dir='ltr'><strong>ll.</strong></span> <span class='ocrx_word' id='word_1_525' title='bbox 2922 3686 3048 3743; x_wconf 90' lang='lat' dir='ltr'><strong>dist.</strong></span> <span class='ocrx_word' id='word_1_526' title='bbox 3079 3687 3133 3743; x_wconf 91' lang='lat'><strong>8.</strong></span> <span class='ocrx_word' id='word_1_527' title='bbox 3161 3686 3189 3759; x_wconf 83' lang='lat'>§</span> <span class='ocrx_word' id='word_1_528' title='bbox 3218 3689 3403 3757; x_wconf 62' lang='lat' dir='ltr'><strong>lznns</strong></span> <span class='ocrx_word' id='word_1_529' title='bbox 3427 3689 3544 3743; x_wconf 89' lang='lat' dir='ltr'><strong>loco</strong></span> <span class='ocrx_word' id='word_1_530' title='bbox 3566 3687 3676 3759; x_wconf 86' lang='lat' dir='ltr'><strong>jam</strong></span> <span class='ocrx_word' id='word_1_531' title='bbox 3703 3685 3864 3742; x_wconf 86' lang='lat' dir='ltr'><strong>citato</strong></span> 
     </span>
    </p>
   </div>
   <div class='ocr_carea' id='block_1_63' title="bbox 2263 3777 3860 3849">
    <p class='ocr_par' dir='ltr' id='par_1_63' title="bbox 2263 3777 3860 3849">
     <span class='ocr_line' id='line_1_63' title="bbox 2263 3777 3860 3849; baseline -0.001 -15"><span class='ocrx_word' id='word_1_532' title='bbox 2263 3792 2383 3834; x_wconf 90' lang='lat' dir='ltr'><strong>cum</strong></span> <span class='ocrx_word' id='word_1_533' title='bbox 2405 3777 2461 3834; x_wconf 89' lang='lat' dir='ltr'><strong>S.</strong></span> <span class='ocrx_word' id='word_1_534' title='bbox 2497 3777 2768 3832; x_wconf 87' lang='lat' dir='ltr'><strong>Bernardo</strong></span> <span class='ocrx_word' id='word_1_535' title='bbox 2791 3777 2860 3833; x_wconf 90' lang='lat' dir='ltr'><strong>de</strong></span> <span class='ocrx_word' id='word_1_536' title='bbox 2885 3778 2987 3835; x_wconf 90' lang='lat' dir='ltr'><strong>hoc</strong></span> <span class='ocrx_word' id='word_1_537' title='bbox 3012 3780 3333 3836; x_wconf 88' lang='lat' dir='ltr'><strong>sententiam</strong></span> <span class='ocrx_word' id='word_1_538' title='bbox 3362 3790 3598 3835; x_wconf 74' lang='lat' dir='ltr'><strong>nosuam</strong></span> <span class='ocrx_word' id='word_1_539' title='bbox 3628 3792 3860 3849; x_wconf 85' lang='lat' dir='ltr'><strong>suspen-</strong></span> 
     </span>
    </p>
   </div>
   <div class='ocr_carea' id='block_1_64' title="bbox 2264 3868 3861 3943">
    <p class='ocr_par' dir='ltr' id='par_1_64' title="bbox 2264 3868 3861 3943">
     <span class='ocr_line' id='line_1_64' title="bbox 2264 3868 3861 3943; baseline 0.001 -18"><span class='ocrx_word' id='word_1_540' title='bbox 2264 3868 2709 3925; x_wconf 84' lang='lat' dir='ltr'><strong>deremaluimus</strong></span> <span class='ocrx_word' id='word_1_541' title='bbox 2735 3885 2893 3940; x_wconf 90' lang='lat' dir='ltr'><strong>quam</strong></span> <span class='ocrx_word' id='word_1_542' title='bbox 2936 3869 3071 3926; x_wconf 87' lang='lat' dir='ltr'><strong>certi</strong></span> <span class='ocrx_word' id='word_1_543' title='bbox 3100 3870 3226 3943; x_wconf 88' lang='lat' dir='ltr'><strong>quid</strong></span> <span class='ocrx_word' id='word_1_544' title='bbox 3276 3870 3522 3927; x_wconf 85' lang='lat' dir='ltr'><strong>delinire.</strong></span> <span class='ocrx_word' id='word_1_545' title='bbox 3567 3872 3652 3925; x_wconf 87' lang='lat' dir='ltr'><strong>An</strong></span> <span class='ocrx_word' id='word_1_546' title='bbox 3678 3880 3861 3927; x_wconf 88' lang='lat' dir='ltr'><strong>autem</strong></span> 
     </span>
    </p>
   </div>
   <div class='ocr_carea' id='block_1_65' title="bbox 2262 3962 3865 4036">
    <p class='ocr_par' dir='ltr' id='par_1_65' title="bbox 2262 3962 3865 4036">
     <span class='ocr_line' id='line_1_65' title="bbox 2262 3962 3865 4036; baseline 0 -17"><span class='ocrx_word' id='word_1_547' title='bbox 2262 3962 2494 4019; x_wconf 89' lang='lat' dir='ltr'><strong>senserit</strong></span> <span class='ocrx_word' id='word_1_548' title='bbox 2519 3965 2741 4031; x_wconf 86' lang='lat' dir='ltr'><strong>Auctor,</strong></span> <span class='ocrx_word' id='word_1_549' title='bbox 2788 3963 2929 4036; x_wconf 90' lang='lat' dir='ltr'><strong>quod</strong></span> <span class='ocrx_word' id='word_1_550' title='bbox 2961 3963 3036 4018; x_wconf 92' lang='lat' dir='ltr'><strong>illi</strong></span> <span class='ocrx_word' id='word_1_551' title='bbox 3066 3964 3280 4036; x_wconf 86' lang='lat' dir='ltr'><strong>quidam</strong></span> <span class='ocrx_word' id='word_1_552' title='bbox 3328 3965 3649 4036; x_wconf 86' lang='lat' dir='ltr'><strong>impingunt,</strong></span> <span class='ocrx_word' id='word_1_553' title='bbox 3680 3980 3865 4035; x_wconf 87' lang='lat' dir='ltr'><strong>corpo-</strong></span> 
     </span>
    </p>
   </div>
   <div class='ocr_carea' id='block_1_66' title="bbox 2266 4055 3867 4127">
    <p class='ocr_par' dir='ltr' id='par_1_66' title="bbox 2266 4055 3867 4127">
     <span class='ocr_line' id='line_1_66' title="bbox 2266 4055 3867 4127; baseline 0.002 -18"><span class='ocrx_word' id='word_1_554' title='bbox 2266 4071 2377 4111; x_wconf 87' lang='lat' dir='ltr'><strong>reos</strong></span> <span class='ocrx_word' id='word_1_555' title='bbox 2396 4071 2502 4111; x_wconf 83' lang='lat' dir='ltr'><strong>esse</strong></span> <span class='ocrx_word' id='word_1_556' title='bbox 2526 4056 2733 4127; x_wconf 86' lang='lat' dir='ltr'><strong>angelos</strong></span> <span class='ocrx_word' id='word_1_557' title='bbox 2764 4065 2810 4110; x_wconf 88' lang='lat' dir='ltr'><strong>et</strong></span> <span class='ocrx_word' id='word_1_558' title='bbox 2857 4055 3118 4113; x_wconf 72' lang='lat' dir='ltr'><strong>dwmonas</strong></span> <span class='ocrx_word' id='word_1_559' title='bbox 3139 4099 3159 4125; x_wconf 30' lang='grc' dir='ltr'><strong>,χ</strong></span> <span class='ocrx_word' id='word_1_560' title='bbox 3189 4072 3294 4113; x_wconf 84' lang='grc' dir='ltr'><strong>ηοη</strong></span> <span class='ocrx_word' id='word_1_561' title='bbox 3325 4056 3592 4112; x_wconf 89' lang='lat' dir='ltr'><strong>immerito</strong></span> <span class='ocrx_word' id='word_1_562' title='bbox 3619 4056 3867 4113; x_wconf 87' lang='lat' dir='ltr'><strong>dubitare</strong></span> 
     </span>
    </p>
   </div>
   <div class='ocr_carea' id='block_1_67' title="bbox 2267 4148 3867 4224">
    <p class='ocr_par' dir='ltr' id='par_1_67' title="bbox 2267 4148 3867 4224">
     <span class='ocr_line' id='line_1_67' title="bbox 2267 4148 3867 4224; baseline 0.001 -18"><span class='ocrx_word' id='word_1_563' title='bbox 2267 4149 2411 4207; x_wconf 88' lang='lat' dir='ltr'><strong>licet.</strong></span> <span class='ocrx_word' id='word_1_564' title='bbox 2442 4148 2671 4206; x_wconf 81' lang='lat' dir='ltr'><strong>Maxime</strong></span> <span class='ocrx_word' id='word_1_565' title='bbox 2708 4165 2871 4222; x_wconf 90' lang='lat' dir='ltr'><strong>quum</strong></span> <span class='ocrx_word' id='word_1_566' title='bbox 2900 4160 3108 4220; x_wconf 87' lang='lat' dir='ltr'><strong>auctor,</strong></span> <span class='ocrx_word' id='word_1_567' title='bbox 3136 4153 3235 4209; x_wconf 89' lang='lat' dir='ltr'><strong>etsi</strong></span> <span class='ocrx_word' id='word_1_568' title='bbox 3265 4152 3508 4209; x_wconf 89' lang='lat' dir='ltr'><strong>videatur</strong></span> <span class='ocrx_word' id='word_1_569' title='bbox 3536 4152 3623 4208; x_wconf 86' lang='lat' dir='ltr'><strong>hic</strong></span> <span class='ocrx_word' id='word_1_570' title='bbox 3650 4153 3734 4208; x_wconf 88' lang='lat' dir='ltr'><strong>sui</strong></span> <span class='ocrx_word' id='word_1_571' title='bbox 3778 4168 3867 4224; x_wconf 86' lang='lat' dir='ltr'><strong>ge-</strong></span> 
     </span>
    </p>
   </div>
   <div class='ocr_carea' id='block_1_68' title="bbox 2267 4243 3868 4316">
    <p class='ocr_par' dir='ltr' id='par_1_68' title="bbox 2267 4243 3868 4316">
     <span class='ocr_line' id='line_1_68' title="bbox 2267 4243 3868 4316; baseline 0 -17"><span class='ocrx_word' id='word_1_572' title='bbox 2267 4243 2402 4299; x_wconf 85' lang='lat' dir='ltr'><strong>neris</strong></span> <span class='ocrx_word' id='word_1_573' title='bbox 2449 4259 2630 4316; x_wconf 85' lang='lat' dir='ltr'><strong>corpus</strong></span> <span class='ocrx_word' id='word_1_574' title='bbox 2674 4243 2877 4316; x_wconf 86' lang='lat' dir='ltr'><strong>angelis</strong></span> <span class='ocrx_word' id='word_1_575' title='bbox 2920 4245 3156 4303; x_wconf 86' lang='lat' dir='ltr'><strong>tribuere</strong></span> <span class='ocrx_word' id='word_1_576' title='bbox 3184 4287 3199 4314; x_wconf 92' lang='lat'><strong>,</strong></span> <span class='ocrx_word' id='word_1_577' title='bbox 3232 4255 3410 4302; x_wconf 85' lang='lat' dir='ltr'><strong>tamen</strong></span> <span class='ocrx_word' id='word_1_578' title='bbox 3440 4246 3596 4301; x_wconf 88' lang='lat' dir='ltr'><strong>faciat</strong></span> <span class='ocrx_word' id='word_1_579' title='bbox 3625 4261 3721 4303; x_wconf 90' lang='lat' dir='ltr'><strong>eos</strong></span> <span class='ocrx_word' id='word_1_580' title='bbox 3749 4246 3868 4301; x_wconf 86' lang='lat' dir='ltr'><strong>sub-</strong></span> 
     </span>
    </p>
   </div>
   <div class='ocr_carea' id='block_1_69' title="bbox 2267 4337 3866 4411">
    <p class='ocr_par' dir='ltr' id='par_1_69' title="bbox 2267 4337 3866 4411">
     <span class='ocr_line' id='line_1_69' title="bbox 2267 4337 3866 4411; baseline 0.003 -19"><span class='ocrx_word' id='word_1_581' title='bbox 2267 4337 2473 4394; x_wconf 74' lang='lat' dir='ltr'><strong>stantia:</strong></span> <span class='ocrx_word' id='word_1_582' title='bbox 2497 4338 2743 4409; x_wconf 80' lang='lat' dir='ltr'><strong>spiritalis</strong></span> <span class='ocrx_word' id='word_1_583' title='bbox 2772 4380 2786 4405; x_wconf 96' lang='lat'><strong>,</strong></span> <span class='ocrx_word' id='word_1_584' title='bbox 2821 4339 2977 4397; x_wconf 86' lang='lat' dir='ltr'><strong>sicuti</strong></span> <span class='ocrx_word' id='word_1_585' title='bbox 3006 4340 3166 4395; x_wconf 93' lang='lat' dir='ltr'><strong>etiam</strong></span> <span class='ocrx_word' id='word_1_586' title='bbox 3194 4355 3301 4395; x_wconf 87' lang='lat' dir='ltr'><strong>non</strong></span> <span class='ocrx_word' id='word_1_587' title='bbox 3324 4340 3488 4396; x_wconf 90' lang='lat' dir='ltr'><strong>semel</strong></span> <span class='ocrx_word' id='word_1_588' title='bbox 3521 4340 3574 4395; x_wconf 92' lang='lat' dir='ltr'><strong>in</strong></span> <span class='ocrx_word' id='word_1_589' title='bbox 3598 4340 3866 4411; x_wconf 87' lang='lat' dir='ltr'><strong>Apologe-</strong></span> 
     </span>
    </p>
   </div>
   <div class='ocr_carea' id='block_1_70' title="bbox 2269 4430 3867 4503">
    <p class='ocr_par' dir='ltr' id='par_1_70' title="bbox 2269 4430 3867 4503">
     <span class='ocr_line' id='line_1_70' title="bbox 2269 4430 3867 4503; baseline 0.001 -18"><span class='ocrx_word' id='word_1_590' title='bbox 2269 4430 2406 4495; x_wconf 90' lang='lat' dir='ltr'><strong>tico,</strong></span> <span class='ocrx_word' id='word_1_591' title='bbox 2449 4438 2503 4486; x_wconf 90' lang='lat' dir='ltr'><strong>et</strong></span> <span class='ocrx_word' id='word_1_592' title='bbox 2532 4430 2846 4486; x_wconf 89' lang='lat' dir='ltr'><strong>nominatim</strong></span> <span class='ocrx_word' id='word_1_593' title='bbox 2870 4446 2919 4486; x_wconf 93' lang='lat' dir='ltr'><strong>e.</strong></span> <span class='ocrx_word' id='word_1_594' title='bbox 2966 4431 3059 4487; x_wconf 73' lang='lat'><strong>22.</strong></span> <span class='ocrx_word' id='word_1_595' title='bbox 3086 4431 3352 4502; x_wconf 89' lang='lat' dir='ltr'><strong>spiritales</strong></span> <span class='ocrx_word' id='word_1_596' title='bbox 3389 4433 3619 4487; x_wconf 86' lang='lat' dir='ltr'><strong>vires-et</strong></span> <span class='ocrx_word' id='word_1_597' title='bbox 3664 4431 3867 4503; x_wconf 85' lang='lat' dir='ltr'><strong>angelis</strong></span> 
     </span>
    </p>
   </div>
   <div class='ocr_carea' id='block_1_71' title="bbox 579 4518 3869 4630">
    <p class='ocr_par' dir='ltr' id='par_1_71' title="bbox 579 4518 3869 4630">
     <span class='ocr_line' id='line_1_71' title="bbox 579 4518 3869 4630; baseline -0.005 -17"><span class='ocrx_word' id='word_1_598' title='bbox 579 4518 1071 4630; x_wconf 26' lang='lat' dir='ltr'><strong>t.ns,iimpugnant.</strong></span> <span class='ocrx_word' id='word_1_599' title='bbox 1101 4553 1202 4620; x_wconf 87' lang='lat' dir='ltr'><strong>Qui</strong></span> <span class='ocrx_word' id='word_1_600' title='bbox 1232 4518 1419 4608; x_wconf 79' lang='lat' dir='ltr'><strong>omnes</strong></span> <span class='ocrx_word' id='word_1_601' title='bbox 1443 4557 1498 4606; x_wconf 87' lang='lat' dir='ltr'><strong>et</strong></span> <span class='ocrx_word' id='word_1_602' title='bbox 1535 4549 1752 4620; x_wconf 74' lang='lat' dir='ltr'><strong>angelos</strong></span> <span class='ocrx_word' id='word_1_603' title='bbox 1777 4557 1829 4604; x_wconf 89' lang='lat' dir='ltr'><strong>et</strong></span> <span class='ocrx_word' id='word_1_604' title='bbox 1854 4547 1993 4629; x_wconf 80' lang='lat' dir='ltr'><strong>filios</strong></span> <span class='ocrx_word' id='word_1_605' title='bbox 2024 4549 2115 4605; x_wconf 89' lang='lat' dir='ltr'><strong>Dei</strong></span> <span class='ocrx_word' id='word_1_606' title='bbox 2148 4588 2164 4616; x_wconf 92' lang='lat'><strong>,</strong></span> <span class='ocrx_word' id='word_1_607' title='bbox 2189 4518 2244 4579; x_wconf 77' lang='grc' dir='ltr'><strong>Ῑ)</strong></span> <span class='ocrx_word' id='word_1_608' title='bbox 2269 4534 2323 4582; x_wconf 67' lang='grc' dir='ltr'><strong>ει</strong></span> <span class='ocrx_word' id='word_1_609' title='bbox 2360 4524 2692 4630; x_wconf 50' lang='grc' dir='ltr'><strong>δωηῖοηξδυδ</strong></span> <span class='ocrx_word' id='word_1_610' title='bbox 2711 4524 2956 4630; x_wconf 53' lang='grc' dir='ltr'><strong>ίξυτίδξξίξ</strong></span> <span class='ocrx_word' id='word_1_611' title='bbox 2975 4567 3013 4615; x_wconf 31' lang='grc' dir='ltr'><strong>τι</strong></span> <span class='ocrx_word' id='word_1_612' title='bbox 3038 4535 3094 4581; x_wconf 72' lang='grc' dir='ltr'><strong>οι</strong></span> <span class='ocrx_word' id='word_1_613' title='bbox 3129 4526 3353 4630; x_wconf 53' lang='grc' dir='ltr'><strong>ξΡίτξιυε</strong></span> <span class='ocrx_word' id='word_1_614' title='bbox 3383 4532 3557 4580; x_wconf 67' lang='grc' dir='ltr'><strong>νοείη·</strong></span> <span class='ocrx_word' id='word_1_615' title='bbox 3587 4523 3869 4630; x_wconf 41' lang='grc' dir='ltr'><strong>Μίξῧίξῑδθ</strong></span> 
     </span>
    </p>
   </div>
   <div class='ocr_carea' id='block_1_72' title="bbox 577 4642 2165 4722">
    <p class='ocr_par' dir='ltr' id='par_1_72' title="bbox 577 4642 2165 4722">
     <span class='ocr_line' id='line_1_72' title="bbox 577 4642 2165 4722; baseline -0.006 -14"><span class='ocrx_word' id='word_1_616' title='bbox 577 4659 821 4722; x_wconf 86' lang='lat' dir='ltr'><strong>posteros</strong></span> <span class='ocrx_word' id='word_1_617' title='bbox 847 4647 978 4705; x_wconf 88' lang='lat' dir='ltr'><strong>Seth</strong></span> <span class='ocrx_word' id='word_1_618' title='bbox 1005 4689 1021 4714; x_wconf 93' lang='lat'><strong>,</strong></span> <span class='ocrx_word' id='word_1_619' title='bbox 1065 4653 1248 4717; x_wconf 86' lang='lat' dir='ltr'><strong>utpote</strong></span> <span class='ocrx_word' id='word_1_620' title='bbox 1279 4643 1371 4699; x_wconf 87' lang='lat' dir='ltr'><strong>Dei</strong></span> <span class='ocrx_word' id='word_1_621' title='bbox 1398 4642 1628 4698; x_wconf 87' lang='lat' dir='ltr'><strong>cultores</strong></span> <span class='ocrx_word' id='word_1_622' title='bbox 1648 4683 1664 4709; x_wconf 91' lang='lat'><strong>,</strong></span> <span class='ocrx_word' id='word_1_623' title='bbox 1716 4642 2165 4713; x_wconf 76' lang='lat' dir='ltr'><strong>interpretantur,</strong></span> 
     </span>
    </p>
   </div>
   <div class='ocr_carea' id='block_1_73' title="bbox 575 4735 2169 4801">
    <p class='ocr_par' dir='ltr' id='par_1_73' title="bbox 575 4735 2169 4801">
     <span class='ocr_line' id='line_1_73' title="bbox 575 4735 2169 4801; baseline -0.003 -2"><span class='ocrx_word' id='word_1_624' title='bbox 575 4746 730 4801; x_wconf 86' lang='lat' dir='ltr'><strong>sicuti</strong></span> <span class='ocrx_word' id='word_1_625' title='bbox 761 4743 920 4800; x_wconf 88' lang='lat' dir='ltr'><strong>etiam</strong></span> <span class='ocrx_word' id='word_1_626' title='bbox 963 4741 1021 4797; x_wconf 88' lang='grc' dir='ltr'><strong>Β.</strong></span> <span class='ocrx_word' id='word_1_627' title='bbox 1056 4741 1273 4796; x_wconf 88' lang='lat' dir='ltr'><strong>Hieron.</strong></span> <span class='ocrx_word' id='word_1_628' title='bbox 1317 4736 1409 4794; x_wconf 88' lang='lat' dir='ltr'><strong>lib.</strong></span> <span class='ocrx_word' id='word_1_629' title='bbox 1456 4736 1523 4792; x_wconf 90' lang='lat' dir='ltr'><strong>de</strong></span> <span class='ocrx_word' id='word_1_630' title='bbox 1548 4735 1751 4791; x_wconf 87' lang='lat' dir='ltr'><strong>Tradit.</strong></span> <span class='ocrx_word' id='word_1_631' title='bbox 1784 4735 1949 4793; x_wconf 83' lang='lat' dir='ltr'><strong>Hebr.</strong></span> <span class='ocrx_word' id='word_1_632' title='bbox 1983 4739 2035 4792; x_wconf 94' lang='lat' dir='ltr'><strong>in</strong></span> <span class='ocrx_word' id='word_1_633' title='bbox 2065 4736 2169 4794; x_wconf 86' lang='lat' dir='ltr'><strong>Ge-</strong></span> 
     </span>
    </p>
   </div>
   <div class='ocr_carea' id='block_1_74' title="bbox 544 4812 2170 4905">
    <p class='ocr_par' dir='ltr' id='par_1_74' title="bbox 544 4812 2170 4905">
     <span class='ocr_line' id='line_1_74' title="bbox 544 4812 2170 4905; baseline -0.006 -13"><span class='ocrx_word' id='word_1_634' title='bbox 544 4864 549 4871; x_wconf 83' lang='lat'>~</span> <span class='ocrx_word' id='word_1_635' title='bbox 581 4812 771 4901; x_wconf 88' lang='lat' dir='ltr'><strong>nesin;</strong></span> <span class='ocrx_word' id='word_1_636' title='bbox 800 4835 1028 4905; x_wconf 92' lang='lat' dir='ltr'><strong>denique</strong></span> <span class='ocrx_word' id='word_1_637' title='bbox 1067 4847 1192 4888; x_wconf 90' lang='lat' dir='ltr'><strong>ven.</strong></span> <span class='ocrx_word' id='word_1_638' title='bbox 1226 4829 1404 4897; x_wconf 89' lang='lat' dir='ltr'><strong>Beda,</strong></span> <span class='ocrx_word' id='word_1_639' title='bbox 1430 4827 1718 4884; x_wconf 82' lang='lat' dir='ltr'><strong>Rhabanus</strong></span> <span class='ocrx_word' id='word_1_640' title='bbox 1749 4837 1934 4884; x_wconf 92' lang='lat' dir='ltr'><strong>noster</strong></span> <span class='ocrx_word' id='word_1_641' title='bbox 1950 4839 2004 4885; x_wconf 89' lang='lat' dir='ltr'><strong>et</strong></span> <span class='ocrx_word' id='word_1_642' title='bbox 2032 4829 2170 4902; x_wconf 83' lang='lat' dir='ltr'><strong>llay-</strong></span> 
     </span>
    </p>
   </div>
   <div class='ocr_carea' id='block_1_75' title="bbox 593 4919 2169 4992">
    <p class='ocr_par' dir='ltr' id='par_1_75' title="bbox 593 4919 2169 4992">
     <span class='ocr_line' id='line_1_75' title="bbox 593 4919 2169 4992; baseline -0.003 -8"><span class='ocrx_word' id='word_1_643' title='bbox 593 4946 683 4986; x_wconf 91' lang='lat' dir='ltr'><strong>mo</strong></span> <span class='ocrx_word' id='word_1_644' title='bbox 725 4926 875 4982; x_wconf 86' lang='lat' dir='ltr'><strong>Cum.</strong></span> <span class='ocrx_word' id='word_1_645' title='bbox 900 4928 950 4980; x_wconf 96' lang='lat' dir='ltr'><strong>in</strong></span> <span class='ocrx_word' id='word_1_646' title='bbox 996 4925 1133 4982; x_wconf 89' lang='lat' dir='ltr'><strong>Gen.</strong></span> <span class='ocrx_word' id='word_1_647' title='bbox 1161 4923 1462 4980; x_wconf 80' lang='lat' dir='ltr'><strong>scribentes</strong></span> <span class='ocrx_word' id='word_1_648' title='bbox 1486 4930 1541 4977; x_wconf 86' lang='lat' dir='ltr'><strong>et</strong></span> <span class='ocrx_word' id='word_1_649' title='bbox 1582 4921 1634 4975; x_wconf 91' lang='lat' dir='ltr'><strong>in</strong></span> <span class='ocrx_word' id='word_1_650' title='bbox 1664 4919 1955 4992; x_wconf 90' lang='lat' dir='ltr'><strong>Scriptnris</strong></span> <span class='ocrx_word' id='word_1_651' title='bbox 2001 4925 2169 4980; x_wconf 83' lang='lat' dir='ltr'><strong>sacris</strong></span> 
     </span>
    </p>
   </div>
   <div class='ocr_carea' id='block_1_76' title="bbox 578 5013 2168 5094">
    <p class='ocr_par' dir='ltr' id='par_1_76' title="bbox 578 5013 2168 5094">
     <span class='ocr_line' id='line_1_76' title="bbox 578 5013 2168 5094; baseline -0.006 -12"><span class='ocrx_word' id='word_1_652' title='bbox 578 5029 886 5094; x_wconf 88' lang='lat' dir='ltr'><strong>frequenter</strong></span> <span class='ocrx_word' id='word_1_653' title='bbox 914 5019 1223 5090; x_wconf 86' lang='lat' dir='ltr'><strong>angelorum</strong></span> <span class='ocrx_word' id='word_1_654' title='bbox 1273 5015 1488 5072; x_wconf 90' lang='lat' dir='ltr'><strong>nomine</strong></span> <span class='ocrx_word' id='word_1_655' title='bbox 1528 5015 1670 5069; x_wconf 88' lang='lat' dir='ltr'><strong>viros</strong></span> <span class='ocrx_word' id='word_1_656' title='bbox 1700 5013 1889 5071; x_wconf 83' lang='lat' dir='ltr'><strong>fideles</strong></span> <span class='ocrx_word' id='word_1_657' title='bbox 1913 5023 1969 5070; x_wconf 92' lang='lat' dir='ltr'><strong>et</strong></span> <span class='ocrx_word' id='word_1_658' title='bbox 1993 5015 2168 5086; x_wconf 85' lang='lat' dir='ltr'><strong>justos</strong></span> 
     </span>
    </p>
   </div>
   <div class='ocr_carea' id='block_1_77' title="bbox 579 5106 2165 5190">
    <p class='ocr_par' dir='ltr' id='par_1_77' title="bbox 579 5106 2165 5190">
     <span class='ocr_line' id='line_1_77' title="bbox 579 5106 2165 5190; baseline -0.006 -16"><span class='ocrx_word' id='word_1_659' title='bbox 579 5115 860 5190; x_wconf 73' lang='lat' dir='ltr'><strong>appellari.</strong></span> <span class='ocrx_word' id='word_1_660' title='bbox 883 5111 1019 5182; x_wconf 87' lang='lat' dir='ltr'><strong>Quid</strong></span> <span class='ocrx_word' id='word_1_661' title='bbox 1046 5152 1059 5176; x_wconf 91' lang='lat'><strong>,</strong></span> <span class='ocrx_word' id='word_1_662' title='bbox 1083 5110 1223 5182; x_wconf 91' lang='lat' dir='ltr'><strong>quod</strong></span> <span class='ocrx_word' id='word_1_663' title='bbox 1262 5108 1576 5171; x_wconf 78' lang='lat' dir='ltr'><strong>Pliilnstrius</strong></span> <span class='ocrx_word' id='word_1_664' title='bbox 1598 5106 1689 5163; x_wconf 92' lang='lat' dir='ltr'><strong>lib.</strong></span> <span class='ocrx_word' id='word_1_665' title='bbox 1720 5107 1787 5164; x_wconf 92' lang='lat' dir='ltr'><strong>de</strong></span> <span class='ocrx_word' id='word_1_666' title='bbox 1816 5106 2021 5164; x_wconf 71' lang='lat' dir='ltr'><strong>llzcres.</strong></span> <span class='ocrx_word' id='word_1_667' title='bbox 2046 5124 2165 5182; x_wconf 89' lang='lat' dir='ltr'><strong>cap.</strong></span> 
     </span>
    </p>
   </div>
   <div class='ocr_carea' id='block_1_78' title="bbox 578 5202 2169 5276">
    <p class='ocr_par' dir='ltr' id='par_1_78' title="bbox 578 5202 2169 5276">
     <span class='ocr_line' id='line_1_78' title="bbox 578 5202 2169 5276; baseline -0.006 -6"><span class='ocrx_word' id='word_1_668' title='bbox 578 5212 703 5272; x_wconf 86' lang='grc'><strong>108.</strong></span> <span class='ocrx_word' id='word_1_669' title='bbox 730 5211 871 5267; x_wconf 90' lang='lat' dir='ltr'><strong>inter</strong></span> <span class='ocrx_word' id='word_1_670' title='bbox 893 5206 1148 5263; x_wconf 74' lang='lat' dir='ltr'><strong>lizereseis</strong></span> <span class='ocrx_word' id='word_1_671' title='bbox 1191 5206 1434 5260; x_wconf 88' lang='lat' dir='ltr'><strong>rec’enset</strong></span> <span class='ocrx_word' id='word_1_672' title='bbox 1450 5218 1543 5259; x_wconf 91' lang='lat' dir='ltr'><strong>eos</strong></span> <span class='ocrx_word' id='word_1_673' title='bbox 1563 5202 1655 5272; x_wconf 89' lang='lat' dir='ltr'><strong>qui</strong></span> <span class='ocrx_word' id='word_1_674' title='bbox 1679 5211 1927 5260; x_wconf 87' lang='lat' dir='ltr'><strong>asserunt</strong></span> <span class='ocrx_word' id='word_1_675' title='bbox 1948 5204 2169 5276; x_wconf 86' lang='lat' dir='ltr'><strong>angelos</strong></span> 
     </span>
    </p>
   </div>
   <div class='ocr_carea' id='block_1_79' title="bbox 576 5293 2169 5362">
    <p class='ocr_par' dir='ltr' id='par_1_79' title="bbox 576 5293 2169 5362">
     <span class='ocr_line' id='line_1_79' title="bbox 576 5293 2169 5362; baseline -0.008 0"><span class='ocrx_word' id='word_1_676' title='bbox 576 5304 859 5362; x_wconf 87' lang='lat' dir='ltr'><strong>miscuisse</strong></span> <span class='ocrx_word' id='word_1_677' title='bbox 880 5316 940 5358; x_wconf 90' lang='lat' dir='ltr'><strong>se</strong></span> <span class='ocrx_word' id='word_1_678' title='bbox 970 5314 1089 5356; x_wconf 89' lang='lat' dir='ltr'><strong>cum</strong></span> <span class='ocrx_word' id='word_1_679' title='bbox 1121 5296 1354 5354; x_wconf 74' lang='lat' dir='ltr'><strong>fmminis</strong></span> <span class='ocrx_word' id='word_1_680' title='bbox 1377 5304 1503 5351; x_wconf 88' lang='lat' dir='ltr'><strong>ante</strong></span> <span class='ocrx_word' id='word_1_681' title='bbox 1532 5293 1813 5362; x_wconf 86' lang='lat' dir='ltr'><strong>diluvium,</strong></span> <span class='ocrx_word' id='word_1_682' title='bbox 1842 5304 1896 5351; x_wconf 89' lang='lat' dir='ltr'><strong>et</strong></span> <span class='ocrx_word' id='word_1_683' title='bbox 1920 5295 2044 5352; x_wconf 91' lang='lat' dir='ltr'><strong>inde</strong></span> <span class='ocrx_word' id='word_1_684' title='bbox 2074 5311 2169 5355; x_wconf 83' lang='lat' dir='ltr'><strong>na-</strong></span> 
     </span>
    </p>
   </div>
   <div class='ocr_carea' id='block_1_80' title="bbox 573 5392 1125 5467">
    <p class='ocr_par' dir='ltr' id='par_1_80' title="bbox 573 5392 1125 5467">
     <span class='ocr_line' id='line_1_80' title="bbox 573 5392 1125 5467; baseline -0.014 -14"><span class='ocrx_word' id='word_1_685' title='bbox 573 5406 659 5455; x_wconf 85' lang='lat' dir='ltr'><strong>tos</strong></span> <span class='ocrx_word' id='word_1_686' title='bbox 687 5410 808 5453; x_wconf 89' lang='lat' dir='ltr'><strong>esse</strong></span> <span class='ocrx_word' id='word_1_687' title='bbox 827 5392 1125 5467; x_wconf 71' lang='lat' dir='ltr'><strong>gigantes?</strong></span> 
     </span>
    </p>
   </div>
   <div class='ocr_carea' id='block_1_81' title="bbox 570 5500 2169 5575">
    <p class='ocr_par' dir='ltr' id='par_1_81' title="bbox 570 5500 2169 5575">
     <span class='ocr_line' id='line_1_81' title="bbox 570 5500 2169 5575; baseline -0.004 -10"><span class='ocrx_word' id='word_1_688' title='bbox 570 5511 626 5565; x_wconf 81' lang='lat'><strong>‘2.</strong></span> <span class='ocrx_word' id='word_1_689' title='bbox 670 5510 747 5564; x_wconf 90' lang='lat' dir='ltr'><strong>De</strong></span> <span class='ocrx_word' id='word_1_690' title='bbox 772 5505 1083 5575; x_wconf 86' lang='lat' dir='ltr'><strong>angelorum</strong></span> <span class='ocrx_word' id='word_1_691' title='bbox 1106 5500 1531 5575; x_wconf 88' lang='lat' dir='ltr'><strong>apparitionibus</strong></span> <span class='ocrx_word' id='word_1_692' title='bbox 1557 5500 1610 5557; x_wconf 91' lang='lat' dir='ltr'><strong>in</strong></span> <span class='ocrx_word' id='word_1_693' title='bbox 1642 5515 1765 5556; x_wconf 86' lang='lat' dir='ltr'><strong>vera</strong></span> <span class='ocrx_word' id='word_1_694' title='bbox 1798 5501 2026 5559; x_wconf 87' lang='lat' dir='ltr'><strong>humana</strong></span> <span class='ocrx_word' id='word_1_695' title='bbox 2045 5519 2169 5560; x_wconf 88' lang='lat' dir='ltr'><strong>car-</strong></span> 
     </span>
    </p>
   </div>
   <div class='ocr_carea' id='block_1_82' title="bbox 572 5592 2167 5680">
    <p class='ocr_par' dir='ltr' id='par_1_82' title="bbox 572 5592 2167 5680">
     <span class='ocr_line' id='line_1_82' title="bbox 572 5592 2167 5680; baseline -0.004 -21"><span class='ocrx_word' id='word_1_696' title='bbox 572 5600 591 5607; x_wconf 34' lang='lat'>”</span> <span class='ocrx_word' id='word_1_697' title='bbox 645 5617 733 5658; x_wconf 88' lang='lat' dir='ltr'><strong>ne.</strong></span> <span class='ocrx_word' id='word_1_698' title='bbox 761 5598 909 5655; x_wconf 86' lang='lat' dir='ltr'><strong>Tom.</strong></span> <span class='ocrx_word' id='word_1_699' title='bbox 943 5597 1029 5664; x_wconf 89' lang='lat' dir='ltr'><strong>Ill,</strong></span> <span class='ocrx_word' id='word_1_700' title='bbox 1055 5597 1141 5652; x_wconf 88' lang='lat' dir='ltr'><strong>lib.</strong></span> <span class='ocrx_word' id='word_1_701' title='bbox 1178 5592 1372 5652; x_wconf 87' lang='lat' dir='ltr'><strong>llla‘dv.</strong></span> <span class='ocrx_word' id='word_1_702' title='bbox 1409 5594 1574 5649; x_wconf 78' lang='lat' dir='ltr'><strong>Marc.</strong></span> <span class='ocrx_word' id='word_1_703' title='bbox 1608 5610 1724 5666; x_wconf 86' lang='lat' dir='ltr'><strong>cap.</strong></span> <span class='ocrx_word' id='word_1_704' title='bbox 1749 5593 1802 5650; x_wconf 82' lang='lat'><strong>9.</strong></span> <span class='ocrx_word' id='word_1_705' title='bbox 1828 5611 1969 5680; x_wconf 83' lang='lat' dir='ltr'><strong>num.</strong></span> <span class='ocrx_word' id='word_1_706' title='bbox 1999 5597 2167 5652; x_wconf 80' lang='lat' dir='ltr'><strong>6Lac</strong></span> 
     </span>
    </p>
   </div>
   <div class='ocr_carea' id='block_1_83' title="bbox 644 5688 1175 5777">
    <p class='ocr_par' dir='ltr' id='par_1_83' title="bbox 644 5688 1175 5777">
     <span class='ocr_line' id='line_1_83' title="bbox 644 5688 1175 5777; baseline -0.009 -31"><span class='ocrx_word' id='word_1_707' title='bbox 644 5709 760 5765; x_wconf 84' lang='lat' dir='ltr'><strong>cap.</strong></span> <span class='ocrx_word' id='word_1_708' title='bbox 798 5690 883 5758; x_wconf 87' lang='grc'><strong>11,</strong></span> <span class='ocrx_word' id='word_1_709' title='bbox 916 5705 1058 5744; x_wconf 86' lang='lat' dir='ltr'><strong>nam.</strong></span> <span class='ocrx_word' id='word_1_710' title='bbox 1083 5688 1175 5777; x_wconf 70' lang='lat'><strong>72.</strong></span> 
     </span>
    </p>
   </div>
   <div class='ocr_carea' id='block_1_84' title="bbox 642 5800 2166 5881">
    <p class='ocr_par' dir='ltr' id='par_1_84' title="bbox 642 5800 2166 5881">
     <span class='ocr_line' id='line_1_84' title="bbox 642 5800 2166 5881; baseline 0 -17"><span class='ocrx_word' id='word_1_711' title='bbox 642 5805 901 5864; x_wconf 74' lang='lat' dir='ltr'><strong>Videntur</strong></span> <span class='ocrx_word' id='word_1_712' title='bbox 923 5802 1137 5878; x_wconf 89' lang='lat' dir='ltr'><strong>quidem</strong></span> <span class='ocrx_word' id='word_1_713' title='bbox 1170 5804 1272 5881; x_wconf 85' lang='lat' dir='ltr'><strong>tale</strong></span> <span class='ocrx_word' id='word_1_714' title='bbox 1302 5801 1426 5874; x_wconf 89' lang='lat' dir='ltr'><strong>quid</strong></span> <span class='ocrx_word' id='word_1_715' title='bbox 1451 5816 1641 5862; x_wconf 85' lang='lat' dir='ltr'><strong>sonare</strong></span> <span class='ocrx_word' id='word_1_716' title='bbox 1661 5800 1821 5865; x_wconf 83' lang='lat' dir='ltr'><strong>verba</strong></span> <span class='ocrx_word' id='word_1_717' title='bbox 1840 5802 1927 5863; x_wconf 82' lang='lat' dir='ltr'><strong>illa</strong></span> <span class='ocrx_word' id='word_1_718' title='bbox 1949 5804 2166 5864; x_wconf 85' lang='lat' dir='ltr'><strong>Tertul-</strong></span> 
     </span>
    </p>
   </div>
   <div class='ocr_carea' id='block_1_85' title="bbox 2271 4606 3864 4689">
    <p class='ocr_par' dir='ltr' id='par_1_85' title="bbox 2271 4606 3864 4689">
     <span class='ocr_line' id='line_1_85' title="bbox 2271 4606 3864 4689; baseline 0 -17"><span class='ocrx_word' id='word_1_719' title='bbox 2271 4631 2393 4672; x_wconf 89' lang='lat' dir='ltr'><strong>men</strong></span> <span class='ocrx_word' id='word_1_720' title='bbox 2417 4625 2626 4688; x_wconf 85' lang='lat' dir='ltr'><strong>recepta</strong></span> <span class='ocrx_word' id='word_1_721' title='bbox 2672 4625 2791 4684; x_wconf 92' lang='lat' dir='ltr'><strong>est,</strong></span> <span class='ocrx_word' id='word_1_722' title='bbox 2828 4606 3066 4689; x_wconf 86' lang='lat' dir='ltr'><strong>mihique</strong></span> <span class='ocrx_word' id='word_1_723' title='bbox 3093 4618 3265 4688; x_wconf 85' lang='lat' dir='ltr'><strong>placet</strong></span> <span class='ocrx_word' id='word_1_724' title='bbox 3309 4632 3496 4674; x_wconf 90' lang='lat' dir='ltr'><strong>eorum</strong></span> <span class='ocrx_word' id='word_1_725' title='bbox 3552 4619 3814 4674; x_wconf 88' lang='lat' dir='ltr'><strong>sententia</strong></span> <span class='ocrx_word' id='word_1_726' title='bbox 3847 4659 3864 4687; x_wconf 93' lang='lat'><strong>,</strong></span> 
     </span>
    </p>
   </div>
   <div class='ocr_carea' id='block_1_86' title="bbox 2270 4708 3865 4783">
    <p class='ocr_par' dir='ltr' id='par_1_86' title="bbox 2270 4708 3865 4783">
     <span class='ocr_line' id='line_1_86' title="bbox 2270 4708 3865 4783; baseline 0.003 -20"><span class='ocrx_word' id='word_1_727' title='bbox 2270 4708 2359 4781; x_wconf 88' lang='lat' dir='ltr'><strong>qui</strong></span> <span class='ocrx_word' id='word_1_728' title='bbox 2382 4708 2726 4779; x_wconf 84' lang='lat' dir='ltr'><strong>incorporeus</strong></span> <span class='ocrx_word' id='word_1_729' title='bbox 2757 4708 2986 4776; x_wconf 88' lang='lat' dir='ltr'><strong>faciunt,</strong></span> <span class='ocrx_word' id='word_1_730' title='bbox 3045 4711 3186 4767; x_wconf 89' lang='lat' dir='ltr'><strong>inter</strong></span> <span class='ocrx_word' id='word_1_731' title='bbox 3209 4726 3345 4783; x_wconf 89' lang='lat' dir='ltr'><strong>quos</strong></span> <span class='ocrx_word' id='word_1_732' title='bbox 3376 4712 3594 4768; x_wconf 83' lang='lat' dir='ltr'><strong>veniunt</strong></span> <span class='ocrx_word' id='word_1_733' title='bbox 3620 4726 3865 4768; x_wconf 88' lang='lat' dir='ltr'><strong>comme-</strong></span> 
     </span>
    </p>
   </div>
   <div class='ocr_carea' id='block_1_87' title="bbox 2274 4797 3866 4873">
    <p class='ocr_par' dir='ltr' id='par_1_87' title="bbox 2274 4797 3866 4873">
     <span class='ocr_line' id='line_1_87' title="bbox 2274 4797 3866 4873; baseline 0.002 -19"><span class='ocrx_word' id='word_1_734' title='bbox 2274 4798 2514 4854; x_wconf 89' lang='lat' dir='ltr'><strong>morandi</strong></span> <span class='ocrx_word' id='word_1_735' title='bbox 2544 4797 2642 4856; x_wconf 90' lang='lat' dir='ltr'><strong>SS.</strong></span> <span class='ocrx_word' id='word_1_736' title='bbox 2673 4800 2890 4873; x_wconf 84' lang='lat' dir='ltr'><strong>Dionys.</strong></span> <span class='ocrx_word' id='word_1_737' title='bbox 2915 4802 3112 4873; x_wconf 80' lang='lat' dir='ltr'><strong>ArcOp.</strong></span> <span class='ocrx_word' id='word_1_738' title='bbox 3145 4818 3193 4858; x_wconf 76' lang='grc' dir='ltr'><strong>ο.</strong></span> <span class='ocrx_word' id='word_1_739' title='bbox 3218 4802 3277 4857; x_wconf 75' lang='grc'><strong>2.</strong></span> <span class='ocrx_word' id='word_1_740' title='bbox 3307 4802 3527 4860; x_wconf 75' lang='lat' dir='ltr'><strong>leest.</strong></span> <span class='ocrx_word' id='word_1_741' title='bbox 3556 4803 3866 4872; x_wconf 89' lang='lat' dir='ltr'><strong>llierarch.,</strong></span> 
     </span>
    </p>
   </div>
   <div class='ocr_carea' id='block_1_88' title="bbox 2272 4880 3869 4967">
    <p class='ocr_par' dir='ltr' id='par_1_88' title="bbox 2272 4880 3869 4967">
     <span class='ocr_line' id='line_1_88' title="bbox 2272 4880 3869 4967; baseline 0.004 -22"><span class='ocrx_word' id='word_1_742' title='bbox 2272 4889 2528 4946; x_wconf 80' lang='lat' dir='ltr'><strong>Albanas.</strong></span> <span class='ocrx_word' id='word_1_743' title='bbox 2558 4891 2626 4951; x_wconf 90' lang='lat' dir='ltr'><strong>de</strong></span> <span class='ocrx_word' id='word_1_744' title='bbox 2653 4890 2935 4955; x_wconf 88' lang='lat' dir='ltr'><strong>Commun.</strong></span> <span class='ocrx_word' id='word_1_745' title='bbox 2962 4893 3173 4950; x_wconf 88' lang='lat' dir='ltr'><strong>Essent.</strong></span> <span class='ocrx_word' id='word_1_746' title='bbox 3196 4880 3366 4950; x_wconf 66' lang='lat' dir='ltr'><strong>Pairis</strong></span> <span class='ocrx_word' id='word_1_747' title='bbox 3395 4905 3450 4951; x_wconf 92' lang='lat' dir='ltr'><strong>et</strong></span> <span class='ocrx_word' id='word_1_748' title='bbox 3478 4895 3593 4951; x_wconf 87' lang='lat' dir='ltr'><strong>Filii</strong></span> <span class='ocrx_word' id='word_1_749' title='bbox 3624 4905 3677 4950; x_wconf 85' lang='lat' dir='ltr'><strong>et</strong></span> <span class='ocrx_word' id='word_1_750' title='bbox 3700 4894 3869 4967; x_wconf 89' lang='lat' dir='ltr'><strong>Spiri-</strong></span> 
     </span>
    </p>
   </div>
   <div class='ocr_carea' id='block_1_89' title="bbox 2276 4981 3935 5058">
    <p class='ocr_par' dir='ltr' id='par_1_89' title="bbox 2276 4981 3935 5058">
     <span class='ocr_line' id='line_1_89' title="bbox 2276 4981 3935 5058; baseline 0.005 -22"><span class='ocrx_word' id='word_1_751' title='bbox 2276 4989 2359 5037; x_wconf 92' lang='lat' dir='ltr'><strong>tus</strong></span> <span class='ocrx_word' id='word_1_752' title='bbox 2383 4981 2555 5039; x_wconf 85' lang='lat' dir='ltr'><strong>sancti</strong></span> <span class='ocrx_word' id='word_1_753' title='bbox 2585 4982 2834 5056; x_wconf 85' lang='lat' dir='ltr'><strong>besost.</strong></span> <span class='ocrx_word' id='word_1_754' title='bbox 2864 4984 3052 5049; x_wconf 89' lang='lat' dir='ltr'><strong>homil.</strong></span> <span class='ocrx_word' id='word_1_755' title='bbox 3083 4984 3173 5041; x_wconf 73' lang='lat'><strong>22.</strong></span> <span class='ocrx_word' id='word_1_756' title='bbox 3208 4985 3263 5041; x_wconf 92' lang='lat' dir='ltr'><strong>in</strong></span> <span class='ocrx_word' id='word_1_757' title='bbox 3290 4984 3425 5043; x_wconf 89' lang='lat' dir='ltr'><strong>Gen.</strong></span> <span class='ocrx_word' id='word_1_758' title='bbox 3444 4984 3632 5058; x_wconf 81' lang='lat' dir='ltr'><strong>Cyrill.</strong></span> <span class='ocrx_word' id='word_1_759' title='bbox 3651 4986 3789 5044; x_wconf 90' lang='lat' dir='ltr'><strong>libro</strong></span> <span class='ocrx_word' id='word_1_760' title='bbox 3810 4988 3868 5055; x_wconf 69' lang='grc'><strong>«1,</strong></span> <span class='ocrx_word' id='word_1_761' title='bbox 3916 5008 3935 5031; x_wconf 80' lang='grc' dir='ltr'><strong><em>ι</em></strong></span> 
     </span>
    </p>
   </div>
   <div class='ocr_carea' id='block_1_90' title="bbox 2272 5075 2759 5149">
    <p class='ocr_par' dir='ltr' id='par_1_90' title="bbox 2272 5075 2759 5149">
     <span class='ocr_line' id='line_1_90' title="bbox 2272 5075 2759 5149; baseline 0 -18"><span class='ocrx_word' id='word_1_762' title='bbox 2272 5076 2325 5134; x_wconf 91' lang='lat' dir='ltr'><strong>in</strong></span> <span class='ocrx_word' id='word_1_763' title='bbox 2351 5075 2545 5133; x_wconf 84' lang='lat' dir='ltr'><strong>Joann.</strong></span> <span class='ocrx_word' id='word_1_764' title='bbox 2567 5078 2759 5149; x_wconf 84' lang='lat' dir='ltr'><strong>capite.</strong></span> 
     </span>
    </p>
   </div>
   <div class='ocr_carea' id='block_1_91' title="bbox 2271 5211 3864 5284">
    <p class='ocr_par' dir='ltr' id='par_1_91' title="bbox 2271 5211 3864 5284">
     <span class='ocr_line' id='line_1_91' title="bbox 2271 5211 3864 5284; baseline 0.002 -17"><span class='ocrx_word' id='word_1_765' title='bbox 2271 5212 2326 5267; x_wconf 86' lang='lat'><strong>&#39;5.</strong></span> <span class='ocrx_word' id='word_1_766' title='bbox 2358 5211 2433 5269; x_wconf 91' lang='lat' dir='ltr'><strong>De</strong></span> <span class='ocrx_word' id='word_1_767' title='bbox 2475 5213 2651 5269; x_wconf 84' lang='lat' dir='ltr'><strong>anima</strong></span> <span class='ocrx_word' id='word_1_768' title='bbox 2680 5212 2835 5284; x_wconf 90' lang='lat' dir='ltr'><strong>primi</strong></span> <span class='ocrx_word' id='word_1_769' title='bbox 2864 5214 3095 5270; x_wconf 88' lang='lat' dir='ltr'><strong>hominis</strong></span> <span class='ocrx_word' id='word_1_770' title='bbox 3126 5230 3191 5271; x_wconf 83' lang='lat' dir='ltr'><strong>ex</strong></span> <span class='ocrx_word' id='word_1_771' title='bbox 3223 5216 3448 5271; x_wconf 89' lang='lat' dir='ltr'><strong>materia</strong></span> <span class='ocrx_word' id='word_1_772' title='bbox 3480 5216 3592 5273; x_wconf 90' lang='lat' dir='ltr'><strong>Dei.</strong></span> <span class='ocrx_word' id='word_1_773' title='bbox 3628 5225 3750 5273; x_wconf 90' lang='lat' dir='ltr'><strong>tom.</strong></span> <span class='ocrx_word' id='word_1_774' title='bbox 3774 5214 3864 5272; x_wconf 84' lang='lat' dir='ltr'><strong>III.</strong></span> 
     </span>
    </p>
   </div>
   <div class='ocr_carea' id='block_1_92' title="bbox 2490 5306 3649 5368">
    <p class='ocr_par' dir='ltr' id='par_1_92' title="bbox 2490 5306 3649 5368">
     <span class='ocr_line' id='line_1_92' title="bbox 2490 5306 3649 5368; baseline 0.003 -6"><span class='ocrx_word' id='word_1_775' title='bbox 2490 5306 2578 5362; x_wconf 90' lang='lat' dir='ltr'><strong>lib.</strong></span> <span class='ocrx_word' id='word_1_776' title='bbox 2610 5306 2699 5362; x_wconf 79' lang='lat' dir='ltr'><strong>IV.</strong></span> <span class='ocrx_word' id='word_1_777' title='bbox 2729 5308 2926 5363; x_wconf 73' lang='lat' dir='ltr'><strong>adre’rs.</strong></span> <span class='ocrx_word' id='word_1_778' title='bbox 2957 5307 3121 5365; x_wconf 74' lang='lat' dir='ltr'><strong>Marc.</strong></span> <span class='ocrx_word' id='word_1_779' title='bbox 3153 5326 3201 5363; x_wconf 79' lang='grc' dir='ltr'><strong>ι’.</strong></span> <span class='ocrx_word' id='word_1_780' title='bbox 3229 5310 3319 5366; x_wconf 78' lang='grc'><strong>58.</strong></span> <span class='ocrx_word' id='word_1_781' title='bbox 3352 5327 3493 5365; x_wconf 88' lang='lat' dir='ltr'><strong>num.</strong></span> <span class='ocrx_word' id='word_1_782' title='bbox 3524 5311 3649 5368; x_wconf 86' lang='grc'><strong>611.</strong></span> 
     </span>
    </p>
   </div>
   <div class='ocr_carea' id='block_1_93' title="bbox 2344 5424 3869 5514">
    <p class='ocr_par' dir='ltr' id='par_1_93' title="bbox 2344 5424 3869 5514">
     <span class='ocr_line' id='line_1_93' title="bbox 2344 5424 3869 5514; baseline 0.004 -16"><span class='ocrx_word' id='word_1_783' title='bbox 2344 5441 2460 5498; x_wconf 82' lang='lat' dir='ltr'><strong>lluc</strong></span> <span class='ocrx_word' id='word_1_784' title='bbox 2484 5424 2995 5514; x_wconf 60' lang='lat' dir='ltr'><strong>qttidenrpertinere</strong></span> <span class='ocrx_word' id='word_1_785' title='bbox 3040 5443 3284 5501; x_wconf 82' lang='lat' dir='ltr'><strong>videntur</strong></span> <span class='ocrx_word' id='word_1_786' title='bbox 3306 5444 3395 5501; x_wconf 93' lang='lat' dir='ltr'><strong>illa</strong></span> <span class='ocrx_word' id='word_1_787' title='bbox 3429 5445 3663 5502; x_wconf 90' lang='lat' dir='ltr'><strong>auctoris</strong></span> <span class='ocrx_word' id='word_1_788' title='bbox 3705 5446 3869 5504; x_wconf 88' lang='lat' dir='ltr'><strong>verba</strong></span> 
     </span>
    </p>
   </div>
   <div class='ocr_carea' id='block_1_94' title="bbox 2270 5535 3863 5606">
    <p class='ocr_par' dir='ltr' id='par_1_94' title="bbox 2270 5535 3863 5606">
     <span class='ocr_line' id='line_1_94' title="bbox 2270 5535 3863 5606; baseline 0.003 -14"><span class='ocrx_word' id='word_1_789' title='bbox 2270 5535 2585 5605; x_wconf 73' lang='lat' dir='ltr'><strong>esplicantis</strong></span> <span class='ocrx_word' id='word_1_790' title='bbox 2615 5535 2744 5592; x_wconf 81' lang='lat' dir='ltr'><strong>illud</strong></span> <span class='ocrx_word' id='word_1_791' title='bbox 2769 5535 2899 5593; x_wconf 89' lang='lat' dir='ltr'><strong>Luc.</strong></span> <span class='ocrx_word' id='word_1_792' title='bbox 2925 5535 3043 5593; x_wconf 82' lang='lat' dir='ltr'><strong>XX.</strong></span> <span class='ocrx_word' id='word_1_793' title='bbox 3087 5536 3306 5594; x_wconf 86' lang='lat' dir='ltr'><strong>Reddite</strong></span> <span class='ocrx_word' id='word_1_794' title='bbox 3329 5554 3442 5606; x_wconf 81' lang='lat' dir='ltr'><strong>qua:</strong></span> <span class='ocrx_word' id='word_1_795' title='bbox 3460 5548 3576 5594; x_wconf 85' lang='lat' dir='ltr'><strong>sunt</strong></span> <span class='ocrx_word' id='word_1_796' title='bbox 3601 5538 3695 5595; x_wconf 86' lang='lat' dir='ltr'><strong>Dei</strong></span> <span class='ocrx_word' id='word_1_797' title='bbox 3715 5537 3823 5605; x_wconf 83' lang='lat' dir='ltr'><strong>Deo</strong></span> <span class='ocrx_word' id='word_1_798' title='bbox 3842 5556 3863 5597; x_wconf 88' lang='lat'><strong><em>:</em></strong></span> 
     </span>
    </p>
   </div>
   <div class='ocr_carea' id='block_1_95' title="bbox 2271 5624 3867 5704">
    <p class='ocr_par' dir='ltr' id='par_1_95' title="bbox 2271 5624 3867 5704">
     <span class='ocr_line' id='line_1_95' title="bbox 2271 5624 3867 5704; baseline 0.004 -22"><span class='ocrx_word' id='word_1_799' title='bbox 2271 5624 2543 5683; x_wconf 80' lang='lat' dir='ltr'><strong>Hominem</strong></span> <span class='ocrx_word' id='word_1_800' title='bbox 2569 5628 2724 5702; x_wconf 85' lang='lat' dir='ltr'><strong>igitur</strong></span> <span class='ocrx_word' id='word_1_801' title='bbox 2748 5627 2899 5683; x_wconf 85' lang='lat' dir='ltr'><strong>reddi</strong></span> <span class='ocrx_word' id='word_1_802' title='bbox 2920 5628 3065 5700; x_wconf 83' lang='lat' dir='ltr'><strong>jubet</strong></span> <span class='ocrx_word' id='word_1_803' title='bbox 3099 5626 3354 5697; x_wconf 87' lang='lat' dir='ltr'><strong>Creatori,</strong></span> <span class='ocrx_word' id='word_1_804' title='bbox 3383 5630 3435 5684; x_wconf 87' lang='lat' dir='ltr'><strong>in</strong></span> <span class='ocrx_word' id='word_1_805' title='bbox 3465 5631 3614 5698; x_wconf 82' lang='lat' dir='ltr'><strong>cuius</strong></span> <span class='ocrx_word' id='word_1_806' title='bbox 3643 5631 3867 5704; x_wconf 82' lang='lat' dir='ltr'><strong>imagine</strong></span> 
     </span>
    </p>
   </div>
   <div class='ocr_carea' id='block_1_96' title="bbox 2260 5718 3866 5797">
    <p class='ocr_par' dir='ltr' id='par_1_96' title="bbox 2260 5718 3866 5797">
     <span class='ocr_line' id='line_1_96' title="bbox 2260 5718 3866 5797; baseline 0.003 -23"><span class='ocrx_word' id='word_1_807' title='bbox 2260 5729 2312 5789; x_wconf 21' lang='lat' dir='ltr'><strong>det</strong></span> <span class='ocrx_word' id='word_1_808' title='bbox 2338 5718 2665 5775; x_wconf 84' lang='lat' dir='ltr'><strong>similitudine</strong></span> <span class='ocrx_word' id='word_1_809' title='bbox 2695 5727 2741 5773; x_wconf 88' lang='lat' dir='ltr'><strong>et</strong></span> <span class='ocrx_word' id='word_1_810' title='bbox 2784 5719 2983 5774; x_wconf 82' lang='lat' dir='ltr'><strong>nomine</strong></span> <span class='ocrx_word' id='word_1_811' title='bbox 3016 5729 3064 5797; x_wconf 83' lang='lat' dir='ltr'><strong>et</strong></span> <span class='ocrx_word' id='word_1_812' title='bbox 3095 5721 3305 5777; x_wconf 85' lang='lat' dir='ltr'><strong>materia</strong></span> <span class='ocrx_word' id='word_1_813' title='bbox 3333 5737 3605 5791; x_wconf 79' lang='lat' dir='ltr'><strong>expressus</strong></span> <span class='ocrx_word' id='word_1_814' title='bbox 3636 5732 3730 5777; x_wconf 89' lang='lat' dir='ltr'><strong>est.</strong></span> <span class='ocrx_word' id='word_1_815' title='bbox 3764 5721 3866 5789; x_wconf 82' lang='lat' dir='ltr'><strong>Qui</strong></span> 
     </span>
    </p>
   </div>
   <div class='ocr_carea' id='block_1_97' title="bbox 2267 5810 3865 5881">
    <p class='ocr_par' dir='ltr' id='par_1_97' title="bbox 2267 5810 3865 5881">
     <span class='ocr_line' id='line_1_97' title="bbox 2267 5810 3865 5881; baseline 0.003 -13"><span class='ocrx_word' id='word_1_816' title='bbox 2267 5810 2416 5868; x_wconf 86' lang='lat' dir='ltr'><strong>locus</strong></span> <span class='ocrx_word' id='word_1_817' title='bbox 2464 5810 2703 5873; x_wconf 75' lang='lat' dir='ltr'><strong>fortassis</strong></span> <span class='ocrx_word' id='word_1_818' title='bbox 2746 5812 2798 5868; x_wconf 92' lang='lat' dir='ltr'><strong>in</strong></span> <span class='ocrx_word' id='word_1_819' title='bbox 2828 5826 2987 5870; x_wconf 86' lang='lat' dir='ltr'><strong>causa</strong></span> <span class='ocrx_word' id='word_1_820' title='bbox 3029 5811 3124 5869; x_wconf 89' lang='lat' dir='ltr'><strong>fuit</strong></span> <span class='ocrx_word' id='word_1_821' title='bbox 3164 5814 3238 5870; x_wconf 92' lang='lat' dir='ltr'><strong>uti</strong></span> <span class='ocrx_word' id='word_1_822' title='bbox 3292 5812 3370 5871; x_wconf 87' lang='lat' dir='ltr'><strong>sic</strong></span> <span class='ocrx_word' id='word_1_823' title='bbox 3415 5813 3614 5871; x_wconf 85' lang='lat' dir='ltr'><strong>scribat</strong></span> <span class='ocrx_word' id='word_1_824' title='bbox 3663 5813 3732 5881; x_wconf 87' lang='lat' dir='ltr'><strong>de</strong></span> <span class='ocrx_word' id='word_1_825' title='bbox 3771 5815 3865 5872; x_wconf 90' lang='lat' dir='ltr'><strong>illo</strong></span> 
     </span>
    </p>
   </div>
  </div>
