4242 6264
372 283 475 346 181

1630 296 1635 304 '
1663 286 1807 345 CUM
1846 286 2193 350 ANTIDOTO
2228 295 2523 356 PAMELII.

3577 306 3682 365 182

377 399 623 458 Gennad.
656 399 750 456 lib.
779 399 847 457 de
880 401 1124 474 Dogmat.
1149 401 1386 460 Eccles.:
1410 399 1553 459 Nihil
1593 415 1659 457 ex
1699 400 1975 457 Trinitatis
1999 401 2057 467 Α
2080 415 2161 463 est
2189 451 2203 475 ,
2235 410 2324 481 qui
2355 414 2516 469 etiam
2547 414 2721 485 ipsum
2748 423 3045 474 creatorem
3072 417 3261 485 Deum,
3291 432 3397 476 non
3429 434 3553 477 esse
3573 424 3675 479 nisi

387 495 621 550 essentia
636 493 701 548 ad
718 503 1080 550 creaturarum
1106 504 1350 551 naturam
1369 494 1653 551 credamus
1669 493 1975 562 deductum,

382 598 441 644 ut
467 588 617 644 Plato
666 594 719 643 et
745 587 1110 647 Tertullianus.
1146 591 1338 647 Verum
1364 607 1526 663 quutn
1549 574 1604 647 S.
1630 590 1851 660 August.
1888 588 1978 659 qui

382 681 539 734 toties
575 678 791 735 deducit
830 680 1063 737 animam
1112 698 1218 738 non
1263 697 1424 754 posse
1472 665 1687 754 partem
1711 681 1806 735 Dei
1834 679 1974 745 dici,

381 770 515 831 nihil
559 772 662 828 tale
704 772 777 827 illi
825 775 1115 843 attribuat,
1160 790 1260 847 ego
1307 776 1468 832 etiam
1514 789 1543 829 a
1593 783 1698 830 tam
1749 771 1980 829 absurda

385 864 575 920 hmresi
608 864 784 937 ipsum
817 866 1144 938 purgandum
1187 868 1458 923 existimo.
1489 868 1664 938 Atque
1688 863 1823 921 adeo
1848 864 1979 919 nihil

384 956 533 1011 illum
579 956 725 1011 aliud
776 958 1012 1014 valuisse
1065 959 1248 1016 dicere
1292 975 1454 1032 quam
1499 958 1641 1030 quod
1685 974 1746 1013 ea:
1806 958 1980 1028 afﬂatu

380 1046 476 1102 Dei
520 1048 590 1103 sit
627 1049 822 1104 anima:
867 1049 1034 1122 origo,
1060 1050 1210 1120 juxta
1253 1050 1379 1105 illud
1434 1048 1569 1107 Gen.
1616 1049 1660 1104 ll
1690 1067 1702 1102 :
1729 1048 1793 1102 Et
1839 1048 1983 1118 ﬂavit

383 1139 524 1193 Deus
552 1141 735 1210 flutant
765 1142 877 1196 vitae
913 1144 965 1196 in
997 1143 1179 1213 {aciem
1210 1142 1448 1207 hominis,
1477 1152 1523 1196 et
1551 1145 1720 1213 factus
1740 1150 1810 1194 est
1831 1140 1981 1193 homo

378 1233 433 1287 in
462 1234 681 1287 animum
711 1236 873 1289 vivam
894 1279 908 1304 ,
944 1237 1100 1292 sicuti
1132 1228 1560 1308 frequentissime
1588 1237 1701 1306 ipse
1727 1234 1975 1299 inculcat,

380 1324 610 1380 maxime
625 1342 752 1382 vero
775 1327 867 1382 lib.
887 1327 955 1383 de
978 1329 1167 1383 Anima
1185 1343 1232 1384 c.
1255 1330 1341 1383 11.
1359 1328 1476 1396 Qua
1492 1328 1631 1393 loco,
1650 1328 1807 1382 sicuti
1821 1328 1980 1382 etiam

379 1420 476 1476 lib.
503 1418 570 1472 de
595 1417 774 1490 Bapt.,
808 1434 859 1475 c.
886 1419 1051 1474 5.1m.
1071 1421 1160 1485 15,
1189 1435 1304 1475 eam
1340 1420 1825 1490 interpretationem
1849 1434 1981 1472 con-

384 1515 598 1570 sentire
626 1510 959 1570 ostendimus
987 1525 1105 1564 cum
1128 1510 1226 1566 SS.
1271 1510 1431 1577 lren.,
1464 1509 1775 1575 Prudentia,
1807 1507 1985 1578 Chry-

380 1614 549 1672 sost.,
582 1605 806 1674 August.
840 1613 890 1656 et
922 1600 1279 1656 Theodoreto.
1311 1601 1545 1669 Quorum
1580 1601 1678 1655 iste
1710 1616 1725 1653 :
1759 1600 1984 1655 Nomine

380 1701 562 1763 ﬂatus,
594 1697 798 1765 inquit,
828 1709 931 1749 non
982 1694 1327 1764 intelligimus
1378 1703 1582 1765 partem
1624 1693 1853 1764 aliquam
1894 1706 1982 1747 es-

2058 515 2277 572 .carpus
2306 505 2575 575 apinatur.
2612 507 2718 563 Sed
2746 508 2813 565 de
2858 510 2950 564 illo
2976 514 3190 581 quoque
3224 508 3505 570 Paradoxa
3538 515 3672 571 infra

2084 607 2151 648 ex
2192 596 2383 652 eadem
2429 600 2730 681 Augustino
2782 589 2959 656 latius.
2992 600 3301 660 Gennadius
3345 613 3526 661 autem
3579 608 3673 663 lib.

2085 686 2290 744 Eccles.
2317 690 2560 762 Dagmat.
2586 691 2771 765 [quem
2798 694 2883 750 vel
2911 694 3035 751 hinc
3058 706 3202 767 patet
3225 698 3283 753 S.
3312 697 3536 770 August.
3568 715 3672 758 non

2083 780 2244 853 esse],
2266 792 2514 839 enarrata
2546 784 2793 856 Origenis
2822 788 3088 842 sententia
3109 828 3125 854 ,
3157 796 3212 844 et
3251 789 3360 859 jam
3409 789 3551 859 dicta
3575 834 3590 859 ,
3621 805 3678 847 ut

2086 873 2252 941 dicit,
2281 874 2743 934 Luciferianorum
2774 877 2958 950 Cyrilli
2982 921 2996 944 ,
3021 888 3078 935 et
3122 880 3423 951 aliquarum
3454 882 3672 939 Latino-

2086 980 2202 1019 rum
2235 965 2400 1037 (inter
2443 982 2580 1038 quas
2629 967 2772 1023 haud
2818 968 2979 1025 dubie
3009 969 3416 1043 Tertullianus),
3448 971 3635 1030 deﬁnit
3658 1016 3673 1041 ,

2085 1047 2438 1129 formato‘jam
2463 1074 2689 1130 corpore
2715 1062 2949 1116 animam
2978 1076 3011 1116 a
3039 1062 3147 1117 Deo
3168 1064 3339 1118 creari
3369 1073 3423 1119 et
3445 1063 3676 1131 infundi.

2086 1149 2196 1205 Nec
2222 1151 2376 1207 aliter
2402 1158 2603 1213 fauctor
2632 1152 2835 1224 Dialogi
2863 1153 2931 1208 de
2959 1154 3271 1210 Animarum
3305 1156 3512 1226 origine
3542 1157 3680 1214 inter
3748 1170 3755 1173 ‘

2087 1242 2184 1299 SS.
2221 1243 2439 1299 Hieron.
2486 1254 2540 1300 ct
2593 1246 2819 1317 August.
2873 1245 2983 1300 Nos
3032 1256 3207 1301 tamen
3254 1246 3385 1302 nihil
3429 1257 3677 1319 tanquam

2088 1335 2211 1389 ﬁdei
2232 1334 2425 1390 docere
2448 1335 2752 1402 maluimus,
2781 1336 3213 1407 quandoquidem
3246 1346 3303 1393 et
3333 1338 3570 1394 Ecclesia
3602 1348 3681 1395 tot

2081 1424 2193 1495 jam
2246 1424 2370 1480 inde
2419 1426 2704 1482 celebratis
2742 1425 2995 1481 Conciliis
3052 1427 3185 1483 nihil
3213 1444 3489 1498 expresse,
3536 1430 3679 1501 quod

2086 1517 2301 1589 quidem
2332 1519 2496 1572 sciam
2521 1518 2847 1584 ,‘deﬁnitum
2894 1519 3191 1588 reliquerit.
3224 1519 3463 1576 Sufﬁciet
3502 1530 3679 1578 autem

2087 1609 2331 1680 quatdam
2374 1610 2425 1664 in
2455 1609 2904 1663 Annatationibus
2944 1610 3227 1680 adjecisse,
3259 1614 3451 1682 quibus
3482 1625 3591 1669 tum
3622 1613 3680 1671 S.

2090 1701 2307 1757 Hieran.
2333 1703 2651 1758 sententiam
2671 1701 2803 1757 nihil
2826 1704 2992 1773 magis
3011 1702 3224 1773 probari
3243 1690 3681 1776 signiﬁcavimus,

380 1790 568 1846 sentiae
616 1788 808 1843 divina:
854 1786 1145 1841 secundum
1176 1786 1438 1841 (Ierdanis
1482 1797 1534 1840 et
1564 1785 1849 1840 Marcianis
1889 1800 1979 1837 ra-
2008 1765 2057 1826 Β
2089 1800 2197 1849 mm
2230 1796 2295 1849 ad
2333 1806 2647 1867 argumema
2675 1765 2990 1852 Τεηυηίξηί
3011 1765 3246 1852 'absurda
3268 1765 3404 1869 ’vqui
3432 1799 3595 1854 senm
3615 1765 3680 1854 ei

383 1882 558 1957 hiem,
603 1878 698 1935 sed
748 1879 941 1933 anima:
972 1886 1216 1932 naturam
1267 1893 1363 1949 per
1414 1877 1463 1931 id
1515 1877 1791 1943 denatari,
1837 1875 1979 1947 quod

385 1975 559 2031 anima
588 1972 825 2042 Aspiritus
872 1972 940 2025 sit
984 1970 1261 2024 rationalis
1308 1979 1363 2024 et
1409 1968 1804 2024 intellectualis.
1851 1967 1982 2036 Quae

389 2067 551 2122 verba
592 2063 724 2119 mihi
766 2063 926 2118 etiam
958 2061 1115 2116 aliam
1158 2061 1523 2130 conjecturam
1570 2060 1803 2123 faciunt,
1837 2058 1981 2128 loqui

390 2160 672 2231 Auctorem
722 2169 940 2210 nones
981 2167 1074 2207 sua
1096 2194 1111 2216 ,
1140 2150 1235 2207 sed
1264 2168 1327 2206 ex
1362 2150 1644 2205 Marcianis
1682 2150 1980 2212 sententia‘,

390 2249 952 2322 praesertimquumes
977 2244 1316 2314 Fragmentis
1361 2242 1451 2296 lib.
1505 2240 1574 2295 de
1622 2241 1797 2295 Censu
1850 2239 1982 2294 Ani-

393 2358 495 2398 mae
558 2338 677 2395 adv.
722 2316 1008 2409 ‘Herma‘gq
1081 2343 1326 2400 constet,
1370 2332 1604 2388 sensisse
1663 2332 1807 2386 illum
1866 2332 1984 2384 ani-

388 2446 528 2488 mam
582 2430 738 2500 longe
783 2430 892 2483 Deo
947 2425 1274 2490 inferiorem,
1304 2432 1486 2493 utpote
1534 2418 1989 2492 passibilem,etsi

384 2524 765 2583 immortalem.
789 2521 854 2576 Et
875 2534 1007 2576 vero
1032 2520 1192 2574 etiam
1215 2515 1594 2589 repetendum,
1610 2514 1749 2584 quod
1781 2513 1987 2569 utrobi-

382 2636 486 2693 que
505 2616 880 2672 adnotavimus
897 2622 1043 2668 recte
1056 2611 1334 2667 censuisse
1362 2609 1420 2665 S.
1450 2610 1585 2678 Aug.
1622 2607 1760 2662 libro
1785 2605 1852 2662 de
1874 2605 1988 2660 hae-

386 2727 518 2776 res.,
542 2708 685 2782 quod
717 2706 1033 2763 Philastrius
1056 2704 1250 2759 multas
1276 2701 1511 2757 luereses
1530 2700 1990 2768 recensueritqute

276 2800 291 2807 ’
386 2805 641 2861 llaereses
664 2815 770 2856 nan
787 2807 941 2864 sunt,
964 2796 1141 2868 qualis
1160 2804 1242 2851 est
1268 2809 1375 2849 non
1400 2792 1642 2859 lueresis,
1670 2790 1764 2847 sed
1793 2789 1990 2847 Catho-

387 2897 492 2953 lica
513 2897 729 2951 Patrum
751 2892 1039 2956 sententia,
1066 2888 1298 2952 Flatum,
1323 2881 1765 2957 seu‘spiraculum
1786 2886 1908 2940 vitae.
1922 2883 1991 2941 de

394 2989 568 3044 anima
596 2983 846 3042 rationali
870 2983 1272 3053 interpretatur.

389 3125 448 3182 1.
474 3125 547 3181 De
567 3120 863 3179 Auimabus
886 3125 1222 3191 posterorum
1241 3113 1369 3170 Adae
1386 3127 1450 3170 es
1480 3111 1716 3180 traduce,
1732 3108 1879 3166 Tom.
1902 3107 1990 3165 lll.
2017 3117 2064 3182 ο

463 3218 552 3273 lib.
600 3216 663 3271 de
690 3214 878 3269 Anima
922 3227 1040 3281 cap.
1074 3209 1126 3264 9.
1168 3224 1310 3262 num.
1379 3204 1504 3261 1‘23.
1559 3220 1674 3274 cap.
1717 3202 1803 3257 19.
1847 3217 1990 3255 num.
2060 3252 2065 3256 .

471 3310 601 3366 9.56.
647 3325 761 3379 cap.
790 3304 884 3360 22.
930 3319 1070 3358 nam.
1102 3300 1234 3358 Q94.
1280 3308 1326 3353 et
1373 3296 1579 3369 integris
1619 3293 1890 3365 capitibus.
1921 3291 1991 3346 27

474 3413 519 3457 et
546 3400 637 3458 '56.

479 3535 784 3594 Paradoxon
838 3531 977 3589 istud
1016 3528 1352 3587 Tertoiliano
1399 3523 1717 3581 adscribunt
1767 3520 1994 3576 Rufinus

402 3632 629 3704 Apolog.
660 3644 755 3700 pro
792 3627 1041 3699 Origene,
1070 3633 1127 3680 ct
1164 3624 1221 3679 S.
1270 3621 1489 3676 llieran.
1520 3618 1677 3672 libro.
1711 3615 1778 3671 ll.
1805 3624 1859 3670 et
1906 3612 1994 3668 Ill.

399 3703 624 3794 Apolog.
649 3719 772 3773 adv.
806 3715 1058 3774 eumdem
1076 3757 1091 3782 ,
1118 3727 1345 3784 quorum
1370 3709 1460 3765 ille
1482 3707 1612 3763 nihil
1633 3703 1995 3764 deﬁniendum

408 3826 576 3888 putat,
608 3816 695 3870 hic
742 3814 879 3868 satis
927 3810 1088 3867 dubie
1141 3806 1416 3878 loquitur,
1475 3815 1779 3874 quanquam
1831 3798 1998 3868 magis

402 3908 605 3965 sentire
627 3905 870 3961 videatur
892 3916 1013 3959 esse
1038 3899 1343 3955 damnatam
1370 3894 1709 3951 sententiam.
1734 3891 1865 3947 Nam
1888 3900 1998 3945 tum

403 4002 636 4058 maxime
658 3996 881 4068 Apalag.
906 3994 972 4050 ad
992 3992 1268 4057 Pamach.,
1285 3989 1541 4046 adversus
1559 3988 1781 4042 Errores
1801 3978 1995 4041 Joann.

342 4150 348 4156 ,
404 4094 616 4149 llicros.
649 4090 863 4145 disertis
890 4087 1066 4151 verbis
1090 4084 1239 4152 dicit,
1268 4080 1701 4138 Ecclesiasticatn
1730 4090 1851 4133 esse
1880 4091 2002 4131 sen-

408 4188 629 4242 tentiam
655 4185 823 4240 Deum
850 4196 1018 4237 novas
1044 4177 1282 4250 quotidie
1310 4175 1519 4230 animas
1548 4171 1864 4243 corporibus
1889 4170 1999 4239 jam

409 4277 688 4349 conceptis
727 4272 1029 4339 infundere,
1058 4270 1292 4341 allegatis
1320 4266 1385 4322 ad
1415 4266 1465 4321 id
1498 4264 1802 4334 Scripturas
1842 4260 2000 4317 Joan.

407 4369 475 4438 V,
502 4369 696 4435 Zach.,
713 4366 828 4434 Xll,
849 4366 990 4422 Psal.
1022 4360 1241 4428 XXXII,
1262 4374 1564 4433 quanquam
1587 4357 1799 4413 interim
1843 4355 2000 4425 epist.

2088 1887 2416 1958 corpulentis
2444 1888 2736 1943 seminibus
2764 1889 2997 1943 animam
3029 1888 3259 1956 exoriri,
3282 1904 3348 1944 ex
3368 1890 3425 1946 S.
3456 1892 3683 1961 August.

2087 1990 2139 2036 et
2166 1979 2443 2034 Lactantio
2465 1981 2645 2050 paucis
2673 1978 3066 2051 respondimus.

2374 2092 2426 2147 5.
2459 2091 2535 2147 De
2563 2092 2758 2148 anima:
2783 2107 2935 2147 sexu.
2966 2090 3102 2146 Ibid.
3134 2107 3248 2160 cap.
3282 2091 3377 2147 56.

2162 2204 2274 2261 Hoc
2301 2204 2515 2276 quidem
2540 2205 2744 2277 colligit
2771 2205 2997 2262 Tertull.
3021 2221 3085 2261 es
3104 2204 3361 2276 praedicto
3390 2187 3697 2276 paradoxa.~

2089 2296 2145 2353 Si
2167 2297 2311 2354 enim
2338 2299 2515 2354 anima
2542 2298 2701 2353 simul
2726 2299 3021 2353 seminatur
3046 2312 3168 2352 cum
3195 2312 3446 2368 corpore,
3476 2298 3687 2354 videtur

2092 2390 2222 2446 illud
2249 2391 2504 2461 consequi
2531 2407 2545 2457 ;
2577 2390 2671 2446 sed
2697 2391 2915 2446 disertis
2957 2389 3135 2445 verbis
3179 2389 3506 2445 contrariam
3544 2388 3685 2445 deﬁ-

2091 2485 2244 2540 niunt
2269 2484 2589 2539 sententiam
2616 2483 2675 2539 S.
2720 2476 2907 2553 Cyrill.
2937 2481 3147 2537 llicros.
3176 2481 3395 2538 Cathec.
3446 2481 3501 2536 4.
3544 2492 3600 2537 et
3627 2482 3685 2538 S.

2094 2578 2321 2649 August.
2341 2576 2433 2632 lib.
2459 2576 2500 2631 Ι.
2525 2576 2594 2632 de
2617 2576 2796 2631 Anim.
2825 2584 2880 2631 et
2900 2576 3017 2645 ejus
3044 2576 3249 2647 origine
3266 2575 3334 2631 ad
3352 2574 3689 2632 Vincentium

2094 2686 2211 2743 cap.
2247 2670 2301 2727 8.
2332 2669 2502 2741 Hujus
2534 2668 2696 2726 verba
2727 2668 2970 2740 qumdam
3006 2669 3326 2724 adduximus
3356 2669 3408 2723 in
3446 2660 3690 2738 annotat.‘

2094 2763 2312 2830 nostris,
2344 2762 2777 2834 quo’Lectorem
2805 2760 3158 2831 remittimus.
3205 2760 3299 2815 llle
3343 2762 3421 2815 sic
3465 2746 3628 2816 habet
3672 2777 3688 2814 :

2093 2852 2293 2911 Omnes
2317 2854 2525 2910 Animae
2554 2864 2660 2908 tam
2688 2853 2923 2908 virorum
2949 2867 3108 2923 quam
3133 2851 3416 2907 mulierum
3448 2851 3690 2923 pulchra:

2094 2956 2148 3003 et
2169 2946 2373 3003 similes
2400 2956 2545 3014 sunt,
2569 2944 2665 3002 sed
2703 2945 2944 3003 membra
2973 2953 3181 3000 tantum
3222 2944 3467 3016 corporis
3501 2943 3691 3001 discri-

2096 3053 2221 3094 men
2247 3037 2465 3094 faciont.
3676 3030 3693 3038 “

2099 3174 2153 3230 6.
2168 3173 2413 3229 Animam
2433 3172 2786 3243 peccatricem
2804 3170 2982 3244 potius
3003 3183 3162 3240 quam
3183 3180 3422 3225 carnem.
3445 3166 3589 3224 Tom.
3604 3168 3691 3225 ΠΙ.

2170 3265 2257 3319 lib.
2292 3265 2354 3317 de
2378 3262 2620 3328 Animal,
2644 3261 2842 3331 integro
2870 3276 2982 3329 cap.
3015 3258 3106 3336 46.
3126 3266 3171 3313 et
3198 3274 3246 3312 c.
3281 3256 3372 3314 58.
3402 3273 3543 3313 nunt.
3564 3257 3694 3315 650.

2172 3368 2219 3410 et
2240 3355 2329 3409 lib.
2364 3354 2429 3408 V.
2462 3353 2579 3406 adu.
2610 3350 2781 3405 Marc.
2810 3366 2858 3406 ο.
2894 3350 2983 3406 10.
3016 3348 3318 3435 ηωηι165.

2100 3481 2115 3524 ξ
2171 3466 2254 3522 Ad
2276 3464 2418 3522 istud
2442 3452 2777 3520 Paradoxum
2800 3462 2854 3518 in
2878 3462 2996 3519 hinc
3016 3462 3177 3518 verba
3194 3460 3407 3530 alludit,
3429 3461 3697 3518 eteadem

2100 3575 2264 3632 opera
2315 3558 2557 3614 confutat
2586 3557 2776 3613 Petrus
2822 3553 3177 3620 Lombardus,
3224 3553 3404 3609 verbis
3446 3553 3608 3610 etiam
3661 3568 3698 3610 a

2100 3653 2255 3710 nobis
2277 3651 2385 3707 illic
2407 3650 2581 3706 citatis
2610 3648 2703 3705 lib.
2729 3647 2792 3704 ll.
2814 3645 3059 3705 Sentent.
3091 3660 3209 3717 cap.
3234 3646 3323 3702 51.
3347 3646 3695 3714 Putaverunt,

2100 3746 2309 3818 inquit,
2356 3743 2570 3815 quidam
2610 3741 2905 3823 secundum
2954 3739 3201 3795 Animam
3250 3739 3409 3809 trahi
3437 3737 3699 3810 originale

2104 3846 2380 3912 peccatum
2402 3880 2416 3906 ,
2447 3852 2554 3892 non
2597 3836 2769 3893 solum
2810 3833 3104 3892 secundum
3142 3848 3371 3890 carnem
3395 3875 3409 3899 ,
3439 3832 3561 3904 quia
3586 3845 3701 3888 non

2103 3933 2276 3989 solum
2320 3945 2562 3999 carnem,
2592 3929 2687 3986 sed
2715 3938 2770 3986 et
2796 3928 3030 3984 animam
3077 3941 3144 3984 ex
3171 3924 3413 3998 _traduce
3455 3924 3702 3982 arbitrati

2105 4034 2248 4082 sunt.
2281 4025 2514 4095 Ideoque
2537 4022 2675 4079 sicut
2692 4021 2761 4079 de
2780 4029 3032 4092 corrupta
3048 4034 3212 4076 carne
3235 4033 3362 4075 caro
3377 4016 3695 4084 seminatur,

2107 4118 2177 4174 ita
2204 4118 2364 4174 etiam
2395 4116 2461 4173 de
2491 4116 2683 4170 Anima
2712 4114 3016 4186 peccatrice
3048 4111 3307 4168 Animam
3340 4110 3696 4183 peccatricem

2106 4210 2451 4280 corruptione
2491 4207 2738 4279 originali
2787 4203 3042 4262 infectam
3089 4220 3119 4259 a
3160 4203 3502 4275 gignentibus
3533 4200 3696 4258 trahi.

2108 4302 2221 4358 Hoc
2248 4311 2427 4357 autem
2448 4342 2462 4366 ,
2497 4301 2708 4371 inquit,
2738 4296 2872 4353 ﬁdes
2901 4296 3177 4353 Catholica
3213 4296 3447 4367 respuit,
3492 4305 3547 4351 et
3583 4303 3701 4350 tan-

2107 4410 2267 4466 quam
2292 4392 2504 4450 veritati
2529 4391 2815 4448 adversum
2849 4389 3110 4457 damnat,
3140 4404 3262 4460 qua:
3301 4402 3408 4444 non
3446 4385 3703 4455 Animas,

407 4463 502 4519 99'
530 4477 651 4534 qm”
676 4469 761 4517 θδι
790 4458 856 4515 ad
885 4455 1249 4512 ﬂamonium“
1278 4463 1332 4509 et
1359 4449 1753 4545 A'.mpsycl'_i_a'n
1776 4490 1790 4516 ’
1818 4447 2002 4545 milia?
2024 4472 2081 4536 Ι)
2476 4447 2647 4539 solam
2689 4447 2755 4538 ex
2803 4482 3019 4537 traduce
3196 4478 3448 4534 admittit.
3480 4447 3701 4545 Allega;

412 4556 678 4628 loquatur,
701 4561 758 4608 et
786 4549 915 4606 illud
952 4547 1163 4617 quidem
1199 4545 1299 4601 sibi
1347 4543 1512 4599 videri
1543 4541 1777 4605 scribat,
1809 4541 1904 4595 sed
1930 4537 1998 4594 ad

412 4650 471 4707 S.
502 4648 854 4719 Augustinum
900 4644 1138 4699 remittat
1166 4647 1352 4711 utpote
1383 4636 1513 4701 nihil
1538 4635 1723 4691 valens
1751 4633 1885 4689 certi
1910 4632 2005 4688 de-

412 4742 588 4807 ﬁnire,
616 4738 756 4810 quod
784 4737 930 4791 illurn
966 4735 1180 4806 legisset
1215 4732 1430 4787 dubiam
1477 4727 1653 4783 adhuc
1681 4724 2007 4797 suspendere

412 4831 733 4890 sententiam
762 4845 776 4882 :
811 4827 1054 4883 alludens
1091 4825 1159 4880 ad
1190 4820 1363 4894 Epist.
1396 4822 1537 4877 illius
1565 4819 1633 4875 ad
1661 4834 1719 4875 se
1757 4819 2005 4887 scriptas,

412 4932 469 4980 et
504 4923 627 4989 157.
676 4920 745 4975 ad
782 4918 1033 4990 Optatum
1082 4914 1149 4971 de
1193 4913 1399 4984 origine
1440 4912 1761 4974 animarum,
1800 4909 1852 4962 in
1902 4919 2008 4976 qua
2088 4954 2089 4957 η

413 5014 801 5071 Tertullianum
852 5027 958 5066 non
1008 5020 1115 5066 tam
1162 5007 1383 5062 damnat
1434 5002 1577 5075 quod
1627 5017 1695 5058 ex
1746 4999 2006 5065 traduce,

412 5125 575 5182 quam
603 5107 745 5180 quod
791 5119 1078 5176 corporeas
1122 5102 1330 5157 animas
1358 5096 1559 5153 faceret
1580 5136 1595 5161 ,
1618 5093 1686 5151 de
1715 5107 1821 5164 quo
1850 5090 2011 5147 Para-

412 5204 557 5260 daxo
588 5202 745 5275 paulo
779 5212 900 5272 post
928 5198 1107 5253 latius.
1151 5188 1284 5250 Nam
1315 5203 1370 5249 et
1399 5191 1477 5247 illi
1504 5232 1518 5258 ,
1542 5189 1747 5261 inquit,
1775 5185 1864 5257 qui
1890 5186 2011 5241 ani-

417 5310 533 5351 mas
552 5309 618 5351 ex
644 5294 731 5349 illa
758 5307 861 5348 una
883 5289 1161 5362 propagari
1188 5295 1454 5352 asserunt,
1483 5296 1643 5355 quam
1668 5280 1807 5335 Deus
1834 5279 2011 5349 prima

418 5388 620 5446 homini
646 5386 835 5453 dedit,
867 5390 1027 5456 atque
1056 5383 1126 5439 ita
1157 5398 1250 5439 eas
1287 5396 1353 5454 ex
1385 5377 1696 5450 parentibus
1743 5372 1880 5430 trahi
1927 5371 2011 5426 di-

392 5468 581 5549 cunt,
608 5484 653 5538 si
700 5480 1014 5538 Tertulliani
1057 5478 1366 5549 Opinionem
1417 5480 1732 5553 sequantur,
1777 5468 2016 5539 profecto

420 5595 511 5636 eas
534 5593 639 5634 non
662 5578 900 5649 spiritus,
927 5574 1021 5633 sed
1048 5587 1274 5643 corpora
1300 5584 1421 5627 esse
1446 5564 1798 5631 contendunt,
1818 5571 1872 5619 et
1897 5577 2018 5617 cor-

421 5670 652 5743 pulentis
679 5668 976 5725 seminibus
1012 5664 1229 5723 exoriri.
1260 5663 1376 5732 Quo
1420 5657 1726 5731 perversius
1757 5654 1881 5726 quid
1913 5653 2018 5709 dici

364 5766 373 5770 ”
426 5764 636 5836 potest?
659 5763 842 5837 Neque
863 5761 966 5829 hoc
990 5757 1377 5834 Tertullianum
1398 5752 1695 5813 somniasse
1718 5748 2019 5807 mirandum

2110 4579 2282 4635 vimus
2310 4576 2504 4633 ibidem
2535 4590 2684 4631 num.
2715 4573 2838 4630 455.
2869 4589 2967 4645 pro
2993 4572 3260 4629 contraria
3300 4568 3566 4626 sententia
3604 4566 3703 4624 SS.

2110 4670 2361 4725 Ambros.
2392 4679 2447 4724 et
2492 4669 2716 4739 August.
2750 4666 2896 4721 locos
2940 4665 3009 4720 ab
3037 4661 3230 4720 eadem
3276 4659 3578 4718 Lombardo
3621 4660 3703 4716 ei-

2114 4771 2272 4817 latos.

2114 4876 2167 4930 7.
2210 4875 2285 4930 De
2311 4872 2502 4928 Anima
2527 4884 2809 4942 corporea.
2840 4868 2991 4926 Tom.
3029 4867 3071 4921 Ι.
3114 4865 3335 4939 Apolag.
3364 4882 3410 4921 ο.
3439 4866 3530 4923 48.
3558 4882 3704 4922 num.

2185 4965 2309 5023 608.
2325 4982 2385 5020 ac
2412 4963 2536 5021 609.
2551 4973 2596 5019 et
2624 4961 2771 5018 Tom.
2795 4959 2880 5015 Ill.
2908 4960 2995 5016 lib.
3020 4960 3082 5016 de
3106 4959 3312 5027 Anima,
3335 4960 3543 5032 integris
3563 4959 3707 5029 capi-

2187 5060 2320 5113 tibus
2367 5058 2420 5114 5.
2470 5058 2525 5112 6.
2572 5057 2627 5110 7.
2659 5054 2713 5111 8.
2744 5053 2927 5125 9._22.
2979 5052 3069 5111 56.
3117 5052 3208 5108 57.
3260 5052 3387 5107 libro
3434 5052 3497 5105 de
3542 5050 3710 5107 Carne

2188 5151 2374 5208 Christi
2397 5192 2411 5219 ,
2436 5167 2553 5220 cap.
2583 5149 2672 5204 11.
2700 5164 2840 5202 num.
2868 5146 2959 5203 98.
2993 5146 3081 5201 lib.
3110 5148 3172 5201 de
3201 5144 3415 5200 Resurr.
3453 5143 3622 5198 carnis
3653 5157 3703 5196 ο.

2190 5239 2276 5299 17.
2309 5260 2450 5298 naut.
2499 5242 2621 5311 151.
2665 5255 2780 5311 cap.
2828 5240 2918 5296 45.
2966 5255 3111 5294 nam.
3155 5236 3279 5293 5‘20.
3312 5246 3433 5290 etc.
3480 5234 3569 5289 55.
3620 5249 3712 5287 im.

2191 5336 2319 5392 581.
2350 5333 2438 5389 lib.
2470 5333 2524 5399 5.
2569 5331 2688 5387 adv.
2719 5331 2885 5387 Marc.
2917 5346 2964 5384 c.
3008 5328 3097 5384 10.
3130 5342 3272 5381 nam.
3302 5323 3427 5380 158.
3462 5333 3507 5379 et
3535 5340 3581 5379 ε.
3616 5322 3710 5379 15.

2194 5447 2336 5485 nam.
2374 5429 2503 5485 218.
2528 5420 2936 5496 ρυυᾱωυωαυ
2976 5420 3195 5492 proprie
3219 5417 3439 5490 Spiritus
3468 5433 3574 5472 non
3604 5417 3716 5485 sit,

2190 5522 2315 5577 ibid.
2353 5522 2442 5577 lib.
2471 5522 2534 5574 dc
2570 5520 2741 5574 Anim.
2789 5533 2904 5587 cap.
2940 5516 3027 5570 11.
3075 5522 3121 5568 et
3161 5511 3310 5567 Tant.
3339 5512 3393 5566 4.
3442 5511 3496 5563 in
3534 5505 3709 5579 Frag—

2192 5617 2371 5672 mentis
2399 5615 2486 5670 lib.
2522 5614 2585 5669 de
2613 5612 2778 5674 Censu
2798 5612 2983 5665 auium
3008 5607 3248 5662 adversus
3279 5604 3668 5676 Hermogenem.
3711 5638 3718 5673 ι

2195 5738 2517 5799 Paradoxon
2562 5732 2703 5792 istud
2749 5729 2970 5789 Attctori
3010 5727 3307 5800 impingunt
3352 5721 3448 5782 SS.
3478 5723 3707 5803 August.
