4250 6266
540 299 643 357 585

1679 293 2052 351 PABADOXA
2094 284 2556 347 TEllTULLIANl

3732 287 3832 349 ιΞι

539 415 679 470 libro
710 412 778 469 X.
812 412 880 469 de
905 412 1040 469 Gen.
1065 410 1130 466 ad
1159 412 1288 479 litt.,
1317 410 1527 466 duobus
1555 409 1755 466 ultimis
1780 407 2064 479 capitibus,
2085 411 2139 461 et
2167 407 2221 466 Α
2247 412 2422 459 torum
2445 404 2581 474 ejus,
2603 419 2763 476 quam
2792 404 2906 460 vult
2928 405 2996 462 de
3019 405 3228 463 semine
3255 405 3454 477 exiguo
3479 405 3684 478 tequari
3709 419 3833 462 cor-

540 507 679 561 libro
699 505 765 560 de
799 505 1024 570 llas-res”
1053 503 1369 573 etFulgent.
1402 503 1540 558 libro
1583 501 1643 557 ll.
1692 503 1759 558 de
1787 501 1890 558 ﬁde
1919 500 1986 555 ad
2031 499 2136 555 Pe-

543 609 704 652 trum.
746 596 856 652 Sed
870 611 973 650 non
999 607 1102 649 tam
1121 595 1262 666 quod
1285 610 1581 666 corpoream
1603 593 1759 650 iaciat
1776 594 1944 666 (quod
1960 593 2140 663 aliquo

541 703 703 745 sensu
747 685 1029 742 commode
1069 687 1123 740 iu
1154 687 1375 753 llilario,
1405 687 1680 752 Cassiano,
1715 698 1768 742 et
1811 687 2139 757 Hieronymo

542 779 813 852 adscripto
827 779 1228 836 Commentario
1249 783 1300 835 in
1323 780 1665 851 Job,quidatn
1691 777 2134 852 interpretantur)

541 885 699 945 atque
735 873 876 944 quod
903 874 1172 944 eﬂ’igiatam
1198 883 1252 929 et
1293 877 1572 930 coloratam
1598 875 1742 930 dicat
1767 915 1782 942 ,
1815 875 1906 929 il—lc
1942 874 2136 945 arguit.

546 965 638 1020 Sic
684 966 824 1019 cnim
857 965 975 1020 loco
1023 966 1184 1034 priori
1219 983 1231 1018 :
1268 966 1504 1036 Denique
1535 966 1903 1032 Tcrtullianus,
1938 966 2138 1037 inquit,

544 1059 666 1129 quia
712 1073 906 1129 corpus
947 1074 1067 1115 esse
1130 1060 1364 1114 animant
1414 1059 1677 1124 credidit,
1739 1075 1846 1113 nou
1889 1059 1958 1113 ob
1997 1057 2140 1112 aliud

544 1150 692 1212 fecit.
723 1152 822 1205 nisi
851 1151 995 1221 quod
1017 1166 1134 1206 eam
1162 1153 1526 1220 incorpoream
1551 1153 1789 1221 cogitare
1816 1167 1921 1205 non
1949 1151 2139 1220 potuit,

546 1255 602 1300 ct
631 1245 750 1300 ideo
790 1246 965 1301 tiutuit
1013 1263 1080 1301 ne
1130 1245 1256 1300 nihil
1283 1256 1463 1312 esset,
1508 1247 1551 1300 si
1581 1261 1778 1315 corpus
1829 1258 1934 1298 non
1979 1253 2140 1298 esset.

549 1338 650 1406 Qui
695 1353 858 1403 sane,
896 1355 1198 1408 quanquam
1247 1347 1435 1393 acutus
1477 1346 1599 1404 est,
1643 1336 1910 1392 interdum
1959 1345 2143 1389 contra

547 1432 851 1501 opinionem
879 1447 1030 1486 suam
1061 1431 1169 1486 visa
1197 1433 1420 1486 veritate
1447 1439 1748 1500 superatur.
1796 1429 1969 1496 Quum
2000 1428 2144 1483 enim

549 1523 744 1578 animae
773 1526 991 1579 colorem
1021 1525 1175 1580 daret
1205 1541 1407 1579 aereum
1434 1540 1495 1576 ac
1518 1523 1744 1576 lucidum
1766 1563 1779 1585 ,
1809 1529 2025 1575 ventum
2066 1529 2148 1574 cst

550 1615 616 1669 ad
657 1629 849 1671 sensus
890 1616 1083 1685 quibus
1127 1631 1244 1669 eam
1275 1613 1611 1669 membratim
1643 1613 1791 1683 quasi
1822 1626 2017 1681 corpus
2061 1611 2145 1664 iu-

549 1707 772 1762 sﬁtuere
804 1717 1030 1762 conatus
1074 1716 1184 1773 est,
1217 1719 1270 1762 et
1296 1707 1370 1760 ait
1404 1710 1416 1762 :
1453 1705 1550 1760 llic
1599 1707 1692 1760 erit
1737 1706 1885 1759 homo
1914 1705 2144 1770 interior,

2219 497 2394 567 poris
2422 497 2734 568 quantitati,
2765 507 2817 552 et
2853 498 2964 552 ait:
2999 497 3107 553 Sed
3135 499 3210 552 vis
3235 499 3366 568 ejus,
3395 499 3458 553 in'
3488 515 3589 570 qua
3618 507 3836 552 natura-

2245 590 2315 643 lia
2343 589 2544 659 peculia
2570 590 2765 644 consita
2792 590 3090 658 retinentur,
3116 591 3255 644 salvo
3285 591 3581 646 substantia:
3607 590 3835 657 modulo,

2243 697 2343 751 quo
2370 699 2402 734 a
2427 681 2707 750 primordio
2745 681 2928 750 iit/(aia
2957 691 3064 748 est,
3099 681 3346 751 paulatim
3386 699 3498 736 cum
3525 698 3677 736 carne
3715 699 3836 754 pro.

2246 773 2448 826 ducitur
2477 775 2529 827 in
2578 773 2833 829 membris.
2875 773 2990 829 lloc
3040 774 3179 830 forte
3238 790 3345 830 non
3396 775 3838 848 iutelligercmus,

2246 859 2347 921 nisi
2377 865 2612 921 adhibita
2660 865 3008 922 similitudine
3047 881 3233 922 eorum
3261 882 3383 938 qua:
3424 866 3686 934 videmus,
3729 868 3842 939 pla-

2248 972 2374 1011 num
2423 957 2623 1012 iaceret
2663 958 2805 1028 quod
2844 957 3076 1013 dicebat.
3107 959 3387 1025 Constitue,
3423 959 3618 1032 inquit,
3653 971 3843 1017 certum

2249 1048 2450 1119 pondus
2496 1050 2643 1112 auri,
2678 1050 2757 1104 vel
2793 1051 2990 1120 argenti
3025 1051 3206 1104 rudem
3231 1052 3398 1106 adhuc
3445 1069 3704 1120 massam,
3731 1055 3843 1109 col-

2249 1139 2409 1194 lectus
2449 1139 2663 1204 habitus,
2695 1150 2767 1195 est
2797 1141 2904 1206 illi,
2948 1150 2994 1195 et
3022 1145 3194 1212 futuro
3213 1144 3424 1196 interim
3464 1144 3648 1209 minor,
3676 1155 3847 1202 tamen

2250 1231 2512 1286 continens
2542 1233 2678 1285 intra
2705 1232 2894 1286 lineam
2929 1233 3126 1303 moduli
3154 1243 3316 1287 totum
3335 1275 3350 1301 ,
3378 1234 3515 1306 quod
3554 1245 3736 1290 natura
3771 1246 3846 1292 est

2249 1324 2365 1378 auri
2385 1324 2460 1378 vel
2491 1325 2699 1396 argenti
2720 1341 2739 1389 ,'
2767 1325 2950 1379 dehinc
2969 1341 3126 1394 guunt
3159 1325 3212 1378 in
3239 1326 3482 1380 laminam
3504 1343 3671 1382 ntassa
3695 1327 3847 1382 laxa-

2251 1429 2352 1484 tur,
2383 1419 2550 1489 major
2593 1419 2970 1488 eﬁicilurinitio
3015 1435 3144 1483 suo,
3188 1435 3279 1488 per
3323 1418 3677 1474 dilatationem
3721 1437 3849 1491 pon-

2251 1509 2384 1563 deris
2418 1509 2574 1576 certi,
2599 1524 2699 1562 non
2723 1525 2810 1579 per
2835 1497 3202 1579 adjectionem,
3235 1509 3356 1562 dum
3383 1510 3690 1574 extenditur,
3746 1527 3849 1565 non

2252 1603 2372 1657 dum
2397 1601 2768 1674 augetur.'Etsi
2797 1604 2870 1657 sic
2909 1619 3107 1673 quoque
3129 1612 3365 1674 augetur,
3387 1603 3506 1656 dum
3533 1605 3848 1671 extemlitur;

2214 1699 2221 1718 ‘
2253 1696 2368 1750 licet
2398 1697 2532 1751 enim
2582 1697 2755 1750 ltabitu
2784 1698 2981 1768 augeri,
3015 1713 3129 1750 cum
3155 1706 3292 1752 statu
3314 1714 3424 1752 non
3454 1698 3592 1752 licet.
3632 1697 3776 1752 Tum:
3805 1708 3852 1755 et

552 1801 687 1854 alius
715 1801 952 1866 exterior,
984 1801 1255 1870 dupliciter
1283 1817 1437 1864 unus,
1464 1800 1651 1854 habens
1693 1808 1738 1852 et
1775 1797 1865 1853 ille
1903 1798 2075 1852 oculos
2102 1805 2148 1850 et
2179 1768 2225 1828 B
2254 1787 2494 1857 Splendor
2513 1789 2621 1858 ipse
2647 1788 2938 1859 prove/titur
2957 1789 3068 1843 auri
3086 1789 3162 1842 vel
3183 1789 3401 1859 argenti,
3423 1791 3505 1857 qui
3527 1791 3670 1859 prius
3687 1790 3853 1856 fuerat

549 1908 699 1946 aures
718 1909 856 1956 suas,
891 1891 1068 1962 quibus
1095 1893 1316 1962 populus
1344 1891 1513 1945 Deum
1553 1891 1721 1945 ridere
1761 1899 1808 1944 et
1837 1888 2016 1942 audire
2055 1888 2148 1942 de-

551 1985 746 2049 buerat,
778 1985 966 2038 habens
995 1995 1040 2038 et
1081 1995 1287 2038 caeteros
1327 1994 1492 2047 artus,
1522 1999 1765 2054 per-quos
1800 1983 1853 2037 in
1883 1983 2148 2052 cogitatio-

551 2074 700 2130 nibus
723 2079 902 2138 ulitur,
923 2077 1032 2129 etin
1056 2077 1248 2129 somnis
1263 2074 1515 2145 fungitur.
1547 2074 1687 2129 Ecce
1712 2073 1905 2145 quibus
1933 2073 2152 2128 auribus

551 2176 607 2222 et
635 2167 825 2236 quibus
851 2166 1024 2221 oculis
1050 2166 1234 2221 debuit
1257 2167 1443 2222 audire
1469 2176 1524 2222 et
1549 2168 1732 2222 videre
1773 2156 1936 2222 Deum
1977 2183 2148 2237 popu-

449 2299 467 2309 .
552 2257 656 2322 lus,
689 2257 880 2327 quibus
905 2258 1078 2312 anima
1108 2260 1158 2313 in
1191 2259 1394 2314 somnis
1420 2243 1673 2329 fungitur,
1710 2274 1873 2329 quum
1905 2260 1948 2313 si
1977 2259 2149 2329 ipsum

555 2348 927 2403 Tertullianmn
955 2351 1233 2420 quisquam
1263 2350 1470 2406 videret
1499 2351 1548 2404 itt
1590 2351 1794 2405 somnis
1814 2391 1828 2415 ,
1882 2366 2151 2422 nunquam

553 2456 615 2496 se
640 2440 842 2507 diceret
868 2441 934 2495 ab
962 2456 1027 2496 eo
1056 2443 1254 2508 visum,
1279 2451 1332 2496 ct
1359 2457 1481 2498 cum
1513 2458 1576 2496 co
1606 2443 1864 2504 locutum,
1887 2458 2044 2512 quem
2072 2443 2153 2513 vi-

557 2533 739 2586 cissim
787 2532 901 2602 ipse
944 2549 1049 2587 non
1081 2534 1321 2589 vidisset.
1376 2534 1655 2590 Postremo
1701 2534 1746 2589 si
1795 2536 1972 2590 anima
2015 2536 2157 2606 seip-

557 2637 673 2678 sam
715 2623 859 2678 videt
889 2626 940 2678 in
977 2627 1196 2688 somnis,
1233 2641 1396 2694 quum
1423 2625 1723 2694 jacentibus
1753 2626 1937 2696 utique
1969 2642 2074 2680 uno
2103 2627 2156 2680 in

554 2716 676 2771 loco
705 2717 962 2770 membris
1001 2718 1243 2787 corporis
1271 2719 1374 2783 stti,
1419 2718 1530 2788 ipsa
1573 2734 1666 2788 per
1693 2719 1866 2773 varias
1897 2719 2156 2788 imagines

558 2819 832 2878 evagatur,
882 2825 1012 2879 quas
1043 2810 1224 2878 videt,
1285 2812 1405 2881 quis
1448 2827 1565 2866 eam
1599 2811 1728 2866 vidit
1776 2813 2062 2882 aliquando
2103 2813 2154 2868 iu

558 2901 764 2968 somnis
807 2902 940 2955 aerei
968 2903 1150 2956 coloris
1191 2919 1252 2956 ac
1285 2903 1474 2970 lucidi,
1525 2904 1624 2959 nisi
1666 2903 1800 2961 forte
1832 2914 1892 2959 ut
1920 2915 2111 2961 caetera
2138 2947 2153 2974 ,

557 3010 676 3064 qua:
701 2995 944 3048 similiter
970 2993 1105 3049 falso
1136 2995 1319 3050 videt?
1355 2995 1487 3050 Nam
1527 3007 1582 3052 et
1608 2995 1709 3051 ltoc
1750 3007 1924 3066 petest
1953 2997 2155 3065 videre,

557 3086 653 3141 sed
687 3086 855 3153 absit,
896 3095 953 3141 ut
976 3102 1094 3141 eam
1128 3087 1312 3152 talem,
1341 3104 1502 3158 quum
1551 3090 1908 3160 evigilaverit,
1949 3089 2154 3156 credat;

557 3179 793 3248 alioquin
838 3179 1050 3250 quando
1097 3195 1157 3246 se
1200 3180 1356 3235 aliter
1399 3181 1625 3247 viderit,
1659 3183 1801 3252 quod
1830 3185 1997 3253 magis
2040 3197 2160 3239 cre-

558 3271 715 3326 brum
742 3282 855 3340 est,
885 3283 976 3327 ant
1013 3283 1215 3326 tuutata
1244 3275 1345 3328 erit
1370 3276 1544 3328 anima
1590 3274 1729 3345 ejus,
1757 3286 1851 3330 aut
1893 3292 1992 3331 nec
2035 3286 2160 3333 tttnc

564 3367 760 3420 animae
783 3366 994 3420 videtur
1019 3367 1312 3421 substantia
1335 3410 1350 3433 ,
1384 3368 1478 3422 scd
1508 3370 1679 3438 imago
1705 3371 1948 3436 corporis
1977 3370 2159 3426 incor—

563 3473 724 3527 porca
743 3500 757 3524 ,
776 3475 895 3529 qua:
925 3461 1061 3513 utiro
1088 3460 1246 3514 modo
1276 3461 1414 3515 sicut
1446 3462 1497 3515 in
1529 3463 1851 3532 cogitatione
1874 3452 2155 3520 formatur.

573 3549 704 3616 Quis
727 3551 869 3603 enim
897 3549 1144 3620 [Eliliops
1174 3567 1278 3604 non
1303 3568 1440 3620 pene
1462 3568 1676 3622 semper
1703 3570 1762 3609 se
1784 3534 1990 3624 nigrum
2015 3557 2159 3611 videt

567 3640 619 3694 in
653 3642 892 3703 somnis;
921 3651 1013 3692 aut
1053 3641 1096 3694 si
1131 3641 1180 3694 itt
1208 3643 1312 3695 alio
1341 3643 1522 3696 colore
1550 3659 1609 3696 se
1641 3644 1812 3711 vidit,
1843 3660 1947 3700 non
1991 3629 2158 3716 magis

565 3731 789 3784 miratus
831 3737 913 3782 est
935 3769 951 3794 ,
979 3729 1022 3782 si
1056 3728 1154 3783 fuit
1200 3745 1321 3784 cum
1354 3731 1448 3789 illo
1475 3734 1734 3788 memoria
1760 3751 1774 3799 ;
1805 3751 1950 3789 aereo
1979 3746 2156 3793 tamen

567 3821 735 3872 colore
763 3833 825 3872 ac
851 3817 1019 3873 lucido
1048 3819 1231 3872 nescio
1260 3831 1436 3875 utrum
1471 3836 1530 3876 se
1559 3839 1786 3893 unquam
1819 3823 2038 3881 vidisset
2059 3869 2071 3886 .
2111 3827 2156 3881 si

565 3927 836 3980 nunquam
888 3911 1044 3964 istum
1077 3911 1289 3980 legisset
1316 3913 1397 3967 vel
1430 3915 1685 3970 audisset.
1714 3916 1850 3982 Quid
1881 3918 2021 3987 quod
2059 3919 2160 3973 dn-

569 4009 765 4054 cuntur
791 4001 1038 4055 homines
1069 4002 1262 4057 talibus
1306 4004 1456 4070 visis,
1485 4013 1540 4058 et
1568 4005 1632 4059 de
1662 4005 1956 4077 Scripturis
2003 4011 2159 4065 nobis

567 4094 752 4148 vuiunt
799 4094 1149 4163 proscribere
1180 4095 1282 4150 tale
1312 4095 1510 4165 aliquid
1563 4080 1685 4152 esse
1735 4114 1841 4153 non
1887 4100 2156 4166 animant,

566 4185 660 4240 sed
692 4186 862 4254 ipsum
896 4186 1062 4240 Deum
1084 4227 1100 4250 ,
1141 4187 1314 4256 qualis
1367 4188 1657 4259 ﬁguraliter
1701 4189 2020 4261 Sanctorum
2050 4195 2158 4264 Spi-

565 4277 766 4333 ritibus'
801 4271 1200 4333 demonstratus
1240 4290 1356 4346 est,
1387 4281 1559 4349 qualis
1602 4283 1760 4336 ctiam
1808 4282 1862 4336 itt
1909 4299 2158 4342 sermone

566 4368 856 4438 allegorice
887 4369 1118 4438 ponitur.
1155 4370 1356 4425 Similia
1387 4372 1582 4442 quippe
1614 4383 1737 4428 sunt
1761 4373 1850 4428 illa
1896 4375 2006 4430 visa
2035 4376 2157 4430 tali-

2254 1883 2466 1949 quidem
2484 1893 2530 1936 et
2568 1883 2619 1936 in
2655 1900 2821 1937 massa
2841 1923 2857 1948 ,
2885 1882 2974 1936 sed
3015 1883 3293 1948 obscurior,
3328 1900 3428 1936 non
3461 1887 3626 1938 tanien
3657 1885 3850 1941 nullus.

2259 1971 2402 2027 Tunc
2431 1984 2477 2027 et
2501 1974 2590 2026 alii
2636 1983 2785 2042 atque
2807 1974 3008 2028 habitus
3052 1975 3296 2028 accedunt
3328 1991 3420 2038 pro
3463 1975 3709 2046 facilitate
3745 1994 3855 2038 ma-

2258 2066 2429 2130 terias,
2460 2083 2561 2136 qua
2585 2067 2786 2121 duxerit
2826 2084 2936 2120 eam
2965 2068 3050 2136 qui
3095 2067 3234 2138 agit,
3269 2067 3399 2124 nihil
3442 2071 3704 2138 conferens
3745 2085 3857 2124 mo-
3939 2117 3945 2122 .

2257 2159 2380 2213 dulo
2409 2160 2506 2214 nisi
2533 2161 2760 2230 efﬁgiem.
2792 2159 2876 2213 Ita
2915 2171 2960 2214 ct
3000 2161 3186 2216 auium:
3235 2170 3484 2214 crementa
3538 2162 3845 2229 reputando,

2259 2267 2359 2304 non
2398 2241 2708 2304 substantive
2729 2291 2743 2316 ,
2769 2252 2857 2304 sed
2900 2251 3240 2322 prorocativa.
3271 2251 3402 2319 Quis
3441 2250 3586 2306 ltune
3611 2251 3859 2309 crederet

2257 2356 2379 2396 cum
2408 2341 2508 2395 isto
2535 2340 2701 2394 corde
2725 2351 2831 2396 tam
2874 2342 3132 2396 disertum
3177 2355 3297 2397 esse
3324 2343 3592 2412 potuisse?
3619 2343 3711 2397 sed
3744 2352 3856 2399 tre.

2260 2430 2454 2486 menda
2499 2432 2598 2486 ista
2645 2443 2808 2500 sunt,
2841 2450 2945 2488 non
2995 2433 3251 2500 ridenda;
3281 2434 3346 2487 ad
3379 2434 3480 2489 hoc
3520 2436 3660 2490 enim
3713 2451 3853 2491 nunc

2261 2541 2420 2600 quam
2466 2536 2768 2594 cogeretur,
2797 2527 2841 2581 si
2873 2527 3072 2598 aliquid
3112 2527 3348 2597 cogitare
3390 2538 3573 2597 posset
3615 2527 3757 2598 quod
3802 2538 3859 2584 ct

2261 2615 2364 2680 sit,
2401 2623 2456 2669 et
2500 2630 2696 2685 corpus
2726 2631 2834 2670 non
2875 2616 2966 2675 sit.
2999 2617 3135 2684 Quid
3163 2629 3341 2672 autem
3374 2618 3658 2674 absurdius
3697 2633 3858 2689 quam

2263 2716 2456 2776 putare
2501 2722 2730 2761 massam
2783 2708 3080 2778 cujuspiam
3129 2709 3326 2763 metalli
3373 2724 3439 2764 ex
3485 2709 3660 2780 aliqua
3711 2719 3859 2778 parte

2263 2813 2509 2853 crescere
2538 2814 2692 2869 posse
2717 2799 2841 2854 dntn
2877 2800 3134 2868 tunditur,
3163 2801 3264 2855 nisi
3286 2800 3640 2856 decrescalcx
3665 2802 3856 2868 altera,

2263 2890 2350 2944 vel
2398 2892 2580 2960 augeri
2631 2891 2946 2957 latitudine,
2999 2893 3101 2948 nisi
3145 2892 3502 2949 crassitudine
3551 2897 3863 2950 minuatur?

2266 2984 2369 3038 Aut
2401 2983 2565 3037 ullum
2601 3000 2721 3040 esse
2750 2999 2946 3055 corpus
2977 2997 3228 3042 manente
3271 2997 3473 3048 naturae
3501 3003 3611 3042 sua:
3641 2989 3857 3058 quanti-

2265 3087 2373 3132 tate
2398 3119 2413 3143 ,
2446 3078 2591 3148 quod
2633 3078 2867 3146 undique
2891 3089 3098 3135 crescat
3142 3080 3242 3134 nisi
3288 3082 3549 3135 rarescat?
3578 3080 3859 3148 Quomodo

2267 3170 2428 3241 igitur
2471 3171 2716 3241 implebit
2737 3173 2924 3227 anima
2955 3188 3020 3227 ex
3064 3172 3150 3227 illa
3179 3172 3320 3226 stilla
3350 3173 3566 3227 seminis
3594 3173 3860 3244 magnitu-

2265 3263 2447 3319 dinem
2489 3265 2729 3334 Corporis
2766 3265 2911 3335 quod
2938 3265 3181 3331 animat,
3216 3265 3262 3319 si
3290 3274 3346 3319 et
3383 3265 3493 3335 ipsa
3518 3281 3710 3336 corpus
3736 3277 3820 3322 est
3843 3308 3861 3334 ,

2268 3355 2420 3425 cujus
2443 3356 2740 3410 substantia
2765 3357 2910 3411 nullo
2938 3370 3157 3411 accessu
3188 3357 3434 3413 crescat?
3461 3357 3752 3428 quomodo,
3777 3358 3862 3414 in-

2264 3463 2444 3517 quam,
2478 3444 2717 3519 implebit
2745 3464 2960 3503 carnem
2994 3465 3156 3519 quam
3191 3449 3438 3515 viviﬁCat,
3469 3451 3570 3504 nisi
3603 3460 3753 3515 tanta
3774 3468 3862 3508 ra-

2263 3540 2377 3593 rior
2423 3539 2609 3606 luerit,
2642 3530 2843 3611 quanto
2871 3537 3086 3611 gravius
3116 3541 3257 3611 quod
3289 3543 3643 3597 animavcrit?
3669 3542 3866 3599 'l'imuit

2264 3633 2508 3688 videlicet
2533 3676 2548 3695 .
2587 3651 2653 3689 ne
2677 3635 2930 3691 deﬁceret
2962 3637 3120 3691 etiam
3152 3637 3443 3692 minuendo
3488 3635 3531 3691 si
3559 3647 3859 3706 cresceret,

2263 3737 2316 3779 ct
2347 3742 2451 3780 non
2477 3727 2649 3781 timuit
2675 3740 2732 3781 ut
2757 3727 3012 3782 deﬁceret
3034 3730 3374 3794 raresccndo,
3398 3744 3560 3798 quum
3587 3744 3864 3784 noncrcs-

2263 3829 2431 3874 ceret.
2461 3819 2569 3874 Sed
2621 3819 2749 3889 quid
2779 3821 3014 3888 amplius
3055 3821 3329 3886 immorer,
3362 3818 3576 3890 quando
3607 3829 3662 3875 et
3684 3835 3863 3875 sermo

2263 3913 2431 3982 pergil
2451 3913 2502 3967 in
2521 3901 2863 3982 prolixiorem
2882 3913 3122 3980 modum,
3147 3929 3304 3983 quam
3327 3915 3523 3982 patitur
3539 3911 3860 3968 tcrtninandi

2265 4004 2581 4071 necessitas,
2611 4016 2662 4059 ct
2705 4006 2967 4060 sententia
3018 4021 3134 4059 inea
3183 4005 3293 4074 jam
3335 4004 3467 4058 satis
3507 4004 3574 4058 sit
3619 4013 3742 4058 nota
3773 4005 3860 4061 vel

2229 4095 2391 4166 ‘quid
2443 4105 2652 4151 certum
2684 4104 2907 4150 teneam
2930 4137 2945 4160 ,
2989 4095 3079 4150 vel
3117 4096 3257 4151 unde
3295 4095 3471 4149 adhuc
3509 4093 3775 4159 dubitem,
3805 4105 3861 4150 et

2262 4202 2427 4255 quare
2453 4187 2720 4244 dubitem.
2753 4188 2895 4243 Loco
2925 4189 3051 4244 item
3097 4186 3380 4258 poSteriori
3413 4206 3425 4240 :
3461 4186 3693 4240 Animam
3731 4185 3861 4241 dicit

2263 4279 2598 4334 immortalem
2655 4280 2869 4349 quidem
2892 4321 2906 4346 ,
2959 4280 3053 4335 sed
3084 4295 3201 4334 eam
3227 4280 3497 4350 cﬂigiatum
3534 4295 3716 4348 corpus
3736 4292 3858 4336 esse

2263 4372 2559 4427 contendit.
2596 4372 2864 4428 liacteuus
2909 4373 2967 4428 S.
3001 4373 3348 4442 Augustinus.
3379 4370 3485 4424 Nos
3533 4371 3688 4424 etiam
3736 4370 3848 4423 An-

565 4462 668 4518 bus
693 4460 869 4527 dictis,
896 4462 974 4517 sic
1001 4473 1218 4529 errant,
1249 4465 1637 4521 constituentes
1667 4466 1721 4521 in
1749 4467 1912 4523 corde
1942 4485 2039 4524 suo
2081 4469 2153 4524 si-
2181 4483 2235 4542 Β
2267 4463 2628 4520 notationibus
2661 4464 2858 4532 nostris
2887 4465 2938 4518 iu
2983 4479 3106 4533 cap.
3158 4463 3211 4518 6.
3245 4472 3300 4517 et
3328 4477 3391 4517 es
3431 4468 3489 4517 ὃ.
3521 4459 3773 4531 Gregorio
3799 4467 3856 4516 et

567 4555 801 4610 mulacra
837 4570 988 4609 vana:
1010 4557 1297 4624 opinionis,
1333 4574 1431 4613 nec
1457 4558 1904 4630 iutelligeutesiut
1929 4562 2155 4619 Sanctus

565 4647 636 4704 de
675 4649 786 4704 suis
813 4649 942 4704 visis
985 4649 1178 4704 talibus
1219 4649 1510 4718 judicas:e.
1547 4652 1776 4720 qualiter
1807 4652 2077 4722 judicant,
2111 4655 2155 4709 si

565 4740 691 4794 talia
717 4740 975 4796 divinitus
1016 4742 1064 4795 iu
1097 4743 1276 4812 ﬁguris
1316 4743 1452 4796 dicta
1496 4742 1734 4812 legerent
1765 4746 1842 4798 vel
1874 4746 2153 4808 audirent,

564 4834 702 4887 sicut
731 4844 936 4903 septem
968 4839 1128 4906 Spith
1154 4878 1167 4901 ,
1197 4846 1251 4890 ct
1294 4847 1504 4906 septem
1555 4836 1744 4903 boves,
1777 4848 1980 4907 septem
2029 4841 2153 4894 anni

565 4933 711 4990 sunt,
741 4926 1118 4997 sicutJiutcum
1143 4933 1371 4999 quatuor
1393 4930 1546 4986 lineis
1567 4931 1836 5001 alligatum
1858 4972 1872 4997 ,
1897 4932 2040 4988 velut
2068 4932 2154 4987 di-

565 5032 688 5073 scus
713 5017 905 5088 plenus
935 5020 1094 5074 variis
1117 5021 1451 5087 animalibus,
1481 5023 1624 5077 orbis
1645 5033 1904 5079 terrarum
1925 5033 2006 5080 est
2031 5040 2151 5080 cum

562 5114 812 5170 omnibus
848 5115 1092 5184 gentibus
1117 5114 1240 5184 ;:sic
1269 5116 1429 5173 etiam
1461 5129 1674 5179 caetera.
1709 5129 1762 5172 et
1789 5119 1956 5173 multo
1987 5120 2154 5190 magis

561 5221 681 5276 qua:
711 5205 779 5261 de
801 5206 960 5263 rebus
994 5207 1344 5277 incorporeis,
1375 5209 1742 5286 corporalibus
1764 5211 2149 5280 signiﬁcantur,

565 5314 670 5353 non
702 5298 883 5366 rebus,
919 5299 1013 5355 sed
1046 5300 1378 5371 imaginibus.
1412 5300 1477 5354 Et
1507 5302 1633 5355 item
1659 5303 1902 5371 sequenti
1933 5305 2105 5374 capite
2136 5323 2150 5358 :

561 5389 741 5446 Noluit
772 5399 946 5446 tamen
969 5391 1313 5447 Tertullianus
1337 5384 1569 5447 animam
1591 5408 1834 5448 crescere
1853 5395 2146 5450 substantia

559 5489 700 5543 sicut
748 5501 979 5558 corpus;
1018 5503 1262 5545 asserens
1306 5489 1464 5544 etiam
1501 5490 1704 5544 timoris
1753 5493 1832 5543 sui
1880 5505 2147 5555 caussam,

558 5599 620 5639 ne
663 5584 814 5636 etiam
843 5583 1127 5636 decrescere
1167 5582 1448 5660 substantia
1490 5581 1712 5647 dicatur,
1747 5581 1919 5653 inquit
1943 5622 1958 5648 ,
2000 5592 2150 5655 atque

556 5687 606 5732 ta
644 5685 689 5729 et
721 5677 979 5747 defectura
1025 5675 1300 5738 credatur;
1331 5683 1385 5730 ct
1427 5683 1603 5730 tamen
1649 5674 1771 5743 quia
1817 5689 1911 5744 per
1941 5689 2150 5744 corpus

557 5780 674 5822 eam
704 5767 947 5821 localitrr
977 5765 1172 5829 tendit,
1222 5780 1325 5819 una
1358 5765 1552 5822 invcait
1599 5765 1798 5822 exitum
1843 5765 2145 5820 illC‘L‘lliCll-

2233 4612 2238 4616 .
2261 4556 2504 4627 Nysseno
2520 4565 2574 4610 et
2592 4554 2950 4624 Nazianzcno,
2966 4572 3026 4611 ac
3045 4554 3357 4621 Claudiano,
3382 4555 3449 4609 de
3473 4555 3621 4608 Statu
3639 4552 3851 4619 animm,

2261 4658 2576 4720 argumenta
2617 4650 3016 4705 Platonicorum
3057 4643 3339 4705 de‘anima
3386 4649 3697 4719 incorporea
3723 4662 3855 4703 cou-

2262 4727 2713 4808 ﬁrmavimusfet
2746 4745 2798 4797 in
2849 4759 2970 4812 cap.
3027 4745 3079 4796 7.
3129 4757 3193 4797 ac
3233 4743 3422 4812 partim
3453 4741 3508 4795 8.
3541 4747 3853 4811 argumenta

2259 4834 2427 4904 ipsius
2455 4834 2722 4899 Auctoris,
2753 4834 2837 4888 vel
2863 4849 2926 4891 ex
2955 4833 3251 4905 Scripturis
3277 4832 3562 4904 qua-dam,
3581 4847 3688 4886 non
3726 4845 3856 4886 cou-

2259 4926 2497 4992 cludere,
2544 4942 2609 4982 ex
2663 4926 2763 4983 SS.
2817 4927 3029 4982 Justino
3079 4927 3233 4982 Mart.
3283 4926 3544 4996 Gregorio
3584 4923 3851 4996 Nysscno,

2260 5021 2486 5087 August.
2517 5015 2820 5087 Epiphanio
2842 5059 2857 5085 ,
2890 5027 2946 5072 et
2967 5017 3111 5072 dicto
3151 5017 3443 5072 Claudiano
3482 5014 3849 5082 05tendiutus,

2259 5118 2315 5165 et
2343 5125 2391 5164 c.
2420 5110 2475 5166 9.
2510 5125 2564 5163 n.
2599 5108 2724 5164 109.
2751 5119 2804 5164 ει
2834 5108 2958 5164 HO.
2987 5108 3268 5163 citavitnus
3287 5116 3474 5163 contra
3504 5107 3698 5161 animte
3734 5104 3854 5160 elli-

2257 5200 2432 5271 giem,
2461 5209 2516 5256 et
2561 5200 2875 5267 Platonem,
2918 5209 2972 5254 et
3014 5200 3348 5255 Clementem
3403 5197 3848 5256 Alexandrinum.

2259 5295 2460 5352 Deinde
2501 5311 2550 5350 c.
2601 5293 2687 5350 tl.
2734 5295 3078 5365 allegavimus
3123 5295 3299 5348 locum
3349 5293 3599 5348 Auctoris
3642 5290 3734 5345 lib.
3780 5289 3851 5347 de

2253 5389 2542 5445 Pmuitent.
2568 5404 2618 5444 c.
2643 5389 2696 5443 5.
2731 5405 2785 5442 n.
2817 5387 2903 5442 12.
2930 5387 3018 5441 ubi
3046 5386 3375 5441 contrarium
3403 5393 3559 5439 antea
3582 5392 3846 5450 senserat,

2255 5483 2479 5536 animum
2509 5495 2708 5535 vocans
2751 5479 3025 5550 spiritum,
3074 5477 3171 5531 Dei
3200 5477 3372 5548 aﬂlatu
3417 5474 3846 5530 consutmnatu‘ut.

2253 5575 2437 5646 Neque
2460 5589 2665 5630 veroex
2689 5572 2978 5644 Scripturis
2997 5569 3143 5624 Isaia:
3171 5568 3328 5624 XLll.
3354 5578 3410 5624 et
3428 5566 3588 5622 LVII.
3617 5581 3749 5638 quas
3772 5565 3848 5620 ibi

2255 5685 2350 5740 pro
2375 5683 2433 5725 se
2452 5663 2863 5732 citat,concludi
2906 5671 3085 5732 potest
3105 5662 3360 5724 animaru,
3392 5659 3635 5729 spiritum
3657 5659 3707 5711 in
3727 5658 3849 5711 aliis

2251 5761 2662 5836 Scripturisnon
2689 5773 2794 5813 rec.
2820 5755 2881 5811 ti.
2901 5755 3163 5811 Caeterum
3193 5769 3296 5826 quo
3321 5767 3415 5809 seu
3449 5768 3480 5806 υ
3507 5766 3583 5806 co~
3604 5766 3701 5824 p-ts
3725 5765 3850 5821 ros-
