4242 6264
323 329 430 393 185

1555 322 1695 380 CUM
1736 318 2085 379 ANTIDOTO
2126 322 2428 380 PAMELII.

3522 318 3628 383 I86

327 449 395 507 sit
423 446 530 505 dici
573 445 782 512 anima,
810 457 932 500 sese
975 439 1203 513 explicat
1247 438 1387 495 libro
1415 437 1672 494 adversus
1698 437 1920 492 llcrmoo
1949 437 2001 497 Λ
2107 436 2283 492 Judic.
2318 439 2525 496 Domini
2565 456 2681 514 cap.
2731 443 2817 500 ll.
2847 459 2986 497 num.
3037 445 3124 501 15.
3159 445 3277 499 etin
3323 442 3620 518 Fragment.

327 557 540 613 geriem,
566 555 688 610 cap.
713 537 802 592 55.
837 551 984 590 num.
1015 533 1140 590 I24.
1173 533 1224 587 in
1255 531 1372 586 haec
1416 531 1624 615 verba:
1659 528 1724 584 Ut
1751 545 1925 582 conce-

327 633 473 699 dant,
514 631 716 703 inquit,
769 627 1120 700 aliquid‘ess'c
1163 622 1486 688 incorporale
1523 621 1587 676 de
1633 621 1924 676 substantiis

2110 533 2238 587 libro
2262 536 2324 587 de
2353 533 2553 588 Parad.
2600 535 2829 606 Denique
2857 546 2977 590 tom.
3020 536 3088 591 γ.
3138 535 3416 593 Novatiani
3440 537 3524 594 lib.
3560 537 3624 594 de

2107 624 2295 681 Trinit.
2326 643 2442 698 cap.
2477 629 2526 683 1.
2558 645 2698 682 nuttt.
2729 629 2818 685 10.

323 727 574 781 duntaxat
593 767 607 792 ,
646 740 800 795 quum
831 724 942 795 ipsa
966 720 1244 775 substantia
1264 734 1449 787 corpus
1471 717 1532 770 sit
1556 716 1632 770 rei
1659 717 1920 787 cujusque.
2013 731 2026 748 '

285 860 288 862 -
323 819 546 876 Videtur
575 819 754 890 itaque
790 817 857 873 ad
900 816 953 872 id
982 812 1328 871 absurditatis
1371 811 1441 866 de
1478 811 1649 865 anima
1695 810 1831 864 aerei
1874 817 1924 864 et

323 914 482 968 lucidi
529 914 715 968 coloris
759 911 923 967 fuisse
987 908 1270 973 seductus,
1317 922 1414 977 per
1461 906 1620 960 falsas
1663 903 1920 975 quasdam

319 994 651 1060 revelationes
680 1001 959 1073 cujusdam
994 999 1388 1056 montanisticw
1412 997 1653 1060 femime,
1673 1013 1780 1051 non
1808 995 1926 1066 qui-

316 1093 442 1151 dem
466 1095 724 1150 Priscillae
749 1102 842 1148 aut
871 1090 1175 1147 Maximilla:
1203 1088 1303 1162 [uti
1333 1087 1620 1158 aliquando
1643 1087 1920 1142 existima-

313 1188 538 1261 vimus],
562 1205 684 1260 qua:
719 1185 1036 1258 jamdudum
1083 1193 1242 1238 antea
1274 1181 1576 1252 suspendio
1619 1180 1916 1251 perierant,

308 1280 416 1337 sed
441 1281 717 1350 cujusdam
745 1294 934 1334 earum
961 1275 1256 1346 discipulre,
1290 1274 1445 1328 sicuti
1477 1281 1622 1342 patet
1664 1288 1730 1327 ex
1773 1263 1924 1327 dicto

309 1372 460 1429 libro
497 1373 565 1428 de
608 1375 969 1440 Anima,cap.
1010 1369 1066 1424 9.
1113 1384 1260 1423 num.
1305 1367 1428 1422 11-1.
1472 1365 1708 1436 Idipsum
1751 1366 1916 1420 Para-

305 1462 500 1520 doxon
527 1464 772 1519 attribuit
805 1462 996 1518 alicubi
1023 1455 1245 1532 Origeni
1263 1458 1320 1515 S.
1354 1458 1570 1514 Ilieroo.
1597 1469 1756 1530 atque
1782 1458 1917 1543 adeo

304 1560 485 1614 etiam
529 1558 596 1612 ad
627 1557 768 1613 illius
793 1573 952 1628 opera
1005 1555 1105 1610 hoc
1133 1553 1443 1608 Antidotum
1490 1553 1603 1606 usui
1650 1566 1770 1607 esse
1816 1567 1913 1622 po-

311 1651 473 1706 terit.

299 1764 365 1822 8.
410 1766 662 1822 Animam
708 1765 838 1822 nihil
869 1765 976 1836 pati
1028 1778 1185 1834 posse
1231 1763 1348 1818 sine
1396 1778 1643 1832 corpore.
1682 1761 1826 1839 Tom.
1867 1761 1908 1816 1.

387 1859 606 1931 Apolog.
656 1876 707 1914 c.
753 1859 842 1915 18.
889 1875 1029 1913 nunt.
1066 1858 1193 1913 609.
1243 1856 1369 1934 libro
1399 1856 1460 1910 de
1489 1854 1701 1911 Testint.
1750 1856 1909 1912 anim.

385 1966 498 2022 cap.
525 1950 577 2006 4.
613 1967 754 2004 num.
791 1950 876 2006 M.

385 2063 867 2135 Magdehurgenses
896 2062 1297 2119 Centuriatores
1321 2078 1426 2118 non
1451 2063 1591 2118 inter
1615 2061 1909 2128 Paradoxa,

302 2157 415 2214 sed
443 2158 579 2213 inter
605 2157 851 2228 dogmata
883 2157 1005 2213 lidei
1038 2158 1165 2213 illud
1193 2157 1482 2225 collocant,
1513 2167 1567 2212 et
1607 2172 1673 2212 ex
1708 2156 1910 2211 Tertul-

304 2247 446 2302 liani
485 2248 592 2319 jam
639 2249 780 2304 dicto
824 2249 944 2304 loco
987 2249 1342 2313 conlirmant,
1389 2248 1483 2303 sed
1526 2248 1743 2305 frustra.
1792 2248 1910 2318 Ipse

308 2341 460 2396 enim
506 2343 726 2409 Auctor,
765 2343 917 2413 quasi
949 2327 1248 2398 retractans
1273 2341 1416 2412 quod
1447 2342 1596 2396 initio
1626 2340 1750 2397 fidei
1801 2357 1908 2397 non

305 2433 442 2489 satis
484 2444 642 2491 caute
671 2435 1143 2506 pronuntiaverat,
1177 2445 1359 2506 postea
1390 2434 1459 2490 de
1501 2434 1605 2489 lide
1632 2434 1906 2490 Catholica

216 2575 228 2584 .
299 2527 495 2585 melius
525 2529 837 2595 institutus,
867 2513 1005 2584 libro
1039 2528 1108 2584 de
1138 2529 1328 2584 Anima
1353 2571 1367 2594 ,
1397 2531 1603 2596 integro
1643 2543 1760 2598 cap.
1783 2529 1904 2593 ult.,

301 2619 410 2676 late
452 2629 508 2675 et
539 2621 765 2690 pulchre
794 2621 1009 2697 deducit
1054 2638 1067 2674 :
1121 2621 1331 2674 Animas
1374 2620 1483 2691 pati
1528 2620 1728 2674 interim
1766 2620 1907 2690 apud

299 2711 511 2781 inferos,
542 2712 596 2768 id
648 2721 766 2778 est,
812 2727 979 2783 usque
1021 2711 1087 2767 ad
1127 2711 1386 2782 judiciunt
1435 2721 1772 2772 extremum.
1815 2710 1907 2766 tthi

299 2802 442 2860 inter
477 2815 673 2860 cetera
709 2823 722 2860 :
770 2805 908 2870 Quid
935 2821 1053 2876 ergo
1097 2806 1184 2873 ﬁet
1228 2806 1278 2858 in
1323 2813 1544 2874 tempore
1591 2804 1725 2859 isto?
1763 2802 1902 2858 Dor-

295 2897 554 2950 mientus?
578 2897 645 2950 At
697 2897 832 2951 ettint
877 2897 1064 2950 anima!
1090 2913 1180 2950 nec
1225 2897 1275 2949 in
1310 2896 1584 2951 viventibus
1620 2896 1898 2951 dormiunt.

297 2985 419 3041 1am
449 3005 564 3043 vero
588 3005 746 3058 quant
786 2989 1155 3058 iniquissimum
1181 2988 1330 3042 etiam
1373 2987 1514 3058 apud
1544 2988 1756 3058 inferos,
1785 2987 1829 3040 si
1854 2997 1900 3041 et

296 3079 588 3134 nocentibus
614 3079 786 3132 adhuc
804 3080 915 3134 illis
945 3080 1065 3133 bene
1094 3089 1166 3133 est
1189 3080 1212 3133 ?
1235 3078 1421 3133 Nonne
1448 3090 1494 3133 et
1521 3079 1586 3134 de
1625 3095 1716 3134 suo
1745 3079 1898 3150 sufﬁ-

296 3170 362 3223 cit
399 3171 495 3224 sibi
537 3171 607 3224 ad
650 3170 857 3224 titulum
899 3170 1195 3240 passionis?
1218 3172 1445 3239 quotiens
1484 3169 1646 3224 illeeso
1687 3186 1899 3238 corpore
1924 3166 1968 3228 C

295 3263 470 3316 anima
515 3261 629 3316 sola
682 3271 943 3330 torquetur
996 3263 1112 3329 bile,
1141 3262 1254 3325 ira,
1289 3261 1439 3314 tredio
1469 3261 1764 3331 plerumque
1809 3277 1898 3314 nec

301 3353 402 3408 sibi
454 3355 616 3408 noto?
657 3354 792 3409 Adeo
841 3355 977 3408 novit
1022 3365 1068 3408 et
1115 3354 1256 3425 apud
1297 3355 1488 3424 inferos
1516 3353 1690 3406 anima
1728 3354 1900 3408 dolere

295 3445 413 3525 sine
446 3461 616 3508 carne,
644 3446 758 3516 quia
785 3456 830 3499 et
873 3447 923 3500 in
954 3461 1106 3501 carne
1130 3446 1314 3510 illaesa,
1349 3445 1392 3498 si
1414 3444 1562 3515 volet,
1594 3443 1750 3498 dolet.
1783 3443 1897 3498 Hoc

291 3537 344 3591 si
369 3553 434 3591 at?
456 3537 668 3590 arbitrio
693 3554 782 3592 suo
808 3538 858 3591 in
883 3539 980 3591 vita
1002 3579 1016 3602 ,
1045 3547 1236 3608 quanto
1267 3537 1428 3608 magis
1456 3553 1518 3590 ea:
1551 3535 1752 3606 judicio
1797 3534 1896 3590 Dei

289 3638 413 3700 post
439 3632 692 3684 mortem?
722 3628 859 3683 Nam
902 3639 949 3683 et
991 3629 1126 3684 solos
1165 3629 1414 3700 cogitatus
1443 3638 1488 3682 et
1516 3628 1682 3683 tradas
1711 3628 1891 3682 volun-

289 3730 421 3775 tates
449 3738 668 3775 censura
694 3723 865 3775 tlivina
886 3722 1220 3793 persequitur.
1260 3715 1416 3792 Ergo‘
1428 3731 1634 3792 propter
1659 3721 1753 3775 Itoc
1772 3738 1893 3776 con-

287 3813 704 3883 gruentissimtnn
731 3823 823 3879 est,
855 3814 1102 3881 animant,
1139 3813 1250 3867 licet
1287 3829 1386 3867 non
1416 3822 1678 3880 expectata
1707 3830 1889 3881 carne,

287 3905 465 3975 puniri
485 3945 500 3968 ,
547 3906 684 3973 quod
710 3921 811 3958 non
841 3906 1030 3959 sociata
1056 3921 1208 3958 carne
1235 3906 1504 3958 commisit.
1550 3903 1616 3958 In
1655 3922 1888 3973 summa,

283 4013 445 4068 quum
499 4013 751 4050 carcerem
796 3998 972 4063 illum,
1019 3997 1153 4066 quod
1199 3994 1529 4068 Evangelium
1577 3997 1888 4051 demonstrat

285 4091 310 4163 (
345 4089 648 4162 Mattlt.,V)
680 4091 871 4160 inferos
914 4091 1261 4161 intelligimus,
1305 4101 1350 4145 et
1393 4092 1718 4145 novissimum
1764 4109 1880 4161 qua-

203 4171 243 4224 ’-
279 4184 548 4250 drantem,
581 4185 838 4237 modicum
877 4183 1108 4254 quodque
1131 4183 1370 4238 delictum
1399 4184 1505 4238 illic
1531 4185 1772 4240 luendum
1801 4187 1884 4239 itt-

278 4282 659 4346 terpretautur;
705 4291 848 4328 nemo
877 4273 1155 4339 dubitabit,
1205 4275 1432 4328 animum
1457 4277 1650 4347 aliquid
1677 4294 1887 4346 pensare

277 4367 424 4437 apud
452 4368 662 4439 inferos.
697 4369 750 4423 Ial
782 4369 952 4438 ipsum
979 4368 1140 4423 etiam
1173 4368 1402 4422 inculcat
1429 4368 1562 4425 libro
1589 4369 1656 4425 de
1683 4370 1886 4425 Resur-

279 4461 523 4516 rcctione
547 4461 745 4525 carnis,
770 4468 887 4530 cap.
924 4461 1010 4524 17,
1047 4476 1192 4515 ntnn.
1222 4461 1324 4516 155
1352 4475 1415 4515 ac
1450 4461 1572 4518 151.
1624 4461 1705 4516 Ad
1743 4461 1882 4530 quod

278 4561 445 4622 caput
481 4552 654 4608 etiam.
700 4552 1019 4607 adduximus
1060 4552 1252 4606 similia
1295 4553 1599 4607 testimonia
1630 4553 1884 4608 Auctoris

276 4654 474 4715 quzest.
503 4657 555 4699 et
601 4659 844 4713 respons.
873 4645 1011 4697 inter
1039 4657 1200 4712 Opera
1225 4642 1281 4697 S.
1310 4641 1501 4697 Justiui
1531 4642 1708 4711 Mart.,
1740 4644 1878 4700 Lac-

278 4735 434 4790 tantii
476 4745 528 4790 et
559 4735 618 4790 S.
657 4734 958 4805 Augustini,
988 4744 1041 4788 et
1074 4725 1423 4790 indicavimus
1450 4751 1568 4790 eam
1600 4751 1721 4792 esse
1747 4751 1879 4791 Cott-

273 4825 507 4883 I‘ormcm
540 4828 758 4884 Patrum
787 4831 1128 4885 sententiam.

276 4971 332 5028 9.
368 4971 616 5050 Animam
637 4972 954 5037 S;.ttc:ormu
987 4975 1037 5028 in
1054 4978 1174 5030 sinu
1202 4975 1454 5043 Abrahre,
1481 4992 1573 5030 seu
1602 4973 1874 5040 Paradiso,

347 5068 462 5123 sive
490 5069 591 5123 sub
618 5068 802 5134 altari,
832 5084 924 5124 seu
954 5070 1072 5126 loco
1116 5085 1220 5125 non
1265 5069 1472 5126 cmlesd
1496 5110 1510 5133 ,
1544 5070 1639 5123 sed
1697 5078 1873 5122 tamen

347 5159 535 5214 inferis
564 5162 861 5232 superiori.
889 5162 1053 5217 foveri
1085 5172 1139 5218 et
1166 5162 1418 5232 gaudere,
1451 5162 1516 5215 ad
1544 5161 1683 5216 diem
1707 5176 1875 5230 usque

343 5253 527 5323 iudicii
560 5254 788 5310 Domini.
815 5255 960 5309 Tant.
1006 5255 1046 5310 1.
1080 5257 1296 5326 Apolog.
1317 5272 1432 5325 cap.
1452 5255 1542 5308 47.
1576 5271 1718 5316 num,
1744 5252 1869 5308 601.

350 5344 497 5401 Tom.
529 5345 608 5400 111.
645 5347 774 5402 libro
801 5347 863 5401 de
891 5348 1060 5400 Anim.
1089 5349 1256 5418 capite
1279 5347 1491 5402 7.nunt.
1521 5347 1610 5402 91.
1642 5345 1732 5402 95.
1776 5344 1867 5400 96.

345 5437 436 5491 97.
469 5454 584 5508 cap.
615 5439 669 5492 9.
697 5456 748 5492 n.
787 5437 908 5493 121.
938 5440 1103 5510 capite
1127 5441 1214 5494 55.
1248 5456 1299 5492 η.
1333 5437 1422 5493 66.
1461 5439 1552 5493 58.
1581 5439 1704 5494 610.
1743 5439 1866 5495 611.

346 5533 461 5598 cap.
495 5529 585 5583 56.
607 5547 659 5584 tt.
692 5528 816 5585 622.
839 5548 896 5585 ac
912 5547 1028 5601 cap.
1056 5532 1147 5585 ult.
1172 5548 1225 5586 n.
1257 5531 1490 5586 644.lib.
1514 5531 1576 5584 de
1590 5531 1868 5585 llesurrec-

341 5622 476 5676 tione
503 5640 609 5678 car.
637 5640 754 5695 cap.
788 5625 876 5680 17.
900 5640 1040 5677 nttnt.
1080 5625 1204 5680 152.
1240 5625 1361 5680 151.
1404 5623 1532 5678 libro
1563 5623 1649 5678 III.
1669 5625 1865 5678 advers.

345 5712 508 5768 Marc.
539 5717 706 5786 capite
730 5717 788 5773 54
831 5734 972 5770 nunt.
1003 5716 1270 5774 518549.
1297 5718 1422 5774 550.
1447 5718 1572 5774 551.
1601 5727 1645 5772 et
1669 5717 1854 5787 Scorp.

340 5805 458 5860 adv.
509 5805 686 5864 Gnost.
733 5811 899 5882 capite
936 5810 1022 5868 12.
1060 5827 1202 5868 nunt.
1236 5812 1326 5871 95.
1363 5809 1508 5868 Tom.
1548 5810 1596 5868 1.
1639 5807 1764 5872 libro
1793 5809 1856 5864 de

2113 804 2243 860 Iluic
2271 805 2548 862 Paradoxo
2577 822 2682 862 non
2726 807 2899 863 solum
2939 808 3077 880 apud
3115 808 3336 866 Tertull.
3362 821 3416 866 et
3446 809 3624 866 Nova-

2032 897 2268 966 tianum,
2313 897 2407 954 sed
2450 901 2611 956 etiam
2663 902 2803 971 apud
2840 902 2974 958 alios
3022 913 3234 960 veteres
3282 904 3619 960 occasionem

2027 991 2330 1058 dederunt,
2375 1003 2485 1050 tum
2522 994 2708 1051 Lazari
2752 997 2873 1053 sive
2917 998 3137 1053 historia
3183 999 3296 1054 sive
3338 998 3620 1070 parabola,

2029 1083 2207 1154 (Luc.,
2238 1084 2360 1142 XVI
2390 1091 2407 1156 )
2457 1103 2617 1158 quem
2647 1087 2778 1144 vidit
2808 1088 2959 1144 dives
2989 1090 3041 1145 in
3071 1091 3190 1146 sinu
3219 1089 3478 1156 Ahraltat,
3511 1097 3620 1145 tmn

2036 1178 2170 1232 visio
2221 1178 2258 1232 S
2306 1177 2461 1234 Joan.
2498 1183 2740 1250 Apostoli
2767 1183 2987 1253 Apocal.
3024 1183 3230 1253 ηψπ,
3271 1181 3623 1237 viditanimas

2025 1266 2320 1338 Martyrum
2361 1270 2462 1324 sub
2482 1271 2634 1325 altari
2662 1272 2874 1329 indutas
2904 1275 3057 1328 stolis
3083 1273 3219 1328 albis
3240 1315 3254 1337 ,
3289 1273 3484 1344 quibus
3509 1272 3621 1326 die-

2025 1367 2135 1412 tum
2159 1369 2242 1414 est
2270 1369 2327 1415 ut
2359 1363 2779 1432 requiescerent.
2819 1364 2992 1421 donec
3028 1365 3338 1436 impleretur
3366 1381 3619 1422 numerus

1996 1461 2406 1508 conservorum
2437 1455 2813 1521 Sum'uttt,'tum
2844 1457 3078 1528 denique
3097 1458 3226 1514 illttd
3243 1459 3440 1515 Christi
3456 1463 3522 1515 ad
3544 1461 3620 1514 Ia-

2029 1552 2234 1613 Ironem
2259 1543 2438 1618 (Luc.,
2466 1547 2681 1619 XXIV),
2701 1549 2868 1606 Hodie
2891 1567 3100 1607 mecum
3130 1554 3238 1609 eris
3267 1555 3318 1610 in
3346 1555 3615 1626 paradiso.
3705 1562 3709 1566 ’

2022 1635 2157 1691 lliuc
2187 1640 2330 1694 enim
2352 1679 2365 1702 ,
2409 1657 2572 1710 quum
2617 1641 2865 1698 viderent
2888 1643 3326 1716 distinguendum
3357 1663 3476 1704 esse
3501 1660 3616 1704 sta-

2022 1738 2135 1784 tum
2167 1732 2466 1788 animarum
2499 1735 2617 1790 sine
2648 1751 2874 1807 corpore
2915 1753 3084 1809 usque
3111 1739 3176 1796 ad
3213 1739 3444 1796 luturutu
3469 1742 3616 1812 judi-

1943 1805 1989 1864 B
2019 1822 2202 1886 cium,
2240 1839 2269 1878 a
2295 1834 2439 1879 statu
2471 1828 2775 1895 perlectiori
2815 1831 3114 1887 animarmn
3143 1848 3264 1888 cum
3295 1835 3617 1905 corporibus

2019 1919 2601 1988 postjrrsurreetiouem
2631 1922 3006 1990 universalcm,
3031 1923 3188 1978 dictis
3203 1927 3344 1979 sinus
3369 1927 3606 1993 Abralue,

2016 2012 2198 2082 quietis
2231 2013 2448 2083 placida:
2487 2014 2580 2069 sub
2609 2016 2781 2082 altari,
2829 2027 2874 2071 et
2901 2019 3130 2088 paradisi
3164 2020 3613 2090 appellationibus

2017 2117 2391 2176 nuncuparunt
2412 2126 2423 2161 ε
2445 2109 2893 2177 quemadmodum
2912 2119 3108 2165 statum
3125 2111 3270 2168 illum
3285 2112 3608 2181 secundum,

2015 2201 2307 2266 contrario,
2326 2203 2574 2257 cmlestem
2598 2204 2800 2271 sinunt,
2833 2203 2996 2258 altare
3027 2205 3343 2274 superius,et
3363 2207 3611 2261 ca'lestem

2013 2304 2238 2364 portum.
2262 2293 2377 2349 Non
2410 2311 2560 2362 vero,
2592 2297 2734 2367 quod
2764 2298 3024 2352 sentirent
3049 2299 3257 2353 animas
3302 2311 3607 2356 sanctorum

2016 2385 2278 2456 tantiSper
2323 2402 2508 2442 carere
2547 2389 2712 2442 divini
2743 2388 2969 2446 intuitus
2994 2389 3193 2461 gloria,
3241 2391 3398 2448 sicuti
3450 2391 3609 2450 hodie

2014 2479 2379 2548 Anabaptista:
2407 2490 2464 2535 et
2491 2480 2773 2536 Cornelius
2810 2484 3045 2554 Agrippa
3068 2500 3258 2539 eorum
3281 2486 3518 2554 assecla,
3552 2499 3609 2543 ttt

2013 2582 2137 2640 pote
2162 2575 2250 2643 qui
2282 2573 2536 2643 legissent
2560 2575 2698 2645 apud
2729 2577 3041 2646 Apostolum
3066 2576 3329 2649 (Philipp.
3361 2577 3404 2651 I)
3426 2596 3440 2633 :
3462 2579 3610 2635 Desi-

2012 2663 2218 2719 derium
2267 2665 2438 2720 habeo
2478 2666 2729 2741 dissolvi,
2777 2679 2828 2722 et
2857 2684 2980 2723 esse
3025 2685 3146 2724 cum
3194 2671 3428 2727 Christo.
3472 2671 3604 2727 Item

2009 2757 2140 2812 illud
2171 2758 2260 2828 (Il.
2287 2758 2404 2814 Cor.
2441 2759 2506 2832 Υ)
2542 2779 2554 2814 :
2589 2761 3140 2819 Bonamvoluntatent
3180 2763 3437 2820 habemus
3455 2782 3608 2836 perc-

2007 2849 2208 2918 grinari
2239 2865 2269 2904 a
2309 2866 2568 2921 corpore,
2611 2863 2663 2908 et
2697 2865 2992 2923 prtesentes
3022 2871 3143 2912 esse
3184 2858 3250 2912 ad
3293 2859 3600 2913 Dominum.

2007 2943 2073 2995 Iit
2102 2942 2228 2997 illttd
2261 2943 2328 2999 de
2359 2945 2469 3013 ipsa
2501 2945 2590 2998 Dei
2615 2945 2820 3001 visione
2851 2965 2863 2999 :
2897 2945 3052 3001 Nunc
3084 2947 3325 3003 videmus
3358 2965 3453 3019 per
3475 2965 3601 3019 spec

2003 3033 2182 3087 culum
2227 3034 2276 3088 in
2320 3035 2640 3105 arnigmate,
2694 3046 2817 3092 tunc
2860 3048 3038 3093 autem
3099 3038 3234 3094 facie
3272 3040 3338 3094 ad
3384 3040 3600 3095 faciem.

2004 3124 2163 3179 Certe
2195 3125 2306 3194 ipse
2327 3113 2521 3180 auctor
2548 3143 2696 3182 suam
2743 3130 3066 3184 sententiam
3111 3130 3349 3186 indicare
3388 3131 3599 3186 videtur

2003 3219 2054 3272 in
2085 3217 2199 3272 ltzec
2216 3221 2376 3276 verba
2398 3221 2527 3275 dict.
2551 3223 2644 3276 lib.
2672 3223 2740 3278 de
2769 3223 3120 3293 Anima,cap.
3149 3226 3238 3280 56.
3273 3243 3418 3280 tnutt.
3452 3227 3596 3284 622:

2008 3310 2275 3381 Usquequo
2321 3317 2600 3385 perfectum
2651 3315 2782 3368 illud
2823 3317 3189 3386 repromittitur
3235 3319 3304 3372 ad
3350 3321 3598 3391 angelica:

2002 3405 2339 3476 plenitudinis
2381 3418 2677 3460 mensuram
2718 3416 3072 3478 temperatum.
3117 3409 3172 3464 Si
3213 3411 3332 3481 quis
3387 3412 3598 3466 interim

2001 3496 2141 3566 apud
2170 3513 2293 3552 ettm
2325 3499 2395 3552 sit
2425 3499 2570 3554 locus
2600 3541 2615 3564 ,
2653 3509 2743 3554 aut
2772 3500 2906 3554 alios
2937 3501 3150 3565 Patres,
3185 3503 3272 3574 qui
3293 3502 3601 3558 hanc-com-

2001 3587 2212 3642 modam
2265 3589 2761 3659 interpretationem
2815 3608 2918 3646 non
2966 3593 3236 3663 recipiat,
3292 3596 3598 3650 meminerit

1998 3678 2193 3735 Lector
2213 3722 2228 3747 ,
2265 3682 2406 3736 hunc
2428 3696 2666 3736 errorem
2695 3699 2800 3736 non
2841 3683 3062 3740 oflicere
3089 3685 3378 3741 eruditioni
3405 3696 3460 3742 et
3486 3688 3599 3757 pic-

1998 3771 2090 3827 tati
2123 3781 2231 3826 tam
2257 3772 2540 3828 illustrium
2587 3773 2959 3845 Scriptorum,
2989 3793 3153 3847 quttm
3191 3778 3428 3835 Ecclesia
3475 3779 3595 3834 illo-

1995 3879 2114 3918 rum
2141 3866 2470 3935 temporibus
2503 3865 2632 3920 nihil
2653 3865 2828 3921 adlmc
2845 3868 2978 3922 certi
3003 3869 3069 3923 de
3095 3867 3198 3923 hoc
3225 3871 3452 3924 articulo
3475 3886 3596 3927 cre-

1997 3955 2232 4010 dendum
2252 3959 2546 4012 statuisset.
2575 3956 2680 4014 Sed
2709 3960 2848 4014 circa
2875 3961 3148 4032 Synodum
3174 3961 3591 4018 OEcuntt‘nicam

1996 4045 2390 4114 Florentinam,
2423 4065 2540 4118 qua:
2563 4061 2683 4120 post
2723 4053 2948 4121 primum
2979 4052 3592 4110 damnationemlaetam

1993 4138 2163 4208 Epist.
2200 4139 2562 4195 Uecretalihus
2597 4141 2890 4197 Innocentii
2933 4141 3020 4197 Ill.
3051 4155 3105 4199 et
3137 4145 3410 4200 Benedicti
3471 4145 3587 4202 XII.
3659 4155 3661 4157 '

1992 4229 2046 4285 id
2089 4230 2348 4298 definivit,
2395 4233 2552 4288 aliter
2604 4235 2806 4290 sentire
2851 4251 2958 4289 non
2986 4235 3128 4291 licet.
3156 4237 3303 4291 Illius
3325 4236 3589 4292 adversus

1991 4338 2206 4380 errores
2238 4327 2598 4381 Armenorum
2629 4327 2743 4382 hate
2771 4338 2896 4383 sunt
2921 4328 3081 4383 verba
3107 4348 3120 4384 :
3151 4329 3444 4386 Delinimus
3472 4332 3590 4387 illo—
3663 4377 3666 4381 .

1991 4431 2108 4470 rum
2137 4417 2343 4470 animas
2370 4419 2459 4487 qui
2491 4430 2609 4489 post
2633 4419 2892 4490 baptisma
2915 4433 3225 4493 susceptum
3258 4424 3454 4478 nullam
3479 4441 3590 4478 ont-

1908 4524 1962 4586 D
1990 4507 2120 4561 nitzo
2146 4509 2348 4577 peccati
2381 4512 2642 4564 maculam
2675 4511 3056 4578 incurrerunt,
3094 4515 3211 4568 illas
3239 4515 3424 4577 etiam,
3467 4531 3586 4584 qua:

1991 4609 2111 4668 post
2139 4610 2470 4656 contractam
2495 4602 2696 4672 peccati
2729 4604 2992 4658 oraculum
3027 4605 3109 4658 vel
3134 4605 3184 4657 in
3210 4606 3318 4658 suis
3337 4604 3579 4672 corpori-

1989 4692 2087 4747 bus
2109 4732 2125 4754 ,
2159 4695 2243 4748 vel
2271 4694 2474 4750 eisdem
2505 4685 2679 4750 exuta:
2724 4697 3041 4765 corporibus
3071 4738 3085 4761 ,
3130 4707 3284 4766 prout
3335 4697 3584 4767 superius

1985 4786 2185 4840 dictum
2213 4796 2295 4841 est
2317 4827 2332 4852 ,
2363 4799 2488 4842 sunt
2519 4777 2752 4859 purgate
2773 4831 2786 4854 ,
2819 4791 2870 4844 in
2915 4789 3111 4845 caelum
3142 4805 3262 4844 mox
3303 4791 3498 4860 recipi,
3526 4801 3580 4846 et

1984 4880 2177 4934 intueri
2209 4880 2357 4934 clare
2380 4881 2552 4950 ipsttm
2585 4881 2869 4935 Dominmn
2894 4883 3090 4936 triuttut
3121 4895 3173 4939 et
3205 4899 3392 4946 unum,
3421 4885 3576 4940 sicuti

1982 4982 2063 5025 cst
2087 5011 2102 5034 ,
2134 4987 2229 5042 pro
2256 4973 2568 5026 meritorum
2595 4984 2770 5028 tamen
2798 4973 3111 5029 diversitate
3135 4975 3297 5030 aliutn
3323 4977 3428 5032 alio
3457 4993 3578 5046 pcr-

1979 5065 2170 5135 fectius
2203 5087 2214 5121 :
2244 5067 2452 5121 illorum
2479 5075 2659 5121 autem
2707 5066 2912 5121 animas
2935 5108 2948 5131 ,
2977 5070 3066 5138 qui
3099 5069 3150 5123 in
3180 5070 3374 5123 actuali
3423 5083 3574 5122 utor-

1979 5158 2068 5210 tali
2097 5169 2334 5227 peccato,
2359 5159 2440 5213 vel
2460 5146 2839 5230 Solooriginali
2869 5160 3157 5228 decedunt,
3198 5162 3368 5228 taenis
3393 5170 3573 5215 tamen

1976 5249 2302 5319 diSparibus,
2329 5250 2646 5318 pUnieudas.
2666 5250 2800 5319 Quid
2817 5252 2840 5303 ?
2855 5252 2994 5321 (ιιιοά
3019 5253 3157 5306 dicta
3178 5253 3574 5321 Scripturarum

1978 5341 2094 5396 loca
2144 5357 2238 5412 pro
2269 5343 2368 5396 alia
2427 5359 2530 5396 non
2579 5343 2774 5397 faciant
2828 5345 3130 5409 sententia,
3171 5345 3216 5397 si
3265 5343 3576 5414 diligentius

1975 5434 2344 5504 inspiciuntur.
2377 5436 2614 5490 Primum
2649 5438 2790 5492 enim
2818 5438 2914 5492 etsi
2946 5437 3202 5492 Lazarum
3227 5447 3280 5492 ct
3308 5438 3443 5492 alios
3472 5439 3569 5493 Pa—

1977 5537 2038 5582 tr.
2059 5544 2083 5583 s
2115 5528 2321 5583 Vctetis
2349 5527 2677 5584 Testameuti
2707 5531 2757 5583 in
2781 5531 2900 5584 sinu
2933 5530 3182 5596 Abrahat,
3217 5540 3268 5584 et
3295 5531 3560 5585 latronem

1972 5621 2166 5676 ibidem
2196 5664 2210 5687 ,
2240 5623 2353 5678 sive
2377 5624 2427 5678 in
2459 5622 2707 5694 paradiso
2762 5621 3070 5693 aliquandiu
3103 5623 3265 5679 fuisse
3289 5665 3302 5686 .
3345 5624 3476 5677 satis
3507 5625 3560 5679 in

1970 5713 2220 5770 confesso
2242 5717 2338 5771 sit:
2362 5727 2537 5774 tamen
2558 5717 2680 5774 inde
2703 5733 2796 5788 per
2825 5717 3094 5772 Christum
3118 5718 3171 5776 in
3196 5717 3392 5773 caelum
3425 5727 3549 5771 sunt

1971 5807 2206 5877 dcdumi,
2236 5809 2385 5881 juxta
2410 5811 2537 5880 illud
2562 5809 2756 5866 Psalm.
2790 5809 2994 5877 LXVII.
3022 5819 3074 5867 ct
3098 5811 3292 5896 liphe-z.
3319 5809 3383 5879 IV
3409 5828 3420 5874 ;
3449 5809 3551 5871 As-
