4250 6266
640 270 743 336 187

1860 232 2238 324 mutuom
2277 252 2742 322 TERTULLIANI

3833 262 3939 331 188

640 389 881 461 cendens
914 387 1161 448 Christus
1199 385 1252 444 in
1281 385 1449 443 altum
1479 382 1923 459 captivam'duxit
1948 380 2234 455 raptivita-
2264 380 2318 443 A
2345 379 2723 436 sacerdotis-et
2751 377 3033 438 Hieremias
3053 378 3355 452 Pr0phetce.
3377 379 3449 438 Ut
3468 380 3631 448 utsit,
3650 382 3706 439 S.
3735 382 3939 457 Angus-

643 491 754 540 tem
790 502 802 539 :
830 482 882 537 id
908 493 1011 548 est,
1034 480 1118 536 vel
1151 480 1269 551 ipso
1297 478 1555 550 Apostolo
1576 479 1870 549 interprete
1897 494 1911 532 :
1941 490 2103 546 super
2124 489 2239 530 om-

647 594 744 634 nes
769 577 955 634 cmlos.
987 573 1189 630 Deinde
1234 572 1354 629 loco
1372 572 1466 629 illo
1496 573 1662 628 citato
1693 572 1877 642 (Apoc.
1912 568 2097 637 γωδ.
2124 569 2236 623 Au-

643 672 887 743 gustinus
904 668 1068 724 stolas
1088 667 1468 738 interpretatur
1487 664 1659 731 albas,
1679 664 1855 720 Serm.
1880 664 1932 719 4.
1947 662 2014 719 de
2034 661 2236 718 Solem.

649 762 861 829 Sanct.,
895 758 1201 817 mercedem
1224 754 1517 830 baptismi,
1549 756 1827 828 prtemium
1869 754 2140 827 Martyrii,
2187 762 2243 810 et

643 852 895 927 gaudium
924 852 1162 910 caelestis
1191 852 1379 924 patriae
1420 868 1435 908 :
1468 851 1705 923 allegans
1726 848 1926 931 adhoc
1951 848 2111 905 verba
2153 862 2240 904 se-

646 950 861 1023 quentia
895 946 1082 1021 (Apoc.
1114 946 1192 1020 7.)
1212 966 1226 1001 :
1250 946 1478 1004 Stabunt
1505 944 1964 1001 antethronumin
1983 956 2243 1014 conspec-

649 1050 706 1098 tu
738 1040 895 1114 Agni,
923 1040 1101 1095 amicti
1118 1039 1274 1096 stolis
1299 1038 1457 1103 albis,
1487 1046 1540 1094 et
1570 1037 1762 1108 palmae
1790 1036 1842 1090 in
1872 1034 2119 1090 manibus
2145 1048 2240 1088 eo-

648 1151 802 1200 rum;
832 1132 974 1190 unde
1002 1131 1274 1189 concludit
1304 1148 1317 1186 :
1352 1130 1505 1187 Stant
1532 1131 1586 1185 in
1634 1136 1924 1201 conspectu
1952 1128 2086 1198 Agni
2118 1134 2243 1183 ante

649 1227 905 1284 thronum
944 1225 1040 1280 Dei
1064 1224 1303 1281 coronati
1330 1265 1344 1289 ,
1376 1222 1522 1278 nulla
1552 1220 1661 1276 illic
1706 1221 1913 1275 ratione
1943 1234 1972 1273 a
1996 1226 2242 1275 contem-

650 1316 843 1391 planda
867 1317 983 1390 ejus
1008 1317 1178 1389 gloria
1207 1313 1514 1387 separandi.
1544 1312 1652 1368 Nos
1675 1312 1855 1383 itaque
1876 1311 2028 1367 locos
2040 1310 2244 1365 similes

650 1421 705 1468 et
743 1411 991 1483 Cypriani
1023 1419 1077 1466 et
1097 1408 1341 1480 ejusdem
1367 1408 1424 1464 S.
1459 1406 1767 1477 Augustini,
1799 1420 1863 1460 ac
1888 1403 1987 1461 SS.
2019 1404 2246 1459 Ambro-

652 1504 716 1560 sii
741 1514 796 1560 et
830 1503 1111 1575 Cbrysost.
1147 1499 1311 1575 (apud
1354 1514 1491 1571 quos
1518 1499 1678 1554 etiam
1711 1498 1825 1554 loca
1875 1496 2123 1569 qumdam
2150 1495 2247 1550 ob-

652 1612 806 1653 scura
846 1594 1210 1666 reperiuntur)
1249 1593 1531 1650 citavimns
1575 1593 1626 1648 in
1658 1593 1913 1647 Anuotat.
1944 1584 2142 1647 nostris
2179 1588 2247 1645 ad

579 1698 603 1763 4
652 1689 821 1759 Epist.
875 1686 933 1743 S.
972 1684 1241 1763 Cypriani
1294 1684 1383 1742 16.
1409 1699 1557 1739 num.
1594 1684 1683 1739 19.
1737 1682 2024 1739 Annotavit
2084 1681 2246 1739 etiam

653 1746 856 1852 aliquot
887 1757 985 1851 pro
1013 1746 1165 1859 tio-bis
1215 1778 1329 1833 loca
1359 1776 1775 1834 Feu-ardentius
1803 1777 1856 1831 in
1910 1776 1968 1831 S.
2004 1775 2207 1832 Irenreo
2227 1818 2243 1845 ,
2275 1746 2323 1811 Β

654 1881 841 1931 contra
885 1885 1043 1942 quam
1074 1870 1163 1924 alii
1191 1869 1449 1936 sentiunt,
1482 1868 1576 1924 lib.
1611 1868 1653 1924 Ι.
1696 1883 1813 1939 cap.
1851 1868 1908 1923 2.
1950 1884 2074 1923 num
2113 1869 2167 1925 '5.
2196 1877 2249 1923 et

654 1964 800 2020 alibi.
833 1963 888 2019 Si
919 1962 1236 2033 quis-plura
1279 1960 1584 2026 desideret,
1620 1960 1797 2016 videat
1838 1961 1975 2031 Sixt.
2020 1960 2249 2017 Senens.

654 2056 792 2112 Bibl.
822 2054 1035 2112 Sancta:
1056 2054 1190 2110 libro
1207 2054 1263 2132 6.
1291 2054 1486 2110 Annot.
1508 2052 1634 2109 264.
1660 2062 1714 2109 et
1732 2052 1858 2109 545.
1884 2052 2019 2108 Hinc
2040 2053 2253 2109 interim

657 2146 942 2215 addemus,
968 2146 1114 2219 quod
1143 2150 1345 2202 Auctor
1369 2187 1383 2212 ,
1411 2144 1499 2201 ubi
1539 2145 1632 2200 lib.
1673 2144 1740 2199 de
1795 2144 1973 2200 Anim.
2008 2159 2128 2215 cap.
2160 2145 2249 2201 55.

659 2240 798 2297 Solis
828 2239 1141 2311 Martyribus
1183 2246 1354 2311 patere
1398 2238 1694 2311 paradisum
1724 2238 1891 2302 dicit,
1939 2254 2099 2310 quum
2126 2238 2254 2295 alibi

670 2334 901 2388 omnium
920 2332 1230 2389 Sanctorum
1259 2347 1525 2386 commune
1566 2331 1939 2402 receptaculum
1968 2339 2155 2386 vocet:
2176 2329 2256 2385 sic

657 2426 889 2496 explicet
911 2402 971 2480 Β.
1017 2423 1315 2497 Cyprianus
1358 2418 1814 2494 ejns'discipulus,
1847 2421 2013 2494 Epist.
2065 2421 2157 2478 52.
2186 2421 2257 2477 ad

660 2516 1116 2574 Antonin.:Aliud
1144 2525 1229 2573 est
1252 2510 1319 2571 ad
1341 2517 1552 2572 veniam
1576 2524 1742 2582 stare,
1759 2502 1909 2571 aliud
1935 2513 2256 2591 adxgloriam

660 2609 962 2681 pervenire,
995 2608 1138 2665 aliud
1175 2609 1397 2665 missum
1430 2609 1482 2663 in
1512 2622 1784 2669 carcerem
1817 2622 1924 2664 non
1954 2606 2103 2664 exire
2132 2606 2259 2663 inde

659 2703 835 2759 donec
876 2700 1050 2759 solvat
1079 2701 1429 2757 novissimum
1478 2699 1831 2772 quadrantem
1856 2743 1870 2767 ,
1902 2699 2047 2757 aliud
2073 2700 2254 2756 statim

661 2793 787 2850 tidei
811 2804 863 2850 et
886 2794 1098 2850 virtutis
1124 2793 1369 2864 accipere
1397 2793 1702 2850 mercedem
1741 2810 1756 2858 ;
1787 2793 1929 2850 aliud
1954 2808 2053 2865 pro
2074 2808 2257 2865 pecca-

664 2887 730 2942 tis
756 2885 916 2959 longo
960 2886 1152 2943 dolore
1206 2886 1501 2944 cruciatum
1530 2886 1810 2943 emundari
1839 2895 1895 2944 ct
1924 2887 2139 2959 purgari
2164 2887 2258 2943 diu

662 2978 785 3051 igne
803 3020 819 3047 ,
845 2977 989 3035 aliud
1015 2987 1232 3050 peccata
1258 2978 1507 3050 passione
1544 2994 1835 3052 purgasse;
1858 2979 2001 3036 aliud
2027 2978 2258 3052 denique

662 3070 903 3174 pendere
926 3062 1002 3174 at:
1028 3072 1117 3174 die
1148 3073 1337 3144 judicii
1365 3074 1432 3130 ad
1470 3075 1791 3174 sententiam
1825 3074 2035 3174 Domini
2065 3116 2079 3141 ,
2112 3073 2258 3174 aliud

661 3162 841 3219 statim
890 3179 921 3220 a
968 3164 1195 3220 Domino
1239 3165 1508 3221 coronari.
1562 3164 1716 3235 Quod
1761 3166 1936 3236 ipsum
1969 3165 2144 3222 facere
2189 3165 2258 3222 ad

662 3256 1088 3313 confirmandam
1123 3255 1466 3313 traditionem
1512 3256 1769 3313 Ecclesia:
1796 3256 1864 3314 de
1905 3256 2254 3328 Purgatorio,

663 3349 860 3405 ibidem
888 3350 1266 3407 annotavimus
1297 3366 1505 3406 numer.
1530 3350 1619 3407 59.
1649 3359 1705 3407 et
1728 3350 1795 3406 ad
1822 3349 2138 3407 Tertulliani
2163 3349 2257 3406 lib.

664 3441 733 3498 de
758 3442 949 3497 Anima
1003 3442 1166 3513 capit.
1200 3444 1287 3499 55.
1321 3458 1468 3498 num.
1516 3442 1639 3499 611.
1693 3442 1968 3499 Cancrum
1993 3443 2211 3499 Auctori
2241 3484 2257 3510 ,

663 3532 753 3603 qui
784 3549 955 3589 omnes
1001 3535 1201 3590 animas
1228 3536 1392 3590 etiam
1441 3534 1671 3603 ﬁdelium
1702 3536 1931 3605 priorum
1955 3534 2262 3605 sequestrat-1'

666 3623 755 3677 vul
795 3636 965 3694 usque
988 3623 1056 3679 ad
1082 3624 1225 3679 diem
1248 3624 1463 3694 judicii,
1505 3639 1726 3695 prorsus
1755 3623 2023 3680 contraria
2052 3634 2137 3680 est
2171 3625 2260 3681 illa

665 3714 727 3769 B.
771 3716 997 3786 August.
1045 3716 1353 3782 affirmatio,
1400 3717 1490 3772 lib.
1542 3716 1632 3771 20.
1668 3716 1734 3772 de
1759 3715 1915 3771 Civit.
1963 3715 2060 3772 Dei
2097 3733 2112 3772 :
2143 3716 2261 3772 Jam

670 3803 795 3860 inde
820 3819 927 3876 quo
952 3808 1168 3878 sanguis
1204 3807 1401 3883 Christi
1430 3806 1681 3879 antiquos
1724 3816 1938 3862 sanctos
1962 3821 2028 3863 ex
2077 3808 2265 3865 inferis

667 3894 842 3963 eruit,
886 3896 1142 3968 deinceps
1187 3897 1311 3953 boni
1351 3897 1594 3966 fideles;
1623 3895 1796 3953 effuso
1852 3896 1946 3954 illo
1974 3899 2146 3969 pretio
2173 3914 2262 3955 τοι

668 3992 874 4067 dempti
912 4009 1134 4067 prorsus
1160 3995 1361 4053 inferos
1386 3995 1650 4053 nesciunt.

674 4126 763 4184 10.
805 4129 1118 4187 Animarum
1155 4131 1488 4191 Mortuorum
1518 4147 1731 4191 omnem
1759 4131 2147 4191 exhibitionem
2180 4132 2263 4188 in-

672 4277 683 4288 ,
743 4222 1080 4289 corporalem
1105 4225 1401 4297 prtestigias
1422 4240 1561 4283 esse.
1584 4225 1730 4281 Tom.
1748 4223 1831 4282 Ill.
1859 4225 1986 4282 libro
2012 4226 2077 4282 de
2090 4226 2263 4281 Anim.

742 4312 908 4384 capite
936 4314 1024 4369 57.
1056 4332 1197 4372 num.
1228 4318 1354 4373 615.
2204 4315 2211 4321 ’

750 4445 929 4502 Prima
957 4448 1170 4519 quidem
1201 4448 1337 4508 facie
1364 4451 1578 4508 videtur
1604 4454 1744 4510 istud
1773 4446 2085 4529 Patiadoxon
2103 4498 2118 4524 ,
2171 4456 2265 4514 sed

674 4540 783 4612 agit
832 4539 1152 4597 Tertullian.
1200 4557 1265 4598 ex
1314 4543 1559 4599 instituto
1597 4554 1783 4601 contra
1850 4546 2075 4604 Simonis
2123 4547 2268 4621 Magi

674 4631 974 4704 discipulos
1000 4634 1284 4703 ltwreticos,
1313 4635 1400 4706 qui
1446 4636 1601 4691 etiam
1648 4635 2025 4708 Pr0pltetarum
2070 4640 2269 4695 animas

673 4723 735 4778 ab
767 4727 944 4796 inferis
968 4743 1165 4782 movere
1190 4744 1244 4783 se
1272 4727 1608 4800 spondebant,
1637 4730 1781 4802 quod
1825 4746 1932 4788 non
1978 4732 2081 4789 nisi
2124 4750 2268 4789 men-

675 4816 822 4870 dacio
864 4818 917 4871 in
962 4820 1134 4874 anima
1171 4819 1426 4876 Samuelis
1476 4818 1766 4893 Pgtlionico
1803 4824 2006 4895 spiritui
2046 4824 2269 4893 licuisse,

676 4905 740 4974 (Ι.
765 4905 890 4978 Reg.
902 4907 1117 4983 XVIII.)
1131 4911 1421 4982 ipseLsentit
1438 4928 1451 4967 :
1475 4914 1569 4971 sed
1588 4916 2009 4986 transﬁguratum
2024 4915 2274 4972 Satanam

676 4997 917 5068 angelum
963 5000 1134 5055 lucis:
1180 5002 1247 5058 de
1296 5019 1403 5075 quo
1447 5006 1608 5061 etiam
1634 5006 1770 5062 alios
1796 5007 1985 5077 Patres
2008 5008 2270 5080 quosdam

676 5089 955 5148 dubitasse
996 5092 1190 5148 ibidem
1244 5095 1619 5153 adnotavimus
1670 5113 1824 5154 num.
1882 5098 2007 5156 658.
2073 5098 2274 5158 Deinde

676 5185 912 5256 seipsum
934 5184 1164 5256 explicat
1182 5185 1477 5272 adjicieus:
1506 5191 1637 5244 nulli
1658 5193 1845 5246 anima:
1863 5191 2051 5263 inferos
2073 5200 2267 5263 patere,

656 5276 837 5347 idque
861 5275 1167 5347 adprobans
1194 5292 1260 5334 ex
1290 5277 1447 5335 dictis
1477 5281 1707 5337 Abraha:
1762 5283 1828 5338 ad
1859 5283 2081 5341 divitem
2118 5283 2268 5355 (Luc.

677 5367 865 5442 XVI)
917 5371 1091 5440 Quum
1112 5372 1324 5429 interim
1364 5371 1596 5430 fateatur
1614 5377 1862 5446 quasdam
1877 5378 2073 5434 animas
2094 5379 2146 5433 in
2167 5394 2278 5433 cor-

676 5478 804 5533 pora
828 5462 919 5519 Dei
946 5465 1127 5521 virtute
1152 5482 1300 5537 posse
1322 5469 1571 5543 revocari,
1619 5468 1805 5540 quidni
1834 5480 1887 5526 et
1912 5485 1977 5526 ex
2021 5470 2280 5547 peculiari

675 5553 769 5611 Dei
813 5556 1095 5629 privilegio
1140 5567 1296 5615 extra
1326 5574 1520 5631 corpus
1544 5560 1705 5618 etiam
1728 5561 2013 5619 exhiberi?
2042 5564 2275 5620 maxime

671 5662 833 5716 quum
864 5647 971 5718 (de
995 5664 1103 5722 quo
1132 5650 1293 5706 etiam
1322 5652 1413 5722 ibi,
1448 5669 1598 5710 num.
1622 5654 1773 5723 613.)
1806 5655 2122 5728 exemplum
2168 5656 2260 5711 ha-

673 5735 970 5811 beamusﬁin
999 5739 1174 5798 L‘ibris
1198 5740 1621 5825 Machabaeorum
1650 5745 1718 5803 de
1738 5746 2075 5818 apparitione
2107 5747 2258 5809 Oniie
2294 5736 2303 5745 ’

2342 474 2486 529 tinus
2514 473 2742 544 pulchre
2774 473 2874 530 hac
2897 474 2965 530 de
2990 490 3051 530 re
3074 476 3152 532 sic
3173 475 3395 547 scripsit
3423 476 3558 531 libro
3583 477 3651 533 de
3676 476 3815 533 Cura
3843 494 3939 550 pro

2342 573 2528 633 mort.,
2560 581 2610 621 c.
2643 564 2838 622 10.11.
2873 567 2959 635 15,
2982 566 3135 623 acl6
3166 567 3496 623 :Narrantur
3532 569 3646 623 visa
3673 552 3937 640 qnmdam,

2343 658 2588 715 feruntur
2614 659 2810 714 mortui
2841 659 3084 714 nonnulli
3109 660 3194 715 vel
3225 660 3276 713 in
3307 660 3532 725 somnis,
3562 661 3646 716 vel
3672 661 3779 717 alio
3802 677 3936 733 quo-

2342 766 2571 824 cumque
2601 752 2762 809 modo
2789 754 3100 825 apparuisse
3119 755 3439 823 viventibus,
3466 765 3625 829 atque
3646 756 3735 813 ubi
3752 772 3938 815 eorum

2344 859 2567 916 corpora
2594 846 2837 915 jacerent
2864 845 3137 901 inhumata
3169 847 3553 917 nescientibus,
3572 848 3703 905 locis
3720 849 3939 905 demon-

2344 936 2527 990 stratis
2549 934 2934 1005 admonuisse‘,
2967 946 3022 992 ut
3065 937 3163 994 sibi
3205 938 3478 1010 sepultura
3517 955 3635 1011 qua:
3678 939 3937 1009 defuerat,

2346 1029 2695 1101 prmberetur.
2732 1029 2857 1085 Haec
2886 1031 2929 1085 si
2964 1030 3094 1086 falsa
3113 1047 3233 1087 esse
3265 1034 3704 1104 responderimus
3757 1016 3944 1092 contra

2345 1121 2705 1192 quorumdam
2733 1123 2930 1193 scripta
2963 1122 3195 1178 ﬁdelium
3228 1125 3454 1197 (utpote,
3492 1126 3721 1196 exempli
3750 1127 3941 1199 gratia,

2347 1212 2406 1268 S.
2468 1212 2736 1269 Ambrosii
2790 1212 2968 1269 Serm.
3012 1214 3079 1270 de
3141 1214 3453 1270 Inventione
3504 1230 3786 1286 corporum
3842 1216 3942 1273 SS.

2350 1292 2607 1359 Gervasii
2638 1315 2691 1359 et
2746 1304 3006 1371 Protasii,
3061 1314 3116 1360 et
3158 1305 3215 1360 S.
3264 1305 3487 1361 Luciaui
3540 1306 3609 1362 de
3637 1305 3946 1367 Inventione

2351 1396 2596 1467 corporis
2623 1395 2804 1453 Sancti
2828 1397 3086 1468 Stephani
3115 1397 3527 1470 Protomartyris
3551 1441 3567 1465 ,
3595 1408 3650 1454 et
3677 1400 3897 1456 aliorum
3923 1402 3943 1473 )

2351 1500 2408 1549 et
2436 1500 2623 1547 contra
2652 1507 2839 1547 eorum
2865 1506 3060 1546 sensus
3090 1492 3181 1563 qui
3211 1492 3333 1547 talia
3365 1492 3467 1547 sibi
3510 1493 3769 1548 accidisse
3811 1509 3947 1550 con-

2354 1585 2589 1653 firmant,
2621 1585 2958 1655 impudenter
2979 1586 3162 1641 venire
3191 1584 3513 1641 videbimur.
3547 1586 3817 1657 Angelicis
3844 1583 3948 1659 igii-

2353 1685 2440 1732 tur
2487 1676 2889 1748 operationibus
2931 1677 3042 1733 fieri
3070 1721 3083 1745 ,
3147 1678 3354 1748 inquit,
3404 1678 3725 1735 crediderim
3753 1721 3767 1743 ,
3834 1681 3948 1737 sive

2353 1768 2692 1839 permittatur
2712 1766 2961 1839 desuper,
2991 1769 3104 1824 sive
3128 1769 3397 1839 jubeatur.
3424 1768 3479 1825 ld
3504 1780 3683 1827 autem
3707 1772 3948 1842 aliquan-

2354 1858 2423 1914 do
2445 1860 2647 1915 utiliter
2672 1859 2750 1926 fit,
2776 1860 2889 1915 sive
2914 1859 2980 1915 ad
3004 1861 3246 1915 vivorum
3264 1861 3659 1933 qualecumque
3676 1863 3946 1933 solatium,

2355 1951 2469 2005 sive
2500 1958 2557 2004 ut
2586 1949 2667 2004 bis
2689 1949 3146 2007 admonitionibus
3173 1952 3355 2022 generi
3384 1952 3620 2009 humano
3661 1956 3950 2026 sepultura:

2356 2040 2765 2097 commendetur
2814 2042 3141 2098 humanitas.
3217 2044 3421 2100 Deinde
3482 2054 3606 2116 post
3660 2047 3841 2103 multis
3895 2049 3951 2106 in

2359 2142 2640 2204 utramque
2665 2143 2867 2204 partem
2890 2135 3158 2213 productis
3177 2137 3530 2208 argumentis,
3558 2139 3636 2194 sic
3661 2140 3948 2197 concludit:

2357 2223 2489 2281 Mitti
2517 2240 2728 2297 quoque
2748 2226 2814 2281 ad
2832 2227 2982 2283 vivos
3011 2214 3220 2299 aliquos
3241 2244 3308 2285 ex
3338 2231 3584 2299 mortuis,
3608 2232 3746 2289 sicut
3767 2249 3797 2289 e
3821 2249 3951 2291 con-

2358 2320 2524 2397 trario
2552 2319 2747 2375 Paulus
2766 2335 2833 2376 ex
2861 2321 2996 2377 vivis
3027 2323 3079 2378 in
3108 2323 3417 2394 paradisum
3442 2334 3626 2397 raptus
3651 2336 3749 2396 est,
3775 2327 3954 2385 divina

2358 2396 2639 2483 Scriptura
2669 2420 2914 2468 testatur.
2947 2413 3079 2470 Nam
3106 2414 3328 2471 Samuel
3361 2396 3626 2487 Propheta
3668 2417 3955 2476 defunctus

2358 2504 2480 2560 vivo
2535 2502 2681 2561 Sauli
2712 2504 2845 2577 Regi
2873 2505 3047 2562 futura
3088 2507 3335 2577 prmdixit
3363 2508 3649 2580 (quamvis
3688 2512 3954 2580 nonnulli,

2361 2597 2501 2653 inter
2525 2611 2681 2667 quos,
2712 2596 2787 2652 uti
2813 2597 2923 2668 jam
2951 2598 3081 2665 dixi,
3115 2602 3529 2661 Auctornoster
3554 2643 3570 2668 ,
3624 2617 3731 2657 non
3780 2602 3954 2674 ipsum

2360 2689 2546 2757 fuisse,
2576 2692 2665 2762 qui
2697 2693 2959 2763 potuisset
2986 2693 3210 2765 magicis
3237 2695 3706 2765 artibusevocari,
3738 2697 3833 2754 sed
3856 2697 3955 2753 ali-

2359 2798 2517 2854 quem
2549 2783 2797 2855 spiritum
2825 2794 2931 2840 tam
2951 2786 3105 2841 malis
3130 2787 3385 2857 operibus
3407 2799 3790 2861 congruentem
3815 2789 3956 2845 illius

2360 2874 2672 2930 existiment
2695 2870 3101 2945 similitudinem
3128 2875 3385 2948 figurasse
3411 2878 3451 2949 ),
3480 2893 3641 2950 quum
3682 2879 3818 2935 liber
3845 2879 3951 2936 Ec-

2362 2965 2712 3033 clesiasticus,
2749 2982 2909 3038 quem
2937 2967 3097 3025 Iesus
3123 2968 3263 3024 filius
3277 2968 3466 3045 Sirach
3483 2971 3765 3043 scripsisse
3784 2972 3954 3030 tradi-

2364 3064 2467 3121 tur,
2487 3064 2542 3112 et
2570 3066 2786 3127 propter
2810 3058 3008 3129 eloquii
3034 3060 3344 3115 nonnullam
3373 3060 3771 3118 similitudinem
3797 3061 3958 3119 Salo-

2364 3142 2537 3199 monis
2559 3144 2741 3213 (etiam
2758 3144 2827 3201 ab
2849 3146 2964 3215 ipso
2979 3145 3309 3203 Tertulliano
3334 3147 3548 3219 alicubi)
3562 3149 3957 3219 pronuntiatur,

2360 3235 2634 3292 contineat
2648 3235 2701 3291 in
2717 3236 2873 3293 laude
2884 3237 3100 3293 Patrum
3118 3236 3409 3312 (c.XLVI.)
3423 3239 3563 3311 quod
3572 3239 3786 3296 Samuel
3796 3240 3965 3296 etiam

2362 3339 2606 3387 mortuus
2625 3331 3041 3403 prophetaverit.
3064 3331 3171 3389 Sed
3184 3333 3229 3389 si
3251 3332 3375 3390 huic
3389 3334 3483 3390 lib.
3505 3349 3571 3391 ex
3590 3333 3959 3402 llebrrcorum,

2363 3422 2486 3492 quia
2507 3424 2560 3477 in
2584 3437 2650 3480 eo
2669 3438 2774 3478 non
2798 3432 2900 3489 est,
2922 3423 3142 3481 Canone
3160 3426 3567 3494 contradicitur,
3583 3426 3714 3497 quid
3732 3427 3801 3483 de
3821 3426 3966 3484 Mose

2367 3514 2564 3571 dioturi
2585 3532 2792 3584 sumus,
2820 3518 2911 3588 qui
2933 3526 3081 3575 certe
3100 3528 3152 3575 et
3177 3518 3229 3574 in
3254 3519 3671 3576 Deuteronomio
3696 3530 3958 3588 mortuus,

2366 3617 2420 3662 et
2441 3607 2496 3662 in
2519 3607 2804 3679 Evangelio
2819 3624 2941 3664 cum
2962 3609 3133 3679 Helia,
3148 3610 3237 3682 qui
3255 3621 3497 3666 mortuus
3524 3626 3631 3667 non
3644 3610 3965 3682 ,est(llattlt.

2366 3699 2580 3772 XVII.),
2611 3700 2807 3771 legitur
2822 3703 3136 3772 apparuisse
3152 3702 3455 3759 viventibus
3476 3702 3498 3756 ?
3518 3702 3653 3760 llinc
3675 3715 3728 3759 et
3743 3704 3834 3759 illa
3855 3703 3967 3759 sol-

2367 3791 2506 3846 vitur
2529 3793 2755 3862 quaestio
2778 3808 3009 3864 quonam
3038 3793 3199 3859 modo
3228 3793 3508 3867 Martyres,
3534 3794 3664 3865 ipsis
3687 3794 3965 3851 beneficiis

2367 3899 2489 3955 qua:
2534 3883 2731 3941 dantur
2776 3886 3055 3942 orantibus
3107 3885 3348 3942 indicant
3390 3902 3454 3944 se
3493 3888 3759 3945 interesse
3807 3888 3971 3944 rebus

2370 3976 2660 4047 humanis,
2707 3978 2752 4035 si
2798 3979 3044 4057 nesciunt
3094 3979 3448 4051 ntorluitquid
3475 3988 3636 4052 agant
3682 3979 3808 4036 vivi.
3851 3978 3969 4036 Non

2364 4072 2513 4128 etiim
2566 4073 2697 4128 solis
2758 4073 3143 4129 beneficiorum
3198 4073 3516 4141 elfectibus,
3566 4088 3750 4130 verum
3806 4074 3973 4129 etiam

2370 4164 2502 4237 ipsis
2547 4165 2824 4222 hominum
2870 4166 3211 4236 aspectibus,
3243 4152 3619 4223 Conlessbrem
3658 4165 3974 4236 apparuisse

2371 4255 2603 4314 Felicem
2651 4257 2835 4328 (quod
2872 4258 3045 4329 ipsum
3075 4258 3237 4314 etiam
3275 4258 3334 4315 S.
3367 4258 3619 4314 Paulinus
3672 4257 3973 4314 adtestatur

2370 4348 2622 4408 Carmine
2667 4351 2720 4406 in
2769 4351 3067 4422 Felicem),
3111 4368 3273 4423 quum
3321 4368 3351 4406 a
3398 4350 3815 4409 Barbaris‘Nola
3868 4366 3975 4423 op-

2290 4454 2738 4540 Dpuguaretur,
2795 4446 3135 4513 audivimus,
3194 4462 3300 4502 non
3355 4445 3576 4503 incertis
3630 4445 3973 4512 rumoribus.

2372 4541 2468 4597 sed
2518 4542 2741 4597 testibus
2771 4542 2953 4597 certis.
2979 4540 3178 4598 Verum
3216 4541 3317 4597 ista
3342 4540 3599 4597 divinitus
3624 4539 3972 4607 exhibentur,

2369 4635 2532 4707 longe
2570 4634 2726 4691 aliter
2753 4651 2913 4707 quam
2955 4651 3075 4691 sese
3101 4635 3260 4691 habet
3293 4635 3521 4692 usitatus
3540 4634 3707 4700 oido,
3748 4634 3980 4706 singulis

2373 4735 2741 4782 creaturarum
2796 4726 3086 4797 generibus
3136 4726 3442 4782 attributus.
3505 4726 3820 4798 Quanquam
3874 4726 3979 4782 ista

2373 4820 2619 4891 quaestio,
2687 4818 2895 4888 inquit,
2961 4818 3105 4873 vires
3156 4817 3525 4889 intelligentiae
3574 4833 3708 4873 mea:
3757 4817 3977 4881 vincat,

2376 4909 2826 4983 quemadmodum
2881 4910 3209 4982 opitulentur
3254 4910 3517 4982 Martyres
3568 4910 3651 4965 his
3693 4925 3831 4981 quos
3883 4923 3981 4980 per

2378 5017 2472 5057 eos
2499 5013 2703 5058 certum
2730 5011 2816 5059 est
2844 5002 3105 5074 adjuvari.
3148 5003 3257 5059 Res
3286 5002 3402 5058 haec
3429 5002 3588 5058 altior
3621 5012 3703 5057 est
3730 5017 3891 5073 quam
3923 4992 3999 5056 ut'

2377 5108 2408 5147 a
2448 5108 2535 5149 me
2578 5094 2746 5164 possit
2786 5082 3009 5166 attingi,
3069 5103 3125 5150 et
3167 5094 3463 5150 abstrusior
3510 5110 3674 5165 quam
3724 5103 3781 5147 ut
3828 5109 3857 5146 a
3892 5107 3985 5148 me

2382 5184 2555 5242 valeat
2596 5185 2920 5257 perscrutari
2947 5201 2961 5251 ;
2997 5193 3051 5241 et
3095 5184 3217 5241 ideo
3247 5184 3375 5256 quid
3407 5184 3598 5240 horum
3629 5184 3858 5239 duorum
3877 5183 3981 5249 ‘sit,

2379 5296 2447 5337 an
2474 5295 2605 5337 vero
2651 5278 2896 5336 fortassis
2925 5287 3251 5350 utrumque,
3285 5286 3345 5334 ut
3387 5278 3672 5350 aliquando
3718 5276 3817 5333 ista
3850 5275 3987 5330 fiant

2382 5391 2478 5447 per
2503 5375 2670 5446 ipsam
2700 5372 3044 5446 praesentiam
3075 5372 3367 5445 Martyrum
3390 5367 3722 5443 ,laliquaudo
3755 5384 3848 5440 per
3878 5383 3984 5422 an-

2378 5471 2526 5544 gelos
2552 5466 2903 5540 suscipientes
2936 5480 3228 5539 personam
3255 5467 3550 5540 Martyrum
3572 5505 3587 5533 ,
3620 5462 3844 5521 definire
3873 5476 3989 5518 non

2379 5565 2549 5622 audeo
2581 5582 2596 5620 :
2619 5565 2833 5621 mallem
2861 5578 2890 5618 a
2915 5562 3209 5619 scientibus
3236 5563 3334 5617 ista
3367 5560 3697 5634 perquirere,
3722 5572 3843 5629 quae
3869 5558 3987 5627 ipsa

2380 5659 2433 5715 in
2476 5656 2853 5730 compendium
2892 5656 3161 5712 contraxit
3201 5665 3389 5711 auctor
3433 5652 3553 5708 libri
3600 5651 3667 5707 de
3699 5651 3908 5723 Spiritu
3932 5658 3990 5707 et

2378 5752 2587 5819 Anima,
2620 5766 2739 5825 cap.
2757 5750 2849 5821 26,
2878 5738 3138 5809 e‘xstantis
3163 5751 3301 5808 inter
3328 5761 3489 5821 opera
3513 5746 3572 5802 Β.
3594 5744 3915 5819 Augustini.
