4242 6264
257 298 374 404 ’180

1504 333 1648 392 cun
1684 329 2029 391 ANTIDOTO
2065 299 2362 392 PAMELII.

3458 335 3566 401 190

272 459 362 519 11.
402 451 621 513 Animos
653 452 929 510 hominum
953 449 1219 521 pessimos
1247 457 1374 521 post
1398 458 1629 507 mortem
1660 449 1714 504 in
1740 449 1857 505 Die-
1887 448 1939 511 Α
1966 448 2080 517 ejus
2104 447 2278 519 Opera
2305 444 2495 505 LXXV
2533 465 2548 516 ;
2576 448 2804 523 denique
2833 447 3072 507 adnotat.
3102 458 3313 509 nostras
3341 450 3393 509 in
3424 451 3561 510 Ter-

266 600 273 619 ,
342 564 525 607 monas
554 543 705 602 verti.
728 544 791 601 S.
821 544 1062 616 August.,
1093 540 1222 596 libro
1261 540 1324 595 de
1345 541 1550 610 Intres,
1583 540 1651 595 ad
1682 539 1861 608 Quod-

343 643 612 721 vttlldeum.
1142 648 1147 653 ”

338 774 479 832 Istud
510 773 839 846 paradoxum
868 787 975 829 non
1018 781 1123 828 tam
1157 771 1489 829 Tertulliano
1518 771 1860 828 tribuendum

269 883 426 939 quam
456 864 905 930 .Tcrtullianistis,
952 879 1113 936 supra
1169 864 1549 920 adnotavimus
1585 863 1651 919 ad
1693 862 1861 919 ﬁnem

274 959 404 1015 Vitae
445 958 727 1023 Auctoris,
776 957 920 1029 quod
972 957 1073 1013 illis
1114 957 1166 1012 id
1208 957 1523 1012 nominatim
1569 956 1863 1012 attribuant

268 1050 327 1106 Β.
361 1048 626 1117 Isidorus,
662 1049 964 1116 Honorius,
997 1049 1293 1105 Rhabanns
1339 1059 1393 1105 et
1435 1048 1724 1105 Gratianus
1748 1092 1762 1117 ,
1809 1051 1861 1104 in

267 1143 976 1215 IImreticorumCatalogis.
1008 1143 1127 1212 Quo
1174 1143 1254 1208 iit,
1287 1151 1345 1198 ut
1396 1143 1557 1198 etiam
1605 1143 1745 1215 apud
1799 1140 1857 1197 Β.

265 1238 550 1310 Augustin.
570 1252 891 1295 censeamus
909 1236 1015 1307 legi
1038 1236 1240 1293 debere
1280 1236 1455 1290 dicunt
1476 1245 1530 1292 et
1557 1236 1715 1307 paulo
1741 1245 1862 1306 post

263 1330 502 1397 credunt,
524 1346 620 1402 pro
676 1330 798 1384 dicit
826 1340 881 1386 et
918 1330 1076 1384 credit
1118 1348 1131 1383 :
1167 1329 1401 1385 maxime
1429 1344 1549 1384 cum
1592 1328 1724 1385 nihil
1757 1330 1862 1386 tale

248 1424 507 1494 reperire
529 1424 599 1479 sit
624 1424 675 1477 in
704 1423 921 1494 scriptis
941 1422 1250 1479 Tertulliani
1274 1463 1288 1489 ,
1308 1437 1502 1493 .neque
1527 1422 1601 1477 illi
1628 1423 1854 1493 uspiam,

259 1517 356 1571 sed
387 1515 614 1587 Origcni
638 1515 909 1570 adscribat
941 1514 1088 1570 Beati
1122 1514 1428 1586 Ilicronymi
1470 1514 1638 1586 Epist.
1670 1514 1760 1572 59.
1792 1515 1859 1571 ad

256 1608 488 1664 Avitum
512 1651 526 1675 ,
553 1619 607 1664 et.
634 1608 728 1664 lib.
751 1607 813 1663 ll.
842 1607 961 1663 adv.
994 1606 1190 1691 Rulfm.
1226 1607 1301 1662 Ea
1331 1622 1458 1663 vero
1480 1615 1587 1662 tam
1630 1607 1860 1665 absurda

257 1708 360 1766 est,
391 1708 456 1755 ut
481 1714 586 1755 non
618 1700 719 1753 alia
747 1698 1117 1754 confutatione
1143 1713 1277 1769 opus
1299 1699 1512 1768 haheat,
1535 1716 1692 1771 quam
1718 1701 1859 1771 quod

259 1791 487 1848 haeresis
514 1790 731 1846 nomine
755 1791 1004 1845 damnata
1034 1792 1139 1855 sit,
1170 1799 1279 1846 tum
1316 1807 1345 1877 a
1374 1793 1727 1862 scriptoribus
1749 1794 1857 1864 jam
1888 1813 1937 1875 B

260 1883 442 1949 dictis,
472 1890 582 1937 tum
612 1895 641 1934 a
670 1879 828 1936 Sexta
870 1881 1107 1953 Synodo,
1140 1883 1239 1938 etsi
1284 1872 1441 1952 patilo
1467 1883 1769 1950 obscurius,
1803 1885 1855 1939 in

258 1956 490 2047 Origene
510 1983 564 2029 et
591 1973 709 2045 ejus
734 1974 1107 2044 complicibus,
1132 1977 1247 2030 Act.
1273 1977 1363 2041 11,
1391 1977 1557 2046 Epist.
1586 1977 1853 2046 Snphron.

260 2065 585 2122 Patriarchte
606 2064 966 2136 Hierosidym.
984 2066 1109 2121 Orta
1129 2069 1327 2138 quippe
1349 2085 1413 2123 ex
1438 2067 1676 2123 Platonis
1701 2068 1860 2124 scho-

262 2160 336 2225 la,
363 2160 461 2229 qui
480 2159 565 2231 vel
584 2159 810 2214 Auctore
826 2166 981 2223 teste,
1005 2158 1097 2213 lib.
1119 2158 1189 2215 de
1216 2160 1429 2225 Anima,
1456 2162 1617 2232 capit.
1646 2161 1735 2217 25.
1763 2161 1854 2217 24.

261 2261 317 2307 et
346 2249 446 2306 28.
478 2249 650 2304 aiebat
682 2249 887 2304 animus
916 2249 1040 2304 hinc
1067 2251 1120 2306 in
1147 2253 1314 2307 caelos
1339 2252 1486 2307 abire
1531 2253 1671 2308 unde
1696 2268 1860 2309 vene-

258 2351 421 2408 rant,
455 2350 509 2397 et
533 2357 713 2398 rursus
740 2342 844 2398 huc
873 2343 1067 2398 redire.
1095 2340 1190 2399 Cui
1218 2345 1469 2401 nimirum
1496 2345 1624 2416 quid
1652 2346 1856 2402 tribuc-

258 2436 388 2492 bant
425 2434 685 2506 Origenes
714 2446 769 2490 et
813 2435 1049 2491 hmretici
1081 2436 1306 2508 reliqui,
1336 2446 1394 2492 ut
1420 2437 1756 2494 verissimum
1787 2438 1856 2494 sit

257 2529 536 2601 quodnon
564 2528 735 2584 semel
760 2529 957 2583 Auctor
982 2530 1197 2599 repetit,
1230 2528 1563 2586 Patriarchas
1589 2531 1855 2586 Iueretico-

257 2638 366 2676 rum
390 2638 500 2677 esse
527 2620 888 2690 Philosophos.
910 2620 1022 2676 [mo
1050 2621 1191 2692 quod
1220 2621 1407 2678 eadem
1432 2622 1639 2679 ratione
1660 2638 1848 2695 seque-

256 2723 404 2770 retur
453 2713 623 2768 bouos
652 2713 899 2768 homines
946 2712 999 2767 in
1028 2713 1249 2784 angelos
1290 2715 1566 2782 converti,
1598 2720 1867 2796 expresse‘

258 2816 420 2878 negat
448 2806 583 2877 ipse.
618 2805 710 2861 Sic
738 2806 882 2860 enim
915 2805 1006 2861 lib.
1036 2805 1158 2860 adv.
1196 2806 1400 2863 Valent.
1438 2822 1556 2878 cap.
1586 2807 1675 2865 ‘52.
1703 2824 1852 2864 num.

261 2898 405 2954 562:
432 2897 495 2953 Et
522 2907 690 2953 tamen
718 2898 843 2953 illuc
871 2898 1029 2953 habeo
1054 2898 1326 2965 devertere,
1345 2899 1428 2953 ubi
1457 2910 1568 2972 post
1598 2918 1855 2957 excessum

260 2991 467 3046 omnino
497 3007 600 3045 non
642 2991 852 3045 nubitur
871 3031 887 3056 ,
929 2990 1012 3045 ubi
1039 2991 1339 3062 superiudui
1366 2994 1534 3064 potius
1562 3009 1715 3064 quam
1735 2994 1852 3050 des-

260 3083 475 3153 poliari,
510 3084 593 3137 ubi
623 3084 715 3138 etsi
745 3082 1005 3154 despolior
1044 3085 1188 3138 sexui
1215 3100 1345 3148 meo,
1381 3080 1596 3157 deputor
1635 3086 1852 3158 angelis,

258 3192 356 3231 non
384 3177 598 3247 angelus
623 3185 712 3229 aut
740 3175 941 3246 angela.
974 3175 1214 3247 Denique
1238 3176 1277 3230 1.
1306 3176 1373 3232 de
1401 3178 1588 3232 Anima
1617 3194 1736 3249 cap.
1761 3178 1851 3235 56.
1881 3171 1929 3235 C

258 3285 410 3326 num.
429 3268 555 3325 622.
574 3286 677 3325 non
694 3270 1008 3341 angelorum
1028 3270 1380 3329 substantiam
1407 3271 1713 3327 hominibus
1743 3272 1857 3342 pol-

257 3361 478 3430 licetur,
506 3363 602 3419 sed
661 3367 936 3434 perfectum
981 3363 1113 3418 illud
1143 3363 1211 3417 ad
1240 3364 1485 3435 angelicw
1530 3364 1857 3433 plenitudinis

260 3472 558 3510 mensuram
587 3465 927 3526 temperatum.
950 3455 1152 3512 Deinde
1181 3452 1275 3511 lib.
1307 3456 1375 3511 de
1403 3456 1594 3511 Resur.
1627 3471 1773 3511 earn.
1804 3472 1854 3512 c.

257 3546 353 3602 62.
376 3563 526 3602 num.
550 3546 686 3603 428:
711 3546 955 3621 Dgnique,
974 3548 1163 3618 inquit,
1185 3564 1286 3602 non
1308 3547 1649 3614 dixin-Erunt
1668 3549 1854 3619 angeli,

256 3659 324 3697 ne
365 3643 595 3697 homines
633 3652 853 3713 negaret,
887 3644 995 3707 sed,
1020 3641 1281 3713 Tanquam
1319 3642 1510 3714 angeli,
1533 3651 1589 3696 ut
1631 3643 1857 3697 homines

256 3734 552 3805 denegaret.
586 3732 707 3788 Non
735 3734 944 3789 abstulit
983 3733 1320 3788 substantiam
1363 3734 1445 3787 cui
1471 3733 1857 3789 similitudinem

250 3827 507 3883 attribuit.
538 3827 716 3894 Quare
742 3829 874 3882 satis
904 3828 1084 3882 mirari
1116 3842 1325 3898 nequeo
1356 3828 1534 3900 (sicuti
1565 3828 1727 3882 etiam
1757 3828 1855 3882 ad-

257 3919 440 3973 notavi
462 3917 531 3972 ad
560 3910 776 3973 lib.‘I|I.
811 3918 933 3973 adv.
963 3917 1263 3989 Marc.cap.
1292 3919 1346 3973 9.
1379 3934 1528 3973 num.
1562 3917 1677 3991 68.)
1717 3918 1852 3975 Gui-

255 4013 455 4069 doncm
472 4011 816 4069 Carmelitam
842 4013 933 4068 lib.
961 4012 1029 4068 de
1054 4012 1260 4069 Hzeres.
1283 4027 1401 4083 cap.
1424 4012 1858 4073 56.Trrtulliano

256 4116 546 4177 utramque
594 4105 735 4161 hanc
779 4105 1027 4160 haeresim
1081 4104 1424 4172 adscribere,
1478 4121 1611 4176 quas
1659 4109 1859 4162 rectius

256 4196 580 4253 Philastrius
606 4197 700 4254 lib.
722 4196 790 4253 de
816 4197 1045 4262 llmres.,
1066 4213 1191 4269 cap.
1216 4197 1307 4254 36.
1336 4198 1475 4254 inter
1501 4200 1860 4257 innomiuatas

254 4290 370 4346 sine
404 4297 626 4369 auctore
652 4298 799 4345 certo
829 4290 1078 4346 collocat.

259 4400 344 4459 12.
374 4402 457 4459 De
485 4401 821 4474 baptizandis
848 4403 1136 4471 haereticis,
1169 4419 1235 4460 eo
1264 4404 1404 4477 quod
1432 4404 1570 4475 apud
1602 4406 1721 4463 illos
1746 4420 1860 4461 om-

1969 538 2085 593 tull.
2112 539 2178 595 ad
2212 540 2505 611 fragmenta
2536 541 2629 596 lib.
2661 542 2729 597 de
2760 542 2959 612 Baptis.
2986 552 3040 599 ct
3083 543 3136 599 in
3168 544 3287 599 Vita
3320 531 3563 616 ejusdem

1967 635 2127 689 etiam
2169 643 2353 691 nostra
2393 635 2459 691 ad
2505 651 2706 693 annum
2739 638 2949 693 Domini
2977 638 3105 694 201.
3134 639 3338 708 Quibus
3367 642 3563 712 adjicio

1966 741 2072 781 non
2100 728 2292 782 mirum
2314 727 2544 798 cuipiam
2568 727 2769 786 debere
2793 729 2985 796 videri,
3016 732 3059 787 si
3083 732 3409 804 Agrippinus
3439 749 3561 790 cum

1966 818 2077 872 suis
2100 817 2445 891 Coepiscopis
2472 821 2576 876 tale
2602 821 2879 877 decretum
2908 822 2975 878 de
3003 822 3335 893 baptizandis
3365 826 3451 892 iis,
3471 827 3564 898 qui

1966 925 2029 965 ex
2062 909 2252 966 haeresi
2295 911 2362 966 ad
2390 910 2721 968 Catholicam
2753 916 3163 971 revertebantur
3183 959 3197 983 ,
3222 918 3480 984 ediderit,
3509 929 3564 976 et

1966 1000 2189 1057 Tertull.
2229 1002 2430 1075 scripto
2461 1002 2647 1060 Graece
2678 1005 2788 1075 jam
2818 1006 2961 1062 dicto
2993 1008 3129 1063 libro
3153 1008 3558 1079 adprobaverit.

1964 1093 2097 1149 Nam
2127 1094 2363 1167 plerique
2389 1110 2558 1166 usque
2586 1096 2653 1151 ad
2683 1096 2734 1174 id
2760 1100 3307 1169 temporislueretici,
3331 1112 3423 1158 aut
3451 1118 3558 1158 nou

1966 1184 2213 1241 eumdem
2246 1185 2518 1242 Christum
2557 1188 2950 1245 conﬁtebantur
2973 1233 2986 1255 ,
3020 1200 3178 1262 atque
3215 1192 3352 1247 adeo
3382 1194 3433 1260 in
3467 1195 3563 1252 Ile-

1965 1278 2264 1367 gula.ﬁdei
2316 1279 2384 1335 ab
2432 1281 2703 1350 Apostolis
2751 1282 2942 1338 tradita
2997 1284 3190 1355 (quam
3238 1287 3563 1356 posteriores

1965 1369 2153 1425 Patres
2182 1370 2245 1424 ad
2290 1371 2428 1451 hunc
2461 1388 2630 1442 usque
2661 1372 2800 1429 diem
2834 1376 3145 1447 Symbolum
3184 1377 3305 1433 lidei
3333 1380 3561 1452 vocant)

1966 1476 2072 1516 non
2101 1463 2507 1530 conveniebant,
2532 1479 2693 1534 quum
2729 1475 2904 1522 tamen
2935 1468 3176 1525 solemne
3205 1484 3418 1540 semper
3445 1471 3562 1529 fue-

1965 1553 2054 1620 rit,
2088 1554 2358 1625 obsignare
2383 1555 2483 1624 (uti
2514 1557 2749 1627 loquitur
2779 1559 3013 1630 Auctor)
3043 1561 3195 1630 ﬁdem
3222 1549 3275 1617 in
3306 1562 3484 1631 Patre,
3514 1575 3563 1621 et

1966 1642 2142 1712 Filio,
2190 1656 2237 1700 et
2270 1645 2470 1717 Spiritu
2515 1647 2729 1714 Sancto,
2754 1652 2955 1720 adjecta
2999 1654 3281 1707 necessario
3317 1647 3563 1713 Ecclesiae

1966 1740 2245 1806 mentione,
2278 1739 2433 1795 sicuti
2464 1741 2622 1797 latius
2652 1743 2833 1801 videre
2878 1754 2995 1810 est,
3027 1746 3226 1802 Adnut.
3252 1750 3450 1805 nostris
3493 1750 3562 1807 ad

2198 1832 2397 1902 Baptis.
2428 1850 2576 1889 num.
2603 1834 2655 1888 2.
2691 1835 2850 1891 inter.
2897 1838 3152 1908 Baptismi
3186 1842 3558 1910 cmrenronias,

1964 1932 2015 1977 et
2042 1937 2163 1993 cap.
2185 1922 2237 1979 6.
2266 1940 2319 1981 n.
2349 1925 2437 1979 45.
2462 1925 2551 1980 46.
2583 1941 2645 1981 ac
2672 1928 2760 1981 47.
2791 1926 2957 1984 Certe
2985 1928 3175 1984 eodem
3209 1932 3369 1985 modo
3397 1934 3560 1988 inter-

1965 2025 2202 2087 prctatur
2227 2015 2451 2073 Carolus
2502 2019 2693 2075 Bavius
2733 2028 2921 2092 Apost.
2966 2037 3228 2079 canonem
3288 2026 3376 2080 47.
3409 2036 3463 2082 et
3502 2028 3554 2083 5.

1962 2110 2226 2165 Clement.
2280 2111 2507 2167 Romani
2557 2112 2786 2168 Constit.
2845 2116 3029 2186 Apust.
3081 2116 3171 2170 lib.
3217 2117 3270 2172 6.
3313 2133 3431 2188 cap.
3466 2120 3555 2176 15.

1967 2202 2099 2259 llinc
2126 2214 2178 2258 et
2200 2203 2451 2276 Synodus
2478 2204 2693 2260 Nic:ena
2726 2207 2772 2260 1.
2805 2205 2937 2262 Can.
2976 2207 3062 2264 19.
3097 2210 3410 2279 etcjusdcm
3440 2221 3563 2268 aeta-
3664 2193 3669 2197 ’

1966 2297 2030 2351 tis
2058 2296 2263 2366 Synod.
2290 2297 2589 2353 Laodicena
2617 2297 2679 2353 C.
2704 2298 2757 2354 8.
2784 2308 2839 2354 et
2865 2298 3071 2354 Concil.
3107 2301 3310 2357 Arelat.
3337 2301 3393 2358 2.
3426 2303 3557 2360 Can.

1962 2387 2048 2442 17.
2092 2387 2458 2459 ⁹Ρίιιιιίίιιιίειειε,
2513 2399 2567 2443 et
2622 2389 2988 2462 Cataphrygas
3039 2392 3294 2462 baptizari
3360 2394 3560 2452 debere

1959 2479 2181 2545 deﬁnit,
2220 2480 2413 2550 quibus
2456 2479 2602 2549 addit
2646 2481 2848 2554 Synod.
2880 2481 2941 2536 ll.
2972 2482 3559 2557 ConstantinOpolitana

1958 2570 2097 2626 Can.
2124 2571 2177 2625 7.
2209 2570 2606 2633 Eunomianus,
2641 2569 2975 2629 Sabellianos
3017 2582 3073 2630 et
3115 2574 3330 2632 Galatas
3378 2577 3559 2634 luere-

1961 2662 2128 2729 ticos;
2155 2661 2408 2734 Synodus
2438 2661 2668 2733 denique
2702 2662 2788 2717 VI.
2812 2664 2863 2719 in
2895 2663 3078 2719 Trulla
3104 2667 3563 2736 celebrata,Mani-

1962 2753 2162 2816 charos,
2188 2753 2590 2811 Valentinianus
2612 2796 2626 2821 ,
2658 2754 3025 2812 Marcionistas
3049 2770 3103 2814 et
3133 2760 3355 2815 similes.
3399 2762 3560 2834 Atqui

1960 2854 2202 2917 tempore
2239 2845 2552 2902 Tertulliani
2598 2848 2935 2917 potissimum
2977 2848 3241 2907 ﬂorebant
3278 2852 3558 2926 Hermoge-

1959 2939 2099 2992 niani
2136 2939 2307 3010 (quos
2346 2938 2536 2995 eadem
2569 2953 2690 2994 cum
2722 2940 3084 2997 Praxeauistis
3128 2944 3362 3008 sensisse
3400 2946 3560 3002 tradit

1957 3012 2270 3100 SCAugusi.
2303 3030 2397 3085 lib.
2431 3030 2499 3085 de
2532 3030 2735 3087 qures.
2767 3046 2887 3103 Cap.
2919 3033 3133 3089 41.44.
3165 3042 3219 3089 et
3247 3036 3384 3107 45.),
3419 3038 3557 3092 Pra-

1957 3123 2141 3189 xeani,
2173 3121 2543 3195 Catapltryges,
2587 3122 2962 3191 Valentiniani,
2990 3125 3328 3192 Marcionita,
3358 3139 3412 3183 et
3441 3128 3558 3199 ejus

1961 3214 2181 3270 assecla:
2204 3215 2527 3284 Apelletiani,
2553 3215 2782 3286 denique
2806 3226 2861 3272 et
2908 3217 3342 3285 Quintillianistw,
3371 3230 3558 3276 contra

1961 3322 2097 3381 quos
2128 3322 2194 3361 ex
2227 3306 2470 3376 professo
2520 3306 2741 3361 Iatimun
2774 3306 2968 3363 librum
2989 3350 3005 3378 ,
3036 3323 3100 3365 ex
3130 3326 3234 3382 quo
3266 3310 3573 3383 fragmenta

1964 3402 2084 3457 libri
2138 3403 2298 3472 δι’ωοί
2336 3400 2617 3472 desumpta
2661 3410 2821 3470 sunt,
2852 3418 2971 3474 qum
3005 3403 3073 3459 de
3110 3403 3312 3475 Baptis.
3361 3408 3561 3463 Auctor

1962 3494 2302 3564 conscripsit.
2348 3494 2427 3549 De
2457 3493 2561 3548 illis
2586 3509 2770 3549 verum
2800 3504 2884 3550 est
2921 3495 3052 3550 illud
3084 3497 3331 3553 Auctoris
3363 3499 3457 3555 lib.
3492 3500 3561 3556 de

1965 3585 2159 3641 Prtesc.
2188 3585 2327 3643 adv..
2345 3587 2557 3641 lueret;
2594 3587 2747 3658 Apud
2772 3588 2890 3643 illos
2907 3590 3079 3643 omnia
3100 3600 3339 3645 extranea
3365 3602 3411 3645 et
3441 3608 3561 3646 con-

1964 3664 2123 3745 traria
2145 3688 2330 3741 nostra;
2359 3680 2571 3741 veritati,
2589 3691 2644 3745 ct
2671 3680 2796 3735 illud
2828 3680 2918 3736 lib.
2943 3681 3009 3736 de
3030 3682 3254 3757 Baptis.:
3280 3681 3401 3737 Non
3423 3683 3557 3737 idem

1966 3770 2101 3825 Deus
2135 3781 2206 3824 est
2251 3771 2392 3827 nobis
2436 3781 2482 3826 et
2525 3772 2660 3837 illis,
2708 3788 2797 3826 nec
2836 3772 2970 3827 idem
3016 3773 3281 3841 Christus,
3328 3776 3442 3830 ideo
3471 3793 3561 3831 nec

1964 3861 2258 3935 baptismus,
2289 3864 2409 3933 quia
2436 3880 2537 3918 non
2562 3863 2713 3918 idem.
2751 3863 2903 3933 Quod
2934 3866 3063 3920 satis
3090 3875 3298 3921 constat
3326 3866 3394 3922 de
3424 3867 3562 3923 Iler-

1963 3956 2319 4028 mogenianis,
2344 3957 2662 4024 Praxeanis,
2695 3957 3143 4030 Cataphrygibus,
3176 3968 3229 4013 et
3257 3956 3563 4029 Quintilliao

1963 4048 2117 4103 nistis
2139 4088 2154 4114 ,
2185 4048 2273 4118 qui
2301 4057 2394 4104 aut
2422 4048 2631 4104 unicam
2662 4050 3026 4120 agnoscebant
3052 4050 3104 4105 in
3136 4049 3340 4107 Deitate
3370 4064 3560 4122 perso-

1964 4155 2106 4207 nam,
2142 4151 2235 4197 aut
2260 4141 2643 4213 Patripassiani
2676 4140 2910 4198 fuerunt.
2955 4143 3031 4197 De
3054 4141 3380 4230 plarcionitis
3402 4185 3416 4210 ,
3451 4143 3560 4199 Va-

1914 4284 1923 4293 .
1963 4235 2290 4303 lentinianis,
2315 4244 2371 4292 et
2398 4234 2749 4307 Apelletianis
2769 4277 2784 4300 ,
2815 4234 2896 4290 vel
2925 4235 3039 4306 ipse
3069 4236 3295 4305 August.
3324 4235 3553 4301 dubitat,

1954 4328 2056 4384 lib.
2085 4326 2173 4382 Ill:
2205 4327 2272 4383 de
2304 4326 2552 4398 Baptist.,
2579 4342 2698 4398 cap.
2734 4327 2821 4383 15.
2843 4341 2913 4380 an
2943 4326 3123 4381 verbis
3152 4326 3487 4398 Evangelicis
3507 4327 3561 4383 in

1964 4422 2182 4477 nomine
2207 4420 2379 4475 Patris
2402 4429 2458 4475 et
2480 4418 2599 4475 Filii
2620 4430 2673 4474 et
2688 4418 2919 4490 Spiritus
2940 4418 3122 4474 Sancti
3146 4418 3556 4488 baptizaverint,

325 4496 419 4599 ιξξὶ)
442 4494 653 4551 “illa”
686 4495 1015 4553 θκιτθηοείθι
1048 4498 1336 4599 οοιρνίιΐῖθο
1372 4496 1520 4565 Τωη·
1560 4498 1649 4554 ΠΙ·
1680 4500 1765 4554 Ιὶθ·
1799 4500 1862 4554 de
1885 4538 1939 4599 Ι)
1965 4530 2030 4571 eo
2046 4514 2186 4585 quod
2211 4523 2265 4568 et
2282 4513 2349 4570 de
2370 4514 2479 4569 Deo
2525 4514 2666 4571 etde
2689 4514 2902 4569 Christo
2922 4512 3062 4567 male
3082 4512 3368 4566 senserint.
3385 4512 3563 4576 Quare

333 4586 636 4657 Pra’script.
666 4588 783 4641 adv.
813 4588 990 4643 lueret.
1019 4603 1066 4642 ο.
1100 4586 1188 4642 12.
1220 4605 1308 4644 nu.
1335 4589 1439 4644 78.7
1461 4607 1540 4643 ac.
1574 4590 1663 4646 80.
1693 4603 1737 4645 et
1765 4591 1855 4646 lib.

325 4681 398 4736 de
438 4679 638 4750 Baptis.
687 4697 734 4735 ε.
767 4682 854 4738 15.
902 4697 955 4734 tt.
990 4679 1113 4735 100.
1147 4678 1290 4735 Tum.
1324 4679 1379 4735 4.
1411 4682 1540 4736 inter
1578 4682 1865 4756 [t‘agtttcnla

328 4772 424 4828 lib.
448 4773 512 4826 de
537 4771 735 4843 Baptis.
762 4771 948 4840 Graeci,
978 4770 1126 4827 Tom.
1152 4773 1204 4829 5.
1232 4772 1318 4827 lib.
1343 4774 1405 4828 de
1421 4772 1607 4829 Pudic.
1637 4792 1752 4845 cap.
1772 4777 1860 4832 19.

328 4880 477 4918 imm.
510 4861 633 4918 162.
1426 4886 1433 4891 ί

331 4979 412 5035 De
441 4979 544 5034 hoc
565 4978 839 5049 Agrippini
862 4977 1337 5050 Carthaginiensis,
1362 4979 1698 5051 aliorumque
1718 4977 1862 5036 Coe-

259 5073 632 5143 piscoporum,
659 5081 709 5127 et
739 5071 1076 5139 Tertulliani,
1101 5086 1165 5127 ac
1192 5073 1547 5143 postmodum
1565 5073 1864 5145 S.Cypria-

259 5167 352 5232 ni,
385 5166 721 5235 aliorumque
756 5162 952 5233 Africa:
998 5173 1050 5219 et
1077 5163 1428 5235 Cappadocia:
1474 5166 1861 5238 Episcoporum

234 5258 571 5326 ,Paradoxo,
602 5274 669 5313 ne
696 5256 788 5313 hic
815 5258 916 5312 sim
943 5257 1228 5327 prolixior,
1256 5256 1652 5313 videat'Lcctor
1674 5259 1860 5313 Adno-

261 5359 361 5406 tat.
391 5360 604 5407 nostras
626 5352 676 5406 in
700 5350 871 5423 Epist.
902 5351 957 5407 S.
978 5351 1226 5423 Cypriani
1247 5350 1405 5405 bXX.
1435 5350 1501 5406 ad
1527 5350 1861 5419 Januarium,

238 5438 454 5500 'LXXI.
488 5444 555 5503 ad
585 5444 861 5513 Quintum,
894 5443 1122 5510 LXXII,
1151 5446 1215 5498 ad
1244 5444 1596 5516 Stephanum,
1628 5443 1860 5501 LXXIII.

258 5537 331 5592 ad
362 5536 716 5605 Jubaianum,
762 5537 999 5595 LXXIV.
1044 5535 1110 5592 ad
1152 5536 1502 5609 Pompeium,
1535 5546 1590 5594 et
1628 5536 1861 5592 LXXVI.

258 5630 329 5686 ad
361 5630 631 5703 Magnum;
658 5632 785 5688 item
824 5632 1118 5688 Concilium
1146 5629 1591 5703 Carthaginiense
1620 5629 1721 5685 sub
1747 5631 1863 5699 ipso

258 5721 615 5791 celebratum;
645 5734 699 5781 et
730 5724 903 5780 Vitam
928 5724 1171 5793 ejusdem
1202 5723 1269 5779 ad
1294 5738 1465 5780 annos
1493 5721 1706 5778 Domini
1726 5720 1856 5778 252.

257 5831 323 5872 ac
354 5814 503 5884 256;
533 5819 657 5876 item
698 5817 993 5878 Firmiliaui
1042 5818 1108 5876 ad
1151 5816 1315 5891 Cypr.
1361 5817 1658 5891 Epistolam
1711 5817 1852 5879 inter

1966 4621 2021 4667 et
2044 4610 2196 4665 nobis
2217 4609 2391 4680 (sicuti
2411 4609 2475 4663 de
2492 4608 2758 4663 Paulianis
2780 4606 2963 4661 scribit
2986 4605 3045 4659 Β.
3069 4602 3317 4673 August.)
3339 4601 3563 4659 credere

1966 4696 2090 4759 licet
2140 4718 2232 4757 cas
2260 4703 2499 4772 regulam
2526 4701 2858 4773 baptismatis
2886 4714 2990 4752 nou
3020 4695 3277 4760 tenuisse,
3307 4705 3360 4750 et
3390 4692 3562 4766 (juxta

1967 4794 2107 4865 quod
2144 4794 2434 4863 loquuntur
2459 4792 2601 4848 2.'et
2643 4792 2694 4847 6.
2726 4787 2989 4862 Synodis)
3024 4788 3075 4841 in
3109 4801 3267 4841 unam
3303 4785 3562 4841 duntaxat

1968 4891 2291 4946 mersioncm
2327 4887 2648 4958 baptizasse.
2696 4885 3010 4954 Quanquam
3041 4880 3251 4936 interim
3291 4879 3349 4935 S.
3380 4880 3560 4952 Augu-

1965 4985 2157 5050 stinus,
2192 4981 2284 5037 lib.
2317 4980 2371 5036 6.
2403 4979 2471 5035 de
2490 4978 2643 5049 Bapt.
2669 4992 2788 5047 cap.
2806 4974 2898 5040 25,
2927 4974 3086 5030 etiam
3132 4973 3281 5028 illum
3307 4990 3402 5046 pro
3434 4987 3562 5028 vero

1967 5075 2232 5146 baptismo
2250 5080 2524 5143 agnoscat,
2543 5069 2695 5140 cujus
2720 5067 2969 5138 precibus
2988 5064 3231 5136 quzedam
3252 5066 3573 5149 inserunttm

1967 5176 2151 5223 contra
2171 5165 2487 5220 catholicam
2512 5160 2667 5230 [idem
2690 5158 3013 5227 ,‘dummodo
3040 5157 3218 5214 verbis
3240 5154 3560 5225 evangelicis

1970 5266 2333 5312 consecretur.
2359 5257 2532 5325 Atque
2555 5251 2689 5309 adeo
2713 5250 2779 5307 ad
2803 5250 2993 5306 similia
3016 5250 3071 5306 S.
3099 5247 3344 5320 Cypriani
3373 5246 3557 5313 verba,

1967 5349 2142 5421 qualia
2164 5347 2396 5404 auctoris
2412 5388 2427 5414 ,
2451 5361 2518 5402 eo
2539 5343 2680 5417 quod
2706 5344 2756 5399 in
2779 5357 2976 5415 genere
3004 5356 3066 5397 ea
3096 5338 3346 5410 allegavit
3371 5346 3559 5395 contra

1972 5442 2252 5498 hmreticos
2308 5454 2533 5506 omnes,
2597 5436 2908 5492 Antidotum
2962 5428 3155 5487 afferre
3216 5431 3355 5487 solet
3411 5430 3560 5484 libris

1969 5544 2174 5606 septem
2203 5532 2272 5588 de
2301 5531 2575 5603 Baptismo
2607 5538 2793 5586 contra
2822 5525 3121 5581 Donatistas
3142 5565 3157 5589 ,
3186 5521 3277 5594 qui
3319 5521 3560 5575 omnium

1969 5630 2341 5693 hrcreticorum
2371 5626 2633 5698 baptisma
2666 5620 3065 5694 impugnabant.
3107 5614 3374 5686 Imprimis
3403 5611 3470 5667 ad
3502 5612 3556 5668 id

1966 5723 2108 5798 quod
2124 5723 2325 5778 dictum
2350 5730 2433 5778 est
2451 5739 2462 5775 :
2483 5719 2788 5792 baptismum
2806 5730 2959 5769 unum
2979 5728 3105 5778 esse,
3124 5720 3170 5765 et
3198 5707 3552 5798 hwreticorum

1965 5794 2268 5891 baptismum
2289 5811 2506 5869 veritatis
2526 5826 2627 5867 non
2647 5824 2770 5875 esse,
2794 5802 2939 5880 quod
2959 5802 3117 5860 habet
3144 5801 3236 5859 lib.
3265 5799 3332 5858 de
3354 5794 3548 5856 Pudic.
