  <div class='ocr_page' id='page_1' title='image "/cluster/home/n/w/nwhite01/storage/ocr_20150623/1/hvd.32044054128335/117.png"; bbox 0 0 4242 6264; ppageno 0'>
   <div class='ocr_carea' id='block_1_1' title="bbox 620 334 3919 432">
    <p class='ocr_par' dir='ltr' id='par_1_1' title="bbox 620 334 3919 432">
     <span class='ocr_line' id='line_1_1' title="bbox 620 334 3919 432; baseline -0.013 1"><span class='ocrx_word' id='word_1_1' title='bbox 620 371 716 432; x_wconf 84' lang='grc'><strong>191</strong></span> <span class='ocrx_word' id='word_1_2' title='bbox 1813 357 2185 418; x_wconf 78' lang='lat' dir='ltr'><strong>PARADOXA</strong></span> <span class='ocrx_word' id='word_1_3' title='bbox 2225 353 2688 414; x_wconf 70' lang='lat' dir='ltr'><strong>TEBTULLIANI</strong></span> <span class='ocrx_word' id='word_1_4' title='bbox 3297 374 3300 378; x_wconf 91' lang='lat'>-</span> <span class='ocrx_word' id='word_1_5' title='bbox 3819 334 3919 392; x_wconf 75' lang='lat' dir='ltr'><strong>I92</strong></span> 
     </span>
    </p>
   </div>
   <div class='ocr_carea' id='block_1_2' title="bbox 620 436 3918 555">
    <p class='ocr_par' dir='ltr' id='par_1_2' title="bbox 620 436 3918 555">
     <span class='ocr_line' id='line_1_2' title="bbox 620 436 3918 555; baseline -0.011 -9"><span class='ocrx_word' id='word_1_6' title='bbox 620 487 808 553; x_wconf 87' lang='lat' dir='ltr'><strong>Iib.&#39;ll.</strong></span> <span class='ocrx_word' id='word_1_7' title='bbox 909 489 965 543; x_wconf 78' lang='grc'>5.</span> <span class='ocrx_word' id='word_1_8' title='bbox 993 482 1279 555; x_wconf 78' lang='lat' dir='ltr'><strong>respondet</strong></span> <span class='ocrx_word' id='word_1_9' title='bbox 1299 443 1352 539; x_wconf 86' lang='lat' dir='ltr'><strong>et</strong></span> <span class='ocrx_word' id='word_1_10' title='bbox 1375 481 1433 539; x_wconf 88' lang='lat' dir='ltr'><strong>S.</strong></span> <span class='ocrx_word' id='word_1_11' title='bbox 1463 482 1577 553; x_wconf 85' lang='lat' dir='ltr'><strong>Aug</strong></span> <span class='ocrx_word' id='word_1_12' title='bbox 1607 523 1621 548; x_wconf 94' lang='lat'><strong>,</strong></span> <span class='ocrx_word' id='word_1_13' title='bbox 1646 480 1737 538; x_wconf 89' lang='lat' dir='ltr'><strong>lib.</strong></span> <span class='ocrx_word' id='word_1_14' title='bbox 1770 481 1823 535; x_wconf 78' lang='grc'>5.</span> <span class='ocrx_word' id='word_1_15' title='bbox 1856 494 1905 533; x_wconf 89' lang='lat' dir='ltr'><strong>c.</strong></span> <span class='ocrx_word' id='word_1_16' title='bbox 1929 478 2018 533; x_wconf 72' lang='grc'>21.</span> <span class='ocrx_word' id='word_1_17' title='bbox 2049 486 2102 532; x_wconf 89' lang='lat' dir='ltr'><strong>et</strong></span> <span class='ocrx_word' id='word_1_18' title='bbox 2126 476 2217 532; x_wconf 73' lang='lat'><strong>29.</strong></span> <span class='ocrx_word' id='word_1_19' title='bbox 2246 474 2298 535; x_wconf 87' lang='lat' dir='ltr'><strong>A</strong></span> <span class='ocrx_word' id='word_1_20' title='bbox 2325 483 2540 545; x_wconf 89' lang='lat' dir='ltr'><strong>oportet</strong></span> <span class='ocrx_word' id='word_1_21' title='bbox 2578 472 2886 527; x_wconf 91' lang='lat' dir='ltr'><strong>humanitus</strong></span> <span class='ocrx_word' id='word_1_22' title='bbox 2914 468 3002 524; x_wconf 92' lang='lat' dir='ltr'><strong>hic</strong></span> <span class='ocrx_word' id='word_1_23' title='bbox 3023 463 3221 538; x_wconf 89' lang='lat' dir='ltr'><strong>aliquid</strong></span> <span class='ocrx_word' id='word_1_24' title='bbox 3251 459 3475 522; x_wconf 78' lang='lat' dir='ltr'><strong>Auctari</strong></span> <span class='ocrx_word' id='word_1_25' title='bbox 3504 436 3718 532; x_wconf 80' lang='lat' dir='ltr'><strong>illisque</strong></span> <span class='ocrx_word' id='word_1_26' title='bbox 3745 457 3918 513; x_wconf 86' lang='lat' dir='ltr'><strong>conti-</strong></span> 
     </span>
    </p>
   </div>
   <div class='ocr_carea' id='block_1_3' title="bbox 622 551 3916 647">
    <p class='ocr_par' dir='ltr' id='par_1_3' title="bbox 622 551 3916 647">
     <span class='ocr_line' id='line_1_3' title="bbox 622 551 3916 647; baseline -0.009 -11"><span class='ocrx_word' id='word_1_27' title='bbox 622 551 716 636; x_wconf 89' lang='lat' dir='ltr'><strong>lib.</strong></span> <span class='ocrx_word' id='word_1_28' title='bbox 749 579 802 636; x_wconf 87' lang='grc'><strong>6.</strong></span> <span class='ocrx_word' id='word_1_29' title='bbox 834 594 955 647; x_wconf 85' lang='lat' dir='ltr'><strong>cap.</strong></span> <span class='ocrx_word' id='word_1_30' title='bbox 987 577 1040 632; x_wconf 90' lang='lat'><strong>8.</strong></span> <span class='ocrx_word' id='word_1_31' title='bbox 1161 575 1249 630; x_wconf 64' lang='lat' dir='ltr'><strong>I2.</strong></span> <span class='ocrx_word' id='word_1_32' title='bbox 1283 576 1368 632; x_wconf 84' lang='grc'><strong>15.</strong></span> <span class='ocrx_word' id='word_1_33' title='bbox 1402 573 1480 629; x_wconf 80' lang='lat' dir='ltr'><strong>Ad</strong></span> <span class='ocrx_word' id='word_1_34' title='bbox 1505 551 1634 628; x_wconf 83' lang='lat' dir='ltr'><strong>illud</strong></span> <span class='ocrx_word' id='word_1_35' title='bbox 1663 591 1676 626; x_wconf 89' lang='lat'><strong>:</strong></span> <span class='ocrx_word' id='word_1_36' title='bbox 1723 570 1890 626; x_wconf 81' lang='lat' dir='ltr'><strong>Nemo</strong></span> <span class='ocrx_word' id='word_1_37' title='bbox 1934 569 2052 624; x_wconf 89' lang='lat' dir='ltr'><strong>inde</strong></span> <span class='ocrx_word' id='word_1_38' title='bbox 2093 568 2222 623; x_wconf 87' lang='lat' dir='ltr'><strong>strui</strong></span> <span class='ocrx_word' id='word_1_39' title='bbox 2321 568 2686 640; x_wconf 86' lang='lat' dir='ltr'><strong>_gisse.Quare</strong></span> <span class='ocrx_word' id='word_1_40' title='bbox 2711 566 2908 622; x_wconf 91' lang='lat' dir='ltr'><strong>rectius</strong></span> <span class='ocrx_word' id='word_1_41' title='bbox 2927 553 3557 624; x_wconf 77' lang='lat' dir='ltr'><strong>Clem.Alexandr.,sub</strong></span> <span class='ocrx_word' id='word_1_42' title='bbox 3577 553 3735 610; x_wconf 81' lang='lat' dir='ltr'><strong>linem</strong></span> <span class='ocrx_word' id='word_1_43' title='bbox 3762 551 3856 608; x_wconf 90' lang='lat' dir='ltr'><strong>lib.</strong></span> <span class='ocrx_word' id='word_1_44' title='bbox 3876 551 3916 606; x_wconf 85' lang='lat' dir='ltr'><strong>I.</strong></span> 
     </span>
    </p>
   </div>
   <div class='ocr_carea' id='block_1_4' title="bbox 622 663 2222 744">
    <p class='ocr_par' dir='ltr' id='par_1_4' title="bbox 622 663 2222 744">
     <span class='ocr_line' id='line_1_4' title="bbox 622 663 2222 744; baseline -0.008 -20"><span class='ocrx_word' id='word_1_45' title='bbox 622 679 786 744; x_wconf 84' lang='lat' dir='ltr'><strong>potest</strong></span> <span class='ocrx_word' id='word_1_46' title='bbox 814 669 950 722; x_wconf 79' lang='lat' dir='ltr'><strong>unde</strong></span> <span class='ocrx_word' id='word_1_47' title='bbox 975 667 1292 722; x_wconf 86' lang='lat' dir='ltr'><strong>destruitur:</strong></span> <span class='ocrx_word' id='word_1_48' title='bbox 1329 666 1494 719; x_wconf 84' lang='lat' dir='ltr'><strong>Nemo</strong></span> <span class='ocrx_word' id='word_1_49' title='bbox 1525 664 1587 718; x_wconf 87' lang='lat' dir='ltr'><strong>ab</strong></span> <span class='ocrx_word' id='word_1_50' title='bbox 1613 680 1670 719; x_wconf 89' lang='lat' dir='ltr'><strong>ea</strong></span> <span class='ocrx_word' id='word_1_51' title='bbox 1698 663 2037 726; x_wconf 82' lang='lat' dir='ltr'><strong>illuntinatur,</strong></span> <span class='ocrx_word' id='word_1_52' title='bbox 2068 677 2098 712; x_wconf 89' lang='lat' dir='ltr'><strong>a</strong></span> <span class='ocrx_word' id='word_1_53' title='bbox 2125 675 2222 725; x_wconf 90' lang='lat' dir='ltr'><strong>quo</strong></span> 
     </span>
    </p>
   </div>
   <div class='ocr_carea' id='block_1_5' title="bbox 629 748 2222 828">
    <p class='ocr_par' dir='ltr' id='par_1_5' title="bbox 629 748 2222 828">
     <span class='ocr_line' id='line_1_5' title="bbox 629 748 2222 828; baseline -0.008 -12"><span class='ocrx_word' id='word_1_54' title='bbox 629 761 1039 824; x_wconf 86' lang='lat' dir='ltr'><strong>cantenebratur,</strong></span> <span class='ocrx_word' id='word_1_55' title='bbox 1073 759 1166 814; x_wconf 85' lang='lat' dir='ltr'><strong>lib.</strong></span> <span class='ocrx_word' id='word_1_56' title='bbox 1187 758 1242 813; x_wconf 69' lang='grc'><strong>1.</strong></span> <span class='ocrx_word' id='word_1_57' title='bbox 1275 773 1394 828; x_wconf 90' lang='lat' dir='ltr'><strong>cap.</strong></span> <span class='ocrx_word' id='word_1_58' title='bbox 1423 758 1510 812; x_wconf 90' lang='grc'><strong>11.</strong></span> <span class='ocrx_word' id='word_1_59' title='bbox 1539 748 1744 818; x_wconf 70' lang='grc'>12.’15.</span> <span class='ocrx_word' id='word_1_60' title='bbox 1776 753 1863 809; x_wconf 77' lang='grc'>14.</span> <span class='ocrx_word' id='word_1_61' title='bbox 1895 752 1983 808; x_wconf 86' lang='grc'><strong>15.</strong></span> <span class='ocrx_word' id='word_1_62' title='bbox 2013 750 2100 806; x_wconf 85' lang='grc'><strong>16.</strong></span> <span class='ocrx_word' id='word_1_63' title='bbox 2133 750 2222 805; x_wconf 89' lang='grc'>17.</span> 
     </span>
    </p>
   </div>
   <div class='ocr_carea' id='block_1_6' title="bbox 627 845 2225 922">
    <p class='ocr_par' dir='ltr' id='par_1_6' title="bbox 627 845 2225 922">
     <span class='ocr_line' id='line_1_6' title="bbox 627 845 2225 922; baseline -0.008 -12"><span class='ocrx_word' id='word_1_64' title='bbox 627 854 785 910; x_wconf 80' lang='lat' dir='ltr'><strong>siculi</strong></span> <span class='ocrx_word' id='word_1_65' title='bbox 817 854 983 909; x_wconf 91' lang='lat' dir='ltr'><strong>etiam</strong></span> <span class='ocrx_word' id='word_1_66' title='bbox 1020 853 1087 908; x_wconf 89' lang='lat' dir='ltr'><strong>ad</strong></span> <span class='ocrx_word' id='word_1_67' title='bbox 1129 851 1212 907; x_wconf 91' lang='lat' dir='ltr'><strong>illa</strong></span> <span class='ocrx_word' id='word_1_68' title='bbox 1252 850 1553 922; x_wconf 90' lang='lat' dir='ltr'><strong>supradicta</strong></span> <span class='ocrx_word' id='word_1_69' title='bbox 1588 868 1607 918; x_wconf 67' lang='grc' dir='ltr'><strong>ε,</strong></span> <span class='ocrx_word' id='word_1_70' title='bbox 1643 847 1766 903; x_wconf 85' lang='grc' dir='ltr'><strong>Νοιι</strong></span> <span class='ocrx_word' id='word_1_71' title='bbox 1805 847 1939 902; x_wconf 82' lang='lat' dir='ltr'><strong>idem</strong></span> <span class='ocrx_word' id='word_1_72' title='bbox 1981 845 2114 901; x_wconf 85' lang='lat' dir='ltr'><strong>Deus</strong></span> <span class='ocrx_word' id='word_1_73' title='bbox 2153 852 2225 898; x_wconf 84' lang='lat' dir='ltr'><strong>cst</strong></span> 
     </span>
    </p>
   </div>
   <div class='ocr_carea' id='block_1_7' title="bbox 625 940 2221 1010">
    <p class='ocr_par' dir='ltr' id='par_1_7' title="bbox 625 940 2221 1010">
     <span class='ocr_line' id='line_1_7' title="bbox 625 940 2221 1010; baseline -0.007 -6"><span class='ocrx_word' id='word_1_74' title='bbox 625 948 768 1004; x_wconf 86' lang='lat' dir='ltr'><strong>nobis</strong></span> <span class='ocrx_word' id='word_1_75' title='bbox 791 957 835 1003; x_wconf 88' lang='lat' dir='ltr'><strong>et</strong></span> <span class='ocrx_word' id='word_1_76' title='bbox 858 948 982 1010; x_wconf 89' lang='lat' dir='ltr'><strong>illis,</strong></span> <span class='ocrx_word' id='word_1_77' title='bbox 1008 964 1097 1002; x_wconf 85' lang='lat' dir='ltr'><strong>nec</strong></span> <span class='ocrx_word' id='word_1_78' title='bbox 1118 947 1250 1002; x_wconf 81' lang='lat' dir='ltr'><strong>idem</strong></span> <span class='ocrx_word' id='word_1_79' title='bbox 1273 947 1523 1010; x_wconf 76' lang='lat' dir='ltr'><strong>Christus,</strong></span> <span class='ocrx_word' id='word_1_80' title='bbox 1549 944 1679 1000; x_wconf 91' lang='lat' dir='ltr'><strong>ibid.</strong></span> <span class='ocrx_word' id='word_1_81' title='bbox 1704 955 1756 999; x_wconf 91' lang='lat' dir='ltr'><strong>et</strong></span> <span class='ocrx_word' id='word_1_82' title='bbox 1785 943 1876 998; x_wconf 89' lang='lat' dir='ltr'><strong>lib.</strong></span> <span class='ocrx_word' id='word_1_83' title='bbox 1901 943 1956 997; x_wconf 89' lang='lat'><strong>5.</strong></span> <span class='ocrx_word' id='word_1_84' title='bbox 1987 957 2106 1010; x_wconf 91' lang='lat' dir='ltr'><strong>cap.</strong></span> <span class='ocrx_word' id='word_1_85' title='bbox 2128 940 2221 994; x_wconf 76' lang='grc'>26.</span> 
     </span>
    </p>
   </div>
   <div class='ocr_carea' id='block_1_8' title="bbox 524 1023 2226 1116">
    <p class='ocr_par' dir='ltr' id='par_1_8' title="bbox 524 1023 2226 1116">
     <span class='ocr_line' id='line_1_8' title="bbox 524 1023 2226 1116; baseline -0.007 -20"><span class='ocrx_word' id='word_1_86' title='bbox 524 1114 527 1116; x_wconf 19' lang='grc' dir='ltr'><strong>η</strong></span> <span class='ocrx_word' id='word_1_87' title='bbox 628 1023 713 1096; x_wconf 83' lang='lat' dir='ltr'><strong>Ad</strong></span> <span class='ocrx_word' id='word_1_88' title='bbox 743 1038 867 1094; x_wconf 90' lang='lat' dir='ltr'><strong>illttd</strong></span> <span class='ocrx_word' id='word_1_89' title='bbox 895 1056 908 1092; x_wconf 90' lang='lat'><strong>:</strong></span> <span class='ocrx_word' id='word_1_90' title='bbox 940 1038 1093 1108; x_wconf 84' lang='lat' dir='ltr'><strong><em>Apud</em></strong></span> <span class='ocrx_word' id='word_1_91' title='bbox 1118 1036 1380 1092; x_wconf 66' lang='lat' dir='ltr'><strong>Itaareticos</strong></span> <span class='ocrx_word' id='word_1_92' title='bbox 1404 1046 1645 1091; x_wconf 69' lang='lat' dir='ltr'><strong>extranea</strong></span> <span class='ocrx_word' id='word_1_93' title='bbox 1664 1043 1751 1087; x_wconf 86' lang='lat' dir='ltr'><strong>aut</strong></span> <span class='ocrx_word' id='word_1_94' title='bbox 1776 1033 2069 1087; x_wconf 82' lang='lat' dir='ltr'><strong>adversaria</strong></span> <span class='ocrx_word' id='word_1_95' title='bbox 2097 1031 2226 1085; x_wconf 81' lang='lat' dir='ltr'><strong>veri-</strong></span> 
     </span>
    </p>
   </div>
   <div class='ocr_carea' id='block_1_9' title="bbox 632 1122 2227 1199">
    <p class='ocr_par' dir='ltr' id='par_1_9' title="bbox 632 1122 2227 1199">
     <span class='ocr_line' id='line_1_9' title="bbox 632 1122 2227 1199; baseline -0.006 -14"><span class='ocrx_word' id='word_1_96' title='bbox 632 1131 723 1186; x_wconf 89' lang='lat' dir='ltr'><strong>tati</strong></span> <span class='ocrx_word' id='word_1_97' title='bbox 752 1131 944 1197; x_wconf 88' lang='lat' dir='ltr'><strong>omnia,</strong></span> <span class='ocrx_word' id='word_1_98' title='bbox 973 1130 1065 1184; x_wconf 93' lang='lat' dir='ltr'><strong>lib.</strong></span> <span class='ocrx_word' id='word_1_99' title='bbox 1096 1129 1148 1184; x_wconf 89' lang='grc'><strong>6.</strong></span> <span class='ocrx_word' id='word_1_100' title='bbox 1181 1144 1282 1199; x_wconf 86' lang='lat' dir='ltr'><strong>cap</strong></span> <span class='ocrx_word' id='word_1_101' title='bbox 1333 1128 1422 1184; x_wconf 71' lang='grc'><strong>40.</strong></span> <span class='ocrx_word' id='word_1_102' title='bbox 1455 1127 1534 1182; x_wconf 85' lang='lat' dir='ltr'><strong>Ad</strong></span> <span class='ocrx_word' id='word_1_103' title='bbox 1564 1125 1692 1181; x_wconf 90' lang='lat' dir='ltr'><strong>illud</strong></span> <span class='ocrx_word' id='word_1_104' title='bbox 1720 1125 1951 1195; x_wconf 90' lang='lat' dir='ltr'><strong>denique</strong></span> <span class='ocrx_word' id='word_1_105' title='bbox 1977 1142 1989 1176; x_wconf 91' lang='lat'>:</span> <span class='ocrx_word' id='word_1_106' title='bbox 2018 1122 2227 1193; x_wconf 84' lang='lat' dir='ltr'><strong>Baptis-</strong></span> 
     </span>
    </p>
   </div>
   <div class='ocr_carea' id='block_1_10' title="bbox 631 1214 2231 1293">
    <p class='ocr_par' dir='ltr' id='par_1_10' title="bbox 631 1214 2231 1293">
     <span class='ocr_line' id='line_1_10' title="bbox 631 1214 2231 1293; baseline -0.008 -15"><span class='ocrx_word' id='word_1_107' title='bbox 631 1240 792 1289; x_wconf 85' lang='lat' dir='ltr'><strong>mum,</strong></span> <span class='ocrx_word' id='word_1_108' title='bbox 811 1239 965 1293; x_wconf 81' lang='lat' dir='ltr'><strong>quam</strong></span> <span class='ocrx_word' id='word_1_109' title='bbox 997 1221 1092 1275; x_wconf 86' lang='lat' dir='ltr'><strong>rite</strong></span> <span class='ocrx_word' id='word_1_110' title='bbox 1114 1237 1216 1274; x_wconf 81' lang='lat' dir='ltr'><strong>non</strong></span> <span class='ocrx_word' id='word_1_111' title='bbox 1234 1219 1472 1286; x_wconf 81' lang='lat' dir='ltr'><strong>habeant,</strong></span> <span class='ocrx_word' id='word_1_112' title='bbox 1493 1235 1580 1272; x_wconf 87' lang='lat' dir='ltr'><strong>nec</strong></span> <span class='ocrx_word' id='word_1_113' title='bbox 1609 1217 2081 1287; x_wconf 83' lang='lat' dir='ltr'><strong>passutttaccipcre,</strong></span> <span class='ocrx_word' id='word_1_114' title='bbox 2109 1214 2231 1282; x_wconf 82' lang='lat' dir='ltr'><strong>quia</strong></span> 
     </span>
    </p>
   </div>
   <div class='ocr_carea' id='block_1_11' title="bbox 642 1305 2229 1380">
    <p class='ocr_par' dir='ltr' id='par_1_11' title="bbox 642 1305 2229 1380">
     <span class='ocr_line' id='line_1_11' title="bbox 642 1305 2229 1380; baseline -0.007 -10"><span class='ocrx_word' id='word_1_115' title='bbox 642 1333 746 1370; x_wconf 86' lang='lat' dir='ltr'><strong>non</strong></span> <span class='ocrx_word' id='word_1_116' title='bbox 798 1312 978 1367; x_wconf 80' lang='lat' dir='ltr'><strong>habent</strong></span> <span class='ocrx_word' id='word_1_117' title='bbox 1002 1353 1014 1376; x_wconf 92' lang='lat'><strong>,</strong></span> <span class='ocrx_word' id='word_1_118' title='bbox 1044 1312 1138 1366; x_wconf 88' lang='lat' dir='ltr'><strong>lib.</strong></span> <span class='ocrx_word' id='word_1_119' title='bbox 1169 1312 1221 1364; x_wconf 90' lang='lat'><strong>7.</strong></span> <span class='ocrx_word' id='word_1_120' title='bbox 1241 1325 1359 1380; x_wconf 86' lang='lat' dir='ltr'><strong>cap.</strong></span> <span class='ocrx_word' id='word_1_121' title='bbox 1390 1309 1481 1365; x_wconf 75' lang='lat'><strong>‘29.</strong></span> <span class='ocrx_word' id='word_1_122' title='bbox 1513 1310 1601 1367; x_wconf 85' lang='grc'><strong>55.</strong></span> <span class='ocrx_word' id='word_1_123' title='bbox 1634 1309 1726 1363; x_wconf 81' lang='grc'><strong>55.</strong></span> <span class='ocrx_word' id='word_1_124' title='bbox 1756 1315 1810 1360; x_wconf 91' lang='lat' dir='ltr'><strong>et</strong></span> <span class='ocrx_word' id='word_1_125' title='bbox 1837 1307 1926 1360; x_wconf 77' lang='grc'><strong>47.</strong></span> <span class='ocrx_word' id='word_1_126' title='bbox 1964 1305 2229 1359; x_wconf 69' lang='lat' dir='ltr'><strong>Cmterutn</strong></span> 
     </span>
    </p>
   </div>
   <div class='ocr_carea' id='block_1_12' title="bbox 637 1398 2232 1476">
    <p class='ocr_par' dir='ltr' id='par_1_12' title="bbox 637 1398 2232 1476">
     <span class='ocr_line' id='line_1_12' title="bbox 637 1398 2232 1476; baseline -0.006 -12"><span class='ocrx_word' id='word_1_127' title='bbox 637 1408 739 1464; x_wconf 90' lang='lat' dir='ltr'><strong>hoc</strong></span> <span class='ocrx_word' id='word_1_128' title='bbox 764 1423 925 1461; x_wconf 90' lang='lat' dir='ltr'><strong>ttnum</strong></span> <span class='ocrx_word' id='word_1_129' title='bbox 959 1405 1045 1460; x_wconf 89' lang='lat' dir='ltr'><strong>hic</strong></span> <span class='ocrx_word' id='word_1_130' title='bbox 1075 1405 1456 1476; x_wconf 88' lang='lat' dir='ltr'><strong>repetendum,</strong></span> <span class='ocrx_word' id='word_1_131' title='bbox 1490 1401 1630 1473; x_wconf 90' lang='lat' dir='ltr'><strong>quod</strong></span> <span class='ocrx_word' id='word_1_132' title='bbox 1676 1402 1900 1455; x_wconf 84' lang='lat' dir='ltr'><strong>fateatur</strong></span> <span class='ocrx_word' id='word_1_133' title='bbox 1931 1416 2036 1453; x_wconf 91' lang='lat' dir='ltr'><strong>non</strong></span> <span class='ocrx_word' id='word_1_134' title='bbox 2067 1398 2232 1454; x_wconf 67' lang='lat' dir='ltr'><strong>senz&#39;el</strong></span> 
     </span>
    </p>
   </div>
   <div class='ocr_carea' id='block_1_13' title="bbox 637 1492 2231 1571">
    <p class='ocr_par' dir='ltr' id='par_1_13' title="bbox 637 1492 2231 1571">
     <span class='ocr_line' id='line_1_13' title="bbox 637 1492 2231 1571; baseline -0.008 -16"><span class='ocrx_word' id='word_1_135' title='bbox 637 1501 1002 1571; x_wconf 70' lang='lat' dir='ltr'><strong>Augustinus,</strong></span> <span class='ocrx_word' id='word_1_136' title='bbox 1046 1514 1218 1568; x_wconf 88' lang='lat' dir='ltr'><strong>neque</strong></span> <span class='ocrx_word' id='word_1_137' title='bbox 1259 1497 1606 1566; x_wconf 83' lang='lat' dir='ltr'><strong>Agrippinum</strong></span> <span class='ocrx_word' id='word_1_138' title='bbox 1634 1536 1648 1558; x_wconf 93' lang='lat'><strong>,</strong></span> <span class='ocrx_word' id='word_1_139' title='bbox 1695 1508 1866 1571; x_wconf 79' lang='lat' dir='ltr'><strong>neque</strong></span> <span class='ocrx_word' id='word_1_140' title='bbox 1907 1492 2231 1563; x_wconf 75' lang='lat' dir='ltr'><strong>Cyprianum</strong></span> 
     </span>
    </p>
   </div>
   <div class='ocr_carea' id='block_1_14' title="bbox 638 1567 2235 1652">
    <p class='ocr_par' dir='ltr' id='par_1_14' title="bbox 638 1567 2235 1652">
     <span class='ocr_line' id='line_1_14' title="bbox 638 1567 2235 1652; baseline -0.007 -3"><span class='ocrx_word' id='word_1_141' title='bbox 638 1609 758 1649; x_wconf 85' lang='lat' dir='ltr'><strong>cunt</strong></span> <span class='ocrx_word' id='word_1_142' title='bbox 800 1594 912 1647; x_wconf 78' lang='lat' dir='ltr'><strong>suis</strong></span> <span class='ocrx_word' id='word_1_143' title='bbox 946 1592 1240 1646; x_wconf 90' lang='lat' dir='ltr'><strong>emissuros</strong></span> <span class='ocrx_word' id='word_1_144' title='bbox 1289 1589 1453 1643; x_wconf 81' lang='lat' dir='ltr'><strong>fuisse</strong></span> <span class='ocrx_word' id='word_1_145' title='bbox 1503 1567 1785 1642; x_wconf 84' lang='lat' dir='ltr'><strong>Decretum</strong></span> <span class='ocrx_word' id='word_1_146' title='bbox 1832 1594 1936 1638; x_wconf 88' lang='lat' dir='ltr'><strong>tant</strong></span> <span class='ocrx_word' id='word_1_147' title='bbox 1987 1582 2235 1652; x_wconf 81' lang='lat' dir='ltr'><strong>generale</strong></span> 
     </span>
    </p>
   </div>
   <div class='ocr_carea' id='block_1_15' title="bbox 639 1675 2237 1748">
    <p class='ocr_par' dir='ltr' id='par_1_15' title="bbox 639 1675 2237 1748">
     <span class='ocr_line' id='line_1_15' title="bbox 639 1675 2237 1748; baseline -0.008 -8"><span class='ocrx_word' id='word_1_148' title='bbox 639 1685 900 1740; x_wconf 69' lang='lat' dir='ltr'><strong>adversus</strong></span> <span class='ocrx_word' id='word_1_149' title='bbox 942 1682 1315 1737; x_wconf 75' lang='lat' dir='ltr'><strong>luercticorunt</strong></span> <span class='ocrx_word' id='word_1_150' title='bbox 1349 1680 1670 1748; x_wconf 84' lang='lat' dir='ltr'><strong>baptismum</strong></span> <span class='ocrx_word' id='word_1_151' title='bbox 1697 1719 1711 1739; x_wconf 90' lang='lat'><strong>,</strong></span> <span class='ocrx_word' id='word_1_152' title='bbox 1745 1677 1788 1732; x_wconf 87' lang='lat' dir='ltr'><strong>si</strong></span> <span class='ocrx_word' id='word_1_153' title='bbox 1831 1675 2027 1745; x_wconf 88' lang='lat' dir='ltr'><strong>aliquid</strong></span> <span class='ocrx_word' id='word_1_154' title='bbox 2059 1675 2237 1744; x_wconf 87' lang='lat' dir='ltr'><strong>aliqua</strong></span> 
     </span>
    </p>
   </div>
   <div class='ocr_carea' id='block_1_16' title="bbox 642 1770 2237 1845">
    <p class='ocr_par' dir='ltr' id='par_1_16' title="bbox 642 1770 2237 1845">
     <span class='ocr_line' id='line_1_16' title="bbox 642 1770 2237 1845; baseline -0.006 -12"><span class='ocrx_word' id='word_1_155' title='bbox 642 1776 888 1833; x_wconf 79' lang='lat' dir='ltr'><strong>Concilio</strong></span> <span class='ocrx_word' id='word_1_156' title='bbox 912 1777 1147 1845; x_wconf 84' lang='lat' dir='ltr'><strong>plenario</strong></span> <span class='ocrx_word' id='word_1_157' title='bbox 1171 1774 1445 1828; x_wconf 77' lang='lat' dir='ltr'><strong>dt&#39;littiltlttl</strong></span> <span class='ocrx_word' id='word_1_158' title='bbox 1476 1772 1689 1836; x_wconf 73' lang='lat' dir='ltr'><strong>fuisset,</strong></span> <span class='ocrx_word' id='word_1_159' title='bbox 1719 1770 1871 1825; x_wconf 82' lang='lat' dir='ltr'><strong>siculi</strong></span> <span class='ocrx_word' id='word_1_160' title='bbox 1903 1780 2115 1840; x_wconf 89' lang='lat' dir='ltr'><strong>postea,</strong></span> <span class='ocrx_word' id='word_1_161' title='bbox 2145 1785 2237 1824; x_wconf 80' lang='lat' dir='ltr'><strong>cx-</strong></span> 
     </span>
    </p>
   </div>
   <div class='ocr_carea' id='block_1_17' title="bbox 2328 644 3920 726">
    <p class='ocr_par' dir='ltr' id='par_1_17' title="bbox 2328 644 3920 726">
     <span class='ocr_line' id='line_1_17' title="bbox 2328 644 3920 726; baseline -0.013 -8"><span class='ocrx_word' id='word_1_162' title='bbox 2328 662 2556 726; x_wconf 88' lang='lat' dir='ltr'><strong>Strom.,</strong></span> <span class='ocrx_word' id='word_1_163' title='bbox 2583 659 2779 716; x_wconf 82' lang='lat' dir='ltr'><strong>Euseb.</strong></span> <span class='ocrx_word' id='word_1_164' title='bbox 2815 659 2865 713; x_wconf 87' lang='lat' dir='ltr'><strong>itt</strong></span> <span class='ocrx_word' id='word_1_165' title='bbox 2889 656 3114 718; x_wconf 90' lang='lat' dir='ltr'><strong>Cltron.,</strong></span> <span class='ocrx_word' id='word_1_166' title='bbox 3136 650 3393 710; x_wconf 87' lang='lat' dir='ltr'><strong>Joruaud.</strong></span> <span class='ocrx_word' id='word_1_167' title='bbox 3418 650 3469 705; x_wconf 93' lang='lat' dir='ltr'><strong>in</strong></span> <span class='ocrx_word' id='word_1_168' title='bbox 3495 647 3688 705; x_wconf 84' lang='lat' dir='ltr'><strong>Annal.</strong></span> <span class='ocrx_word' id='word_1_169' title='bbox 3715 644 3920 702; x_wconf 84' lang='lat' dir='ltr'><strong>Honor.</strong></span> 
     </span>
    </p>
   </div>
   <div class='ocr_carea' id='block_1_18' title="bbox 2329 739 3927 822">
    <p class='ocr_par' dir='ltr' id='par_1_18' title="bbox 2329 739 3927 822">
     <span class='ocr_line' id='line_1_18' title="bbox 2329 739 3927 822; baseline -0.009 -14"><span class='ocrx_word' id='word_1_170' title='bbox 2329 741 2473 810; x_wconf 85' lang='lat' dir='ltr'><strong>Beda</strong></span> <span class='ocrx_word' id='word_1_171' title='bbox 2501 795 2514 818; x_wconf 93' lang='lat'><strong>,</strong></span> <span class='ocrx_word' id='word_1_172' title='bbox 2547 751 2835 822; x_wconf 84' lang='lat' dir='ltr'><strong>Nicephor.</strong></span> <span class='ocrx_word' id='word_1_173' title='bbox 2867 751 2919 805; x_wconf 89' lang='lat' dir='ltr'><strong>itt</strong></span> <span class='ocrx_word' id='word_1_174' title='bbox 2965 747 3166 805; x_wconf 77' lang='lat' dir='ltr'><strong>Chron.</strong></span> <span class='ocrx_word' id='word_1_175' title='bbox 3223 759 3364 800; x_wconf 87' lang='lat' dir='ltr'><strong>anno</strong></span> <span class='ocrx_word' id='word_1_176' title='bbox 3401 741 3599 797; x_wconf 86' lang='lat' dir='ltr'><strong>Tiberii</strong></span> <span class='ocrx_word' id='word_1_177' title='bbox 3653 739 3741 795; x_wconf 84' lang='lat' dir='ltr'><strong>I8.</strong></span> <span class='ocrx_word' id='word_1_178' title='bbox 3803 753 3927 809; x_wconf 85' lang='lat' dir='ltr'><strong>pas-</strong></span> 
     </span>
    </p>
   </div>
   <div class='ocr_carea' id='block_1_19' title="bbox 2330 830 3923 907">
    <p class='ocr_par' dir='ltr' id='par_1_19' title="bbox 2330 830 3923 907">
     <span class='ocr_line' id='line_1_19' title="bbox 2330 830 3923 907; baseline -0.009 -7"><span class='ocrx_word' id='word_1_179' title='bbox 2330 860 2449 900; x_wconf 92' lang='lat' dir='ltr'><strong>sum</strong></span> <span class='ocrx_word' id='word_1_180' title='bbox 2478 842 2752 902; x_wconf 75' lang='lat' dir='ltr'><strong>Christum</strong></span> <span class='ocrx_word' id='word_1_181' title='bbox 2782 842 3056 907; x_wconf 88' lang='lat' dir='ltr'><strong>scribunt,</strong></span> <span class='ocrx_word' id='word_1_182' title='bbox 3087 838 3260 894; x_wconf 63' lang='lat' dir='ltr'><strong>aetatis</strong></span> <span class='ocrx_word' id='word_1_183' title='bbox 3308 849 3502 905; x_wconf 88' lang='lat' dir='ltr'><strong>nempe</strong></span> <span class='ocrx_word' id='word_1_184' title='bbox 3549 849 3660 888; x_wconf 72' lang='lat' dir='ltr'><strong>sua:</strong></span> <span class='ocrx_word' id='word_1_185' title='bbox 3694 834 3785 889; x_wconf 79' lang='grc'><strong>55.</strong></span> <span class='ocrx_word' id='word_1_186' title='bbox 3813 830 3923 902; x_wconf 82' lang='lat' dir='ltr'><strong>jam</strong></span> 
     </span>
    </p>
   </div>
   <div class='ocr_carea' id='block_1_20' title="bbox 2331 923 3923 1007">
    <p class='ocr_par' dir='ltr' id='par_1_20' title="bbox 2331 923 3923 1007">
     <span class='ocr_line' id='line_1_20' title="bbox 2331 923 3923 1007; baseline -0.009 -15"><span class='ocrx_word' id='word_1_187' title='bbox 2331 937 2563 1007; x_wconf 91' lang='lat' dir='ltr'><strong>incepto.</strong></span> <span class='ocrx_word' id='word_1_188' title='bbox 2594 935 2667 992; x_wconf 90' lang='lat' dir='ltr'><strong>De</strong></span> <span class='ocrx_word' id='word_1_189' title='bbox 2689 933 2966 990; x_wconf 87' lang='lat' dir='ltr'><strong>consulatu</strong></span> <span class='ocrx_word' id='word_1_190' title='bbox 2989 948 3093 1004; x_wconf 87' lang='lat' dir='ltr'><strong>quo</strong></span> <span class='ocrx_word' id='word_1_191' title='bbox 3111 930 3288 1002; x_wconf 81' lang='lat' dir='ltr'><strong>passio</strong></span> <span class='ocrx_word' id='word_1_192' title='bbox 3313 927 3514 983; x_wconf 88' lang='lat' dir='ltr'><strong>Christi</strong></span> <span class='ocrx_word' id='word_1_193' title='bbox 3542 923 3786 996; x_wconf 88' lang='lat' dir='ltr'><strong>contigit,</strong></span> <span class='ocrx_word' id='word_1_194' title='bbox 3817 937 3923 978; x_wconf 91' lang='lat' dir='ltr'><strong>non</strong></span> 
     </span>
    </p>
   </div>
   <div class='ocr_carea' id='block_1_21' title="bbox 2331 1010 3972 1093">
    <p class='ocr_par' dir='ltr' id='par_1_21' title="bbox 2331 1010 3972 1093">
     <span class='ocr_line' id='line_1_21' title="bbox 2331 1010 3972 1093; baseline -0.009 -9"><span class='ocrx_word' id='word_1_195' title='bbox 2331 1031 2401 1084; x_wconf 86' lang='lat' dir='ltr'><strong>ita</strong></span> <span class='ocrx_word' id='word_1_196' title='bbox 2429 1027 2756 1085; x_wconf 86' lang='lat' dir='ltr'><strong>conveniunt</strong></span> <span class='ocrx_word' id='word_1_197' title='bbox 2808 1041 3014 1082; x_wconf 87' lang='lat' dir='ltr'><strong>omnes.</strong></span> <span class='ocrx_word' id='word_1_198' title='bbox 3047 1023 3105 1080; x_wconf 93' lang='lat' dir='ltr'><strong>S.</strong></span> <span class='ocrx_word' id='word_1_199' title='bbox 3149 1025 3285 1093; x_wconf 84' lang='lat' dir='ltr'><strong>Aug.</strong></span> <span class='ocrx_word' id='word_1_200' title='bbox 3319 1020 3411 1076; x_wconf 90' lang='lat' dir='ltr'><strong>lib.</strong></span> <span class='ocrx_word' id='word_1_201' title='bbox 3439 1016 3625 1075; x_wconf 80' lang='lat' dir='ltr'><strong>XVIII.</strong></span> <span class='ocrx_word' id='word_1_202' title='bbox 3652 1015 3722 1071; x_wconf 89' lang='lat' dir='ltr'><strong>de</strong></span> <span class='ocrx_word' id='word_1_203' title='bbox 3767 1013 3925 1072; x_wconf 91' lang='lat' dir='ltr'><strong>Civit.</strong></span> <span class='ocrx_word' id='word_1_204' title='bbox 3965 1010 3972 1017; x_wconf 84' lang='grc'><strong>’</strong></span> 
     </span>
    </p>
   </div>
   <div class='ocr_carea' id='block_1_22' title="bbox 2334 1106 3925 1188">
    <p class='ocr_par' dir='ltr' id='par_1_22' title="bbox 2334 1106 3925 1188">
     <span class='ocr_line' id='line_1_22' title="bbox 2334 1106 3925 1188; baseline -0.01 -11"><span class='ocrx_word' id='word_1_205' title='bbox 2334 1123 2449 1188; x_wconf 86' lang='lat' dir='ltr'><strong>Dei,</strong></span> <span class='ocrx_word' id='word_1_206' title='bbox 2484 1137 2534 1176; x_wconf 94' lang='lat' dir='ltr'><strong>c.</strong></span> <span class='ocrx_word' id='word_1_207' title='bbox 2568 1120 2692 1188; x_wconf 89' lang='lat' dir='ltr'><strong>ult.,</strong></span> <span class='ocrx_word' id='word_1_208' title='bbox 2721 1128 2777 1174; x_wconf 88' lang='lat' dir='ltr'><strong>et</strong></span> <span class='ocrx_word' id='word_1_209' title='bbox 2812 1118 3049 1174; x_wconf 78' lang='lat' dir='ltr'><strong>Severus</strong></span> <span class='ocrx_word' id='word_1_210' title='bbox 3079 1115 3335 1186; x_wconf 88' lang='lat' dir='ltr'><strong>Sulpitius</strong></span> <span class='ocrx_word' id='word_1_211' title='bbox 3365 1112 3502 1168; x_wconf 89' lang='lat' dir='ltr'><strong>IIist.</strong></span> <span class='ocrx_word' id='word_1_212' title='bbox 3532 1125 3697 1166; x_wconf 72' lang='lat' dir='ltr'><strong>sacra:</strong></span> <span class='ocrx_word' id='word_1_213' title='bbox 3727 1108 3821 1164; x_wconf 90' lang='lat' dir='ltr'><strong>lib.</strong></span> <span class='ocrx_word' id='word_1_214' title='bbox 3856 1106 3925 1163; x_wconf 86' lang='grc'><strong>11.</strong></span> 
     </span>
    </p>
   </div>
   <div class='ocr_carea' id='block_1_23' title="bbox 2334 1198 3928 1271">
    <p class='ocr_par' dir='ltr' id='par_1_23' title="bbox 2334 1198 3928 1271">
     <span class='ocr_line' id='line_1_23' title="bbox 2334 1198 3928 1271; baseline -0.011 -2"><span class='ocrx_word' id='word_1_215' title='bbox 2334 1214 2577 1270; x_wconf 81' lang='lat' dir='ltr'><strong>fortassis</strong></span> <span class='ocrx_word' id='word_1_216' title='bbox 2603 1212 2922 1267; x_wconf 85' lang='lat' dir='ltr'><strong>auctoritate</strong></span> <span class='ocrx_word' id='word_1_217' title='bbox 2945 1209 3086 1264; x_wconf 89' lang='lat' dir='ltr'><strong>ducti</strong></span> <span class='ocrx_word' id='word_1_218' title='bbox 3112 1205 3450 1268; x_wconf 69' lang='lat' dir='ltr'><strong>Tertulliani,</strong></span> <span class='ocrx_word' id='word_1_219' title='bbox 3475 1219 3579 1259; x_wconf 91' lang='lat' dir='ltr'><strong>nou</strong></span> <span class='ocrx_word' id='word_1_220' title='bbox 3608 1198 3928 1271; x_wconf 67' lang='lat' dir='ltr'><strong>examinatis</strong></span> 
     </span>
    </p>
   </div>
   <div class='ocr_carea' id='block_1_24' title="bbox 2336 1291 3926 1368">
    <p class='ocr_par' dir='ltr' id='par_1_24' title="bbox 2336 1291 3926 1368">
     <span class='ocr_line' id='line_1_24' title="bbox 2336 1291 3926 1368; baseline -0.012 -7"><span class='ocrx_word' id='word_1_221' title='bbox 2336 1307 2512 1362; x_wconf 88' lang='lat' dir='ltr'><strong>Fastis</strong></span> <span class='ocrx_word' id='word_1_222' title='bbox 2540 1303 2924 1361; x_wconf 85' lang='lat' dir='ltr'><strong>Consularibus</strong></span> <span class='ocrx_word' id='word_1_223' title='bbox 2945 1345 2958 1368; x_wconf 94' lang='lat'><strong>,</strong></span> <span class='ocrx_word' id='word_1_224' title='bbox 3003 1301 3101 1358; x_wconf 89' lang='lat' dir='ltr'><strong>sub</strong></span> <span class='ocrx_word' id='word_1_225' title='bbox 3127 1295 3603 1354; x_wconf 55' lang='lat' dir='ltr'><strong>duobttercminis</strong></span> <span class='ocrx_word' id='word_1_226' title='bbox 3638 1291 3926 1358; x_wconf 85' lang='lat' dir='ltr'><strong>collocant,</strong></span> 
     </span>
    </p>
   </div>
   <div class='ocr_carea' id='block_1_25' title="bbox 2337 1384 3932 1467">
    <p class='ocr_par' dir='ltr' id='par_1_25' title="bbox 2337 1384 3932 1467">
     <span class='ocr_line' id='line_1_25' title="bbox 2337 1384 3932 1467; baseline -0.009 -14"><span class='ocrx_word' id='word_1_227' title='bbox 2337 1391 2493 1453; x_wconf 88' lang='lat' dir='ltr'><strong>sicitti</strong></span> <span class='ocrx_word' id='word_1_228' title='bbox 2518 1398 2676 1453; x_wconf 89' lang='lat' dir='ltr'><strong>etiam</strong></span> <span class='ocrx_word' id='word_1_229' title='bbox 2705 1392 3052 1467; x_wconf 85' lang='lat' dir='ltr'><strong>suprascripti</strong></span> <span class='ocrx_word' id='word_1_230' title='bbox 3106 1393 3226 1447; x_wconf 88' lang='lat' dir='ltr'><strong>loco</strong></span> <span class='ocrx_word' id='word_1_231' title='bbox 3277 1387 3438 1460; x_wconf 86' lang='lat' dir='ltr'><strong>priori</strong></span> <span class='ocrx_word' id='word_1_232' title='bbox 3482 1387 3764 1442; x_wconf 87' lang='lat' dir='ltr'><strong>Auctores.</strong></span> <span class='ocrx_word' id='word_1_233' title='bbox 3830 1384 3932 1438; x_wconf 73' lang='lat' dir='ltr'><strong>lte-</strong></span> 
     </span>
    </p>
   </div>
   <div class='ocr_carea' id='block_1_26' title="bbox 2338 1474 3927 1561">
    <p class='ocr_par' dir='ltr' id='par_1_26' title="bbox 2338 1474 3927 1561">
     <span class='ocr_line' id='line_1_26' title="bbox 2338 1474 3927 1561; baseline -0.012 -13"><span class='ocrx_word' id='word_1_234' title='bbox 2338 1492 2608 1548; x_wconf 80' lang='lat' dir='ltr'><strong>cautiores</strong></span> <span class='ocrx_word' id='word_1_235' title='bbox 2651 1491 2886 1561; x_wconf 78' lang='lat' dir='ltr'><strong>aliquot,</strong></span> <span class='ocrx_word' id='word_1_236' title='bbox 2935 1487 3024 1560; x_wconf 88' lang='lat' dir='ltr'><strong>qui</strong></span> <span class='ocrx_word' id='word_1_237' title='bbox 3091 1484 3376 1541; x_wconf 86' lang='lat' dir='ltr'><strong>Dominum</strong></span> <span class='ocrx_word' id='word_1_238' title='bbox 3423 1495 3564 1535; x_wconf 87' lang='lat' dir='ltr'><strong>anno</strong></span> <span class='ocrx_word' id='word_1_239' title='bbox 3612 1477 3785 1533; x_wconf 69' lang='lat' dir='ltr'><strong>anatis</strong></span> <span class='ocrx_word' id='word_1_240' title='bbox 3835 1474 3927 1532; x_wconf 80' lang='grc'><strong>51.</strong></span> 
     </span>
    </p>
   </div>
   <div class='ocr_carea' id='block_1_27' title="bbox 2342 1565 3935 1653">
    <p class='ocr_par' dir='ltr' id='par_1_27' title="bbox 2342 1565 3935 1653">
     <span class='ocr_line' id='line_1_27' title="bbox 2342 1565 3935 1653; baseline -0.011 -16"><span class='ocrx_word' id='word_1_241' title='bbox 2342 1597 2555 1653; x_wconf 85' lang='lat' dir='ltr'><strong>passum</strong></span> <span class='ocrx_word' id='word_1_242' title='bbox 2584 1582 2843 1647; x_wconf 90' lang='lat' dir='ltr'><strong>scribunt,</strong></span> <span class='ocrx_word' id='word_1_243' title='bbox 2874 1578 3135 1634; x_wconf 84' lang='lat' dir='ltr'><strong>Consules</strong></span> <span class='ocrx_word' id='word_1_244' title='bbox 3164 1576 3436 1646; x_wconf 78' lang='lat' dir='ltr'><strong>assignant</strong></span> <span class='ocrx_word' id='word_1_245' title='bbox 3477 1570 3700 1627; x_wconf 87' lang='lat' dir='ltr'><strong>Galbam</strong></span> <span class='ocrx_word' id='word_1_246' title='bbox 3732 1577 3787 1622; x_wconf 83' lang='lat' dir='ltr'><strong>et</strong></span> <span class='ocrx_word' id='word_1_247' title='bbox 3811 1565 3935 1638; x_wconf 83' lang='lat' dir='ltr'><strong>Syl-</strong></span> 
     </span>
    </p>
   </div>
   <div class='ocr_carea' id='block_1_28' title="bbox 2343 1665 3929 1745">
    <p class='ocr_par' dir='ltr' id='par_1_28' title="bbox 2343 1665 3929 1745">
     <span class='ocr_line' id='line_1_28' title="bbox 2343 1665 3929 1745; baseline -0.01 -16"><span class='ocrx_word' id='word_1_248' title='bbox 2343 1675 2450 1730; x_wconf 89' lang='lat' dir='ltr'><strong>lam</strong></span> <span class='ocrx_word' id='word_1_249' title='bbox 2477 1671 2496 1741; x_wconf 69' lang='lat'><strong>,’</strong></span> <span class='ocrx_word' id='word_1_250' title='bbox 2535 1674 2626 1745; x_wconf 92' lang='lat' dir='ltr'><strong>qui</strong></span> <span class='ocrx_word' id='word_1_251' title='bbox 2663 1688 2806 1728; x_wconf 90' lang='lat' dir='ltr'><strong>anno</strong></span> <span class='ocrx_word' id='word_1_252' title='bbox 2857 1670 3057 1725; x_wconf 88' lang='lat' dir='ltr'><strong>Tiberii</strong></span> <span class='ocrx_word' id='word_1_253' title='bbox 3111 1668 3198 1724; x_wconf 83' lang='lat' dir='ltr'><strong>I9.</strong></span> <span class='ocrx_word' id='word_1_254' title='bbox 3250 1665 3586 1722; x_wconf 89' lang='lat' dir='ltr'><strong>consulatum</strong></span> <span class='ocrx_word' id='word_1_255' title='bbox 3627 1667 3929 1734; x_wconf 88' lang='lat' dir='ltr'><strong>gesserunt.</strong></span> 
     </span>
    </p>
   </div>
   <div class='ocr_carea' id='block_1_29' title="bbox 2346 1759 3937 1836">
    <p class='ocr_par' dir='ltr' id='par_1_29' title="bbox 2346 1759 3937 1836">
     <span class='ocr_line' id='line_1_29' title="bbox 2346 1759 3937 1836; baseline -0.008 -17"><span class='ocrx_word' id='word_1_256' title='bbox 2346 1766 2540 1822; x_wconf 80' lang='lat' dir='ltr'><strong>Verum</strong></span> <span class='ocrx_word' id='word_1_257' title='bbox 2568 1765 2854 1836; x_wconf 85' lang='lat' dir='ltr'><strong>Evangelia</strong></span> <span class='ocrx_word' id='word_1_258' title='bbox 2885 1759 3368 1834; x_wconf 84' lang='lat' dir='ltr'><strong>magisconformis</strong></span> <span class='ocrx_word' id='word_1_259' title='bbox 3394 1766 3479 1814; x_wconf 90' lang='lat' dir='ltr'><strong>est</strong></span> <span class='ocrx_word' id='word_1_260' title='bbox 3506 1770 3692 1812; x_wconf 88' lang='lat' dir='ltr'><strong>eorum</strong></span> <span class='ocrx_word' id='word_1_261' title='bbox 3715 1762 3937 1811; x_wconf 89' lang='lat' dir='ltr'><strong>senten-</strong></span> 
     </span>
    </p>
   </div>
   <div class='ocr_carea' id='block_1_30' title="bbox 643 1839 3934 1940">
    <p class='ocr_par' dir='ltr' id='par_1_30' title="bbox 643 1839 3934 1940">
     <span class='ocr_line' id='line_1_30' title="bbox 643 1839 3934 1940; baseline -0.008 -14"><span class='ocrx_word' id='word_1_262' title='bbox 643 1870 811 1940; x_wconf 89' lang='lat' dir='ltr'><strong>ceptis</strong></span> <span class='ocrx_word' id='word_1_263' title='bbox 843 1869 973 1924; x_wconf 88' lang='lat' dir='ltr'><strong>solis</strong></span> <span class='ocrx_word' id='word_1_264' title='bbox 1007 1866 1407 1932; x_wconf 85' lang='lat' dir='ltr'><strong>Paulianistis,a</strong></span> <span class='ocrx_word' id='word_1_265' title='bbox 1440 1865 1657 1921; x_wconf 71' lang='lat' dir='ltr'><strong>Niczcno</strong></span> <span class='ocrx_word' id='word_1_266' title='bbox 1685 1862 1922 1935; x_wconf 83' lang='lat' dir='ltr'><strong>generali</strong></span> <span class='ocrx_word' id='word_1_267' title='bbox 1950 1863 1998 1916; x_wconf 88' lang='lat' dir='ltr'><strong>I.</strong></span> <span class='ocrx_word' id='word_1_268' title='bbox 2027 1861 2100 1916; x_wconf 91' lang='lat' dir='ltr'><strong>uti</strong></span> <span class='ocrx_word' id='word_1_269' title='bbox 2124 1861 2236 1932; x_wconf 83' lang='lat' dir='ltr'><strong>jam</strong></span> <span class='ocrx_word' id='word_1_270' title='bbox 2268 1839 2316 1898; x_wconf 84' lang='lat' dir='ltr'><strong>B</strong></span> <span class='ocrx_word' id='word_1_271' title='bbox 2349 1862 2439 1923; x_wconf 90' lang='lat' dir='ltr'><strong>tia,</strong></span> <span class='ocrx_word' id='word_1_272' title='bbox 2463 1871 2518 1917; x_wconf 92' lang='lat' dir='ltr'><strong>et</strong></span> <span class='ocrx_word' id='word_1_273' title='bbox 2540 1860 2855 1915; x_wconf 87' lang='lat' dir='ltr'><strong>nominatim</strong></span> <span class='ocrx_word' id='word_1_274' title='bbox 2882 1854 3186 1914; x_wconf 86' lang='lat' dir='ltr'><strong>Cassiodori</strong></span> <span class='ocrx_word' id='word_1_275' title='bbox 3211 1849 3586 1923; x_wconf 89' lang='lat' dir='ltr'><strong>castigatioris,</strong></span> <span class='ocrx_word' id='word_1_276' title='bbox 3616 1848 3704 1918; x_wconf 81' lang='lat' dir='ltr'><strong>qui</strong></span> <span class='ocrx_word' id='word_1_277' title='bbox 3735 1859 3934 1901; x_wconf 91' lang='lat' dir='ltr'><strong>annum</strong></span> 
     </span>
    </p>
   </div>
   <div class='ocr_carea' id='block_1_31' title="bbox 648 1965 1723 2019">
    <p class='ocr_par' dir='ltr' id='par_1_31' title="bbox 648 1965 1723 2019">
     <span class='ocr_line' id='line_1_31' title="bbox 648 1965 1723 2019; baseline -0.001 0"><span class='ocrx_word' id='word_1_278' title='bbox 648 1965 848 2019; x_wconf 87' lang='lat' dir='ltr'><strong>dictum</strong></span> <span class='ocrx_word' id='word_1_279' title='bbox 883 1972 986 2019; x_wconf 87' lang='lat' dir='ltr'><strong>est.</strong></span> <span class='ocrx_word' id='word_1_280' title='bbox 1717 1993 1723 1999; x_wconf 65' lang='grc' dir='ltr'><strong>ι</strong></span> 
     </span>
    </p>
   </div>
   <div class='ocr_carea' id='block_1_32' title="bbox 655 2047 2240 2124">
    <p class='ocr_par' dir='ltr' id='par_1_32' title="bbox 655 2047 2240 2124">
     <span class='ocr_line' id='line_1_32' title="bbox 655 2047 2240 2124; baseline -0.006 -14"><span class='ocrx_word' id='word_1_281' title='bbox 655 2053 741 2113; x_wconf 79' lang='grc'><strong>15.</strong></span> <span class='ocrx_word' id='word_1_282' title='bbox 781 2055 856 2110; x_wconf 93' lang='lat' dir='ltr'><strong>De</strong></span> <span class='ocrx_word' id='word_1_283' title='bbox 882 2053 1096 2109; x_wconf 80' lang='lat' dir='ltr'><strong>Christo</strong></span> <span class='ocrx_word' id='word_1_284' title='bbox 1127 2053 1218 2109; x_wconf 88' lang='lat' dir='ltr'><strong>Dei</strong></span> <span class='ocrx_word' id='word_1_285' title='bbox 1249 2053 1468 2124; x_wconf 87' lang='lat' dir='ltr'><strong>Spiritu.</strong></span> <span class='ocrx_word' id='word_1_286' title='bbox 1501 2050 1647 2105; x_wconf 89' lang='lat' dir='ltr'><strong>Tam.</strong></span> <span class='ocrx_word' id='word_1_287' title='bbox 1680 2049 1719 2104; x_wconf 94' lang='grc'><strong>1.</strong></span> <span class='ocrx_word' id='word_1_288' title='bbox 1754 2049 1973 2120; x_wconf 82' lang='lat' dir='ltr'><strong>Apolog.</strong></span> <span class='ocrx_word' id='word_1_289' title='bbox 2003 2064 2117 2117; x_wconf 86' lang='lat' dir='ltr'><strong>cap.</strong></span> <span class='ocrx_word' id='word_1_290' title='bbox 2146 2047 2240 2102; x_wconf 70' lang='grc'>21.</span> 
     </span>
    </p>
   </div>
   <div class='ocr_carea' id='block_1_33' title="bbox 719 2137 2240 2206">
    <p class='ocr_par' dir='ltr' id='par_1_33' title="bbox 719 2137 2240 2206">
     <span class='ocr_line' id='line_1_33' title="bbox 719 2137 2240 2206; baseline -0.005 -6"><span class='ocrx_word' id='word_1_291' title='bbox 719 2164 863 2200; x_wconf 84' lang='lat' dir='ltr'><strong>num.</strong></span> <span class='ocrx_word' id='word_1_292' title='bbox 897 2148 1022 2201; x_wconf 74' lang='grc'>514.</span> <span class='ocrx_word' id='word_1_293' title='bbox 1074 2145 1215 2200; x_wconf 85' lang='grc' dir='ltr'><strong>Τοιιι.</strong></span> <span class='ocrx_word' id='word_1_294' title='bbox 1248 2145 1289 2201; x_wconf 92' lang='lat' dir='ltr'><strong>II</strong></span> <span class='ocrx_word' id='word_1_295' title='bbox 1360 2145 1447 2198; x_wconf 88' lang='lat' dir='ltr'><strong>lib.</strong></span> <span class='ocrx_word' id='word_1_296' title='bbox 1491 2144 1555 2198; x_wconf 80' lang='lat' dir='ltr'><strong>tle</strong></span> <span class='ocrx_word' id='word_1_297' title='bbox 1586 2143 1731 2196; x_wconf 83' lang='lat' dir='ltr'><strong>Orat.</strong></span> <span class='ocrx_word' id='word_1_298' title='bbox 1775 2159 1888 2206; x_wconf 86' lang='lat' dir='ltr'><strong>cap.</strong></span> <span class='ocrx_word' id='word_1_299' title='bbox 1923 2142 1976 2196; x_wconf 92' lang='grc'>1.</span> <span class='ocrx_word' id='word_1_300' title='bbox 2016 2155 2154 2194; x_wconf 87' lang='lat' dir='ltr'><strong>num.</strong></span> <span class='ocrx_word' id='word_1_301' title='bbox 2183 2137 2240 2193; x_wconf 78' lang='grc'><strong>2.</strong></span> 
     </span>
    </p>
   </div>
   <div class='ocr_carea' id='block_1_34' title="bbox 721 2232 2242 2311">
    <p class='ocr_par' dir='ltr' id='par_1_34' title="bbox 721 2232 2242 2311">
     <span class='ocr_line' id='line_1_34' title="bbox 721 2232 2242 2311; baseline -0.006 -18"><span class='ocrx_word' id='word_1_302' title='bbox 721 2239 870 2294; x_wconf 84' lang='grc' dir='ltr'><strong>Τοιιι.</strong></span> <span class='ocrx_word' id='word_1_303' title='bbox 898 2238 982 2292; x_wconf 85' lang='grc'>111.</span> <span class='ocrx_word' id='word_1_304' title='bbox 1034 2239 1233 2293; x_wconf 81' lang='lat' dir='ltr'><strong>advers.</strong></span> <span class='ocrx_word' id='word_1_305' title='bbox 1269 2236 1436 2290; x_wconf 80' lang='lat' dir='ltr'><strong>Marc.</strong></span> <span class='ocrx_word' id='word_1_306' title='bbox 1470 2235 1557 2291; x_wconf 85' lang='lat' dir='ltr'><strong>lib.</strong></span> <span class='ocrx_word' id='word_1_307' title='bbox 1596 2235 1636 2289; x_wconf 90' lang='lat' dir='ltr'><strong>I.</strong></span> <span class='ocrx_word' id='word_1_308' title='bbox 1681 2251 1793 2304; x_wconf 89' lang='lat' dir='ltr'><strong>cap.</strong></span> <span class='ocrx_word' id='word_1_309' title='bbox 1826 2234 1912 2311; x_wconf 79' lang='grc'><strong>19.</strong></span> <span class='ocrx_word' id='word_1_310' title='bbox 1951 2249 2090 2286; x_wconf 88' lang='lat' dir='ltr'><strong>nunt.</strong></span> <span class='ocrx_word' id='word_1_311' title='bbox 2119 2232 2242 2286; x_wconf 66' lang='lat' dir='ltr'><strong>I97.</strong></span> 
     </span>
    </p>
   </div>
   <div class='ocr_carea' id='block_1_35' title="bbox 723 2321 2239 2399">
    <p class='ocr_par' dir='ltr' id='par_1_35' title="bbox 723 2321 2239 2399">
     <span class='ocr_line' id='line_1_35' title="bbox 723 2321 2239 2399; baseline -0.006 -14"><span class='ocrx_word' id='word_1_312' title='bbox 723 2331 810 2385; x_wconf 91' lang='lat' dir='ltr'><strong>lib.</strong></span> <span class='ocrx_word' id='word_1_313' title='bbox 828 2329 910 2385; x_wconf 91' lang='lat' dir='ltr'><strong>III.</strong></span> <span class='ocrx_word' id='word_1_314' title='bbox 933 2330 1108 2399; x_wconf 79' lang='lat' dir='ltr'><strong>cap.6_.</strong></span> <span class='ocrx_word' id='word_1_315' title='bbox 1133 2345 1272 2382; x_wconf 90' lang='lat' dir='ltr'><strong>num.</strong></span> <span class='ocrx_word' id='word_1_316' title='bbox 1288 2329 1378 2384; x_wconf 75' lang='lat'><strong>38.</strong></span> <span class='ocrx_word' id='word_1_317' title='bbox 1394 2327 1482 2382; x_wconf 85' lang='grc'><strong>59.</strong></span> <span class='ocrx_word' id='word_1_318' title='bbox 1504 2344 1564 2380; x_wconf 91' lang='lat' dir='ltr'><strong>ac</strong></span> <span class='ocrx_word' id='word_1_319' title='bbox 1607 2324 1819 2397; x_wconf 74' lang='lat' dir='ltr'><strong>cap.16.</strong></span> <span class='ocrx_word' id='word_1_320' title='bbox 1843 2323 1930 2379; x_wconf 85' lang='lat' dir='ltr'><strong>lib.</strong></span> <span class='ocrx_word' id='word_1_321' title='bbox 1956 2325 2010 2378; x_wconf 73' lang='grc'>4.</span> <span class='ocrx_word' id='word_1_322' title='bbox 2029 2321 2239 2394; x_wconf 76' lang='lat' dir='ltr'><strong>cap.?.l.</strong></span> 
     </span>
    </p>
   </div>
   <div class='ocr_carea' id='block_1_36' title="bbox 724 2400 2242 2486">
    <p class='ocr_par' dir='ltr' id='par_1_36' title="bbox 724 2400 2242 2486">
     <span class='ocr_line' id='line_1_36' title="bbox 724 2400 2242 2486; baseline -0.006 -10"><span class='ocrx_word' id='word_1_323' title='bbox 724 2439 865 2476; x_wconf 87' lang='lat' dir='ltr'><strong>nunt.</strong></span> <span class='ocrx_word' id='word_1_324' title='bbox 892 2421 1019 2476; x_wconf 73' lang='lat' dir='ltr'><strong>5M.</strong></span> <span class='ocrx_word' id='word_1_325' title='bbox 1049 2431 1092 2474; x_wconf 90' lang='lat' dir='ltr'><strong>et</strong></span> <span class='ocrx_word' id='word_1_326' title='bbox 1124 2421 1212 2476; x_wconf 88' lang='lat' dir='ltr'><strong>lib.</strong></span> <span class='ocrx_word' id='word_1_327' title='bbox 1245 2421 1444 2475; x_wconf 81' lang='lat' dir='ltr'><strong>advers.</strong></span> <span class='ocrx_word' id='word_1_328' title='bbox 1475 2418 1639 2473; x_wconf 78' lang='lat' dir='ltr'><strong>Prax.</strong></span> <span class='ocrx_word' id='word_1_329' title='bbox 1669 2434 1784 2486; x_wconf 85' lang='lat' dir='ltr'><strong>cap.</strong></span> <span class='ocrx_word' id='word_1_330' title='bbox 1813 2400 1906 2470; x_wconf 66' lang='lat'><strong>26.</strong></span> <span class='ocrx_word' id='word_1_331' title='bbox 1941 2432 2081 2469; x_wconf 87' lang='lat' dir='ltr'><strong>nunt.</strong></span> <span class='ocrx_word' id='word_1_332' title='bbox 2107 2414 2242 2469; x_wconf 86' lang='grc'>155.</span> 
     </span>
    </p>
   </div>
   <div class='ocr_carea' id='block_1_37' title="bbox 728 2504 2244 2583">
    <p class='ocr_par' dir='ltr' id='par_1_37' title="bbox 728 2504 2244 2583">
     <span class='ocr_line' id='line_1_37' title="bbox 728 2504 2244 2583; baseline -0.009 -13"><span class='ocrx_word' id='word_1_333' title='bbox 728 2515 803 2570; x_wconf 89' lang='lat' dir='ltr'><strong>De</strong></span> <span class='ocrx_word' id='word_1_334' title='bbox 837 2517 938 2568; x_wconf 90' lang='lat' dir='ltr'><strong>hac</strong></span> <span class='ocrx_word' id='word_1_335' title='bbox 979 2513 1157 2583; x_wconf 91' lang='lat' dir='ltr'><strong>phrasi</strong></span> <span class='ocrx_word' id='word_1_336' title='bbox 1187 2520 1457 2575; x_wconf 76' lang='lat' dir='ltr'><strong>veterum,</strong></span> <span class='ocrx_word' id='word_1_337' title='bbox 1491 2509 1652 2565; x_wconf 86' lang='lat' dir='ltr'><strong>verba</strong></span> <span class='ocrx_word' id='word_1_338' title='bbox 1682 2508 1738 2563; x_wconf 93' lang='lat' dir='ltr'><strong>S.</strong></span> <span class='ocrx_word' id='word_1_339' title='bbox 1766 2507 1983 2562; x_wconf 91' lang='lat' dir='ltr'><strong>Ilieron.</strong></span> <span class='ocrx_word' id='word_1_340' title='bbox 2021 2504 2244 2559; x_wconf 88' lang='lat' dir='ltr'><strong>adnota-</strong></span> 
     </span>
    </p>
   </div>
   <div class='ocr_carea' id='block_1_38' title="bbox 653 2595 2244 2676">
    <p class='ocr_par' dir='ltr' id='par_1_38' title="bbox 653 2595 2244 2676">
     <span class='ocr_line' id='line_1_38' title="bbox 653 2595 2244 2676; baseline -0.008 -15"><span class='ocrx_word' id='word_1_341' title='bbox 653 2608 828 2661; x_wconf 80' lang='lat' dir='ltr'><strong>vimus</strong></span> <span class='ocrx_word' id='word_1_342' title='bbox 850 2606 900 2661; x_wconf 92' lang='lat' dir='ltr'><strong>in</strong></span> <span class='ocrx_word' id='word_1_343' title='bbox 918 2620 1034 2676; x_wconf 86' lang='lat' dir='ltr'><strong>eap.</strong></span> <span class='ocrx_word' id='word_1_344' title='bbox 1049 2603 1139 2659; x_wconf 92' lang='lat' dir='ltr'><strong>IV.</strong></span> <span class='ocrx_word' id='word_1_345' title='bbox 1161 2604 1329 2673; x_wconf 88' lang='lat' dir='ltr'><strong>Epist.</strong></span> <span class='ocrx_word' id='word_1_346' title='bbox 1349 2602 1412 2656; x_wconf 84' lang='lat' dir='ltr'><strong>ad</strong></span> <span class='ocrx_word' id='word_1_347' title='bbox 1438 2601 1552 2657; x_wconf 88' lang='lat' dir='ltr'><strong>Gal.</strong></span> <span class='ocrx_word' id='word_1_348' title='bbox 1581 2611 1634 2655; x_wconf 89' lang='lat' dir='ltr'><strong>et</strong></span> <span class='ocrx_word' id='word_1_349' title='bbox 1657 2599 1827 2671; x_wconf 75' lang='lat' dir='ltr'><strong>Epist.</strong></span> <span class='ocrx_word' id='word_1_350' title='bbox 1853 2598 1915 2653; x_wconf 90' lang='lat' dir='ltr'><strong>ad</strong></span> <span class='ocrx_word' id='word_1_351' title='bbox 1939 2595 2244 2652; x_wconf 79' lang='lat' dir='ltr'><strong>I’annnaclt.</strong></span> 
     </span>
    </p>
   </div>
   <div class='ocr_carea' id='block_1_39' title="bbox 656 2685 2248 2762">
    <p class='ocr_par' dir='ltr' id='par_1_39' title="bbox 656 2685 2248 2762">
     <span class='ocr_line' id='line_1_39' title="bbox 656 2685 2248 2762; baseline -0.009 -8"><span class='ocrx_word' id='word_1_352' title='bbox 656 2709 710 2754; x_wconf 91' lang='lat' dir='ltr'><strong>et</strong></span> <span class='ocrx_word' id='word_1_353' title='bbox 734 2699 933 2755; x_wconf 84' lang='lat' dir='ltr'><strong>Ocean.</strong></span> <span class='ocrx_word' id='word_1_354' title='bbox 958 2697 1024 2750; x_wconf 89' lang='lat' dir='ltr'><strong>de</strong></span> <span class='ocrx_word' id='word_1_355' title='bbox 1038 2694 1310 2751; x_wconf 87' lang='lat' dir='ltr'><strong>erroribus</strong></span> <span class='ocrx_word' id='word_1_356' title='bbox 1331 2693 1598 2762; x_wconf 78' lang='lat' dir='ltr'><strong>Origenis,</strong></span> <span class='ocrx_word' id='word_1_357' title='bbox 1626 2693 1676 2746; x_wconf 92' lang='lat' dir='ltr'><strong>in</strong></span> <span class='ocrx_word' id='word_1_358' title='bbox 1703 2691 1894 2745; x_wconf 91' lang='lat' dir='ltr'><strong>librum</strong></span> <span class='ocrx_word' id='word_1_359' title='bbox 1920 2689 1972 2743; x_wconf 89' lang='lat' dir='ltr'><strong>S.</strong></span> <span class='ocrx_word' id='word_1_360' title='bbox 1996 2685 2248 2758; x_wconf 81' lang='lat' dir='ltr'><strong>Cypriani</strong></span> 
     </span>
    </p>
   </div>
   <div class='ocr_carea' id='block_1_40' title="bbox 657 2777 2247 2853">
    <p class='ocr_par' dir='ltr' id='par_1_40' title="bbox 657 2777 2247 2853">
     <span class='ocr_line' id='line_1_40' title="bbox 657 2777 2247 2853; baseline -0.011 -7"><span class='ocrx_word' id='word_1_361' title='bbox 657 2791 724 2846; x_wconf 90' lang='lat' dir='ltr'><strong>de</strong></span> <span class='ocrx_word' id='word_1_362' title='bbox 757 2789 888 2845; x_wconf 90' lang='lat' dir='ltr'><strong>ldol.</strong></span> <span class='ocrx_word' id='word_1_363' title='bbox 912 2788 1173 2853; x_wconf 75' lang='lat' dir='ltr'><strong>vanitate,</strong></span> <span class='ocrx_word' id='word_1_364' title='bbox 1206 2785 1449 2840; x_wconf 88' lang='lat' dir='ltr'><strong>ntnn.7l.</strong></span> <span class='ocrx_word' id='word_1_365' title='bbox 1483 2782 1650 2846; x_wconf 85' lang='lat' dir='ltr'><strong>Multi,</strong></span> <span class='ocrx_word' id='word_1_366' title='bbox 1685 2782 1875 2851; x_wconf 83' lang='lat' dir='ltr'><strong>inquit,</strong></span> <span class='ocrx_word' id='word_1_367' title='bbox 1905 2795 1999 2851; x_wconf 89' lang='lat' dir='ltr'><strong>per</strong></span> <span class='ocrx_word' id='word_1_368' title='bbox 2029 2777 2247 2848; x_wconf 87' lang='lat' dir='ltr'><strong>imperi-</strong></span> 
     </span>
    </p>
   </div>
   <div class='ocr_carea' id='block_1_41' title="bbox 665 2870 2252 2951">
    <p class='ocr_par' dir='ltr' id='par_1_41' title="bbox 665 2870 2252 2951">
     <span class='ocr_line' id='line_1_41' title="bbox 665 2870 2252 2951; baseline -0.008 -12"><span class='ocrx_word' id='word_1_369' title='bbox 665 2885 788 2939; x_wconf 89' lang='lat' dir='ltr'><strong>tiam</strong></span> <span class='ocrx_word' id='word_1_370' title='bbox 820 2882 1216 2951; x_wconf 88' lang='lat' dir='ltr'><strong>Scripturaruut</strong></span> <span class='ocrx_word' id='word_1_371' title='bbox 1249 2880 1267 2949; x_wconf 94' lang='lat'>(</span> <span class='ocrx_word' id='word_1_372' title='bbox 1299 2879 1439 2949; x_wconf 87' lang='lat' dir='ltr'><strong>quod</strong></span> <span class='ocrx_word' id='word_1_373' title='bbox 1466 2887 1518 2933; x_wconf 89' lang='lat' dir='ltr'><strong>et</strong></span> <span class='ocrx_word' id='word_1_374' title='bbox 1552 2877 1854 2931; x_wconf 85' lang='lat' dir='ltr'><strong>Firntianus</strong></span> <span class='ocrx_word' id='word_1_375' title='bbox 1891 2874 1941 2927; x_wconf 89' lang='lat' dir='ltr'><strong>itt</strong></span> <span class='ocrx_word' id='word_1_376' title='bbox 1969 2881 2158 2927; x_wconf 86' lang='lat' dir='ltr'><strong>octavo</strong></span> <span class='ocrx_word' id='word_1_377' title='bbox 2184 2870 2252 2926; x_wconf 88' lang='lat' dir='ltr'><strong>ad</strong></span> 
     </span>
    </p>
   </div>
   <div class='ocr_carea' id='block_1_42' title="bbox 664 2963 2251 3046">
    <p class='ocr_par' dir='ltr' id='par_1_42' title="bbox 664 2963 2251 3046">
     <span class='ocr_line' id='line_1_42' title="bbox 664 2963 2251 3046; baseline -0.01 -14"><span class='ocrx_word' id='word_1_378' title='bbox 664 2977 874 3032; x_wconf 87' lang='lat' dir='ltr'><strong>Demct.</strong></span> <span class='ocrx_word' id='word_1_379' title='bbox 916 2973 1277 3046; x_wconf 86' lang='lat' dir='ltr'><strong>Epistolarum</strong></span> <span class='ocrx_word' id='word_1_380' title='bbox 1323 2972 1458 3026; x_wconf 88' lang='lat' dir='ltr'><strong>libro</strong></span> <span class='ocrx_word' id='word_1_381' title='bbox 1501 2967 1681 3040; x_wconf 79' lang='lat' dir='ltr'><strong>facit),</strong></span> <span class='ocrx_word' id='word_1_382' title='bbox 1711 2973 1959 3021; x_wconf 75' lang='lat' dir='ltr'><strong>asserunt</strong></span> <span class='ocrx_word' id='word_1_383' title='bbox 1995 2963 2251 3034; x_wconf 86' lang='lat' dir='ltr'><strong>Spiritum</strong></span> 
     </span>
    </p>
   </div>
   <div class='ocr_carea' id='block_1_43' title="bbox 658 3053 2255 3136">
    <p class='ocr_par' dir='ltr' id='par_1_43' title="bbox 658 3053 2255 3136">
     <span class='ocr_line' id='line_1_43' title="bbox 658 3053 2255 3136; baseline -0.011 -10"><span class='ocrx_word' id='word_1_384' title='bbox 658 3066 912 3126; x_wconf 84' lang='lat' dir='ltr'><strong>Sanctum</strong></span> <span class='ocrx_word' id='word_1_385' title='bbox 942 3081 1084 3136; x_wconf 69' lang='lat' dir='ltr'><strong>Saepe</strong></span> <span class='ocrx_word' id='word_1_386' title='bbox 1113 3065 1346 3129; x_wconf 90' lang='lat' dir='ltr'><strong>Patrem,</strong></span> <span class='ocrx_word' id='word_1_387' title='bbox 1383 3077 1526 3132; x_wconf 71' lang='grc' dir='ltr'><strong>δίιιιιο</strong></span> <span class='ocrx_word' id='word_1_388' title='bbox 1559 3061 1751 3115; x_wconf 86' lang='lat' dir='ltr'><strong>Filium</strong></span> <span class='ocrx_word' id='word_1_389' title='bbox 1784 3056 2067 3112; x_wconf 87' lang='lat' dir='ltr'><strong>nominari.</strong></span> <span class='ocrx_word' id='word_1_390' title='bbox 2101 3053 2255 3122; x_wconf 84' lang='lat' dir='ltr'><strong>Quod</strong></span> 
     </span>
    </p>
   </div>
   <div class='ocr_carea' id='block_1_44' title="bbox 662 3141 2254 3232">
    <p class='ocr_par' dir='ltr' id='par_1_44' title="bbox 662 3141 2254 3232">
     <span class='ocr_line' id='line_1_44' title="bbox 662 3141 2254 3232; baseline -0.009 -16"><span class='ocrx_word' id='word_1_391' title='bbox 662 3177 832 3232; x_wconf 90' lang='lat' dir='ltr'><strong>usque</strong></span> <span class='ocrx_word' id='word_1_392' title='bbox 853 3159 989 3214; x_wconf 91' lang='lat' dir='ltr'><strong>adeo</strong></span> <span class='ocrx_word' id='word_1_393' title='bbox 1013 3172 1197 3212; x_wconf 90' lang='lat' dir='ltr'><strong>verum</strong></span> <span class='ocrx_word' id='word_1_394' title='bbox 1227 3165 1329 3220; x_wconf 88' lang='lat' dir='ltr'><strong>est,</strong></span> <span class='ocrx_word' id='word_1_395' title='bbox 1360 3165 1415 3209; x_wconf 92' lang='lat' dir='ltr'><strong>ut</strong></span> <span class='ocrx_word' id='word_1_396' title='bbox 1439 3141 1632 3226; x_wconf 79' lang='lat' dir='ltr'><strong>praeter</strong></span> <span class='ocrx_word' id='word_1_397' title='bbox 1657 3149 1991 3208; x_wconf 86' lang='lat' dir='ltr'><strong>Lactantiunt</strong></span> <span class='ocrx_word' id='word_1_398' title='bbox 2012 3147 2254 3217; x_wconf 87' lang='lat' dir='ltr'><strong>eamdem</strong></span> 
     </span>
    </p>
   </div>
   <div class='ocr_carea' id='block_1_45' title="bbox 661 3238 2260 3324">
    <p class='ocr_par' dir='ltr' id='par_1_45' title="bbox 661 3238 2260 3324">
     <span class='ocr_line' id='line_1_45' title="bbox 661 3238 2260 3324; baseline -0.011 -15"><span class='ocrx_word' id='word_1_399' title='bbox 661 3255 732 3310; x_wconf 88' lang='lat' dir='ltr'><strong>sit</strong></span> <span class='ocrx_word' id='word_1_400' title='bbox 758 3243 1150 3324; x_wconf 84' lang='lat' dir='ltr'><strong>reperireapud</strong></span> <span class='ocrx_word' id='word_1_401' title='bbox 1173 3250 1435 3304; x_wconf 69' lang='lat' dir='ltr'><strong>Ant-tores</strong></span> <span class='ocrx_word' id='word_1_402' title='bbox 1451 3246 1734 3301; x_wconf 85' lang='lat' dir='ltr'><strong>Librorum</strong></span> <span class='ocrx_word' id='word_1_403' title='bbox 1764 3243 1830 3298; x_wconf 90' lang='lat' dir='ltr'><strong>de</strong></span> <span class='ocrx_word' id='word_1_404' title='bbox 1858 3239 2080 3296; x_wconf 85' lang='lat' dir='ltr'><strong>Montib.</strong></span> <span class='ocrx_word' id='word_1_405' title='bbox 2129 3238 2260 3294; x_wconf 88' lang='lat' dir='ltr'><strong>Sina</strong></span> 
     </span>
    </p>
   </div>
   <div class='ocr_carea' id='block_1_46' title="bbox 662 3330 2258 3415">
    <p class='ocr_par' dir='ltr' id='par_1_46' title="bbox 662 3330 2258 3415">
     <span class='ocr_line' id='line_1_46' title="bbox 662 3330 2258 3415; baseline -0.011 -11"><span class='ocrx_word' id='word_1_406' title='bbox 662 3357 717 3404; x_wconf 91' lang='lat' dir='ltr'><strong>et</strong></span> <span class='ocrx_word' id='word_1_407' title='bbox 740 3348 869 3404; x_wconf 91' lang='lat' dir='ltr'><strong>Sion</strong></span> <span class='ocrx_word' id='word_1_408' title='bbox 897 3388 913 3415; x_wconf 95' lang='lat'><strong>,</strong></span> <span class='ocrx_word' id='word_1_409' title='bbox 945 3355 998 3401; x_wconf 92' lang='lat' dir='ltr'><strong>et</strong></span> <span class='ocrx_word' id='word_1_410' title='bbox 1038 3345 1159 3400; x_wconf 90' lang='lat' dir='ltr'><strong>adv.</strong></span> <span class='ocrx_word' id='word_1_411' title='bbox 1191 3343 1314 3399; x_wconf 83' lang='lat' dir='ltr'><strong>Jud.</strong></span> <span class='ocrx_word' id='word_1_412' title='bbox 1343 3343 1433 3414; x_wconf 89' lang='lat' dir='ltr'><strong>qui</strong></span> <span class='ocrx_word' id='word_1_413' title='bbox 1477 3340 1701 3396; x_wconf 88' lang='lat' dir='ltr'><strong>insecuti</strong></span> <span class='ocrx_word' id='word_1_414' title='bbox 1746 3330 1876 3415; x_wconf 84' lang='lat' dir='ltr'><strong>sunt</strong></span> <span class='ocrx_word' id='word_1_415' title='bbox 1901 3336 2174 3392; x_wconf 90' lang='lat' dir='ltr'><strong>Christum</strong></span> <span class='ocrx_word' id='word_1_416' title='bbox 2207 3335 2258 3388; x_wconf 90' lang='lat' dir='ltr'><strong>in</strong></span> 
     </span>
    </p>
   </div>
   <div class='ocr_carea' id='block_1_47' title="bbox 665 3413 2261 3511">
    <p class='ocr_par' dir='ltr' id='par_1_47' title="bbox 665 3413 2261 3511">
     <span class='ocr_line' id='line_1_47' title="bbox 665 3413 2261 3511; baseline -0.01 -15"><span class='ocrx_word' id='word_1_417' title='bbox 665 3413 918 3511; x_wconf 83' lang='lat' dir='ltr'><strong>operibus</strong></span> <span class='ocrx_word' id='word_1_418' title='bbox 940 3439 998 3494; x_wconf 89' lang='lat' dir='ltr'><strong>S.</strong></span> <span class='ocrx_word' id='word_1_419' title='bbox 1021 3438 1155 3508; x_wconf 84' lang='lat' dir='ltr'><strong>Cyp.</strong></span> <span class='ocrx_word' id='word_1_420' title='bbox 1185 3413 1402 3491; x_wconf 72' lang='lat' dir='ltr'><strong>nostris.</strong></span> <span class='ocrx_word' id='word_1_421' title='bbox 1434 3434 1634 3490; x_wconf 88' lang='lat' dir='ltr'><strong>Eodem</strong></span> <span class='ocrx_word' id='word_1_422' title='bbox 1659 3413 1798 3486; x_wconf 72' lang='lat' dir='ltr'><strong>haud</strong></span> <span class='ocrx_word' id='word_1_423' title='bbox 1821 3430 1982 3485; x_wconf 88' lang='lat' dir='ltr'><strong>dubie</strong></span> <span class='ocrx_word' id='word_1_424' title='bbox 2006 3428 2261 3499; x_wconf 88' lang='lat' dir='ltr'><strong>pertinet,</strong></span> 
     </span>
    </p>
   </div>
   <div class='ocr_carea' id='block_1_48' title="bbox 670 3517 2260 3601">
    <p class='ocr_par' dir='ltr' id='par_1_48' title="bbox 670 3517 2260 3601">
     <span class='ocr_line' id='line_1_48' title="bbox 670 3517 2260 3601; baseline -0.009 -16"><span class='ocrx_word' id='word_1_425' title='bbox 670 3531 814 3601; x_wconf 87' lang='lat' dir='ltr'><strong>quod</strong></span> <span class='ocrx_word' id='word_1_426' title='bbox 854 3530 1012 3584; x_wconf 88' lang='lat' dir='ltr'><strong>toties</strong></span> <span class='ocrx_word' id='word_1_427' title='bbox 1041 3527 1301 3584; x_wconf 77' lang='lat' dir='ltr'><strong>Christum</strong></span> <span class='ocrx_word' id='word_1_428' title='bbox 1344 3525 1442 3580; x_wconf 85' lang='lat' dir='ltr'><strong>Dei</strong></span> <span class='ocrx_word' id='word_1_429' title='bbox 1484 3525 1719 3601; x_wconf 79' lang='lat' dir='ltr'><strong>spiritum</strong></span> <span class='ocrx_word' id='word_1_430' title='bbox 1757 3522 1993 3592; x_wconf 82' lang='lat' dir='ltr'><strong>appellet</strong></span> <span class='ocrx_word' id='word_1_431' title='bbox 2034 3517 2260 3576; x_wconf 88' lang='lat' dir='ltr'><strong>Tertull.</strong></span> 
     </span>
    </p>
   </div>
   <div class='ocr_carea' id='block_1_49' title="bbox 667 3611 2259 3691">
    <p class='ocr_par' dir='ltr' id='par_1_49' title="bbox 667 3611 2259 3691">
     <span class='ocr_line' id='line_1_49' title="bbox 667 3611 2259 3691; baseline -0.008 -15"><span class='ocrx_word' id='word_1_432' title='bbox 667 3621 827 3691; x_wconf 88' lang='lat' dir='ltr'><strong>idque</strong></span> <span class='ocrx_word' id='word_1_433' title='bbox 847 3620 1035 3675; x_wconf 89' lang='lat' dir='ltr'><strong>eodem</strong></span> <span class='ocrx_word' id='word_1_434' title='bbox 1054 3635 1214 3674; x_wconf 90' lang='lat' dir='ltr'><strong>sensu</strong></span> <span class='ocrx_word' id='word_1_435' title='bbox 1237 3633 1342 3689; x_wconf 91' lang='lat' dir='ltr'><strong>quo</strong></span> <span class='ocrx_word' id='word_1_436' title='bbox 1367 3618 1504 3672; x_wconf 89' lang='lat' dir='ltr'><strong>Deus</strong></span> <span class='ocrx_word' id='word_1_437' title='bbox 1520 3617 1738 3686; x_wconf 84' lang='lat' dir='ltr'><strong>spiritus</strong></span> <span class='ocrx_word' id='word_1_438' title='bbox 1755 3623 1974 3669; x_wconf 82' lang='lat' dir='ltr'><strong>vocatur</strong></span> <span class='ocrx_word' id='word_1_439' title='bbox 1995 3612 2148 3668; x_wconf 85' lang='lat' dir='ltr'><strong>Joan.</strong></span> <span class='ocrx_word' id='word_1_440' title='bbox 2174 3611 2259 3666; x_wconf 90' lang='lat' dir='ltr'><strong>III.</strong></span> 
     </span>
    </p>
   </div>
   <div class='ocr_carea' id='block_1_50' title="bbox 670 3704 2264 3781">
    <p class='ocr_par' dir='ltr' id='par_1_50' title="bbox 670 3704 2264 3781">
     <span class='ocr_line' id='line_1_50' title="bbox 670 3704 2264 3781; baseline -0.007 -12"><span class='ocrx_word' id='word_1_441' title='bbox 670 3723 726 3770; x_wconf 89' lang='lat' dir='ltr'><strong>et</strong></span> <span class='ocrx_word' id='word_1_442' title='bbox 752 3713 774 3768; x_wconf 93' lang='lat' dir='ltr'><strong>I</strong></span> <span class='ocrx_word' id='word_1_443' title='bbox 800 3712 957 3768; x_wconf 85' lang='lat' dir='ltr'><strong>Joan.</strong></span> <span class='ocrx_word' id='word_1_444' title='bbox 990 3710 1082 3766; x_wconf 90' lang='lat' dir='ltr'><strong>IV.</strong></span> <span class='ocrx_word' id='word_1_445' title='bbox 1116 3710 1328 3781; x_wconf 83' lang='lat' dir='ltr'><strong>Alioqui</strong></span> <span class='ocrx_word' id='word_1_446' title='bbox 1369 3709 1649 3764; x_wconf 87' lang='lat' dir='ltr'><strong>distinctas</strong></span> <span class='ocrx_word' id='word_1_447' title='bbox 1676 3707 1744 3762; x_wconf 91' lang='lat' dir='ltr'><strong>ab</strong></span> <span class='ocrx_word' id='word_1_448' title='bbox 1773 3705 2032 3772; x_wconf 85' lang='lat' dir='ltr'><strong>eo,sieuti</strong></span> <span class='ocrx_word' id='word_1_449' title='bbox 2053 3705 2120 3760; x_wconf 84' lang='lat' dir='ltr'><strong>ab</strong></span> <span class='ocrx_word' id='word_1_450' title='bbox 2145 3704 2264 3759; x_wconf 90' lang='lat' dir='ltr'><strong>aliis</strong></span> 
     </span>
    </p>
   </div>
   <div class='ocr_carea' id='block_1_51' title="bbox 670 3797 2262 3876">
    <p class='ocr_par' dir='ltr' id='par_1_51' title="bbox 670 3797 2262 3876">
     <span class='ocr_line' id='line_1_51' title="bbox 670 3797 2262 3876; baseline -0.008 -15"><span class='ocrx_word' id='word_1_451' title='bbox 670 3805 834 3862; x_wconf 88' lang='lat' dir='ltr'><strong>etiam</strong></span> <span class='ocrx_word' id='word_1_452' title='bbox 863 3801 1168 3868; x_wconf 80' lang='lat' dir='ltr'><strong>Veteribus,</strong></span> <span class='ocrx_word' id='word_1_453' title='bbox 1195 3811 1303 3856; x_wconf 90' lang='lat' dir='ltr'><strong>tres</strong></span> <span class='ocrx_word' id='word_1_454' title='bbox 1334 3799 1385 3876; x_wconf 83' lang='lat' dir='ltr'><strong>in</strong></span> <span class='ocrx_word' id='word_1_455' title='bbox 1413 3799 1693 3858; x_wconf 86' lang='lat' dir='ltr'><strong>divinitate</strong></span> <span class='ocrx_word' id='word_1_456' title='bbox 1723 3813 1998 3868; x_wconf 89' lang='lat' dir='ltr'><strong>personas,</strong></span> <span class='ocrx_word' id='word_1_457' title='bbox 2029 3797 2262 3862; x_wconf 85' lang='lat' dir='ltr'><strong>Patrem,</strong></span> 
     </span>
    </p>
   </div>
   <div class='ocr_carea' id='block_1_52' title="bbox 672 3881 2264 3966">
    <p class='ocr_par' dir='ltr' id='par_1_52' title="bbox 672 3881 2264 3966">
     <span class='ocr_line' id='line_1_52' title="bbox 672 3881 2264 3966; baseline -0.006 -12"><span class='ocrx_word' id='word_1_458' title='bbox 672 3897 865 3954; x_wconf 79' lang='lat' dir='ltr'><strong>Filium</strong></span> <span class='ocrx_word' id='word_1_459' title='bbox 885 3939 900 3964; x_wconf 93' lang='lat'><strong>,</strong></span> <span class='ocrx_word' id='word_1_460' title='bbox 936 3906 992 3952; x_wconf 90' lang='lat' dir='ltr'><strong>et</strong></span> <span class='ocrx_word' id='word_1_461' title='bbox 1021 3895 1276 3966; x_wconf 85' lang='lat' dir='ltr'><strong>Spiritum</strong></span> <span class='ocrx_word' id='word_1_462' title='bbox 1307 3894 1562 3951; x_wconf 88' lang='lat' dir='ltr'><strong>Sanctum</strong></span> <span class='ocrx_word' id='word_1_463' title='bbox 1594 3900 1806 3948; x_wconf 84' lang='lat' dir='ltr'><strong>constat</strong></span> <span class='ocrx_word' id='word_1_464' title='bbox 1849 3907 1915 3946; x_wconf 79' lang='lat' dir='ltr'><strong>ex</strong></span> <span class='ocrx_word' id='word_1_465' title='bbox 1947 3881 2136 3946; x_wconf 82' lang='lat' dir='ltr'><strong>eadem</strong></span> <span class='ocrx_word' id='word_1_466' title='bbox 2169 3889 2264 3945; x_wconf 91' lang='lat' dir='ltr'><strong>lib.</strong></span> 
     </span>
    </p>
   </div>
   <div class='ocr_carea' id='block_1_53' title="bbox 673 3982 2265 4059">
    <p class='ocr_par' dir='ltr' id='par_1_53' title="bbox 673 3982 2265 4059">
     <span class='ocr_line' id='line_1_53' title="bbox 673 3982 2265 4059; baseline -0.006 -14"><span class='ocrx_word' id='word_1_467' title='bbox 673 3991 798 4045; x_wconf 89' lang='lat' dir='ltr'><strong>adv.</strong></span> <span class='ocrx_word' id='word_1_468' title='bbox 830 3990 989 4045; x_wconf 85' lang='lat' dir='ltr'><strong>Prax.</strong></span> <span class='ocrx_word' id='word_1_469' title='bbox 1035 4004 1155 4059; x_wconf 88' lang='lat' dir='ltr'><strong>cap.</strong></span> <span class='ocrx_word' id='word_1_470' title='bbox 1179 3988 1231 4042; x_wconf 72' lang='lat'><strong>2.</strong></span> <span class='ocrx_word' id='word_1_471' title='bbox 1279 4004 1426 4044; x_wconf 91' lang='lat' dir='ltr'><strong>num.</strong></span> <span class='ocrx_word' id='word_1_472' title='bbox 1457 3985 1548 4040; x_wconf 68' lang='lat'><strong>24.</strong></span> <span class='ocrx_word' id='word_1_473' title='bbox 1588 4001 1705 4055; x_wconf 84' lang='lat' dir='ltr'><strong>eap.</strong></span> <span class='ocrx_word' id='word_1_474' title='bbox 1737 3984 1792 4038; x_wconf 73' lang='grc'>4.</span> <span class='ocrx_word' id='word_1_475' title='bbox 1828 3999 1974 4040; x_wconf 90' lang='lat' dir='ltr'><strong>num.</strong></span> <span class='ocrx_word' id='word_1_476' title='bbox 2005 3982 2096 4038; x_wconf 73' lang='grc'>40.</span> <span class='ocrx_word' id='word_1_477' title='bbox 2129 3997 2178 4036; x_wconf 92' lang='lat' dir='ltr'><strong>e.</strong></span> <span class='ocrx_word' id='word_1_478' title='bbox 2213 3982 2265 4036; x_wconf 91' lang='lat'><strong>8.</strong></span> 
     </span>
    </p>
   </div>
   <div class='ocr_carea' id='block_1_54' title="bbox 677 4076 2271 4145">
    <p class='ocr_par' dir='ltr' id='par_1_54' title="bbox 677 4076 2271 4145">
     <span class='ocr_line' id='line_1_54' title="bbox 677 4076 2271 4145; baseline -0.006 -5"><span class='ocrx_word' id='word_1_479' title='bbox 677 4101 732 4140; x_wconf 86' lang='grc' dir='ltr'><strong>ιι.</strong></span> <span class='ocrx_word' id='word_1_480' title='bbox 761 4084 852 4140; x_wconf 88' lang='grc'><strong>90.</strong></span> <span class='ocrx_word' id='word_1_481' title='bbox 884 4099 932 4138; x_wconf 93' lang='lat' dir='ltr'><strong>c.</strong></span> <span class='ocrx_word' id='word_1_482' title='bbox 963 4083 1017 4139; x_wconf 87' lang='lat'><strong>9.</strong></span> <span class='ocrx_word' id='word_1_483' title='bbox 1066 4099 1118 4136; x_wconf 93' lang='grc' dir='ltr'><strong>ιι.</strong></span> <span class='ocrx_word' id='word_1_484' title='bbox 1153 4081 1242 4137; x_wconf 88' lang='grc'><strong>61.</strong></span> <span class='ocrx_word' id='word_1_485' title='bbox 1284 4095 1339 4139; x_wconf 82' lang='lat' dir='ltr'><strong>c.,</strong></span> <span class='ocrx_word' id='word_1_486' title='bbox 1366 4081 1455 4134; x_wconf 82' lang='grc'><strong>15.</strong></span> <span class='ocrx_word' id='word_1_487' title='bbox 1496 4096 1550 4134; x_wconf 92' lang='grc' dir='ltr'><strong>ιι.</strong></span> <span class='ocrx_word' id='word_1_488' title='bbox 1581 4078 1670 4134; x_wconf 81' lang='grc'>75.</span> <span class='ocrx_word' id='word_1_489' title='bbox 1703 4092 1767 4132; x_wconf 91' lang='lat' dir='ltr'><strong>ac</strong></span> <span class='ocrx_word' id='word_1_490' title='bbox 1810 4077 1897 4133; x_wconf 90' lang='lat'><strong>78.</strong></span> <span class='ocrx_word' id='word_1_491' title='bbox 1941 4088 1991 4131; x_wconf 90' lang='lat' dir='ltr'><strong>et</strong></span> <span class='ocrx_word' id='word_1_492' title='bbox 2034 4076 2124 4130; x_wconf 92' lang='lat' dir='ltr'><strong>illo</strong></span> <span class='ocrx_word' id='word_1_493' title='bbox 2155 4076 2271 4145; x_wconf 91' lang='lat' dir='ltr'><strong>ipso</strong></span> 
     </span>
    </p>
   </div>
   <div class='ocr_carea' id='block_1_55' title="bbox 677 4166 2270 4240">
    <p class='ocr_par' dir='ltr' id='par_1_55' title="bbox 677 4166 2270 4240">
     <span class='ocr_line' id='line_1_55' title="bbox 677 4166 2270 4240; baseline -0.007 -9"><span class='ocrx_word' id='word_1_494' title='bbox 677 4192 726 4232; x_wconf 90' lang='lat' dir='ltr'><strong>c.</strong></span> <span class='ocrx_word' id='word_1_495' title='bbox 754 4176 846 4230; x_wconf 73' lang='grc'>26.</span> <span class='ocrx_word' id='word_1_496' title='bbox 877 4192 931 4229; x_wconf 93' lang='lat' dir='ltr'><strong>n.</strong></span> <span class='ocrx_word' id='word_1_497' title='bbox 963 4174 1084 4231; x_wconf 81' lang='grc'>158.</span> <span class='ocrx_word' id='word_1_498' title='bbox 1121 4188 1172 4228; x_wconf 84' lang='lat' dir='ltr'><strong>c.</strong></span> <span class='ocrx_word' id='word_1_499' title='bbox 1204 4173 1295 4229; x_wconf 87' lang='grc'><strong>50.</strong></span> <span class='ocrx_word' id='word_1_500' title='bbox 1345 4190 1398 4226; x_wconf 87' lang='grc' dir='ltr'><strong>ιι.</strong></span> <span class='ocrx_word' id='word_1_501' title='bbox 1427 4171 1549 4226; x_wconf 82' lang='grc'>185.</span> <span class='ocrx_word' id='word_1_502' title='bbox 1583 4169 1820 4240; x_wconf 83' lang='lat' dir='ltr'><strong>denique</strong></span> <span class='ocrx_word' id='word_1_503' title='bbox 1847 4184 1877 4223; x_wconf 93' lang='lat' dir='ltr'><strong>c</strong></span> <span class='ocrx_word' id='word_1_504' title='bbox 1926 4168 2016 4224; x_wconf 89' lang='grc'><strong>50.</strong></span> <span class='ocrx_word' id='word_1_505' title='bbox 2059 4185 2114 4222; x_wconf 88' lang='grc' dir='ltr'><strong>ιι.</strong></span> <span class='ocrx_word' id='word_1_506' title='bbox 2148 4166 2270 4221; x_wconf 74' lang='lat' dir='ltr'><strong>I82.</strong></span> 
     </span>
    </p>
   </div>
   <div class='ocr_carea' id='block_1_56' title="bbox 679 4259 2275 4336">
    <p class='ocr_par' dir='ltr' id='par_1_56' title="bbox 679 4259 2275 4336">
     <span class='ocr_line' id='line_1_56' title="bbox 679 4259 2275 4336; baseline -0.005 -15"><span class='ocrx_word' id='word_1_507' title='bbox 679 4268 884 4336; x_wconf 81' lang='lat' dir='ltr'><strong>Quibus</strong></span> <span class='ocrx_word' id='word_1_508' title='bbox 909 4265 1040 4322; x_wconf 88' lang='lat' dir='ltr'><strong>locis</strong></span> <span class='ocrx_word' id='word_1_509' title='bbox 1062 4267 1188 4321; x_wconf 91' lang='lat' dir='ltr'><strong>illttd</strong></span> <span class='ocrx_word' id='word_1_510' title='bbox 1209 4266 1365 4336; x_wconf 88' lang='lat' dir='ltr'><strong>longe</strong></span> <span class='ocrx_word' id='word_1_511' title='bbox 1386 4262 1806 4334; x_wconf 87' lang='lat' dir='ltr'><strong>apertissimum,</strong></span> <span class='ocrx_word' id='word_1_512' title='bbox 1832 4259 1993 4331; x_wconf 89' lang='lat' dir='ltr'><strong>quum</strong></span> <span class='ocrx_word' id='word_1_513' title='bbox 2019 4260 2275 4330; x_wconf 84' lang='lat' dir='ltr'><strong>Spiritum</strong></span> 
     </span>
    </p>
   </div>
   <div class='ocr_carea' id='block_1_57' title="bbox 681 4353 2278 4425">
    <p class='ocr_par' dir='ltr' id='par_1_57' title="bbox 681 4353 2278 4425">
     <span class='ocr_line' id='line_1_57' title="bbox 681 4353 2278 4425; baseline -0.004 -11"><span class='ocrx_word' id='word_1_514' title='bbox 681 4360 929 4418; x_wconf 84' lang='lat' dir='ltr'><strong>Sanctum</strong></span> <span class='ocrx_word' id='word_1_515' title='bbox 961 4367 1112 4413; x_wconf 84' lang='lat' dir='ltr'><strong>vocat</strong></span> <span class='ocrx_word' id='word_1_516' title='bbox 1135 4399 1151 4425; x_wconf 92' lang='lat'><strong>,</strong></span> <span class='ocrx_word' id='word_1_517' title='bbox 1194 4358 1396 4413; x_wconf 89' lang='lat' dir='ltr'><strong>tertium</strong></span> <span class='ocrx_word' id='word_1_518' title='bbox 1425 4371 1610 4410; x_wconf 84' lang='lat' dir='ltr'><strong>numen</strong></span> <span class='ocrx_word' id='word_1_519' title='bbox 1642 4354 1950 4419; x_wconf 79' lang='lat' dir='ltr'><strong>divinitatis,</strong></span> <span class='ocrx_word' id='word_1_520' title='bbox 1982 4363 2029 4408; x_wconf 84' lang='lat' dir='ltr'><strong>et</strong></span> <span class='ocrx_word' id='word_1_521' title='bbox 2075 4353 2278 4407; x_wconf 86' lang='lat' dir='ltr'><strong>tertium</strong></span> 
     </span>
    </p>
   </div>
   <div class='ocr_carea' id='block_1_58' title="bbox 681 4452 1187 4523">
    <p class='ocr_par' dir='ltr' id='par_1_58' title="bbox 681 4452 1187 4523">
     <span class='ocr_line' id='line_1_58' title="bbox 681 4452 1187 4523; baseline -0.002 -17"><span class='ocrx_word' id='word_1_522' title='bbox 681 4468 861 4507; x_wconf 84' lang='lat' dir='ltr'><strong>nomen</strong></span> <span class='ocrx_word' id='word_1_523' title='bbox 887 4452 1187 4523; x_wconf 85' lang='lat' dir='ltr'><strong>majestatis.</strong></span> 
     </span>
    </p>
   </div>
   <div class='ocr_carea' id='block_1_59' title="bbox 2347 1935 3936 2024">
    <p class='ocr_par' dir='ltr' id='par_1_59' title="bbox 2347 1935 3936 2024">
     <span class='ocr_line' id='line_1_59' title="bbox 2347 1935 3936 2024; baseline -0.011 -16"><span class='ocrx_word' id='word_1_524' title='bbox 2347 1951 2614 2024; x_wconf 88' lang='lat' dir='ltr'><strong>passionis</strong></span> <span class='ocrx_word' id='word_1_525' title='bbox 2653 1951 2927 2020; x_wconf 76' lang='lat' dir='ltr'><strong>assignant</strong></span> <span class='ocrx_word' id='word_1_526' title='bbox 2953 1945 3278 2002; x_wconf 84' lang='lat' dir='ltr'><strong>Consulibus</strong></span> <span class='ocrx_word' id='word_1_527' title='bbox 3302 1943 3403 1998; x_wconf 90' lang='lat' dir='ltr'><strong>Cn.</strong></span> <span class='ocrx_word' id='word_1_528' title='bbox 3437 1940 3667 1996; x_wconf 86' lang='lat' dir='ltr'><strong>Domitio</strong></span> <span class='ocrx_word' id='word_1_529' title='bbox 3697 1938 3759 1993; x_wconf 89' lang='lat' dir='ltr'><strong>L.</strong></span> <span class='ocrx_word' id='word_1_530' title='bbox 3787 1935 3850 1992; x_wconf 86' lang='lat' dir='ltr'><strong>F.</strong></span> <span class='ocrx_word' id='word_1_531' title='bbox 3875 1936 3936 1992; x_wconf 85' lang='lat' dir='ltr'><strong>L.</strong></span> 
     </span>
    </p>
   </div>
   <div class='ocr_carea' id='block_1_60' title="bbox 2347 2029 3942 2112">
    <p class='ocr_par' dir='ltr' id='par_1_60' title="bbox 2347 2029 3942 2112">
     <span class='ocr_line' id='line_1_60' title="bbox 2347 2029 3942 2112; baseline -0.012 -11"><span class='ocrx_word' id='word_1_532' title='bbox 2347 2042 2708 2101; x_wconf 88' lang='lat' dir='ltr'><strong>Ahenobarbo</strong></span> <span class='ocrx_word' id='word_1_533' title='bbox 2735 2050 2789 2097; x_wconf 94' lang='lat' dir='ltr'><strong>et</strong></span> <span class='ocrx_word' id='word_1_534' title='bbox 2815 2038 3103 2096; x_wconf 91' lang='lat' dir='ltr'><strong>A.Vitellio</strong></span> <span class='ocrx_word' id='word_1_535' title='bbox 3123 2037 3185 2112; x_wconf 79' lang='grc' dir='ltr'><strong>Ρ.</strong></span> <span class='ocrx_word' id='word_1_536' title='bbox 3220 2034 3279 2090; x_wconf 88' lang='lat' dir='ltr'><strong>F.</strong></span> <span class='ocrx_word' id='word_1_537' title='bbox 3308 2034 3399 2101; x_wconf 79' lang='grc' dir='ltr'><strong>ρ..</strong></span> <span class='ocrx_word' id='word_1_538' title='bbox 3432 2047 3555 2088; x_wconf 89' lang='lat' dir='ltr'><strong>cum</strong></span> <span class='ocrx_word' id='word_1_539' title='bbox 3584 2029 3780 2102; x_wconf 89' lang='lat' dir='ltr'><strong>quibus</strong></span> <span class='ocrx_word' id='word_1_540' title='bbox 3807 2043 3942 2084; x_wconf 84' lang='lat' dir='ltr'><strong>con-</strong></span> 
     </span>
    </p>
   </div>
   <div class='ocr_carea' id='block_1_61' title="bbox 2349 2120 3943 2200">
    <p class='ocr_par' dir='ltr' id='par_1_61' title="bbox 2349 2120 3943 2200">
     <span class='ocr_line' id='line_1_61' title="bbox 2349 2120 3943 2200; baseline -0.011 -7"><span class='ocrx_word' id='word_1_541' title='bbox 2349 2137 2590 2193; x_wconf 86' lang='lat' dir='ltr'><strong>sentiunt</strong></span> <span class='ocrx_word' id='word_1_542' title='bbox 2614 2135 2749 2190; x_wconf 83' lang='lat' dir='ltr'><strong>adeo</strong></span> <span class='ocrx_word' id='word_1_543' title='bbox 2775 2149 2962 2188; x_wconf 88' lang='lat' dir='ltr'><strong>omnes</strong></span> <span class='ocrx_word' id='word_1_544' title='bbox 2989 2126 3436 2200; x_wconf 87' lang='lat' dir='ltr'><strong>suprauomiuati,</strong></span> <span class='ocrx_word' id='word_1_545' title='bbox 3463 2125 3552 2196; x_wconf 92' lang='lat' dir='ltr'><strong>qui</strong></span> <span class='ocrx_word' id='word_1_546' title='bbox 3581 2137 3723 2178; x_wconf 91' lang='lat' dir='ltr'><strong>anno</strong></span> <span class='ocrx_word' id='word_1_547' title='bbox 3743 2120 3943 2176; x_wconf 86' lang='lat' dir='ltr'><strong>Tiberii</strong></span> 
     </span>
    </p>
   </div>
   <div class='ocr_carea' id='block_1_62' title="bbox 2355 2212 3946 2299">
    <p class='ocr_par' dir='ltr' id='par_1_62' title="bbox 2355 2212 3946 2299">
     <span class='ocr_line' id='line_1_62' title="bbox 2355 2212 3946 2299; baseline -0.011 -15"><span class='ocrx_word' id='word_1_548' title='bbox 2355 2230 2444 2284; x_wconf 88' lang='grc'><strong>18.</strong></span> <span class='ocrx_word' id='word_1_549' title='bbox 2477 2243 2692 2299; x_wconf 88' lang='lat' dir='ltr'><strong>passum</strong></span> <span class='ocrx_word' id='word_1_550' title='bbox 2749 2225 3024 2280; x_wconf 87' lang='lat' dir='ltr'><strong>Christum</strong></span> <span class='ocrx_word' id='word_1_551' title='bbox 3069 2221 3331 2277; x_wconf 88' lang='lat' dir='ltr'><strong>scribunt.</strong></span> <span class='ocrx_word' id='word_1_552' title='bbox 3370 2217 3470 2285; x_wconf 88' lang='lat' dir='ltr'><strong>Qui</strong></span> <span class='ocrx_word' id='word_1_553' title='bbox 3526 2216 3678 2288; x_wconf 87' lang='lat' dir='ltr'><strong>plura</strong></span> <span class='ocrx_word' id='word_1_554' title='bbox 3729 2212 3946 2269; x_wconf 80' lang='lat' dir='ltr'><strong>deside-</strong></span> 
     </span>
    </p>
   </div>
   <div class='ocr_carea' id='block_1_63' title="bbox 2348 2305 3948 2387">
    <p class='ocr_par' dir='ltr' id='par_1_63' title="bbox 2348 2305 3948 2387">
     <span class='ocr_line' id='line_1_63' title="bbox 2348 2305 3948 2387; baseline -0.012 -8"><span class='ocrx_word' id='word_1_555' title='bbox 2348 2333 2450 2387; x_wconf 88' lang='lat' dir='ltr'><strong>rat,</strong></span> <span class='ocrx_word' id='word_1_556' title='bbox 2475 2321 2653 2376; x_wconf 86' lang='lat' dir='ltr'><strong>videat</strong></span> <span class='ocrx_word' id='word_1_557' title='bbox 2690 2319 2914 2374; x_wconf 86' lang='lat' dir='ltr'><strong>Paulum</strong></span> <span class='ocrx_word' id='word_1_558' title='bbox 2937 2315 3443 2384; x_wconf 81' lang='lat' dir='ltr'><strong>Midelhurgensem,</strong></span> <span class='ocrx_word' id='word_1_559' title='bbox 3477 2309 3800 2381; x_wconf 81' lang='lat' dir='ltr'><strong>Episcopum</strong></span> <span class='ocrx_word' id='word_1_560' title='bbox 3846 2305 3948 2361; x_wconf 86' lang='lat' dir='ltr'><strong>Fo-</strong></span> 
     </span>
    </p>
   </div>
   <div class='ocr_carea' id='block_1_64' title="bbox 2351 2397 3948 2484">
    <p class='ocr_par' dir='ltr' id='par_1_64' title="bbox 2351 2397 3948 2484">
     <span class='ocr_line' id='line_1_64' title="bbox 2351 2397 3948 2484; baseline -0.013 -12"><span class='ocrx_word' id='word_1_561' title='bbox 2351 2412 2849 2483; x_wconf 90' lang='lat' dir='ltr'><strong>rosemprouianum</strong></span> <span class='ocrx_word' id='word_1_562' title='bbox 2880 2409 3031 2484; x_wconf 68' lang='lat' dir='ltr'><strong>libris</strong></span> <span class='ocrx_word' id='word_1_563' title='bbox 3066 2408 3164 2462; x_wconf 78' lang='grc'><strong>55.</strong></span> <span class='ocrx_word' id='word_1_564' title='bbox 3197 2405 3264 2459; x_wconf 90' lang='lat' dir='ltr'><strong>de</strong></span> <span class='ocrx_word' id='word_1_565' title='bbox 3293 2417 3438 2459; x_wconf 86' lang='lat' dir='ltr'><strong>anno</strong></span> <span class='ocrx_word' id='word_1_566' title='bbox 3463 2411 3518 2457; x_wconf 89' lang='lat' dir='ltr'><strong>et</strong></span> <span class='ocrx_word' id='word_1_567' title='bbox 3544 2400 3631 2456; x_wconf 88' lang='lat' dir='ltr'><strong>die</strong></span> <span class='ocrx_word' id='word_1_568' title='bbox 3669 2397 3948 2454; x_wconf 84' lang='lat' dir='ltr'><strong>Passionis</strong></span> 
     </span>
    </p>
   </div>
   <div class='ocr_carea' id='block_1_65' title="bbox 2355 2489 3945 2571">
    <p class='ocr_par' dir='ltr' id='par_1_65' title="bbox 2355 2489 3945 2571">
     <span class='ocr_line' id='line_1_65' title="bbox 2355 2489 3945 2571; baseline -0.011 -8"><span class='ocrx_word' id='word_1_569' title='bbox 2355 2506 2586 2563; x_wconf 90' lang='lat' dir='ltr'><strong>Domini.</strong></span> <span class='ocrx_word' id='word_1_570' title='bbox 2612 2505 2724 2560; x_wconf 83' lang='lat' dir='ltr'><strong>Hoc</strong></span> <span class='ocrx_word' id='word_1_571' title='bbox 2745 2518 2905 2558; x_wconf 92' lang='lat' dir='ltr'><strong>unum</strong></span> <span class='ocrx_word' id='word_1_572' title='bbox 2932 2497 3350 2571; x_wconf 87' lang='lat' dir='ltr'><strong>adjiciam,quod</strong></span> <span class='ocrx_word' id='word_1_573' title='bbox 3374 2495 3604 2551; x_wconf 86' lang='lat' dir='ltr'><strong>habetS.</strong></span> <span class='ocrx_word' id='word_1_574' title='bbox 3629 2497 3792 2562; x_wconf 76' lang='lat' dir='ltr'><strong>Aug‘.,</strong></span> <span class='ocrx_word' id='word_1_575' title='bbox 3817 2489 3945 2545; x_wconf 85' lang='lat' dir='ltr'><strong>LII.</strong></span> 
     </span>
    </p>
   </div>
   <div class='ocr_carea' id='block_1_66' title="bbox 2353 2587 3952 2664">
    <p class='ocr_par' dir='ltr' id='par_1_66' title="bbox 2353 2587 3952 2664">
     <span class='ocr_line' id='line_1_66' title="bbox 2353 2587 3952 2664; baseline -0.011 -10"><span class='ocrx_word' id='word_1_576' title='bbox 2353 2599 2420 2655; x_wconf 90' lang='lat' dir='ltr'><strong>de</strong></span> <span class='ocrx_word' id='word_1_577' title='bbox 2450 2598 2703 2653; x_wconf 89' lang='lat' dir='ltr'><strong>Doctrina</strong></span> <span class='ocrx_word' id='word_1_578' title='bbox 2745 2593 2971 2651; x_wconf 87' lang='lat' dir='ltr'><strong>Cltrist.:</strong></span> <span class='ocrx_word' id='word_1_579' title='bbox 2998 2591 3296 2664; x_wconf 87' lang='lat' dir='ltr'><strong>Igttorantia</strong></span> <span class='ocrx_word' id='word_1_580' title='bbox 3325 2587 3640 2643; x_wconf 86' lang='lat' dir='ltr'><strong>consulatus</strong></span> <span class='ocrx_word' id='word_1_581' title='bbox 3662 2600 3768 2656; x_wconf 91' lang='lat' dir='ltr'><strong>quo</strong></span> <span class='ocrx_word' id='word_1_582' title='bbox 3795 2591 3952 2637; x_wconf 90' lang='lat' dir='ltr'><strong>natus</strong></span> 
     </span>
    </p>
   </div>
   <div class='ocr_carea' id='block_1_67' title="bbox 2355 2675 3952 2755">
    <p class='ocr_par' dir='ltr' id='par_1_67' title="bbox 2355 2675 3952 2755">
     <span class='ocr_line' id='line_1_67' title="bbox 2355 2675 3952 2755; baseline -0.013 -8"><span class='ocrx_word' id='word_1_583' title='bbox 2355 2702 2437 2748; x_wconf 91' lang='lat' dir='ltr'><strong>est</strong></span> <span class='ocrx_word' id='word_1_584' title='bbox 2477 2691 2734 2746; x_wconf 88' lang='lat' dir='ltr'><strong>Dominus</strong></span> <span class='ocrx_word' id='word_1_585' title='bbox 2759 2729 2774 2754; x_wconf 95' lang='lat'><strong>,</strong></span> <span class='ocrx_word' id='word_1_586' title='bbox 2829 2686 2910 2740; x_wconf 70' lang='lat' dir='ltr'><strong>vel</strong></span> <span class='ocrx_word' id='word_1_587' title='bbox 2949 2700 3054 2755; x_wconf 91' lang='lat' dir='ltr'><strong>quo</strong></span> <span class='ocrx_word' id='word_1_588' title='bbox 3087 2696 3272 2754; x_wconf 77' lang='lat' dir='ltr'><strong>passus</strong></span> <span class='ocrx_word' id='word_1_589' title='bbox 3311 2691 3426 2745; x_wconf 89' lang='lat' dir='ltr'><strong>est,</strong></span> <span class='ocrx_word' id='word_1_590' title='bbox 3459 2677 3747 2734; x_wconf 90' lang='lat' dir='ltr'><strong>nonnullos</strong></span> <span class='ocrx_word' id='word_1_591' title='bbox 3777 2675 3952 2754; x_wconf 80' lang='lat' dir='ltr'><strong>coegit</strong></span> 
     </span>
    </p>
   </div>
   <div class='ocr_carea' id='block_1_68' title="bbox 2356 2750 3958 2857">
    <p class='ocr_par' dir='ltr' id='par_1_68' title="bbox 2356 2750 3958 2857">
     <span class='ocr_line' id='line_1_68' title="bbox 2356 2750 3958 2857; baseline -0.012 -15"><span class='ocrx_word' id='word_1_592' title='bbox 2356 2801 2538 2842; x_wconf 87' lang='lat' dir='ltr'><strong>errate</strong></span> <span class='ocrx_word' id='word_1_593' title='bbox 2559 2827 2573 2850; x_wconf 90' lang='lat'><strong>,</strong></span> <span class='ocrx_word' id='word_1_594' title='bbox 2609 2794 2666 2839; x_wconf 89' lang='lat' dir='ltr'><strong>ut</strong></span> <span class='ocrx_word' id='word_1_595' title='bbox 2697 2789 2943 2854; x_wconf 89' lang='lat' dir='ltr'><strong>putarent</strong></span> <span class='ocrx_word' id='word_1_596' title='bbox 2971 2777 3323 2857; x_wconf 79' lang='lat' dir='ltr'><strong>quadraginta</strong></span> <span class='ocrx_word' id='word_1_597' title='bbox 3355 2789 3446 2830; x_wconf 76' lang='lat' dir='ltr'><strong>sex</strong></span> <span class='ocrx_word' id='word_1_598' title='bbox 3495 2785 3762 2827; x_wconf 88' lang='lat' dir='ltr'><strong>annorum</strong></span> <span class='ocrx_word' id='word_1_599' title='bbox 3794 2750 3958 2822; x_wconf 59' lang='grc' dir='ltr'><strong>πριιιῑό</strong></span> 
     </span>
    </p>
   </div>
   <div class='ocr_carea' id='block_1_69' title="bbox 2361 2863 3954 2948">
    <p class='ocr_par' dir='ltr' id='par_1_69' title="bbox 2361 2863 3954 2948">
     <span class='ocr_line' id='line_1_69' title="bbox 2361 2863 3954 2948; baseline -0.014 -14"><span class='ocrx_word' id='word_1_600' title='bbox 2361 2894 2575 2948; x_wconf 89' lang='lat' dir='ltr'><strong>passum</strong></span> <span class='ocrx_word' id='word_1_601' title='bbox 2606 2875 2920 2938; x_wconf 88' lang='lat' dir='ltr'><strong>Dominum,</strong></span> <span class='ocrx_word' id='word_1_602' title='bbox 2953 2872 3075 2944; x_wconf 89' lang='lat' dir='ltr'><strong>quia</strong></span> <span class='ocrx_word' id='word_1_603' title='bbox 3106 2886 3197 2941; x_wconf 84' lang='lat' dir='ltr'><strong>per</strong></span> <span class='ocrx_word' id='word_1_604' title='bbox 3224 2876 3304 2922; x_wconf 87' lang='lat' dir='ltr'><strong>tot</strong></span> <span class='ocrx_word' id='word_1_605' title='bbox 3327 2879 3497 2921; x_wconf 89' lang='lat' dir='ltr'><strong>annos</strong></span> <span class='ocrx_word' id='word_1_606' title='bbox 3522 2863 3843 2919; x_wconf 73' lang='lat' dir='ltr'><strong>tediticatum</strong></span> <span class='ocrx_word' id='word_1_607' title='bbox 3873 2865 3954 2915; x_wconf 90' lang='lat' dir='ltr'><strong>est</strong></span> 
     </span>
    </p>
   </div>
   <div class='ocr_carea' id='block_1_70' title="bbox 2363 2950 3952 3040">
    <p class='ocr_par' dir='ltr' id='par_1_70' title="bbox 2363 2950 3952 3040">
     <span class='ocr_line' id='line_1_70' title="bbox 2363 2950 3952 3040; baseline -0.014 -15"><span class='ocrx_word' id='word_1_608' title='bbox 2363 2969 2647 3040; x_wconf 85' lang='lat' dir='ltr'><strong>templum,</strong></span> <span class='ocrx_word' id='word_1_609' title='bbox 2690 2965 2834 3038; x_wconf 79' lang='lat' dir='ltr'><strong>quod</strong></span> <span class='ocrx_word' id='word_1_610' title='bbox 2859 2965 3143 3035; x_wconf 86' lang='lat' dir='ltr'><strong>imaginem</strong></span> <span class='ocrx_word' id='word_1_611' title='bbox 3179 2950 3442 3015; x_wconf 81' lang='lat' dir='ltr'><strong>Dominici</strong></span> <span class='ocrx_word' id='word_1_612' title='bbox 3474 2954 3717 3025; x_wconf 88' lang='lat' dir='ltr'><strong>corporis</strong></span> <span class='ocrx_word' id='word_1_613' title='bbox 3741 2951 3952 3006; x_wconf 88' lang='lat' dir='ltr'><strong>ba&#39;bcat.</strong></span> 
     </span>
    </p>
   </div>
   <div class='ocr_carea' id='block_1_71' title="bbox 2365 3044 3956 3127">
    <p class='ocr_par' dir='ltr' id='par_1_71' title="bbox 2365 3044 3956 3127">
     <span class='ocr_line' id='line_1_71' title="bbox 2365 3044 3956 3127; baseline -0.014 -8"><span class='ocrx_word' id='word_1_614' title='bbox 2365 3063 2464 3119; x_wconf 87' lang='lat' dir='ltr'><strong>Ubi</strong></span> <span class='ocrx_word' id='word_1_615' title='bbox 2495 3061 2733 3117; x_wconf 85' lang='lat' dir='ltr'><strong>fortassis</strong></span> <span class='ocrx_word' id='word_1_616' title='bbox 2761 3059 2919 3118; x_wconf 89' lang='lat' dir='ltr'><strong>tacite</strong></span> <span class='ocrx_word' id='word_1_617' title='bbox 2941 3055 3204 3127; x_wconf 77' lang='lat' dir='ltr'><strong>signiﬁcat</strong></span> <span class='ocrx_word' id='word_1_618' title='bbox 3231 3054 3287 3109; x_wconf 88' lang='lat' dir='ltr'><strong>S.</strong></span> <span class='ocrx_word' id='word_1_619' title='bbox 3319 3051 3597 3113; x_wconf 78' lang='lat' dir='ltr'><strong>Irenteum,</strong></span> <span class='ocrx_word' id='word_1_620' title='bbox 3620 3045 3712 3100; x_wconf 90' lang='lat' dir='ltr'><strong>lib.</strong></span> <span class='ocrx_word' id='word_1_621' title='bbox 3746 3044 3807 3110; x_wconf 92' lang='lat' dir='ltr'><strong>lI,</strong></span> <span class='ocrx_word' id='word_1_622' title='bbox 3834 3057 3956 3112; x_wconf 88' lang='lat' dir='ltr'><strong>cap.</strong></span> 
     </span>
    </p>
   </div>
   <div class='ocr_carea' id='block_1_72' title="bbox 2364 3139 3959 3224">
    <p class='ocr_par' dir='ltr' id='par_1_72' title="bbox 2364 3139 3959 3224">
     <span class='ocr_line' id='line_1_72' title="bbox 2364 3139 3959 3224; baseline -0.014 -12"><span class='ocrx_word' id='word_1_623' title='bbox 2364 3155 2452 3212; x_wconf 86' lang='grc'><strong>59.</strong></span> <span class='ocrx_word' id='word_1_624' title='bbox 2487 3162 2542 3211; x_wconf 90' lang='lat' dir='ltr'><strong>et</strong></span> <span class='ocrx_word' id='word_1_625' title='bbox 2569 3155 2660 3209; x_wconf 69' lang='grc'><strong>40.</strong></span> <span class='ocrx_word' id='word_1_626' title='bbox 2690 3153 2782 3224; x_wconf 91' lang='lat' dir='ltr'><strong>qui</strong></span> <span class='ocrx_word' id='word_1_627' title='bbox 2810 3151 2996 3206; x_wconf 89' lang='lat' dir='ltr'><strong>nititur</strong></span> <span class='ocrx_word' id='word_1_628' title='bbox 3021 3147 3249 3220; x_wconf 83' lang='lat' dir='ltr'><strong>probare</strong></span> <span class='ocrx_word' id='word_1_629' title='bbox 3272 3158 3482 3215; x_wconf 88' lang='lat' dir='ltr'><strong>passum</strong></span> <span class='ocrx_word' id='word_1_630' title='bbox 3509 3139 3781 3196; x_wconf 87' lang='lat' dir='ltr'><strong>Christum</strong></span> <span class='ocrx_word' id='word_1_631' title='bbox 3812 3148 3959 3189; x_wconf 91' lang='lat' dir='ltr'><strong>anno</strong></span> 
     </span>
    </p>
   </div>
   <div class='ocr_carea' id='block_1_73' title="bbox 2367 3229 3959 3318">
    <p class='ocr_par' dir='ltr' id='par_1_73' title="bbox 2367 3229 3959 3318">
     <span class='ocr_line' id='line_1_73' title="bbox 2367 3229 3959 3318; baseline -0.016 -13"><span class='ocrx_word' id='word_1_632' title='bbox 2367 3251 2479 3305; x_wconf 82' lang='lat' dir='ltr'><strong>lere.</strong></span> <span class='ocrx_word' id='word_1_633' title='bbox 2507 3243 2952 3318; x_wconf 89' lang='lat' dir='ltr'><strong>quinquagesimo</strong></span> <span class='ocrx_word' id='word_1_634' title='bbox 2972 3281 2988 3308; x_wconf 92' lang='lat'><strong>,</strong></span> <span class='ocrx_word' id='word_1_635' title='bbox 3013 3251 3067 3296; x_wconf 91' lang='lat' dir='ltr'><strong>et</strong></span> <span class='ocrx_word' id='word_1_636' title='bbox 3109 3239 3297 3294; x_wconf 84' lang='lat' dir='ltr'><strong>saltem</strong></span> <span class='ocrx_word' id='word_1_637' title='bbox 3345 3243 3464 3307; x_wconf 89' lang='lat' dir='ltr'><strong>post</strong></span> <span class='ocrx_word' id='word_1_638' title='bbox 3491 3229 3959 3304; x_wconf 78' lang='lat' dir='ltr'><strong>quadragesimum</strong></span> 
     </span>
    </p>
   </div>
   <div class='ocr_carea' id='block_1_74' title="bbox 2366 3325 3960 3406">
    <p class='ocr_par' dir='ltr' id='par_1_74' title="bbox 2366 3325 3960 3406">
     <span class='ocr_line' id='line_1_74' title="bbox 2366 3325 3960 3406; baseline -0.014 -8"><span class='ocrx_word' id='word_1_639' title='bbox 2366 3342 2541 3398; x_wconf 65' lang='lat' dir='ltr'><strong>uitatis</strong></span> <span class='ocrx_word' id='word_1_640' title='bbox 2566 3351 2787 3406; x_wconf 88' lang='lat' dir='ltr'><strong>annum,</strong></span> <span class='ocrx_word' id='word_1_641' title='bbox 2816 3353 2880 3392; x_wconf 80' lang='lat' dir='ltr'><strong>ex</strong></span> <span class='ocrx_word' id='word_1_642' title='bbox 2911 3336 3000 3390; x_wconf 90' lang='lat' dir='ltr'><strong>illo</strong></span> <span class='ocrx_word' id='word_1_643' title='bbox 3026 3331 3300 3390; x_wconf 77' lang='lat' dir='ltr'><strong>Joan.\&#39;ll|</strong></span> <span class='ocrx_word' id='word_1_644' title='bbox 3333 3349 3346 3386; x_wconf 90' lang='lat'>:</span> <span class='ocrx_word' id='word_1_645' title='bbox 3372 3325 3764 3398; x_wconf 78' lang='lat' dir='ltr'><strong>Quinquaginta</strong></span> <span class='ocrx_word' id='word_1_646' title='bbox 3788 3335 3960 3377; x_wconf 91' lang='lat' dir='ltr'><strong>annos</strong></span> 
     </span>
    </p>
   </div>
   <div class='ocr_carea' id='block_1_75' title="bbox 2368 3415 3963 3494">
    <p class='ocr_par' dir='ltr' id='par_1_75' title="bbox 2368 3415 3963 3494">
     <span class='ocr_line' id='line_1_75' title="bbox 2368 3415 3963 3494; baseline -0.015 -4"><span class='ocrx_word' id='word_1_647' title='bbox 2368 3433 2602 3490; x_wconf 86' lang='lat' dir='ltr'><strong>nondum</strong></span> <span class='ocrx_word' id='word_1_648' title='bbox 2631 3431 2815 3486; x_wconf 89' lang='lat' dir='ltr'><strong>habes.</strong></span> <span class='ocrx_word' id='word_1_649' title='bbox 2843 3430 2908 3483; x_wconf 87' lang='lat' dir='ltr'><strong>Et</strong></span> <span class='ocrx_word' id='word_1_650' title='bbox 2933 3443 3062 3483; x_wconf 88' lang='lat' dir='ltr'><strong>vero</strong></span> <span class='ocrx_word' id='word_1_651' title='bbox 3085 3423 3439 3494; x_wconf 83' lang='lat' dir='ltr'><strong>ignorantiam</strong></span> <span class='ocrx_word' id='word_1_652' title='bbox 3464 3419 3608 3474; x_wconf 89' lang='lat' dir='ltr'><strong>illam</strong></span> <span class='ocrx_word' id='word_1_653' title='bbox 3653 3415 3963 3472; x_wconf 88' lang='lat' dir='ltr'><strong>consulatus</strong></span> 
     </span>
    </p>
   </div>
   <div class='ocr_carea' id='block_1_76' title="bbox 2367 3505 4032 3597">
    <p class='ocr_par' dir='ltr' id='par_1_76' title="bbox 2367 3505 4032 3597">
     <span class='ocr_line' id='line_1_76' title="bbox 2367 3505 4032 3597; baseline -0.014 -16"><span class='ocrx_word' id='word_1_654' title='bbox 2367 3527 2653 3597; x_wconf 83' lang='lat' dir='ltr'><strong>contigisse</strong></span> <span class='ocrx_word' id='word_1_655' title='bbox 2680 3521 2972 3579; x_wconf 79' lang='lat' dir='ltr'><strong>verisimile</strong></span> <span class='ocrx_word' id='word_1_656' title='bbox 2989 3527 3074 3574; x_wconf 90' lang='lat' dir='ltr'><strong>est</strong></span> <span class='ocrx_word' id='word_1_657' title='bbox 3095 3517 3254 3572; x_wconf 87' lang='lat' dir='ltr'><strong>variis</strong></span> <span class='ocrx_word' id='word_1_658' title='bbox 3277 3515 3558 3571; x_wconf 80' lang='lat' dir='ltr'><strong>FaStorum</strong></span> <span class='ocrx_word' id='word_1_659' title='bbox 3588 3505 3960 3567; x_wconf 87' lang='lat' dir='ltr'><strong>Consulariutu</strong></span> <span class='ocrx_word' id='word_1_660' title='bbox 4027 3573 4032 3579; x_wconf 90' lang='lat'><strong>_</strong></span> 
     </span>
    </p>
   </div>
   <div class='ocr_carea' id='block_1_77' title="bbox 2369 3601 3966 3689">
    <p class='ocr_par' dir='ltr' id='par_1_77' title="bbox 2369 3601 3966 3689">
     <span class='ocr_line' id='line_1_77' title="bbox 2369 3601 3966 3689; baseline -0.013 -12"><span class='ocrx_word' id='word_1_661' title='bbox 2369 3619 2790 3689; x_wconf 73' lang='lat' dir='ltr'><strong>exemplaribus.</strong></span> <span class='ocrx_word' id='word_1_662' title='bbox 2821 3614 3059 3682; x_wconf 90' lang='lat' dir='ltr'><strong>Quorum</strong></span> <span class='ocrx_word' id='word_1_663' title='bbox 3081 3610 3339 3683; x_wconf 81' lang='lat' dir='ltr'><strong>quosdam</strong></span> <span class='ocrx_word' id='word_1_664' title='bbox 3372 3608 3562 3671; x_wconf 79' lang='lat' dir='ltr'><strong>citatis,</strong></span> <span class='ocrx_word' id='word_1_665' title='bbox 3583 3617 3808 3676; x_wconf 86' lang='lat' dir='ltr'><strong>prorsus</strong></span> <span class='ocrx_word' id='word_1_666' title='bbox 3824 3601 3966 3656; x_wconf 78' lang='lat' dir='ltr'><strong>alios</strong></span> 
     </span>
    </p>
   </div>
   <div class='ocr_carea' id='block_1_78' title="bbox 2367 3699 3968 3784">
    <p class='ocr_par' dir='ltr' id='par_1_78' title="bbox 2367 3699 3968 3784">
     <span class='ocr_line' id='line_1_78' title="bbox 2367 3699 3968 3784; baseline -0.011 -16"><span class='ocrx_word' id='word_1_667' title='bbox 2367 3729 2531 3784; x_wconf 88' lang='lat' dir='ltr'><strong>quatn</strong></span> <span class='ocrx_word' id='word_1_668' title='bbox 2574 3712 2730 3766; x_wconf 90' lang='lat' dir='ltr'><strong>hodie</strong></span> <span class='ocrx_word' id='word_1_669' title='bbox 2755 3717 2992 3775; x_wconf 80' lang='lat' dir='ltr'><strong>exstant,</strong></span> <span class='ocrx_word' id='word_1_670' title='bbox 3017 3705 3312 3777; x_wconf 70' lang='lat' dir='ltr'><strong>Epiphan,</strong></span> <span class='ocrx_word' id='word_1_671' title='bbox 3345 3703 3476 3762; x_wconf 78' lang='lat' dir='ltr'><strong>liter.</strong></span> <span class='ocrx_word' id='word_1_672' title='bbox 3509 3702 3598 3756; x_wconf 83' lang='lat'><strong>5|.</strong></span> <span class='ocrx_word' id='word_1_673' title='bbox 3631 3699 3968 3755; x_wconf 86' lang='lat' dir='ltr'><strong>Salvatorem</strong></span> 
     </span>
    </p>
   </div>
   <div class='ocr_carea' id='block_1_79' title="bbox 2371 3795 3970 3876">
    <p class='ocr_par' dir='ltr' id='par_1_79' title="bbox 2371 3795 3970 3876">
     <span class='ocr_line' id='line_1_79' title="bbox 2371 3795 3970 3876; baseline -0.009 -18"><span class='ocrx_word' id='word_1_674' title='bbox 2371 3820 2584 3876; x_wconf 87' lang='lat' dir='ltr'><strong>passum</strong></span> <span class='ocrx_word' id='word_1_675' title='bbox 2606 3803 2791 3859; x_wconf 88' lang='lat' dir='ltr'><strong>scribit</strong></span> <span class='ocrx_word' id='word_1_676' title='bbox 2812 3796 3056 3856; x_wconf 88' lang='lat' dir='ltr'><strong>Vinnicio</strong></span> <span class='ocrx_word' id='word_1_677' title='bbox 3077 3797 3367 3868; x_wconf 82' lang='lat' dir='ltr'><strong>Cassioque</strong></span> <span class='ocrx_word' id='word_1_678' title='bbox 3386 3795 3536 3850; x_wconf 89' lang='lat' dir='ltr'><strong>Cass.</strong></span> <span class='ocrx_word' id='word_1_679' title='bbox 3551 3835 3566 3860; x_wconf 90' lang='lat'><strong>,</strong></span> <span class='ocrx_word' id='word_1_680' title='bbox 3591 3807 3820 3864; x_wconf 89' lang='lat' dir='ltr'><strong>quorum</strong></span> <span class='ocrx_word' id='word_1_681' title='bbox 3841 3803 3970 3844; x_wconf 90' lang='lat' dir='ltr'><strong>con-</strong></span> 
     </span>
    </p>
   </div>
   <div class='ocr_carea' id='block_1_80' title="bbox 2371 3882 3972 3954">
    <p class='ocr_par' dir='ltr' id='par_1_80' title="bbox 2371 3882 3972 3954">
     <span class='ocr_line' id='line_1_80' title="bbox 2371 3882 3972 3954; baseline -0.012 0"><span class='ocrx_word' id='word_1_682' title='bbox 2371 3899 2578 3954; x_wconf 87' lang='lat' dir='ltr'><strong>sulatus</strong></span> <span class='ocrx_word' id='word_1_683' title='bbox 2619 3897 2805 3952; x_wconf 88' lang='lat' dir='ltr'><strong>incidit</strong></span> <span class='ocrx_word' id='word_1_684' title='bbox 2833 3895 3090 3950; x_wconf 84' lang='lat' dir='ltr'><strong>duntaxat</strong></span> <span class='ocrx_word' id='word_1_685' title='bbox 3119 3893 3172 3946; x_wconf 90' lang='lat' dir='ltr'><strong>in</strong></span> <span class='ocrx_word' id='word_1_686' title='bbox 3223 3892 3314 3946; x_wconf 89' lang='grc'><strong>15.</strong></span> <span class='ocrx_word' id='word_1_687' title='bbox 3347 3902 3547 3943; x_wconf 90' lang='lat' dir='ltr'><strong>annum</strong></span> <span class='ocrx_word' id='word_1_688' title='bbox 3576 3883 3778 3941; x_wconf 88' lang='lat' dir='ltr'><strong>Tiberii</strong></span> <span class='ocrx_word' id='word_1_689' title='bbox 3820 3882 3972 3952; x_wconf 79' lang='lat' dir='ltr'><strong>juxta</strong></span> 
     </span>
    </p>
   </div>
   <div class='ocr_carea' id='block_1_81' title="bbox 2374 3974 3973 4063">
    <p class='ocr_par' dir='ltr' id='par_1_81' title="bbox 2374 3974 3973 4063">
     <span class='ocr_line' id='line_1_81' title="bbox 2374 3974 3973 4063; baseline -0.011 -15"><span class='ocrx_word' id='word_1_690' title='bbox 2374 3989 2745 4063; x_wconf 83' lang='lat' dir='ltr'><strong>castigatiores</strong></span> <span class='ocrx_word' id='word_1_691' title='bbox 2782 3989 2989 4043; x_wconf 78' lang='lat' dir='ltr'><strong>Fastos.</strong></span> <span class='ocrx_word' id='word_1_692' title='bbox 3027 3986 3175 4041; x_wconf 85' lang='lat' dir='ltr'><strong>Facit</strong></span> <span class='ocrx_word' id='word_1_693' title='bbox 3200 3999 3300 4056; x_wconf 77' lang='lat' dir='ltr'><strong>pro</strong></span> <span class='ocrx_word' id='word_1_694' title='bbox 3329 3981 3519 4059; x_wconf 84' lang='lat' dir='ltr'><strong>eodem</strong></span> <span class='ocrx_word' id='word_1_695' title='bbox 3551 3978 3690 4035; x_wconf 90' lang='lat' dir='ltr'><strong>liber</strong></span> <span class='ocrx_word' id='word_1_696' title='bbox 3716 3978 3805 4032; x_wconf 86' lang='lat' dir='ltr'><strong>ille</strong></span> <span class='ocrx_word' id='word_1_697' title='bbox 3831 3974 3973 4031; x_wconf 63' lang='lat' dir='ltr'><strong>Cano</strong></span> 
     </span>
    </p>
   </div>
   <div class='ocr_carea' id='block_1_82' title="bbox 2377 4066 3972 4150">
    <p class='ocr_par' dir='ltr' id='par_1_82' title="bbox 2377 4066 3972 4150">
     <span class='ocr_line' id='line_1_82' title="bbox 2377 4066 3972 4150; baseline -0.012 -11"><span class='ocrx_word' id='word_1_698' title='bbox 2377 4085 2644 4139; x_wconf 90' lang='lat' dir='ltr'><strong>sulatuum</strong></span> <span class='ocrx_word' id='word_1_699' title='bbox 2676 4097 2778 4136; x_wconf 90' lang='lat' dir='ltr'><strong>ms.</strong></span> <span class='ocrx_word' id='word_1_700' title='bbox 2807 4083 2856 4134; x_wconf 94' lang='lat' dir='ltr'><strong>in</strong></span> <span class='ocrx_word' id='word_1_701' title='bbox 2887 4095 2992 4150; x_wconf 87' lang='lat' dir='ltr'><strong>quo</strong></span> <span class='ocrx_word' id='word_1_702' title='bbox 3021 4077 3296 4132; x_wconf 88' lang='lat' dir='ltr'><strong>adnotavit</strong></span> <span class='ocrx_word' id='word_1_703' title='bbox 3317 4073 3630 4144; x_wconf 86' lang='lat' dir='ltr'><strong>Cuspiuiau.</strong></span> <span class='ocrx_word' id='word_1_704' title='bbox 3657 4066 3972 4131; x_wconf 75' lang='lat' dir='ltr'><strong>inCassiod.</strong></span> 
     </span>
    </p>
   </div>
   <div class='ocr_carea' id='block_1_83' title="bbox 2377 4161 3974 4234">
    <p class='ocr_par' dir='ltr' id='par_1_83' title="bbox 2377 4161 3974 4234">
     <span class='ocr_line' id='line_1_83' title="bbox 2377 4161 3974 4234; baseline -0.013 0"><span class='ocrx_word' id='word_1_705' title='bbox 2377 4178 2638 4234; x_wconf 86' lang='lat' dir='ltr'><strong>Consules</strong></span> <span class='ocrx_word' id='word_1_706' title='bbox 2685 4173 2938 4230; x_wconf 85' lang='lat' dir='ltr'><strong>collocari</strong></span> <span class='ocrx_word' id='word_1_707' title='bbox 2964 4172 3098 4228; x_wconf 90' lang='lat' dir='ltr'><strong>duos</strong></span> <span class='ocrx_word' id='word_1_708' title='bbox 3147 4170 3404 4227; x_wconf 87' lang='lat' dir='ltr'><strong>Geminos</strong></span> <span class='ocrx_word' id='word_1_709' title='bbox 3457 4181 3598 4221; x_wconf 86' lang='lat' dir='ltr'><strong>anno</strong></span> <span class='ocrx_word' id='word_1_710' title='bbox 3637 4165 3724 4220; x_wconf 86' lang='grc'><strong>18.</strong></span> <span class='ocrx_word' id='word_1_711' title='bbox 3751 4161 3974 4219; x_wconf 89' lang='lat' dir='ltr'><strong>Tiberii.</strong></span> 
     </span>
    </p>
   </div>
   <div class='ocr_carea' id='block_1_84' title="bbox 2383 4298 3977 4384">
    <p class='ocr_par' dir='ltr' id='par_1_84' title="bbox 2383 4298 3977 4384">
     <span class='ocr_line' id='line_1_84' title="bbox 2383 4298 3977 4384; baseline -0.012 -10"><span class='ocrx_word' id='word_1_712' title='bbox 2383 4319 2474 4374; x_wconf 87' lang='grc'><strong>15.</strong></span> <span class='ocrx_word' id='word_1_713' title='bbox 2507 4317 2581 4372; x_wconf 89' lang='lat' dir='ltr'><strong>De</strong></span> <span class='ocrx_word' id='word_1_714' title='bbox 2605 4317 2713 4371; x_wconf 85' lang='lat' dir='ltr'><strong>Deo</strong></span> <span class='ocrx_word' id='word_1_715' title='bbox 2745 4310 3176 4384; x_wconf 90' lang='lat' dir='ltr'><strong>corporeo,quod</strong></span> <span class='ocrx_word' id='word_1_716' title='bbox 3207 4307 3337 4363; x_wconf 91' lang='lat' dir='ltr'><strong>nihil</strong></span> <span class='ocrx_word' id='word_1_717' title='bbox 3358 4303 3693 4374; x_wconf 83' lang='lat' dir='ltr'><strong>incorporale</strong></span> <span class='ocrx_word' id='word_1_718' title='bbox 3714 4303 3800 4357; x_wconf 90' lang='lat' dir='ltr'><strong>sit.</strong></span> <span class='ocrx_word' id='word_1_719' title='bbox 3829 4298 3977 4355; x_wconf 88' lang='lat' dir='ltr'><strong>Tant.</strong></span> 
     </span>
    </p>
   </div>
   <div class='ocr_carea' id='block_1_85' title="bbox 2456 4391 3982 4470">
    <p class='ocr_par' dir='ltr' id='par_1_85' title="bbox 2456 4391 3982 4470">
     <span class='ocr_line' id='line_1_85' title="bbox 2456 4391 3982 4470; baseline -0.013 -5"><span class='ocrx_word' id='word_1_720' title='bbox 2456 4411 2518 4465; x_wconf 91' lang='grc'><strong>11.</strong></span> <span class='ocrx_word' id='word_1_721' title='bbox 2547 4409 2633 4464; x_wconf 88' lang='lat' dir='ltr'><strong>lib.</strong></span> <span class='ocrx_word' id='word_1_722' title='bbox 2659 4409 2721 4461; x_wconf 84' lang='lat' dir='ltr'><strong>de</strong></span> <span class='ocrx_word' id='word_1_723' title='bbox 2750 4405 2961 4470; x_wconf 75' lang='grc' dir='ltr'><strong>Ρωηὶι..</strong></span> <span class='ocrx_word' id='word_1_724' title='bbox 2986 4407 3104 4462; x_wconf 81' lang='lat' dir='ltr'><strong>c.5.</strong></span> <span class='ocrx_word' id='word_1_725' title='bbox 3126 4420 3179 4456; x_wconf 87' lang='grc' dir='ltr'><strong>ιι.</strong></span> <span class='ocrx_word' id='word_1_726' title='bbox 3200 4401 3288 4458; x_wconf 68' lang='grc'>12.</span> <span class='ocrx_word' id='word_1_727' title='bbox 3311 4400 3455 4454; x_wconf 87' lang='lat' dir='ltr'><strong>Tom.</strong></span> <span class='ocrx_word' id='word_1_728' title='bbox 3475 4397 3560 4454; x_wconf 89' lang='grc'>111.</span> <span class='ocrx_word' id='word_1_729' title='bbox 3589 4397 3678 4470; x_wconf 84' lang='lat' dir='ltr'><strong>lib.</strong></span> <span class='ocrx_word' id='word_1_730' title='bbox 3705 4395 3821 4449; x_wconf 82' lang='lat' dir='ltr'><strong>adv.</strong></span> <span class='ocrx_word' id='word_1_731' title='bbox 3845 4391 3982 4446; x_wconf 81' lang='lat' dir='ltr'><strong>Her-</strong></span> 
     </span>
    </p>
   </div>
   <div class='ocr_carea' id='block_1_86' title="bbox 2421 4489 4029 4577">
    <p class='ocr_par' dir='ltr' id='par_1_86' title="bbox 2421 4489 4029 4577">
     <span class='ocr_line' id='line_1_86' title="bbox 2421 4489 4029 4577; baseline -0.013 -15"><span class='ocrx_word' id='word_1_732' title='bbox 2421 4533 2428 4538; x_wconf 61' lang='grc' dir='ltr'><em>α</em></span> <span class='ocrx_word' id='word_1_733' title='bbox 2455 4524 2592 4577; x_wconf 86' lang='lat' dir='ltr'><strong>mag.</strong></span> <span class='ocrx_word' id='word_1_734' title='bbox 2625 4522 2739 4576; x_wconf 86' lang='lat' dir='ltr'><strong>cap.</strong></span> <span class='ocrx_word' id='word_1_735' title='bbox 2763 4502 2854 4560; x_wconf 82' lang='grc'><strong>55.</strong></span> <span class='ocrx_word' id='word_1_736' title='bbox 2878 4517 3018 4554; x_wconf 85' lang='grc' dir='ltr'><strong>ιιιιιιι.</strong></span> <span class='ocrx_word' id='word_1_737' title='bbox 3047 4499 3168 4553; x_wconf 68' lang='grc'>121.</span> <span class='ocrx_word' id='word_1_738' title='bbox 3200 4497 3288 4550; x_wconf 90' lang='lat' dir='ltr'><strong>lib.</strong></span> <span class='ocrx_word' id='word_1_739' title='bbox 3317 4495 3380 4550; x_wconf 88' lang='lat' dir='ltr'><strong>de</strong></span> <span class='ocrx_word' id='word_1_740' title='bbox 3407 4492 3574 4548; x_wconf 82' lang='lat' dir='ltr'><strong>Carne</strong></span> <span class='ocrx_word' id='word_1_741' title='bbox 3621 4489 3835 4547; x_wconf 76' lang='lat' dir='ltr'><strong>Christi.</strong></span> <span class='ocrx_word' id='word_1_742' title='bbox 3859 4504 3978 4560; x_wconf 86' lang='lat' dir='ltr'><strong>cap.</strong></span> <span class='ocrx_word' id='word_1_743' title='bbox 4019 4527 4029 4531; x_wconf 94' lang='grc'><strong>-</strong></span> 
     </span>
    </p>
   </div>
   <div class='ocr_carea' id='block_1_87' title="bbox 683 4557 3977 4656">
    <p class='ocr_par' dir='ltr' id='par_1_87' title="bbox 683 4557 3977 4656">
     <span class='ocr_line' id='line_1_87' title="bbox 683 4557 3977 4656; baseline -0.01 12"><span class='ocrx_word' id='word_1_744' title='bbox 683 4565 771 4623; x_wconf 65' lang='grc' dir='ltr'><strong>Η’</strong></span> <span class='ocrx_word' id='word_1_745' title='bbox 817 4565 890 4620; x_wconf 66' lang='lat' dir='ltr'><strong>De</strong></span> <span class='ocrx_word' id='word_1_746' title='bbox 952 4562 1166 4619; x_wconf 61' lang='lat' dir='ltr'><strong>Chrism</strong></span> <span class='ocrx_word' id='word_1_747' title='bbox 1211 4561 1444 4618; x_wconf 49' lang='lat' dir='ltr'><strong>revelato</strong></span> <span class='ocrx_word' id='word_1_748' title='bbox 1492 4575 1587 4631; x_wconf 64' lang='lat' dir='ltr'><strong>per</strong></span> <span class='ocrx_word' id='word_1_749' title='bbox 1638 4557 2074 4656; x_wconf 58' lang='grc' dir='ltr'><strong>ν⁹⁴¹’ί¹.ί⁰³Ἓί⁰“⁰,¹ἶῗ</strong></span> <span class='ocrx_word' id='word_1_750' title='bbox 2132 4573 2277 4656; x_wconf 49' lang='lat' dir='ltr'><strong>inm</strong></span> <span class='ocrx_word' id='word_1_751' title='bbox 2301 4570 2355 4630; x_wconf 84' lang='lat' dir='ltr'><strong>D</strong></span> <span class='ocrx_word' id='word_1_752' title='bbox 2452 4557 2795 4656; x_wconf 78' lang='lat'><strong>97</strong></span> <span class='ocrx_word' id='word_1_753' title='bbox 2815 4611 2875 4650; x_wconf 88' lang='lat' dir='ltr'><strong>ac</strong></span> <span class='ocrx_word' id='word_1_754' title='bbox 2897 4595 2986 4650; x_wconf 88' lang='lat'><strong>98.</strong></span> <span class='ocrx_word' id='word_1_755' title='bbox 3015 4594 3101 4647; x_wconf 88' lang='lat' dir='ltr'><strong>tib.</strong></span> <span class='ocrx_word' id='word_1_756' title='bbox 3136 4591 3202 4648; x_wconf 91' lang='lat' dir='ltr'><strong>II.</strong></span> <span class='ocrx_word' id='word_1_757' title='bbox 3231 4591 3350 4644; x_wconf 72' lang='lat' dir='ltr'><strong>nde.</strong></span> <span class='ocrx_word' id='word_1_758' title='bbox 3378 4588 3544 4642; x_wconf 77' lang='lat' dir='ltr'><strong>Marc.</strong></span> <span class='ocrx_word' id='word_1_759' title='bbox 3564 4602 3680 4656; x_wconf 87' lang='lat' dir='ltr'><strong>cap.</strong></span> <span class='ocrx_word' id='word_1_760' title='bbox 3709 4585 3796 4640; x_wconf 88' lang='grc'><strong>16.</strong></span> <span class='ocrx_word' id='word_1_761' title='bbox 3835 4557 3977 4636; x_wconf 80' lang='lat' dir='ltr'><strong>num.</strong></span> 
     </span>
    </p>
   </div>
   <div class='ocr_carea' id='block_1_88' title="bbox 758 4651 2275 4726">
    <p class='ocr_par' dir='ltr' id='par_1_88' title="bbox 758 4651 2275 4726">
     <span class='ocr_line' id='line_1_88' title="bbox 758 4651 2275 4726; baseline -0.005 -13"><span class='ocrx_word' id='word_1_762' title='bbox 758 4658 956 4714; x_wconf 87' lang='lat' dir='ltr'><strong>Tiberii</strong></span> <span class='ocrx_word' id='word_1_763' title='bbox 979 4656 1206 4713; x_wconf 68' lang='lat' dir='ltr'><strong>Caesaris</strong></span> <span class='ocrx_word' id='word_1_764' title='bbox 1259 4656 1368 4722; x_wconf 70' lang='lat' dir='ltr'><strong>l9.,</strong></span> <span class='ocrx_word' id='word_1_765' title='bbox 1398 4670 1554 4726; x_wconf 74' lang='lat' dir='ltr'><strong>passo</strong></span> <span class='ocrx_word' id='word_1_766' title='bbox 1581 4669 1723 4707; x_wconf 91' lang='lat' dir='ltr'><strong>anno</strong></span> <span class='ocrx_word' id='word_1_767' title='bbox 1743 4651 1983 4721; x_wconf 74' lang='lat' dir='ltr'><strong>eiusdem</strong></span> <span class='ocrx_word' id='word_1_768' title='bbox 2009 4652 2097 4708; x_wconf 89' lang='grc'><strong>15.</strong></span> <span class='ocrx_word' id='word_1_769' title='bbox 2131 4651 2275 4706; x_wconf 85' lang='lat' dir='ltr'><strong>Tant.</strong></span> 
     </span>
    </p>
   </div>
   <div class='ocr_carea' id='block_1_89' title="bbox 759 4735 2276 4808">
    <p class='ocr_par' dir='ltr' id='par_1_89' title="bbox 759 4735 2276 4808">
     <span class='ocr_line' id='line_1_89' title="bbox 759 4735 2276 4808; baseline -0.002 -2"><span class='ocrx_word' id='word_1_770' title='bbox 759 4752 798 4806; x_wconf 91' lang='grc' dir='ltr'><strong>ι.</strong></span> <span class='ocrx_word' id='word_1_771' title='bbox 827 4754 915 4808; x_wconf 86' lang='lat' dir='ltr'><strong>tib.</strong></span> <span class='ocrx_word' id='word_1_772' title='bbox 944 4757 1060 4808; x_wconf 80' lang='lat' dir='ltr'><strong>adv.</strong></span> <span class='ocrx_word' id='word_1_773' title='bbox 1091 4735 1299 4806; x_wconf 73' lang='lat' dir='ltr'><strong>lude.</strong></span> <span class='ocrx_word' id='word_1_774' title='bbox 1327 4750 1382 4804; x_wconf 90' lang='lat'><strong>8.</strong></span> <span class='ocrx_word' id='word_1_775' title='bbox 1418 4767 1470 4803; x_wconf 86' lang='grc' dir='ltr'><strong>ιι.</strong></span> <span class='ocrx_word' id='word_1_776' title='bbox 1499 4749 1586 4804; x_wconf 74' lang='grc'><strong>82.</strong></span> <span class='ocrx_word' id='word_1_777' title='bbox 1619 4759 1662 4802; x_wconf 86' lang='lat' dir='ltr'><strong>ct</strong></span> <span class='ocrx_word' id='word_1_778' title='bbox 1703 4759 1826 4802; x_wconf 80' lang='grc' dir='ltr'><strong>ιοηι.</strong></span> <span class='ocrx_word' id='word_1_779' title='bbox 1857 4747 1948 4802; x_wconf 88' lang='grc' dir='ltr'><strong>ιιι.</strong></span> <span class='ocrx_word' id='word_1_780' title='bbox 1995 4748 2034 4802; x_wconf 90' lang='lat' dir='ltr'><strong>t.</strong></span> <span class='ocrx_word' id='word_1_781' title='bbox 2065 4751 2116 4803; x_wconf 87' lang='grc' dir='ltr'><strong>ι.</strong></span> <span class='ocrx_word' id='word_1_782' title='bbox 2159 4747 2276 4803; x_wconf 83' lang='lat' dir='ltr'><strong>adv.</strong></span> 
     </span>
    </p>
   </div>
   <div class='ocr_carea' id='block_1_90' title="bbox 763 4845 1854 4903">
    <p class='ocr_par' dir='ltr' id='par_1_90' title="bbox 763 4845 1854 4903">
     <span class='ocr_line' id='line_1_90' title="bbox 763 4845 1854 4903; baseline -0.002 -3"><span class='ocrx_word' id='word_1_783' title='bbox 763 4846 931 4903; x_wconf 81' lang='lat' dir='ltr'><strong>Marc.</strong></span> <span class='ocrx_word' id='word_1_784' title='bbox 953 4863 998 4901; x_wconf 89' lang='lat' dir='ltr'><strong>c.</strong></span> <span class='ocrx_word' id='word_1_785' title='bbox 1030 4848 1117 4903; x_wconf 85' lang='grc'><strong>15.</strong></span> <span class='ocrx_word' id='word_1_786' title='bbox 1143 4864 1195 4900; x_wconf 83' lang='grc' dir='ltr'><strong>ιι.</strong></span> <span class='ocrx_word' id='word_1_787' title='bbox 1226 4845 1346 4900; x_wconf 75' lang='grc'>102.</span> <span class='ocrx_word' id='word_1_788' title='bbox 1848 4855 1854 4861; x_wconf 88' lang='grc'><strong>’</strong></span> 
     </span>
    </p>
   </div>
   <div class='ocr_carea' id='block_1_91' title="bbox 762 4935 2282 5009">
    <p class='ocr_par' dir='ltr' id='par_1_91' title="bbox 762 4935 2282 5009">
     <span class='ocr_line' id='line_1_91' title="bbox 762 4935 2282 5009; baseline 0.001 -20"><span class='ocrx_word' id='word_1_789' title='bbox 762 4938 1074 5009; x_wconf 87' lang='lat' dir='ltr'><strong>Quanquam</strong></span> <span class='ocrx_word' id='word_1_790' title='bbox 1107 4938 1312 4992; x_wconf 72' lang='lat' dir='ltr'><strong>varient</strong></span> <span class='ocrx_word' id='word_1_791' title='bbox 1359 4939 1414 4992; x_wconf 90' lang='lat' dir='ltr'><strong>in</strong></span> <span class='ocrx_word' id='word_1_792' title='bbox 1445 4938 1610 5009; x_wconf 90' lang='lat' dir='ltr'><strong>priori</strong></span> <span class='ocrx_word' id='word_1_793' title='bbox 1638 4937 1758 4992; x_wconf 91' lang='lat' dir='ltr'><strong>loco</strong></span> <span class='ocrx_word' id='word_1_794' title='bbox 1797 4935 2122 5006; x_wconf 86' lang='lat' dir='ltr'><strong>exemplaria</strong></span> <span class='ocrx_word' id='word_1_795' title='bbox 2146 4935 2282 4990; x_wconf 83' lang='lat' dir='ltr'><strong>Ter-</strong></span> 
     </span>
    </p>
   </div>
   <div class='ocr_carea' id='block_1_92' title="bbox 693 5028 2286 5101">
    <p class='ocr_par' dir='ltr' id='par_1_92' title="bbox 693 5028 2286 5101">
     <span class='ocr_line' id='line_1_92' title="bbox 693 5028 2286 5101; baseline -0.002 -16"><span class='ocrx_word' id='word_1_796' title='bbox 693 5029 939 5096; x_wconf 88' lang='lat' dir='ltr'><strong>tttlliatti,</strong></span> <span class='ocrx_word' id='word_1_797' title='bbox 971 5041 1147 5085; x_wconf 82' lang='lat' dir='ltr'><strong>tamen</strong></span> <span class='ocrx_word' id='word_1_798' title='bbox 1193 5047 1309 5085; x_wconf 89' lang='lat' dir='ltr'><strong>cam</strong></span> <span class='ocrx_word' id='word_1_799' title='bbox 1349 5033 1466 5101; x_wconf 83' lang='lat' dir='ltr'><strong>ejus</strong></span> <span class='ocrx_word' id='word_1_800' title='bbox 1516 5030 1680 5086; x_wconf 71' lang='lat' dir='ltr'><strong>fuisse</strong></span> <span class='ocrx_word' id='word_1_801' title='bbox 1721 5030 2041 5086; x_wconf 87' lang='lat' dir='ltr'><strong>sententiam</strong></span> <span class='ocrx_word' id='word_1_802' title='bbox 2093 5028 2286 5083; x_wconf 84' lang='lat' dir='ltr'><strong>asserit</strong></span> 
     </span>
    </p>
   </div>
   <div class='ocr_carea' id='block_1_93' title="bbox 692 5103 2286 5194">
    <p class='ocr_par' dir='ltr' id='par_1_93' title="bbox 692 5103 2286 5194">
     <span class='ocr_line' id='line_1_93' title="bbox 692 5103 2286 5194; baseline -0.004 -14"><span class='ocrx_word' id='word_1_803' title='bbox 692 5122 921 5190; x_wconf 86' lang='lat' dir='ltr'><strong>Euseb.,</strong></span> <span class='ocrx_word' id='word_1_804' title='bbox 955 5121 1006 5176; x_wconf 89' lang='lat' dir='ltr'><strong>in</strong></span> <span class='ocrx_word' id='word_1_805' title='bbox 1029 5121 1302 5189; x_wconf 88' lang='lat' dir='ltr'><strong>Chronic.,</strong></span> <span class='ocrx_word' id='word_1_806' title='bbox 1335 5131 1388 5177; x_wconf 90' lang='lat' dir='ltr'><strong>et</strong></span> <span class='ocrx_word' id='word_1_807' title='bbox 1409 5138 1475 5178; x_wconf 79' lang='lat' dir='ltr'><strong>ex</strong></span> <span class='ocrx_word' id='word_1_808' title='bbox 1498 5122 1778 5194; x_wconf 88' lang='lat' dir='ltr'><strong>posteriori</strong></span> <span class='ocrx_word' id='word_1_809' title='bbox 1809 5103 1944 5177; x_wconf 17' lang='lat' dir='ltr'><strong>loco.</strong></span> <span class='ocrx_word' id='word_1_810' title='bbox 1969 5127 2113 5192; x_wconf 88' lang='lat' dir='ltr'><strong>patet</strong></span> <span class='ocrx_word' id='word_1_811' title='bbox 2138 5137 2153 5187; x_wconf 90' lang='lat'><strong>;</strong></span> <span class='ocrx_word' id='word_1_812' title='bbox 2178 5120 2286 5175; x_wconf 91' lang='lat' dir='ltr'><strong>imo</strong></span> 
     </span>
    </p>
   </div>
   <div class='ocr_carea' id='block_1_94' title="bbox 694 5197 2287 5288">
    <p class='ocr_par' dir='ltr' id='par_1_94' title="bbox 694 5197 2287 5288">
     <span class='ocr_line' id='line_1_94' title="bbox 694 5197 2287 5288; baseline -0.005 -14"><span class='ocrx_word' id='word_1_813' title='bbox 694 5227 749 5274; x_wconf 88' lang='lat' dir='ltr'><strong>et</strong></span> <span class='ocrx_word' id='word_1_814' title='bbox 773 5232 838 5273; x_wconf 80' lang='lat' dir='ltr'><strong>ex</strong></span> <span class='ocrx_word' id='word_1_815' title='bbox 865 5215 1054 5288; x_wconf 85' lang='lat' dir='ltr'><strong>priori,</strong></span> <span class='ocrx_word' id='word_1_816' title='bbox 1077 5213 1266 5270; x_wconf 83' lang='lat' dir='ltr'><strong>eodem</strong></span> <span class='ocrx_word' id='word_1_817' title='bbox 1294 5230 1370 5282; x_wconf 92' lang='lat' dir='ltr'><strong>c.,</strong></span> <span class='ocrx_word' id='word_1_818' title='bbox 1401 5232 1457 5269; x_wconf 92' lang='grc' dir='ltr'><strong>ιι.</strong></span> <span class='ocrx_word' id='word_1_819' title='bbox 1491 5215 1581 5270; x_wconf 75' lang='grc'>92.</span> <span class='ocrx_word' id='word_1_820' title='bbox 1626 5215 1716 5270; x_wconf 89' lang='lat' dir='ltr'><strong>ubi</strong></span> <span class='ocrx_word' id='word_1_821' title='bbox 1751 5197 2050 5270; x_wconf 81' lang='lat' dir='ltr'><strong>Passionent</strong></span> <span class='ocrx_word' id='word_1_822' title='bbox 2083 5212 2287 5268; x_wconf 86' lang='lat' dir='ltr'><strong>Domini</strong></span> 
     </span>
    </p>
   </div>
   <div class='ocr_carea' id='block_1_95' title="bbox 696 5303 2288 5375">
    <p class='ocr_par' dir='ltr' id='par_1_95' title="bbox 696 5303 2288 5375">
     <span class='ocr_line' id='line_1_95' title="bbox 696 5303 2288 5375; baseline -0.003 -11"><span class='ocrx_word' id='word_1_823' title='bbox 696 5309 923 5364; x_wconf 87' lang='lat' dir='ltr'><strong>collocat</strong></span> <span class='ocrx_word' id='word_1_824' title='bbox 971 5307 1116 5364; x_wconf 81' lang='lat' dir='ltr'><strong>Cass.</strong></span> <span class='ocrx_word' id='word_1_825' title='bbox 1160 5306 1392 5362; x_wconf 79' lang='lat' dir='ltr'><strong>Rubellio</strong></span> <span class='ocrx_word' id='word_1_826' title='bbox 1441 5306 1652 5362; x_wconf 80' lang='lat' dir='ltr'><strong>Gemino</strong></span> <span class='ocrx_word' id='word_1_827' title='bbox 1699 5316 1744 5360; x_wconf 88' lang='lat' dir='ltr'><strong>et</strong></span> <span class='ocrx_word' id='word_1_828' title='bbox 1795 5306 1947 5375; x_wconf 82' lang='lat' dir='ltr'><strong>[lu/io</strong></span> <span class='ocrx_word' id='word_1_829' title='bbox 1991 5322 2077 5360; x_wconf 87' lang='lat' dir='ltr'><strong>seu</strong></span> <span class='ocrx_word' id='word_1_830' title='bbox 2125 5303 2288 5360; x_wconf 64' lang='lat' dir='ltr'><strong>Furio</strong></span> 
     </span>
    </p>
   </div>
   <div class='ocr_carea' id='block_1_96' title="bbox 703 5396 2283 5470">
    <p class='ocr_par' dir='ltr' id='par_1_96' title="bbox 703 5396 2283 5470">
     <span class='ocr_line' id='line_1_96' title="bbox 703 5396 2283 5470; baseline 0 -18"><span class='ocrx_word' id='word_1_831' title='bbox 703 5397 950 5465; x_wconf 76' lang='lat' dir='ltr'><strong>Gemino,</strong></span> <span class='ocrx_word' id='word_1_832' title='bbox 997 5414 1224 5470; x_wconf 90' lang='lat' dir='ltr'><strong>quorum</strong></span> <span class='ocrx_word' id='word_1_833' title='bbox 1257 5399 1573 5456; x_wconf 82' lang='lat' dir='ltr'><strong>consulatus</strong></span> <span class='ocrx_word' id='word_1_834' title='bbox 1638 5396 1822 5453; x_wconf 90' lang='lat' dir='ltr'><strong>incidit</strong></span> <span class='ocrx_word' id='word_1_835' title='bbox 1872 5399 1923 5452; x_wconf 90' lang='lat' dir='ltr'><strong>itt</strong></span> <span class='ocrx_word' id='word_1_836' title='bbox 1955 5413 2152 5451; x_wconf 91' lang='lat' dir='ltr'><strong>annum</strong></span> <span class='ocrx_word' id='word_1_837' title='bbox 2196 5397 2283 5452; x_wconf 85' lang='grc'><strong>15.</strong></span> 
     </span>
    </p>
   </div>
   <div class='ocr_carea' id='block_1_97' title="bbox 701 5489 2292 5564">
    <p class='ocr_par' dir='ltr' id='par_1_97' title="bbox 701 5489 2292 5564">
     <span class='ocr_line' id='line_1_97' title="bbox 701 5489 2292 5564; baseline -0.003 -14"><span class='ocrx_word' id='word_1_838' title='bbox 701 5492 914 5550; x_wconf 87' lang='lat' dir='ltr'><strong>Tiberii.</strong></span> <span class='ocrx_word' id='word_1_839' title='bbox 946 5493 1008 5548; x_wconf 72' lang='lat' dir='ltr'><strong>In&#39;</strong></span> <span class='ocrx_word' id='word_1_840' title='bbox 1032 5508 1138 5564; x_wconf 88' lang='lat' dir='ltr'><strong>quo</strong></span> <span class='ocrx_word' id='word_1_841' title='bbox 1159 5492 1306 5548; x_wconf 91' lang='lat' dir='ltr'><strong>illum</strong></span> <span class='ocrx_word' id='word_1_842' title='bbox 1332 5501 1457 5548; x_wconf 90' lang='lat' dir='ltr'><strong>sunt</strong></span> <span class='ocrx_word' id='word_1_843' title='bbox 1487 5491 1676 5548; x_wconf 88' lang='lat' dir='ltr'><strong>imitati</strong></span> <span class='ocrx_word' id='word_1_844' title='bbox 1701 5491 1807 5548; x_wconf 88' lang='lat' dir='ltr'><strong>Jul.</strong></span> <span class='ocrx_word' id='word_1_845' title='bbox 1831 5489 2201 5558; x_wconf 80' lang='lat' dir='ltr'><strong>African.,tib.</strong></span> <span class='ocrx_word' id='word_1_846' title='bbox 2224 5489 2292 5545; x_wconf 85' lang='lat' dir='ltr'><strong>de</strong></span> 
     </span>
    </p>
   </div>
   <div class='ocr_carea' id='block_1_98' title="bbox 702 5581 2291 5657">
    <p class='ocr_par' dir='ltr' id='par_1_98' title="bbox 702 5581 2291 5657">
     <span class='ocr_line' id='line_1_98' title="bbox 702 5581 2291 5657; baseline -0.004 -15"><span class='ocrx_word' id='word_1_847' title='bbox 702 5585 978 5656; x_wconf 88' lang='lat' dir='ltr'><strong>Tetnpor.,</strong></span> <span class='ocrx_word' id='word_1_848' title='bbox 1003 5585 1139 5657; x_wconf 88' lang='lat' dir='ltr'><strong>apud</strong></span> <span class='ocrx_word' id='word_1_849' title='bbox 1195 5585 1250 5641; x_wconf 92' lang='lat' dir='ltr'><strong>S.</strong></span> <span class='ocrx_word' id='word_1_850' title='bbox 1279 5585 1425 5642; x_wconf 89' lang='lat' dir='ltr'><strong>Ilier.</strong></span> <span class='ocrx_word' id='word_1_851' title='bbox 1452 5585 1661 5642; x_wconf 87' lang='lat' dir='ltr'><strong>Comm.</strong></span> <span class='ocrx_word' id='word_1_852' title='bbox 1685 5585 1738 5639; x_wconf 93' lang='lat' dir='ltr'><strong>in</strong></span> <span class='ocrx_word' id='word_1_853' title='bbox 1783 5583 2080 5650; x_wconf 89' lang='lat' dir='ltr'><strong>Danielem,</strong></span> <span class='ocrx_word' id='word_1_854' title='bbox 2114 5581 2291 5648; x_wconf 82' lang='lat' dir='ltr'><strong>Lact.,</strong></span> 
     </span>
    </p>
   </div>
   <div class='ocr_carea' id='block_1_99' title="bbox 702 5675 2294 5748">
    <p class='ocr_par' dir='ltr' id='par_1_99' title="bbox 702 5675 2294 5748">
     <span class='ocr_line' id='line_1_99' title="bbox 702 5675 2294 5748; baseline -0.001 -16"><span class='ocrx_word' id='word_1_855' title='bbox 702 5679 851 5734; x_wconf 81' lang='lat' dir='ltr'><strong>LIV.</strong></span> <span class='ocrx_word' id='word_1_856' title='bbox 883 5695 932 5736; x_wconf 90' lang='lat' dir='ltr'><strong>c.</strong></span> <span class='ocrx_word' id='word_1_857' title='bbox 963 5679 1068 5746; x_wconf 88' lang='lat' dir='ltr'><strong>I0;</strong></span> <span class='ocrx_word' id='word_1_858' title='bbox 1098 5679 1247 5735; x_wconf 80' lang='lat' dir='ltr'><strong>Paul.</strong></span> <span class='ocrx_word' id='word_1_859' title='bbox 1271 5680 1428 5736; x_wconf 82' lang='lat' dir='ltr'><strong>Oros.</strong></span> <span class='ocrx_word' id='word_1_860' title='bbox 1458 5680 1494 5734; x_wconf 94' lang='grc'><strong>1.</strong></span> <span class='ocrx_word' id='word_1_861' title='bbox 1519 5680 1636 5735; x_wconf 60' lang='grc' dir='ltr'><strong>ΝΗ.</strong></span> <span class='ocrx_word' id='word_1_862' title='bbox 1671 5693 1719 5734; x_wconf 88' lang='lat' dir='ltr'><strong>c.</strong></span> <span class='ocrx_word' id='word_1_863' title='bbox 1755 5679 1837 5733; x_wconf 91' lang='grc'><strong>10.</strong></span> <span class='ocrx_word' id='word_1_864' title='bbox 1868 5677 2027 5748; x_wconf 82' lang='lat' dir='ltr'><strong>Atqui</strong></span> <span class='ocrx_word' id='word_1_865' title='bbox 2051 5692 2214 5748; x_wconf 87' lang='lat' dir='ltr'><strong>quuut</strong></span> <span class='ocrx_word' id='word_1_866' title='bbox 2244 5675 2294 5731; x_wconf 90' lang='lat' dir='ltr'><strong>id</strong></span> 
     </span>
    </p>
   </div>
   <div class='ocr_carea' id='block_1_100' title="bbox 703 5771 2296 5844">
    <p class='ocr_par' dir='ltr' id='par_1_100' title="bbox 703 5771 2296 5844">
     <span class='ocr_line' id='line_1_100' title="bbox 703 5771 2296 5844; baseline -0.002 -15"><span class='ocrx_word' id='word_1_867' title='bbox 703 5773 771 5829; x_wconf 82' lang='lat' dir='ltr'><strong>sit</strong></span> <span class='ocrx_word' id='word_1_868' title='bbox 797 5784 980 5829; x_wconf 89' lang='lat' dir='ltr'><strong>contra</strong></span> <span class='ocrx_word' id='word_1_869' title='bbox 1007 5790 1265 5842; x_wconf 81' lang='lat' dir='ltr'><strong>expressa</strong></span> <span class='ocrx_word' id='word_1_870' title='bbox 1285 5773 1556 5844; x_wconf 79' lang='lat' dir='ltr'><strong>Evangelii</strong></span> <span class='ocrx_word' id='word_1_871' title='bbox 1581 5773 1738 5828; x_wconf 87' lang='lat' dir='ltr'><strong>verba</strong></span> <span class='ocrx_word' id='word_1_872' title='bbox 1762 5771 1891 5827; x_wconf 83' lang='lat' dir='ltr'><strong>Luc.</strong></span> <span class='ocrx_word' id='word_1_873' title='bbox 1922 5771 2008 5829; x_wconf 90' lang='lat' dir='ltr'><strong>III.</strong></span> <span class='ocrx_word' id='word_1_874' title='bbox 2041 5771 2123 5827; x_wconf 90' lang='lat' dir='ltr'><strong>ubi</strong></span> <span class='ocrx_word' id='word_1_875' title='bbox 2155 5785 2296 5843; x_wconf 87' lang='lat' dir='ltr'><strong>anno</strong></span> 
     </span>
    </p>
   </div>
   <div class='ocr_carea' id='block_1_101' title="bbox 708 5865 2298 5940">
    <p class='ocr_par' dir='ltr' id='par_1_101' title="bbox 708 5865 2298 5940">
     <span class='ocr_line' id='line_1_101' title="bbox 708 5865 2298 5940; baseline -0.001 -16"><span class='ocrx_word' id='word_1_876' title='bbox 708 5869 794 5924; x_wconf 82' lang='lat' dir='ltr'><strong>I5.</strong></span> <span class='ocrx_word' id='word_1_877' title='bbox 825 5867 1038 5940; x_wconf 83' lang='lat' dir='ltr'><strong>Imperii</strong></span> <span class='ocrx_word' id='word_1_878' title='bbox 1068 5867 1265 5926; x_wconf 87' lang='lat' dir='ltr'><strong>Tiberii</strong></span> <span class='ocrx_word' id='word_1_879' title='bbox 1295 5867 1521 5925; x_wconf 78' lang='lat' dir='ltr'><strong>Caesaris</strong></span> <span class='ocrx_word' id='word_1_880' title='bbox 1547 5868 1848 5940; x_wconf 66' lang='lat' dir='ltr'><strong>baptizatus</strong></span> <span class='ocrx_word' id='word_1_881' title='bbox 1881 5867 2094 5940; x_wconf 68' lang='lat' dir='ltr'><strong>legitur;</strong></span> <span class='ocrx_word' id='word_1_882' title='bbox 2144 5865 2298 5931; x_wconf 77' lang='lat' dir='ltr'><strong>lateri</strong></span> 
     </span>
    </p>
   </div>
   <div class='ocr_carea' id='block_1_102' title="bbox 2462 4677 3980 4764">
    <p class='ocr_par' dir='ltr' id='par_1_102' title="bbox 2462 4677 3980 4764">
     <span class='ocr_line' id='line_1_102' title="bbox 2462 4677 3980 4764; baseline -0.013 -13"><span class='ocrx_word' id='word_1_883' title='bbox 2462 4694 2585 4751; x_wconf 80' lang='grc'>100.</span> <span class='ocrx_word' id='word_1_884' title='bbox 2604 4703 2649 4749; x_wconf 83' lang='lat' dir='ltr'><strong>et</strong></span> <span class='ocrx_word' id='word_1_885' title='bbox 2668 4691 2984 4764; x_wconf 83' lang='lat' dir='ltr'><strong>apertissime</strong></span> <span class='ocrx_word' id='word_1_886' title='bbox 3007 4689 3094 4743; x_wconf 86' lang='lat' dir='ltr'><strong>lib.</strong></span> <span class='ocrx_word' id='word_1_887' title='bbox 3112 4687 3229 4741; x_wconf 85' lang='lat' dir='ltr'><strong>adv.</strong></span> <span class='ocrx_word' id='word_1_888' title='bbox 3252 4684 3488 4740; x_wconf 74' lang='lat' dir='ltr'><strong>Praxean</strong></span> <span class='ocrx_word' id='word_1_889' title='bbox 3511 4698 3628 4753; x_wconf 89' lang='lat' dir='ltr'><strong>cap.</strong></span> <span class='ocrx_word' id='word_1_890' title='bbox 3645 4683 3698 4737; x_wconf 92' lang='lat'><strong>7.</strong></span> <span class='ocrx_word' id='word_1_891' title='bbox 3725 4696 3865 4734; x_wconf 84' lang='lat' dir='ltr'><strong>nunt.</strong></span> <span class='ocrx_word' id='word_1_892' title='bbox 3888 4677 3980 4734; x_wconf 65' lang='grc'><strong>51.</strong></span> 
     </span>
    </p>
   </div>
   <div class='ocr_carea' id='block_1_103' title="bbox 2461 4797 3984 4889">
    <p class='ocr_par' dir='ltr' id='par_1_103' title="bbox 2461 4797 3984 4889">
     <span class='ocr_line' id='line_1_103' title="bbox 2461 4797 3984 4889; baseline -0.012 -3"><span class='ocrx_word' id='word_1_893' title='bbox 2461 4831 2613 4887; x_wconf 90' lang='lat' dir='ltr'><strong>Hunc</strong></span> <span class='ocrx_word' id='word_1_894' title='bbox 2639 4842 2878 4884; x_wconf 84' lang='lat' dir='ltr'><strong>errorem</strong></span> <span class='ocrx_word' id='word_1_895' title='bbox 2906 4822 3236 4881; x_wconf 91' lang='lat' dir='ltr'><strong>Tertulliano</strong></span> <span class='ocrx_word' id='word_1_896' title='bbox 3263 4797 3668 4889; x_wconf 78' lang='lat' dir='ltr'><strong>adscripserunt</strong></span> <span class='ocrx_word' id='word_1_897' title='bbox 3698 4816 3810 4886; x_wconf 83' lang='lat' dir='ltr'><strong>jam</strong></span> <span class='ocrx_word' id='word_1_898' title='bbox 3854 4813 3984 4868; x_wconf 86' lang='lat' dir='ltr'><strong>olim</strong></span> 
     </span>
    </p>
   </div>
   <div class='ocr_carea' id='block_1_104' title="bbox 2387 4904 3992 4995">
    <p class='ocr_par' dir='ltr' id='par_1_104' title="bbox 2387 4904 3992 4995">
     <span class='ocr_line' id='line_1_104' title="bbox 2387 4904 3992 4995; baseline -0.014 -13"><span class='ocrx_word' id='word_1_899' title='bbox 2387 4926 2444 4983; x_wconf 91' lang='lat' dir='ltr'><strong>S.</strong></span> <span class='ocrx_word' id='word_1_900' title='bbox 2474 4927 2698 4995; x_wconf 82' lang='lat' dir='ltr'><strong>August.</strong></span> <span class='ocrx_word' id='word_1_901' title='bbox 2729 4921 2863 4977; x_wconf 87' lang='lat' dir='ltr'><strong>locis</strong></span> <span class='ocrx_word' id='word_1_902' title='bbox 2890 4933 3011 4974; x_wconf 82' lang='lat' dir='ltr'><strong>mox</strong></span> <span class='ocrx_word' id='word_1_903' title='bbox 3043 4914 3296 4980; x_wconf 89' lang='lat' dir='ltr'><strong>citandis,</strong></span> <span class='ocrx_word' id='word_1_904' title='bbox 3326 4913 3383 4970; x_wconf 91' lang='lat' dir='ltr'><strong>S.</strong></span> <span class='ocrx_word' id='word_1_905' title='bbox 3418 4911 3662 4982; x_wconf 86' lang='lat' dir='ltr'><strong>Fulgent.</strong></span> <span class='ocrx_word' id='word_1_906' title='bbox 3697 4908 3791 4963; x_wconf 89' lang='lat' dir='ltr'><strong>lib.</strong></span> <span class='ocrx_word' id='word_1_907' title='bbox 3824 4906 3890 4972; x_wconf 94' lang='lat' dir='ltr'><strong>Il,</strong></span> <span class='ocrx_word' id='word_1_908' title='bbox 3922 4904 3992 4960; x_wconf 87' lang='lat' dir='ltr'><strong>de</strong></span> 
     </span>
    </p>
   </div>
   <div class='ocr_carea' id='block_1_105' title="bbox 2389 4999 3989 5077">
    <p class='ocr_par' dir='ltr' id='par_1_105' title="bbox 2389 4999 3989 5077">
     <span class='ocr_line' id='line_1_105' title="bbox 2389 4999 3989 5077; baseline -0.014 -3"><span class='ocrx_word' id='word_1_909' title='bbox 2389 5018 2480 5074; x_wconf 83' lang='lat' dir='ltr'><strong>tid.</strong></span> <span class='ocrx_word' id='word_1_910' title='bbox 2513 5015 2577 5070; x_wconf 90' lang='lat' dir='ltr'><strong>ad</strong></span> <span class='ocrx_word' id='word_1_911' title='bbox 2605 5016 2749 5070; x_wconf 91' lang='lat' dir='ltr'><strong>Petr.</strong></span> <span class='ocrx_word' id='word_1_912' title='bbox 2775 5023 2830 5068; x_wconf 91' lang='lat' dir='ltr'><strong>et</strong></span> <span class='ocrx_word' id='word_1_913' title='bbox 2866 5009 3110 5069; x_wconf 82' lang='lat' dir='ltr'><strong>Geuuad.</strong></span> <span class='ocrx_word' id='word_1_914' title='bbox 3147 5009 3182 5064; x_wconf 94' lang='lat' dir='ltr'><strong>l.</strong></span> <span class='ocrx_word' id='word_1_915' title='bbox 3217 5008 3285 5064; x_wconf 90' lang='lat' dir='ltr'><strong>de</strong></span> <span class='ocrx_word' id='word_1_916' title='bbox 3328 5007 3570 5077; x_wconf 84' lang='lat' dir='ltr'><strong>Dogtuat.</strong></span> <span class='ocrx_word' id='word_1_917' title='bbox 3605 5003 3752 5058; x_wconf 89' lang='lat' dir='ltr'><strong>Eccl.</strong></span> <span class='ocrx_word' id='word_1_918' title='bbox 3785 4999 3989 5054; x_wconf 85' lang='lat' dir='ltr'><strong>Verum</strong></span> 
     </span>
    </p>
   </div>
   <div class='ocr_carea' id='block_1_106' title="bbox 2391 5092 3988 5181">
    <p class='ocr_par' dir='ltr' id='par_1_106' title="bbox 2391 5092 3988 5181">
     <span class='ocr_line' id='line_1_106' title="bbox 2391 5092 3988 5181; baseline -0.015 -13"><span class='ocrx_word' id='word_1_919' title='bbox 2391 5113 2447 5168; x_wconf 89' lang='lat' dir='ltr'><strong>S.</strong></span> <span class='ocrx_word' id='word_1_920' title='bbox 2482 5114 2704 5181; x_wconf 85' lang='lat' dir='ltr'><strong>August.</strong></span> <span class='ocrx_word' id='word_1_921' title='bbox 2737 5125 2858 5165; x_wconf 89' lang='lat' dir='ltr'><strong>eum</strong></span> <span class='ocrx_word' id='word_1_922' title='bbox 2896 5115 3114 5162; x_wconf 71' lang='lat' dir='ltr'><strong>excusat</strong></span> <span class='ocrx_word' id='word_1_923' title='bbox 3159 5101 3241 5157; x_wconf 88' lang='lat' dir='ltr'><strong>his</strong></span> <span class='ocrx_word' id='word_1_924' title='bbox 3285 5101 3461 5159; x_wconf 87' lang='lat' dir='ltr'><strong>verbis</strong></span> <span class='ocrx_word' id='word_1_925' title='bbox 3493 5099 3586 5154; x_wconf 91' lang='lat' dir='ltr'><strong>lib.</strong></span> <span class='ocrx_word' id='word_1_926' title='bbox 3631 5097 3702 5150; x_wconf 73' lang='grc' dir='ltr'><strong>Χ.</strong></span> <span class='ocrx_word' id='word_1_927' title='bbox 3750 5094 3818 5150; x_wconf 84' lang='lat' dir='ltr'><strong>de</strong></span> <span class='ocrx_word' id='word_1_928' title='bbox 3849 5092 3988 5148; x_wconf 89' lang='lat' dir='ltr'><strong>Ccn.</strong></span> 
     </span>
    </p>
   </div>
   <div class='ocr_carea' id='block_1_107' title="bbox 2392 5188 3995 5272">
    <p class='ocr_par' dir='ltr' id='par_1_107' title="bbox 2392 5188 3995 5272">
     <span class='ocr_line' id='line_1_107' title="bbox 2392 5188 3995 5272; baseline -0.013 -13"><span class='ocrx_word' id='word_1_929' title='bbox 2392 5205 2457 5259; x_wconf 92' lang='lat' dir='ltr'><strong>ad</strong></span> <span class='ocrx_word' id='word_1_930' title='bbox 2505 5204 2605 5258; x_wconf 91' lang='lat' dir='ltr'><strong>litt.</strong></span> <span class='ocrx_word' id='word_1_931' title='bbox 2648 5201 2920 5272; x_wconf 53' lang='lat' dir='ltr'><strong>cap..ult.:</strong></span> <span class='ocrx_word' id='word_1_932' title='bbox 2966 5199 3185 5253; x_wconf 89' lang='lat' dir='ltr'><strong>Timeus</strong></span> <span class='ocrx_word' id='word_1_933' title='bbox 3233 5211 3300 5250; x_wconf 90' lang='lat' dir='ltr'><strong>ne</strong></span> <span class='ocrx_word' id='word_1_934' title='bbox 3331 5192 3464 5248; x_wconf 87' lang='lat' dir='ltr'><strong>nihil</strong></span> <span class='ocrx_word' id='word_1_935' title='bbox 3507 5199 3694 5253; x_wconf 84' lang='lat' dir='ltr'><strong>esset,</strong></span> <span class='ocrx_word' id='word_1_936' title='bbox 3724 5188 3765 5242; x_wconf 90' lang='lat' dir='ltr'><strong>si</strong></span> <span class='ocrx_word' id='word_1_937' title='bbox 3794 5199 3995 5254; x_wconf 89' lang='lat' dir='ltr'><strong>corpus</strong></span> 
     </span>
    </p>
   </div>
   <div class='ocr_carea' id='block_1_108' title="bbox 2393 5279 3994 5362">
    <p class='ocr_par' dir='ltr' id='par_1_108' title="bbox 2393 5279 3994 5362">
     <span class='ocr_line' id='line_1_108' title="bbox 2393 5279 3994 5362; baseline -0.014 -8"><span class='ocrx_word' id='word_1_938' title='bbox 2393 5313 2500 5353; x_wconf 92' lang='lat' dir='ltr'><strong>non</strong></span> <span class='ocrx_word' id='word_1_939' title='bbox 2528 5304 2703 5362; x_wconf 87' lang='lat' dir='ltr'><strong>esset,</strong></span> <span class='ocrx_word' id='word_1_940' title='bbox 2735 5309 2832 5349; x_wconf 82' lang='lat' dir='ltr'><strong>nec</strong></span> <span class='ocrx_word' id='word_1_941' title='bbox 2859 5293 2924 5346; x_wconf 89' lang='lat' dir='ltr'><strong>de</strong></span> <span class='ocrx_word' id='word_1_942' title='bbox 2950 5292 3058 5346; x_wconf 90' lang='lat' dir='ltr'><strong>Deo</strong></span> <span class='ocrx_word' id='word_1_943' title='bbox 3084 5288 3246 5343; x_wconf 86' lang='lat' dir='ltr'><strong>valuit</strong></span> <span class='ocrx_word' id='word_1_944' title='bbox 3270 5286 3425 5341; x_wconf 90' lang='lat' dir='ltr'><strong>aliter</strong></span> <span class='ocrx_word' id='word_1_945' title='bbox 3461 5297 3672 5354; x_wconf 90' lang='lat' dir='ltr'><strong>sapere.</strong></span> <span class='ocrx_word' id='word_1_946' title='bbox 3715 5279 3816 5348; x_wconf 89' lang='lat' dir='ltr'><strong>Qui</strong></span> <span class='ocrx_word' id='word_1_947' title='bbox 3859 5291 3994 5332; x_wconf 86' lang='lat' dir='ltr'><strong>sane</strong></span> 
     </span>
    </p>
   </div>
   <div class='ocr_carea' id='block_1_109' title="bbox 2394 5374 3992 5461">
    <p class='ocr_par' dir='ltr' id='par_1_109' title="bbox 2394 5374 3992 5461">
     <span class='ocr_line' id='line_1_109' title="bbox 2394 5374 3992 5461; baseline -0.013 -17"><span class='ocrx_word' id='word_1_948' title='bbox 2394 5403 2696 5461; x_wconf 69' lang='lat' dir='ltr'><strong>qumquam</strong></span> <span class='ocrx_word' id='word_1_949' title='bbox 2725 5386 2832 5458; x_wconf 90' lang='lat' dir='ltr'><strong>(sic</strong></span> <span class='ocrx_word' id='word_1_950' title='bbox 2856 5385 2999 5440; x_wconf 90' lang='lat' dir='ltr'><strong>enim</strong></span> <span class='ocrx_word' id='word_1_951' title='bbox 3029 5382 3169 5452; x_wconf 89' lang='lat' dir='ltr'><strong>lego,</strong></span> <span class='ocrx_word' id='word_1_952' title='bbox 3198 5395 3295 5451; x_wconf 89' lang='lat' dir='ltr'><strong>pro</strong></span> <span class='ocrx_word' id='word_1_953' title='bbox 3321 5397 3336 5434; x_wconf 87' lang='lat'><strong>:</strong></span> <span class='ocrx_word' id='word_1_954' title='bbox 3360 5374 3634 5450; x_wconf 89' lang='lat' dir='ltr'><strong>quoniam)</strong></span> <span class='ocrx_word' id='word_1_955' title='bbox 3676 5379 3864 5428; x_wconf 90' lang='lat' dir='ltr'><strong>acutus</strong></span> <span class='ocrx_word' id='word_1_956' title='bbox 3886 5377 3992 5435; x_wconf 89' lang='lat' dir='ltr'><strong>est,</strong></span> 
     </span>
    </p>
   </div>
   <div class='ocr_carea' id='block_1_110' title="bbox 2399 5466 4002 5547">
    <p class='ocr_par' dir='ltr' id='par_1_110' title="bbox 2399 5466 4002 5547">
     <span class='ocr_line' id='line_1_110' title="bbox 2399 5466 4002 5547; baseline -0.016 -7"><span class='ocrx_word' id='word_1_957' title='bbox 2399 5482 2663 5541; x_wconf 84' lang='lat' dir='ltr'><strong>interdum</strong></span> <span class='ocrx_word' id='word_1_958' title='bbox 2693 5487 2878 5534; x_wconf 88' lang='lat' dir='ltr'><strong>contra</strong></span> <span class='ocrx_word' id='word_1_959' title='bbox 2907 5475 3216 5547; x_wconf 88' lang='lat' dir='ltr'><strong>opinionem</strong></span> <span class='ocrx_word' id='word_1_960' title='bbox 3265 5486 3418 5526; x_wconf 87' lang='lat' dir='ltr'><strong>suam</strong></span> <span class='ocrx_word' id='word_1_961' title='bbox 3447 5471 3560 5524; x_wconf 89' lang='lat' dir='ltr'><strong>visa</strong></span> <span class='ocrx_word' id='word_1_962' title='bbox 3588 5466 3810 5521; x_wconf 88' lang='lat' dir='ltr'><strong>veritate</strong></span> <span class='ocrx_word' id='word_1_963' title='bbox 3839 5476 4002 5532; x_wconf 88' lang='lat' dir='ltr'><strong>supe-</strong></span> 
     </span>
    </p>
   </div>
   <div class='ocr_carea' id='block_1_111' title="bbox 2402 5555 3995 5651">
    <p class='ocr_par' dir='ltr' id='par_1_111' title="bbox 2402 5555 3995 5651">
     <span class='ocr_line' id='line_1_111' title="bbox 2402 5555 3995 5651; baseline -0.019 -10"><span class='ocrx_word' id='word_1_964' title='bbox 2402 5595 2563 5641; x_wconf 89' lang='lat' dir='ltr'><strong>ratur.</strong></span> <span class='ocrx_word' id='word_1_965' title='bbox 2620 5581 2753 5651; x_wconf 85' lang='lat' dir='ltr'><strong>Quid</strong></span> <span class='ocrx_word' id='word_1_966' title='bbox 2802 5579 2943 5634; x_wconf 89' lang='lat' dir='ltr'><strong>enim</strong></span> <span class='ocrx_word' id='word_1_967' title='bbox 2999 5575 3175 5632; x_wconf 72' lang='lat' dir='ltr'><strong>verius</strong></span> <span class='ocrx_word' id='word_1_968' title='bbox 3231 5571 3412 5628; x_wconf 90' lang='lat' dir='ltr'><strong>dicere</strong></span> <span class='ocrx_word' id='word_1_969' title='bbox 3464 5568 3665 5640; x_wconf 89' lang='lat' dir='ltr'><strong>potuit,</strong></span> <span class='ocrx_word' id='word_1_970' title='bbox 3724 5577 3885 5636; x_wconf 89' lang='lat' dir='ltr'><strong>quam</strong></span> <span class='ocrx_word' id='word_1_971' title='bbox 3940 5555 3995 5613; x_wconf 90' lang='lat' dir='ltr'><strong>id</strong></span> 
     </span>
    </p>
   </div>
   <div class='ocr_carea' id='block_1_112' title="bbox 2400 5655 3994 5752">
    <p class='ocr_par' dir='ltr' id='par_1_112' title="bbox 2400 5655 3994 5752">
     <span class='ocr_line' id='line_1_112' title="bbox 2400 5655 3994 5752; baseline -0.017 -18"><span class='ocrx_word' id='word_1_972' title='bbox 2400 5677 2542 5752; x_wconf 90' lang='lat' dir='ltr'><strong>quod</strong></span> <span class='ocrx_word' id='word_1_973' title='bbox 2599 5677 2672 5731; x_wconf 88' lang='lat' dir='ltr'><strong>ait</strong></span> <span class='ocrx_word' id='word_1_974' title='bbox 2731 5671 2960 5744; x_wconf 89' lang='lat' dir='ltr'><strong>quodam</strong></span> <span class='ocrx_word' id='word_1_975' title='bbox 3019 5670 3069 5724; x_wconf 90' lang='lat' dir='ltr'><strong>in</strong></span> <span class='ocrx_word' id='word_1_976' title='bbox 3135 5668 3252 5723; x_wconf 88' lang='lat' dir='ltr'><strong>loco</strong></span> <span class='ocrx_word' id='word_1_977' title='bbox 3289 5664 3522 5737; x_wconf 84' lang='lat' dir='ltr'><strong>(nempe</strong></span> <span class='ocrx_word' id='word_1_978' title='bbox 3573 5661 3612 5715; x_wconf 93' lang='grc' dir='ltr'><strong>Ι.</strong></span> <span class='ocrx_word' id='word_1_979' title='bbox 3656 5657 3724 5713; x_wconf 90' lang='lat' dir='ltr'><strong>de</strong></span> <span class='ocrx_word' id='word_1_980' title='bbox 3775 5655 3994 5720; x_wconf 79' lang='lat' dir='ltr'><strong>Anima,</strong></span> 
     </span>
    </p>
   </div>
   <div class='ocr_carea' id='block_1_113' title="bbox 2401 5745 4001 5841">
    <p class='ocr_par' dir='ltr' id='par_1_113' title="bbox 2401 5745 4001 5841">
     <span class='ocr_line' id='line_1_113' title="bbox 2401 5745 4001 5841; baseline -0.016 -15"><span class='ocrx_word' id='word_1_981' title='bbox 2401 5745 2518 5841; x_wconf 74' lang='lat' dir='ltr'><strong>cap.</strong></span> <span class='ocrx_word' id='word_1_982' title='bbox 2576 5769 2638 5832; x_wconf 93' lang='lat'><strong>7,</strong></span> <span class='ocrx_word' id='word_1_983' title='bbox 2699 5765 2861 5835; x_wconf 91' lang='lat'><strong>98.):</strong></span> <span class='ocrx_word' id='word_1_984' title='bbox 2908 5760 3092 5831; x_wconf 56' lang='lat' dir='ltr'><strong>Omne;</strong></span> <span class='ocrx_word' id='word_1_985' title='bbox 3117 5755 3382 5828; x_wconf 83' lang='lat' dir='ltr'><strong>corporale</strong></span> <span class='ocrx_word' id='word_1_986' title='bbox 3434 5751 3670 5822; x_wconf 82' lang='lat' dir='ltr'><strong>possibile</strong></span> <span class='ocrx_word' id='word_1_987' title='bbox 3723 5747 3842 5804; x_wconf 80' lang='lat' dir='ltr'><strong>est?</strong></span> <span class='ocrx_word' id='word_1_988' title='bbox 3895 5745 4001 5801; x_wconf 80' lang='lat' dir='ltr'><strong>De-</strong></span> 
     </span>
    </p>
   </div>
   <div class='ocr_carea' id='block_1_114' title="bbox 2405 5841 4004 5932">
    <p class='ocr_par' dir='ltr' id='par_1_114' title="bbox 2405 5841 4004 5932">
     <span class='ocr_line' id='line_1_114' title="bbox 2405 5841 4004 5932; baseline -0.018 -13"><span class='ocrx_word' id='word_1_989' title='bbox 2405 5863 2518 5919; x_wconf 90' lang='lat' dir='ltr'><strong>buit</strong></span> <span class='ocrx_word' id='word_1_990' title='bbox 2538 5874 2664 5932; x_wconf 83' lang='lat' dir='ltr'><strong>ergo</strong></span> <span class='ocrx_word' id='word_1_991' title='bbox 2686 5868 2891 5916; x_wconf 83' lang='lat' dir='ltr'><strong>mutare</strong></span> <span class='ocrx_word' id='word_1_992' title='bbox 2913 5852 3253 5919; x_wconf 87' lang='lat' dir='ltr'><strong>sententiam,</strong></span> <span class='ocrx_word' id='word_1_993' title='bbox 3273 5862 3377 5919; x_wconf 88' lang='lat' dir='ltr'><strong>qua</strong></span> <span class='ocrx_word' id='word_1_994' title='bbox 3401 5845 3527 5904; x_wconf 90' lang='lat' dir='ltr'><strong>alibi</strong></span> <span class='ocrx_word' id='word_1_995' title='bbox 3549 5843 3756 5905; x_wconf 77' lang='lat' dir='ltr'><strong>dixerat</strong></span> <span class='ocrx_word' id='word_1_996' title='bbox 3777 5841 4004 5912; x_wconf 80' lang='lat' dir='ltr'><strong>(nempe</strong></span> 
     </span>
    </p>
   </div>
  </div>
