4242 6264
285 351 392 437 tos

1557 332 1700 393 CUM
1738 324 2083 388 ANTIDOTO
2121 322 2417 384 PAMELII.

3489 327 3594 384 194

291 465 328 521 Ι,
376 462 444 520 ad
488 461 674 533 Prax.)
721 458 880 516 etiam
912 455 1076 511 Deum
1114 469 1301 527 corpus
1339 467 1466 508 esse.
1515 450 1701 520 Neque
1753 446 1894 502 enim
1925 447 1974 504 Α
2006 453 2172 496 motus
2201 443 2358 496 animi
2399 442 2449 496 in
2501 439 2608 495 Deo
2643 439 2853 497 videtur
2891 453 3192 512 agnoscere
3221 480 3236 508 ,
3267 440 3362 496 sed
3397 449 3611 512 praeter.

205 617 208 620 _
293 557 527 612 arbitror
554 568 675 609 eum
726 552 796 606 ita
831 549 1127 620 desipuisse
1153 555 1256 615 ,ιιι
1299 546 1461 600 etiam
1504 541 1595 596 Dei
1645 549 1889 595 naturam

296 647 606 721 passibilem
644 643 888 701 crederet
909 685 922 708 ,
953 652 1006 695 ut
1043 641 1153 710 jam
1196 637 1442 694 Christus
1468 678 1483 703 ,
1511 650 1618 688 non
1649 632 1699 686 in
1725 645 1890 685 carne

293 748 523 807 tantum,
559 752 733 807 neque
765 735 817 789 in
843 749 1006 789 carne
1028 741 1082 788 et
1106 732 1279 787 anima
1307 771 1322 795 ,
1351 727 1447 785 sed
1477 729 1527 782 in
1553 727 1666 797 ipso
1688 721 1889 786 Verbo,

292 849 390 904 per
410 832 550 904 quod
575 831 712 886 facta
742 836 868 885 sunt
895 827 1095 890 omnia,
1123 823 1391 896 passibilis
1417 831 1471 877 et
1497 816 1892 875 comnmtabilis

289 941 415 982 esse
443 924 711 991 credatur,
743 923 885 994 quod
912 921 1051 976 absit
1083 934 1112 973 a
1149 916 1312 973 corde
1342 913 1655 970 christiano.
1687 908 1751 963 Et
1782 923 1894 962 rur-

289 1032 412 1072 sum
437 1016 632 1072 ibidem
660 1015 840 1071 verbis
867 1015 1025 1071 etiam
1056 1025 1218 1084 supra
1240 1007 1418 1063 citatis
1443 1022 1455 1060 :
1479 1003 1584 1060 Sed
1615 999 1890 1057 tremenda

287 1119 418 1164 sunt
443 1110 564 1174 ista,
594 1123 700 1163 non
728 1107 970 1163 ridenda.
1007 1103 1087 1160 Ad
1114 1102 1228 1157 [nec
1251 1100 1395 1156 enim
1425 1091 1696 1166 nunquam
1726 1107 1888 1162 coge-

261 1231 264 1233 >
287 1211 464 1271 retur,
489 1202 535 1258 si
559 1201 758 1273 aliquid
780 1201 1017 1272 cogitare
1047 1205 1245 1268 posset,
1270 1192 1408 1264 quod
1431 1200 1487 1246 et
1509 1191 1594 1254 sit,
1619 1197 1673 1243 et
1697 1200 1890 1254 corpus

285 1312 402 1352 non
424 1296 513 1350 sit.
547 1294 778 1350 Rursum
822 1294 915 1348 lib.
953 1291 1020 1348 de
1051 1291 1243 1346 lueres.
1275 1287 1338 1342 ad
1371 1281 1719 1352 Quodvultd.,
1752 1279 1886 1333 hzer.

284 1391 385 1448 86.
420 1392 594 1463 ipsum
627 1391 788 1446 etiam
831 1388 998 1444 Deum
1049 1383 1368 1455 corporeum
1411 1393 1531 1433 esse
1568 1376 1697 1430 dicit
1719 1415 1734 1437 ,
1766 1374 1891 1428 licet

282 1498 405 1537 non
433 1482 728 1553 elligiatum
769 1479 880 1552 (ubi
910 1475 1145 1532 alludere
1193 1472 1400 1528 videtur
1440 1469 1505 1523 ad
1536 1465 1718 1528 lib.ll,
1766 1465 1887 1520 adv.

279 1575 514 1646 Μαῖα).
547 1573 656 1629 Nec
703 1581 876 1627 tamen
928 1569 1049 1624 hinc
1093 1565 1374 1621 haereticus
1412 1561 1650 1617 creditur
1695 1560 1887 1614 Iactus.

279 1669 490 1726 Posset
539 1668 681 1723 enim
725 1679 937 1737 quoquo
976 1660 1132 1716 modo
1182 1660 1398 1730 putari,
1446 1658 1613 1727 ipsam
1644 1664 1888 1710 naturam

281 1761 761 1831 substantiamque
790 1758 1018 1812 divinam
1049 1770 1244 1825 corpus
1266 1767 1480 1818 vocare,
1513 1767 1615 1805 non
1641 1750 1745 1805 tale
1771 1764 1891 1803 cor-

287 1869 416 1926 pus,
445 1852 599 1922 cujus
627 1860 805 1921 partes
828 1849 944 1904 aliae
971 1848 1221 1916 majores,
1254 1846 1373 1899 alite
1403 1845 1660 1909 minores,
1685 1842 1893 1897 valeant

287 1947 384 2002 vel
408 1946 634 2001 debeant
655 1943 874 2014 cogitari
895 1985 911 2010 ,
941 1942 1116 2012 qualia
1145 1949 1268 1995 sunt
1296 1939 1507 2004 omnia,
1535 1953 1654 2007 qum
1682 1938 1894 2008 prorrie

290 2037 524 2094 dicimus
553 2051 778 2108 corpora
808 2033 1075 2106 (quamvis
1105 2033 1172 2088 de
1216 2033 1391 2087 anima
1421 2032 1523 2086 tale
1549 2031 1744 2099 aliquid
1774 2045 1896 2084 sen-

294 2131 446 2199 tiat),
467 2130 558 2185 sed
584 2130 835 2200 pntuit,ut
853 2126 986 2193 disi,
1013 2136 1295 2196 propterea
1322 2125 1492 2194 putari
1514 2123 1711 2192 Corpus
1733 2121 1895 2175 Deum

295 2221 507 2287 dicere,
533 2221 651 2292 quia
679 2238 782 2276 non
810 2218 1072 2282 estnihil,
1104 2233 1209 2273 non
1242 2227 1323 2272 est
1361 2216 1588 2270 inanitas
1615 2255 1629 2280 ,
1662 2229 1766 2270 non
1813 2223 1897 2270 est

298 2316 549 2383 corporis
575 2314 654 2368 vel
681 2315 874 2368 anima:
899 2313 1164 2385 qualitas,
1196 2311 1291 2368 sed
1320 2312 1515 2381 ubique
1539 2309 1657 2364 talis
1679 2353 1692 2377 ,
1723 2321 1776 2365 el
1801 2327 1898 2380 per

299 2409 544 2464 locorum
575 2409 740 2478 spatia
787 2409 930 2463 nulla
979 2407 1200 2478 partitus
1225 2449 1238 2471 ,
1273 2407 1324 2459 in
1365 2420 1459 2460 sua
1489 2414 1665 2460 tamen
1710 2414 1894 2460 natura

270 2511 463 2572 atque
498 2500 794 2556 substantia
826 2499 1229 2555 inunutaliiliter
1260 2507 1554 2568 permanet.
1597 2497 1754 2551 Certe
1785 2497 1898 2567 ipse

299 2596 506 2650 Auctor
551 2595 683 2650 satis
721 2609 779 2649 se
804 2593 1055 2664 exlilicat.
1093 2592 1182 2648 Sic
1225 2590 1367 2647 enim
1401 2591 1435 2644 l.
1469 2589 1590 2645 adr.
1620 2589 1896 2659 ιιι-γυιοεά

305 2684 375 2740 Ut
402 2686 678 2741 concedam
727 2702 834 2740 esse
872 2685 1067 2755 aliquid
1105 2685 1425 2755 incorporale
1450 2724 1465 2750 ,
1506 2683 1568 2736 de
1607 2683 1898 2740 substantiis

300 2779 591 2846 duntaxat;
618 2795 772 2846 quum
796 2779 907 2848 ipsa
950 2776 1226 2831 substantia
1251 2792 1436 2846 corpus
1457 2777 1519 2828 sit
1541 2775 1612 2828 rei
1637 2775 1896 2843 cujusque,

300 2883 359 2930 et
382 2874 474 2928 lib.
505 2872 573 2927 de
602 2874 792 2928 Anima
820 2915 834 2938 ,
869 2887 986 2940 cap.
1021 2871 1052 2924 7
1074 2912 1089 2935 ,
1135 2886 1188 2924 n.
1221 2869 1290 2924 96
1321 2888 1333 2924 :
1363 2867 1508 2922 Niliil
1532 2869 1662 2921 enini
1682 2909 1695 2933 ,
1726 2868 1770 2921 si
1799 2885 1899 2922 non

302 2983 509 3037 corpus.
539 2965 670 3021 Item
703 2965 794 3019 lib.
825 2963 893 3019 de
921 2964 1091 3018 Carne
1119 2961 1313 3017 Christi
1349 2980 1360 3014 :
1395 2961 1563 3028 Quum
1607 2974 1772 3015 autem
1812 2963 1896 3026 sit,

304 3057 486 3113 habeat
516 3074 716 3113 necesse
735 3067 806 3111 est
830 3057 1044 3126 aliquid,
1069 3072 1156 3122 per
1175 3056 1311 3126 quod
1331 3067 1422 3110 est.
1450 3055 1511 3111 Si
1535 3058 1682 3111 liabet
1705 3056 1900 3125 aliquid

304 3168 396 3223 per
429 3152 564 3221 quod
601 3160 673 3205 est
697 3192 712 3218 ,
747 3150 841 3203 hoc
884 3153 976 3202 erit
1022 3164 1208 3218 corpus
1247 3150 1375 3212 eius.
1429 3147 1590 3202 Omne
1632 3149 1769 3217 quod
1803 3158 1896 3214 est,
1927 3172 1972 3234 ρ

304 3262 492 3316 corpus
520 3253 590 3298 est
618 3244 698 3297 sui
729 3243 926 3314 generis
934 3257 968 3310 δ
991 3241 1116 3295 ni/til
1161 3250 1232 3294 cst
1275 3239 1613 3311 incorporale,
1646 3241 1744 3293 nisi
1768 3241 1902 3307 quod

306 3348 530 3391 nonest.
566 3337 802 3407 Denique
846 3336 940 3391 lib.
990 3333 1037 3388 ll
1066 3334 1326 3410 adversus
1368 3332 1726 3388 Marcionem:
1763 3332 1902 3387 Nam

307 3437 358 3482 et
383 3428 612 3489 dextram
637 3428 842 3503 ,‘inquit
866 3469 883 3495 ,
919 3435 964 3481 et
991 3428 1162 3481 oculos
1191 3435 1238 3480 ct
1267 3425 1417 3496 pedes
1447 3424 1540 3480 Dei
1568 3428 1778 3498 legimus
1802 3469 1815 3494 ,
1843 3444 1904 3480 ne

307 3521 426 3576 ideo
449 3531 613 3576 tamen
634 3523 863 3576 Immanis
875 3539 984 3577 cont
992 3522 1325 3591 parabuntur,
1351 3523 1470 3591 quia
1488 3521 1550 3574 de
1563 3522 1904 3591 appellatione

305 3617 595 3671 sociantur.
650 3616 850 3682 Quanta
880 3618 973 3671 erit
1003 3617 1265 3671 diversitas
1296 3615 1453 3670 tlirini
1477 3616 1706 3686 corporis
1729 3626 1773 3668 et
1801 3615 1900 3668 Im.

305 3711 446 3764 mani
469 3709 562 3764 sub
591 3710 780 3765 eisdem
806 3711 1091 3764 nominibus
1120 3711 1475 3776 membrorum,
1503 3722 1606 3765 etc.
1637 3707 1899 3764 Cat-terum

305 3799 473 3858 Deum
518 3803 870 3871 incorporeum
906 3802 1099 3858 docent
1139 3805 1320 3858 caeteri
1367 3803 1552 3857 Patres
1593 3819 1778 3864 omnes
1805 3845 1820 3867 ,
1848 3813 1900 3859 et

307 3894 446 3948 inter
473 3893 708 3948 lizereses
737 3894 1004 3967 collocant
1035 3895 1361 3948 contrarium
1407 3894 1676 3949 altirmarc
1700 3937 1714 3962 ,
1744 3896 1899 3949 sicuti

307 3997 450 4057 patet
470 4003 534 4042 ex
553 3987 859 4060 Philastrio,
881 3988 938 4044 S.
959 3990 1205 4057 August.,
1228 3987 1511 4058 Epiphan.,
1534 3987 1894 4054 'llieudoreto,

308 4077 642 4134 Damasceno
663 4121 679 4147 ,
710 4078 914 4134 Isidoro
941 4121 956 4145 ,
1002 4079 1262 4133 Ilhahauo
1286 4083 1334 4133 in
1366 4079 1634 4149 Catalogis
1657 4079 1895 4135 hmretic.

304 4187 470 4240 quum
492 4171 856 4228 Audianormn
876 4173 988 4228 sive
1010 4172 1678 4242 Anthropomorphitarum
1703 4173 1901 4229 faciunt

308 4266 655 4324 mentionem.

313 4404 400 4461 16.
435 4405 509 4460 De
543 4405 633 4460 Dei
666 4405 762 4459 ira.
791 4404 937 4459 Tom.
966 4404 1006 4460 Ι.
1039 4405 1125 4459 lib.
1158 4404 1220 4460 de
1246 4403 1456 4459 Testim.
1490 4405 1658 4459 Anim.
1703 4422 1818 4476 cap.
1845 4405 1899 4461 2.

296 4499 300 4502 ⁴
382 4515 523 4552 num.
558 4499 611 4552 7.
644 4497 792 4552 Tom.
821 4498 907 4552 Ill.
943 4499 1030 4552 lib.
1063 4500 1125 4553 de
1152 4499 1455 4568 Anim.cap.
1491 4499 1574 4554 i6.
1610 4517 1751 4554 nunt.
1775 4500 1901 4554 211.
1931 4533 1983 4592 D
2011 4497 2208 4588 Hosiuis
2239 4535 2291 4588 in
2336 4535 2506 4590 locum
2555 4537 2784 4604 Priorem

389 4592 603 4646 Δάνα-ε.
637 4591 806 4646 Marc.
835 4591 924 4645 lib.
947 4590 1122 4660 Leap.
1147 4591 1240 4646 26.
1270 4609 1409 4645 num.
1442 4593 1564 4648 181.
1587 4592 1673 4646 lib.
1703 4595 1756 4645 2.
1787 4610 1902 4661 cap.

387 4685 474 4741 10.
503 4703 643 4741 nunt.
676 4684 768 4740 94.
797 4684 888 4738 lib.
921 4685 975 4739 4.
1008 4699 1124 4754 cap.
1156 4685 1244 4739 15.
1280 4701 1421 4739 num.
1456 4685 1560 4742 195
1595 4696 1644 4739 et
1669 4702 1782 4756 cap.
1814 4686 1903 4741 51.

387 4793 529 4834 num.
545 4777 682 4833 ‘507.

385 4909 562 4964 Prima
595 4908 806 4980 quidem
835 4908 969 4966 facie
1011 4908 1220 4966 videtur
1239 4909 1594 4967 Tertullianus
1621 4911 1730 4966 Deo
1761 4913 1912 4967 attri-

312 5004 481 5060 buere
519 5006 648 5066 iram
688 5004 845 5060 dictis
886 5005 1018 5060 locis
1041 5048 1056 5072 ,
1112 5006 1206 5060 sed
1249 5006 1442 5076 ubique
1473 5007 1586 5068 fere
1613 5007 1906 5072 vindictam,

312 5110 409 5153 seu
436 5098 676 5151 ultionem
704 5097 797 5152 Dei
826 5097 1231 5168 interpretatur.
1291 5099 1358 5154 Et
1403 5116 1530 5154 vero
1558 5100 1607 5154 id
1638 5099 1908 5157 inculcare

315 5203 437 5244 eum
467 5188 701 5258 oportuit
730 5190 886 5243 toties
907 5229 920 5255 ,
951 5206 1055 5244 non
1082 5190 1254 5244 solum
1281 5189 1692 5247 eontraGentes
1718 5233 1731 5257 ,
1755 5193 1908 5247 sicuti

315 5278 492 5350 primo
516 5279 657 5343 loco,
685 5278 778 5334 sed
803 5281 1033 5336 maxime
1058 5273 1178 5334 ad'v.
1219 5279 1474 5338 Marcion.
1503 5283 1592 5352 qui
1623 5282 1784 5336 Deum
1826 5299 1912 5339 as-

313 5371 530 5428 serebat
559 5372 1028 5428 bonum-duntaxat
1049 5417 1064 5441 ,
1098 5391 1202 5430 non
1234 5390 1361 5430 vero
1388 5375 1631 5430 vindicem
1660 5386 1747 5430 aut
1773 5377 1914 5440 indi-

317 5480 447 5518 cem.
479 5465 597 5532 Quo
628 5463 690 5519 Iit
730 5473 788 5520 ut
829 5465 1087 5521 latissime
1111 5465 1368 5522 adversus
1395 5467 1543 5524 illum
1571 5468 1825 5539 disputet,
1855 5480 1910 5528 et

317 5555 645 5612 contrarium
674 5573 738 5612 ex
757 5555 1048 5628 Seripturis
1075 5557 1342 5623 ostendat,
1374 5559 1478 5613 illis
1507 5575 1633 5615 usus
1659 5561 1905 5630 subinde,

317 5663 435 5719 qua:
462 5651 555 5704 ira:
580 5649 696 5717 Dei,
725 5659 885 5721 atque
908 5650 1044 5706 adeo
1073 5651 1308 5706 vindicta:
1333 5653 1658 5709 mentionem
1687 5653 1907 5722 faciunt,

316 5741 549 5797 maxime
580 5739 758 5812 Ladv.
784 5740 948 5799 Marc.
968 5757 1016 5796 c.
1039 5742 1132 5798 25.
1154 5741 1248 5798 26.
1270 5742 1360 5799 27.
1383 5733 1438 5799 ἒξι
1461 5742 1552 5800 28.
1586 5746 1621 5800 I.
1655 5745 1719 5802 II.
1749 5760 1798 5801 c.
1820 5747 1907 5802 11.

316 5828 407 5888 12.
440 5833 526 5889 13.
561 5833 646 5891 14.
669 5835 752 5920 ’15
779 5844 833 5892 et
873 5833 960 5890 16.
1010 5833 1106 5893 Est
1149 5835 1366 5908 quidem
1416 5836 1565 5898 locus
1607 5852 1743 5897 unus
1769 5879 1788 5910 ,
1820 5838 1908 5897 ubi

1999 551 2162 606 quam
2211 535 2353 606 quod
2401 534 2596 590 ibidem
2626 578 2640 602 ,
2684 535 2918 590 aztnulari
2941 576 2957 595 ,
2989 535 3160 600 irasci,
3190 535 3590 606 interpretatur,

1998 628 2244 682 danmare
2266 670 2280 693 ,
2314 644 2495 683 vexare
2517 669 2532 693 ,
2565 636 2837 698 postremo
2881 627 3120 682 omnium
3177 627 3296 682 loco
3339 641 3397 683 se
3424 627 3592 700 magis

1999 721 2252 792 explicat,
2285 737 2446 792 qutttn
2477 722 2661 776 moveri
2693 719 2879 788 Deunt,
2904 731 2955 777 et
2977 732 3142 776 motus
3163 721 3213 775 in
3241 720 3367 789 Deo,
3397 738 3494 793 pro
3515 723 3592 778 ira

1997 815 2213 884 accipit.
2265 815 2503 885 Denique
2546 831 2766 885 prorsus
2807 814 3042 884 seipsum
3087 814 3325 884 explicat
3372 815 3518 871 dicto
3542 831 3592 872 c.

1999 903 2091 970 16,
2119 905 2154 960 Ι.
2182 904 2252 959 II.
2284 905 2336 960 in
2367 906 2481 960 haec
2508 905 2666 961 verba
2697 922 2711 959 :
2746 905 2864 960 Sive
2891 906 2970 959 ira
2995 949 3012 973 ,
3040 907 3142 960 sive
3161 905 3420 961 temulatio
3445 948 3460 974 ,
3491 909 3595 963 sive

1997 997 2209 1060 sterilia,
2239 998 2404 1052 debita
2425 997 2538 1053 Itazc‘
2560 997 2732 1052 omnia
2757 1008 2872 1052 sunt
2896 999 3169 1064 severitati,
3200 999 3331 1052 sicut
3358 999 3594 1054 severitas

1996 1088 2215 1143 debitum
2248 1099 2319 1144 est
2349 1091 2588 1160 justitiaz.
2645 1089 2847 1145 Deinde
2888 1105 3051 1161 quum
3098 1089 3385 1159 objecisset
3429 1091 3592 1148 verba

1998 1181 2283 1238 Marcionis
2307 1200 2321 1238 :
2346 1184 2408 1239 Si
2428 1183 2566 1238 Deus
2592 1183 2826 1237 irascitur
2847 1193 2892 1236 et
2916 1183 3186 1237 tumulatur
3203 1225 3217 1250 ,
3242 1193 3291 1238 et
3313 1184 3592 1252 extollitur,

1998 1286 2045 1330 et
2073 1279 2405 1331 exacerbatur
2428 1319 2442 1344 ,
2471 1293 2589 1348 ergo
2619 1287 2664 1330 et
2691 1287 3070 1346 corrumpetur,
3103 1293 3220 1348 ergo
3247 1287 3294 1330 et
3331 1278 3590 1334 morietur.

1997 1366 2144 1423 Scite
2179 1368 2472 1425 admodum
2503 1369 2791 1443 respondet
2823 1385 2835 1421 :
2871 1368 3174 1424 Stultissimi
3203 1370 3289 1441 qui
3316 1369 3380 1425 de
3407 1371 3593 1425 humao

1997 1461 2076 1515 nis
2097 1460 2268 1515 divina
2295 1463 2592 1530 prtcdt'cant,
2612 1473 2666 1515 ut
2690 1462 2926 1530 quoniam
2957 1462 3008 1515 in
3036 1463 3236 1516 Ito-mine
3260 1465 3595 1534 corruptoria:

2002 1554 2310 1608 conditionis
2339 1552 2904 1624 habentnr’lntjusntodi
2936 1554 3224 1624 passiones,
3253 1556 3442 1610 idcirco
3469 1567 3514 1610 et
3540 1557 3593 1611 in

1999 1643 2106 1699 Deo
2142 1645 2368 1716 ejusdem
2398 1655 2560 1699 status
2586 1646 2956 1700 existimentur.
2998 1645 3239 1702 Discertte
3283 1648 3595 1704 substantias

1998 1746 2044 1789 et
2071 1754 2190 1791 suos
2217 1739 2288 1792 eis
2315 1739 2556 1792 distribtte
2577 1755 2772 1803 sensus,
2797 1749 2899 1792 tam
2922 1741 3162 1806 diversos,
3187 1758 3336 1811 quant
3357 1743 3595 1798 substan-

1922 1811 1969 1870 Β
2000 1830 2085 1884 tia:
2138 1831 2381 1901 exigunt,
2434 1832 2548 1886 licet
2594 1832 2845 1887 vocabulis
2888 1835 3258 1888 communicare
3311 1835 3594 1891 vidcantur.

2001 1921 2140 1975 Nam
2167 1933 2214 1976 et
2241 1924 2502 1977 dexteram
2522 1965 2536 1989 ,
2563 1934 2608 1978 et
2630 1925 2828 1989 oculos,
2857 1935 2904 1978 et
2930 1925 3078 1990 pedes
3101 1925 3196 1980 Dei
3223 1926 3478 1999 legimus;
3507 1944 3598 1983 nec

1998 2018 2112 2073 ideo
2139 2029 2303 2074 tamen
2333 2020 2568 2075 humanis
2607 2021 3058 2092 comparabuntur,
3103 2024 3221 2094 quia
3264 2026 3327 2079 de
3365 2025 3596 2098 appella-

2000 2111 2136 2166 tione
2161 2114 2440 2169 sociantur.

2001 2269 2088 2325 17.
2127 2263 2422 2326 Ecclesium
2454 2287 2575 2328 esse
2617 2272 2670 2328 in
2706 2274 2902 2341 tribus,
2937 2275 3096 2331 etiam
3145 2277 3316 2332 laicis.
3345 2276 3489 2352 Iam.
3523 2277 3587 2335 V.

2073 2363 2162 2418 lib.
2193 2365 2256 2418 de
2290 2364 2560 2447 Exhortat.
2603 2371 2772 2422 castit.
2819 2385 2935 2438 cap.
2963 2371 3013 2424 7.
3045 2387 3185 2425 num.
3226 2371 3296 2427 40
3325 2381 3372 2426 et
3401 2373 3489 2427 lib.
3531 2371 3596 2429 de

1971 2463 1992 2491 ·»
2071 2454 2258 2510 Pttdic.
2291 2474 2406 2528 cap.
2436 2457 2526 2514 21.
2551 2476 2691 2513 num.
2726 2459 2848 2516 191.

2075 2589 2187 2645 Νοη
2218 2591 2355 2647 male
2380 2592 2603 2649 Tertull.
2649 2593 2742 2650 lib.
2771 2595 2838 2650 de
2879 2597 3185 2665 Ptenitent.,
3213 2617 3261 2657 c.
3297 2599 3384 2670 10,
3416 2620 3470 2660 n.
3503 2603 3596 2673 60,

2003 2680 2232 2750 dixerat,
2258 2694 2440 2755 utpote
2461 2695 2830 2742 aute‘omnem
2859 2687 3136 2745 heresim:
3165 2693 3216 2746 iu
3239 2711 3340 2749 uno
3367 2704 3411 2750 et
3440 2699 3601 2754 altero

2007 2772 2234 2829 Ecclesia
2261 2787 2352 2840 est,
2385 2786 2566 2847 utpote
2603 2780 2691 2849 qui
2722 2779 2792 2834 ibi
2826 2781 3087 2838 alluderet
3115 2784 3180 2839 ad
3227 2787 3354 2842 illttd
3379 2784 3597 2861 (Mattlt.

2005 2865 2192 2936 XVIII)
2221 2885 2234 2922 :
2263 2867 2360 2923 Ubi
2385 2869 2640 2924 sunt‘duo
2665 2872 2749 2926 vel
2784 2881 2893 2928 tres
2923 2878 3231 2946 congregati
3267 2877 3321 2932 in
3375 2883 3594 2939 nomine

2006 2976 2126 3020 meo
2158 2962 2226 3016 ibi
2247 2977 2362 3017 sum
2387 2963 2437 3017 in
2459 2965 2634 3018 medio
2653 2980 2836 3019 eormn
2860 2983 2874 3032 ;
2894 2983 3054 3037 qmun
3076 2971 3424 3039 praemisisset
3443 2975 3600 3044 paulo

2007 3069 2154 3121 prius
2187 3071 2198 3106 :
2231 3054 2321 3108 Dic
2350 3055 2623 3111 Ecclesiaz.
2652 3058 2804 3124 Quod
2835 3070 3008 3114 tamen
3031 3061 3100 3115 de
3126 3063 3390 3131 praefectis
3415 3064 3600 3122 Eccle-

2005 3146 2099 3200 sia:
2153 3144 2470 3216 Episcopis,
2523 3164 2628 3202 non
2685 3165 2814 3206 vero
2863 3149 2931 3204 de
2979 3151 3129 3206 laicis
3177 3154 3598 3224 interpretantur

2008 3247 2217 3292 veteres
2256 3239 2465 3302 omnes,
2520 3239 2632 3320 ipse
2661 3255 2873 3310 quoque
2897 3241 3085 3296 eodem
3121 3243 3239 3299 loco
3266 3245 3491 3316 loquens
3531 3249 3598 3306 de

2007 3329 2412 3394 sacerdotibus,
2457 3329 2650 3400 quibus
2703 3332 2862 3387 [iebat
2910 3335 3320 3407 exomolagesis.
3374 3338 3601 3399 Prorsus

2009 3423 2172 3478 etiam
2203 3423 2522 3478 catholicum
2569 3433 2649 3477 est
2703 3423 2829 3477 illud
2885 3425 2920 3478 l.
2961 3426 3030 3481 de
3074 3427 3357 3499 Baptism.,
3389 3446 3508 3503 cap.
3541 3433 3596 3502 6,

2009 3531 2157 3570 num.
2187 3514 2288 3570 47:
2317 3513 2413 3570 Ubi
2437 3527 2556 3582 tres,
2583 3516 2746 3580 idest,
2785 3517 2938 3574 Pater
2957 3564 2972 3587 ,
3004 3531 3051 3574 et
3078 3520 3126 3574 F
3128 3523 3264 3589 ilius,
3289 3533 3338 3578 et
3372 3525 3600 3596 Spiritus

2011 3607 2254 3673 Sanctus,
2286 3609 2353 3661 ibi
2381 3607 2629 3676 Ecclesia,
2650 3612 2768 3682 quia
2793 3612 2942 3666 trium
2965 3630 3150 3683 corpus
3186 3626 3278 3672 est.
3305 3617 3498 3675 Verum
3531 3622 3599 3676 ad

2007 3700 2254 3756 lueresim
2303 3703 2552 3771 pet-tinet,
2587 3704 2723 3758 sicut
2751 3706 2909 3760 etiam
2947 3707 2997 3762 in
3029 3706 3148 3762 Vita
3176 3710 3294 3780 ejus
3319 3700 3600 3769 adnotavi;

2005 3811 2144 3860 mus,
2180 3795 2307 3850 illttd
2331 3796 2420 3851 lib.
2445 3796 2511 3852 de
2541 3796 2762 3854 Exhort.
2795 3801 2993 3856 castit.:
3031 3802 3136 3857 Sed
3175 3815 3220 3858 et
3245 3805 3331 3859 ubi
3353 3816 3478 3872 tres,
3512 3805 3589 3862 Ec

2004 3886 2156 3940 clesia
2187 3895 2276 3952 est,
2307 3887 2418 3941 licet
2446 3888 2564 3941 laici
2575 3935 2578 3937 .
2616 3887 2971 3961 Unusquisque
2990 3894 3121 3947 enim
3141 3896 3207 3948 de
3225 3896 3329 3962 ﬁde
3344 3913 3436 3956 sua
3458 3900 3596 3955 vivit.

1981 3973 2240 4032 'Maxime
2269 3995 2432 4049 quum
2475 3979 2662 4034 iisdem
2707 3982 2817 4038 fere
2845 3984 3023 4038 verbis
3063 3985 3294 4057 idipsum
3325 3999 3528 4060 repetat
3557 3991 3597 4048 l.

2004 4071 2070 4126 de
2088 4070 2338 4135 Pudicit.;
2359 4087 2422 4126 ex
2456 4089 2563 4143 quo
2592 4075 2708 4129 loco
2733 4076 3000 4146 Colligitur
3027 4093 3093 4132 eo
3125 4081 3334 4137 venisse
3364 4099 3484 4140 eum
3514 4085 3598 4142 de-

2006 4163 2242 4230 mentia',
2288 4167 3084 4223 uti-existimaveritEcclesium
3134 4171 3296 4230 fuisse
3335 4177 3388 4230 in
3419 4179 3596 4247 tribus,

2007 4271 2197 4324 nempe
2241 4255 2491 4312 Montano
2519 4299 2532 4321 ,
2566 4258 2744 4313 Prisca
2784 4269 2837 4313 et
2867 4260 3150 4318 Maximilla
3181 4283 3195 4318 :
3231 4281 3339 4337 quo
3367 4270 3598 4340 pertinet

2007 4351 2150 4419 quod
2173 4351 2240 4404 ibi
2266 4362 2520 4420 pra-terea
2554 4363 2732 4421 negat,
2755 4351 3038 4410 Ecclesium
3060 4349 3444 4416 essenttmernm
3473 4363 3601 4435 Epi-

2011 4457 2299 4508 scOporum.
2332 4441 2523 4496 Verum
2555 4443 2657 4497 late
2684 4446 3008 4501 contrarium
3038 4447 3357 4507 deduximus
3399 4453 3625 4510 Adnot.’

2996 4556 3060 4596 ex
3115 4543 3230 4612 ipso
3272 4544 3601 4603 Tertulliano

2009 4628 2183 4683 adhuc
2224 4630 2504 4695 catholico,
2537 4633 2608 4684 uti
2637 4635 2796 4686 etiam
2821 4633 3085 4689 adversus
3103 4635 3601 4707 Magdeburgenses,

2011 4721 2099 4791 qui
2124 4719 2244 4774 inde
2265 4722 2584 4790 colligebant
2619 4720 2911 4778 Ecclesium
2933 4739 3053 4780 esse
3084 4727 3135 4780 in
3167 4729 3370 4796 paucis.
3404 4731 3460 4786 Si
3483 4734 3602 4804 quis
3681 4801 3683 4803 ι

2013 4813 2164 4882 plura
2209 4811 2479 4866 desideret
2504 4854 2517 4876 ,
2552 4814 2788 4883 perlegat
2841 4813 3006 4871 libros
3032 4859 3047 4883 ,
3093 4828 3350 4891 quotquot
3391 4824 3606 4896 scripsit

2012 4904 2070 4962 S.
2102 4907 2323 4976 August.
2357 4916 2544 4972 contra
2577 4905 2899 4974 Donatistas,
2930 4910 3016 4979 qui
3045 4910 3347 4983 Seriptur‘as
3370 4926 3479 4974 tum
3503 4919 3606 4976 Ve-

2015 5000 2174 5064 teris,
2204 5009 2314 5055 tum
2355 4999 2483 5053 Novi
2533 4999 2866 5056 TeSIamcuti
2913 5005 3265 5078 undequaque
3306 5015 3598 5084 caugessit,

2015 5093 2206 5164 quibus
2235 5085 2444 5148 coiistet
2472 5109 2577 5148 non
2601 5093 2651 5148 in
2686 5109 2792 5152 uno
2821 5095 2938 5150 solo
2961 5107 3222 5156 terrarum
3252 5104 3395 5177 loco,
3424 5114 3607 5177 utpote

2015 5187 2215 5252 Africa,
2232 5187 2530 5243 Ecclesium
2555 5202 2694 5254 esse,
2721 5190 2816 5243 sed
2842 5200 2951 5248 toto
2973 5193 3102 5248 orbe
3125 5174 3383 5252 terrarum
3406 5174 3607 5270 disper-

2017 5292 2152 5346 sam,
2180 5278 2329 5350 jnxta
2360 5291 2406 5334 et
2437 5279 2683 5333 vaticinia
2726 5278 3113 5360 Prophetarum
3140 5293 3195 5338 et
3223 5287 3605 5354 Apostolorum

2017 5375 2318 5430 testimonia
2362 5374 2477 5429 sole
2516 5373 2743 5429 clariora
2775 5391 2789 5428 :
2819 5391 2923 5446 quo
2953 5377 3232 5433 Lectorem
3260 5381 3602 5450 remittimus,

2017 5483 2086 5523 ne
2127 5467 2209 5522 hic
2255 5468 2572 5538 prolixiores
2613 5467 2804 5523 simus.
2855 5469 2967 5524 Iloc
3013 5486 3177 5526 unum
3217 5472 3505 5540 addemus,
3539 5480 3606 5535 ad

2013 5561 2257 5618 eamdem
2277 5561 2392 5631 ejus
2415 5560 2657 5615 harresim
2689 5562 2973 5632 pertinere,
2993 5563 3136 5636 quod
3162 5565 3237 5620 ait
3265 5575 3393 5623 tom.
3419 5569 3482 5635 II,
3510 5571 3604 5628 lib.

2014 5653 2081 5709 de
2104 5651 2300 5707 Coron.
2333 5651 2511 5716 milit.,
2540 5665 2639 5722 cap
2671 5652 2728 5717 4,
2760 5655 2992 5709 num.“
3018 5671 3030 5708 :
3061 5656 3140 5711 Λη
3170 5674 3270 5713 non
3293 5669 3444 5732 putas
3472 5666 3612 5719 omni

2015 5745 2156 5817 ﬁdeli
2186 5745 2335 5799 licere
2356 5745 2615 5816 concipere
2641 5754 2689 5802 et
2715 5746 3049 5820 constituere,
3073 5748 3326 5808 duntaxat
3345 5756 3483 5826 quod
3497 5755 3607 5814 Deo

2015 5846 2269 5912 congruat
2293 5838 2322 5893 .’
