4242 6264
657 372 763 464 tas

658 532 854 589 18..De
881 529 1086 588 Ecstasi
1116 530 1218 584 sive
1245 525 1503 595 amentia,
1532 526 1634 583 sive
1663 524 1855 597 spiritu
1889 523 2210 597 Propltetico
2232 565 2248 591 ,

727 624 963 680 Montani
982 632 1036 680 et
1055 624 1367 679 insanarum
1387 622 1581 679 Vatum
1614 618 1875 676 Priscilla:
1906 627 1961 676 et
1989 617 2253 673 Maximil-

730 718 828 786 ιω,
878 726 932 773 et
979 716 1257 773 similium.
1285 715 1432 772 Tom.
1468 714 1535 772 II.
1581 715 1669 771 lib.
1698 715 1760 770 de
1794 712 1993 786 Virgin.
2048 711 2251 786 veland.

725 782 943 863 c.1.n.
991 808 1080 863 12.
1113 806 1256 862 Tom.
1283 806 1372 863 ιιι.
1405 807 1443 863 ι.
1478 806 1766 861 άεΑιιειηα.
1799 782 1912 860 αὐ
1966 782 2251 859 ιι.111ἶο.

728 902 818 958 I5.
865 918 920 956 ιι.
951 900 1080 957 488.
1102 917 1147 956 c.
1178 901 1272 955 b7.
1303 918 1356 955 ιι.
1392 900 1517 957 515.
1564 899 1651 954 lib.
1684 899 1746 953 de
1776 898 2065 953 Resurrect.
2108 912 2253 950 cara.

726 1013 775 1051 c.
803 994 890 1051 11.
922 1012 977 1049 ιι.
1005 995 1097 1052 98.
1138 1011 1200 1049 ac
1226 1010 1273 1050 c.
1302 994 1396 1051 ult.
1432 1011 1487 1048 ιι.
1517 992 1659 1056 156.
1684 992 1813 1047 Adv.
1847 991 2014 1047 Marc.
2040 991 2129 1046 lib.
2161 989 2251 1045 IV.

725 1106 771 1143 c.
799 1088 893 1144 22.
919 1105 1059 1143 num.
1088 1088 1197 1146 525
1235 1098 1280 1143 et
1305 1088 1394 1143 lib.
1425 1086 1489 1141 ν.
1514 1103 1631 1157 cap.
1661 1085 1716 1149 8,
1746 1102 1888 1139 num.
1916 1084 2022 1139 1'55
2045 1098 2107 1136 ac
2128 1081 2252 1147 156,

726 1180 814 1236 lib.
862 1181 929 1235 ad
970 1178 1135 1234 Prax.
1186 1196 1232 1233 ο.
1266 1180 1317 1243 1.
1362 1194 1506 1233 ιιιιιιι.
1536 1179 1590 1234 7.
1620 1177 1676 1232 8.
1703 1193 1764 1231 ac
1794 1175 1880 1232 10.
1921 1184 1968 1229 et
2017 1173 2133 1244 cap.
2164 1173 2252 1229 15.

726 1289 875 1328 nunt.
905 1270 1009 1339 93,
1042 1289 1100 1326 ac
1130 1288 1246 1341 cap.
1280 1270 1371 1327 56.
1409 1287 1550 1324 num.
1602 1268 1724 1324 185.
1771 1267 1995 1338 Denique
2038 1267 2092 1321 in
2121 1263 2256 1322 Fra-

738 1367 951 1440 gmeatis
979 1366 1218 1421 librorum
1240 1376 1430 1431 septem
1454 1365 1516 1419 de
1539 1362 1758 1417 Ecstasi.

726 1524 885 1580 Isllllll
918 1523 1167 1580 bznresim
1208 1521 1537 1578 Tertulliano
1584 1521 1693 1591 jam
1742 1518 1869 1587 olim
1920 1520 2259 1589 im’pegcrunt

604 1654 613 1661 ~
656 1618 716 1675 S.
749 1618 1029 1683 Pacianus,
1068 1616 1125 1672 S.
1155 1616 1372 1671 llieron.
1398 1625 1453 1670 et
1475 1614 1807 1684 Nicephorus
1828 1612 1962 1667 locis
1983 1611 2161 1667 citatis
2189 1610 2254 1665 ad

659 1712 977 1782 Fragmenta
1011 1710 1265 1764 librorum
1285 1707 1402 1778 ejus
1433 1705 1509 1761 De
1537 1706 1757 1772 Ecstasi,
1790 1717 1919 1760 tom.
1953 1703 2040 1769 IV,
2072 1703 2159 1758 ubi
2188 1718 2255 1758 ex

643 1790 843 1859 'eodem
865 1803 1083 1857 Hieron.
1099 1810 1153 1857 et
1169 1788 1431 1871 Epip'lian.
1455 1797 1787 1853 ostendimus
1804 1795 2037 1851 Ecstasin
2056 1797 2107 1849 in
2122 1795 2275 1853 Atla-7

654 1914 736 1951 mo
763 1896 920 1970 (Gen.
940 1895 1027 1965 II),
1052 1894 1216 1949 fuisse
1236 1891 1548 1964 profundum
1574 1904 1934 1959 saperem,non
1957 1888 2135 1942 mentis
2155 1890 2258 1941 cvi-

556 1994 573 2003 ’
652 1991 885 2052 ctionem,
912 1997 956 2043 et
978 1988 1193 2042 ccstasin
1225 1987 1279 2041 in
1308 1985 1566 2058 Apostolis
1588 1982 1805 2055 (Matth.
1834 1981 1997 2037 XVIII
2037 1998 2097 2036 ac
2122 1980 2250 2037 Luc.

656 2082 757 2153 IX)
794 2081 967 2148 Petro,
991 2080 1195 2137 Joanne
1214 2122 1229 2149 ,
1257 2098 1317 2134 ac
1335 2078 1552 2145 Jacobo,
1572 2094 1745 2150 neque
1767 2078 2039 2132 amentiam
2066 2077 2251 2147 fuisse,

652 2176 747 2231 sed
776 2174 1141 2229 admirationis
1169 2172 1401 2228 ecstasin
1424 2214 1437 2237 ,
1471 2186 1647 2241 neque
1672 2166 1834 2225 ctiam
1871 2185 1993 2225 cum
2022 2172 2256 2241 prophe-

653 2270 722 2324 tia
744 2268 914 2338 aliqua
931 2266 1291 2335 coniunctam.
1316 2263 1517 2321 Deinde
1536 2280 1604 2320 ex
1624 2263 1885 2334 Apostolo
1903 2262 1944 2333 (l
1962 2261 2081 2319 Cor.
2108 2262 2249 2318 XIV.

651 2357 995 2429 quantumvis
1020 2357 1349 2412 contrarium
1378 2356 1581 2411 Auctor
1608 2354 1785 2411 eliciat
1810 2396 1824 2419 ,
1854 2354 2036 2413 addita
2063 2369 2254 2425 perpe-

653 2468 768 2506 ram
797 2450 1031 2505 clausula
1061 2467 1075 2505 :
1106 2450 1159 2504 in
1184 2449 1363 2504 ecstasi
1386 2458 1633 2504 constare
1662 2448 1913 2518 spiritum
1942 2447 2243 2519 Propheta-

652 2559 768 2599 rum
828 2541 1109 2613 Prophetis
1141 2540 1439 2612 subjectum
1477 2555 1633 2606 esse,
1669 2547 1850 2610 utpote
1888 2555 2052 2610 quum
2081 2538 2251 2613 (juxta

652 2635 873 2693 Ilieron.
907 2635 1061 2692 verba
1089 2634 1160 2691 ibi
1195 2635 1377 2702 citata,
1409 2641 1464 2691 et
1490 2633 1710 2706 Origen.
1745 2632 1903 2689 Hom.
1937 2632 1990 2688 6.
2026 2634 2077 2687 in
2108 2632 2250 2689 Eze-

652 2726 904 2799 chielem)
931 2726 1207 2799 pr0phetia
1258 2726 1391 2781 visio
1420 2736 1660 2790 vocetur,
1685 2739 1845 2796 quam
1878 2723 2017 2780 adeo
2048 2723 2248 2781 intelli-

652 2822 848 2893 gebant
877 2824 1157 2893 Propheta:
1177 2863 1193 2887 ,
1222 2831 1505 2892 propterea
1532 2818 1787 2876 Videntes
1816 2820 2106 2894 appellati,
2141 2835 2247 2876 non

653 2931 784 2970 vero
807 2926 862 2969 ut
898 2923 1141 2969 amentes
1179 2913 1328 2967 inviti
1360 2912 1747 2983 loquebantur,
1776 2920 1868 2966 aut
1906 2911 2026 2967 sine
2069 2920 2248 2967 mente

628 3002 841 3061 sonum
867 3005 1085 3061 dabant.
1138 3003 1292 3061 Unde
1330 3004 1582 3076 colligere
1612 3013 1696 3059 est
1750 3018 1935 3059 revera
1975 3004 2249 3058 amentiam

652 3099 847 3165 fuisse,
876 3114 981 3155 non
1016 3098 1349 3171 PrOpItetiam
1371 3141 1385 3165 ,
1416 3094 1468 3153 fn
1497 3097 1745 3154 Montano
1774 3108 1828 3153 et
1856 3098 1973 3169 ejus
2014 3098 2248 3170 pseudo-

651 3191 1026 3264 prophetiSsis,
1051 3200 1209 3262 atque
1228 3190 1363 3247 adeo
1392 3191 1500 3246 Deo
1526 3191 1847 3262 disponente
1875 3191 2072 3245 factum
2101 3205 2246 3259 esse,
2274 3216 2320 3279 ρ

652 3296 707 3340 ιιι
739 3288 819 3341 vel
851 3286 950 3343 hac
976 3287 1337 3358 appellatione
1362 3286 1462 3341 sibi
1489 3286 1587 3357 ipsi
1610 3285 2004 3342 contradiceret
2023 3286 2244 3342 Auctor.

649 3376 723 3433 Idi
733 3395 883 3447 psum
902 3377 1123 3449 pulchre
1147 3390 1271 3435 ante
1290 3379 1414 3434 illos
1438 3378 1693 3434 adversus
1708 3378 2013 3435 Montanum
2030 3379 2251 3435 deduxit

649 3472 691 3526 A
704 3472 1015 3542 pollinarius
1035 3472 1463 3543 Hierapolitanus
1479 3471 1777 3543 Episcopus
1793 3472 1931 3543 apud
1949 3472 2247 3528 Euseinb.

651 3563 704 3619 5.
725 3565 937 3633 cap.15.
961 3565 1200 3620 scribens
1215 3565 1331 3619 illos
1352 3563 1540 3633 Spiritu
1558 3563 1790 3633 quodam
1805 3564 2036 3635 maligno
2052 3563 2247 3634 abrep-

652 3662 764 3718 tos,
786 3653 1078 3725 derepente
1107 3644 1350 3710 furoreét
1371 3654 1566 3708 mentis
1588 3654 1790 3708 insania
1821 3652 2005 3726 (quam
2030 3655 2275 3709 ecstusiu-

651 3748 943 3820 vocabant)
982 3747 1298 3817 exagitatos,
1320 3746 1628 3817 peregrinas
1653 3744 1914 3816 quasdam
1936 3760 2098 3801 voces
2126 3745 2250 3801 fun-

649 3838 776 3894 dere
798 3882 812 3905 ,
840 3850 892 3895 et
916 3849 1264 3910 contraquam
1292 3837 1542 3894 Ecclesia:
1595 3838 1949 3905 consuetudo,
1981 3853 2103 3894 cum
2134 3849 2241 3907 tra-

649 3931 852 3987 ditione
878 3972 893 3997 ,
928 3941 1035 3987 tum
1064 3930 1402 3987 successione
1426 3930 1722 4009 antiquitus
1747 3929 1816 3985 ab
1863 3930 2245 4001 Apostolorum

649 4025 981 4096 temporibus
1008 4039 1244 4097 eousque
1283 4022 1523 4079 derivata
1562 4021 1899 4095 postulabat,
1926 4023 2247 4095 pr0phetare

647 4116 1122 4191 scilicetcuapissc.
1171 4117 1313 4173 Citat
1340 4116 1433 4173 ille
1460 4115 1622 4187 (apud
1654 4114 1854 4173 Euseb.
1900 4131 1952 4171 e.
1984 4116 2164 4187 seqq.)
2193 4124 2249 4173 et

648 4209 895 4266 Miltiadis
926 4210 1119 4264 librum
1150 4209 1409 4266 adversus
1438 4208 1686 4265 eumdem
1708 4250 1723 4276 ,
1758 4207 1814 4262 in
1849 4223 1957 4280 quo
1986 4208 2240 4275 ostendit,
2303 4279 2310 4286 .

648 4304 867 4361 minime
887 4303 1031 4359 credi
1062 4312 1331 4375 oportere,
1362 4318 1689 4377 quemquam
1716 4300 2033 4373 Prophetam
2063 4300 2245 4359 furore

647 4399 906 4471 percitum
953 4397 1255 4471 prophetare
1294 4398 1490 4454 solere.
1535 4395 1721 4467 Neque
1756 4396 1897 4474 enim
1928 4394 2025 4468 (uti
2053 4411 2117 4453 ex
2149 4395 2243 4461 illo

644 4492 795 4564 citat)
827 4492 1145 4564 quemquam
1175 4476 1387 4547 Vcieris
1436 4499 1527 4546 aut
1556 4490 1687 4546 Novi
1729 4490 2060 4563 Testamenti
2105 4488 2240 4544 Pro-

1862 362 2236 426 PARADOXA
2273 358 2593 423 TERTULL
2602 360 2741 420 IANI

3842 362 3947 421 196

2279 483 2334 543 Α
2358 478 2651 535 Melitonem
2671 495 2878 534 suorum
2895 481 3195 550 prophetam
3216 466 3468 550 putatum,
3489 486 3549 534 ut
3564 478 3635 534 ita
3658 478 3817 535 tacite
3832 493 3953 536 suc-

2356 572 2653 628 cessionem
2678 571 2964 643 quamdam
3013 570 3315 642 prophetia:
3360 578 3615 641 tanquam
3648 586 3793 626 verte
3819 571 3951 627 insi-

2357 674 2565 719 nuaret.
2596 664 2835 736 Denique
2865 662 3183 733 Apollonius
3211 662 3348 718 libro
3378 678 3476 717 suo
3506 660 3765 718 adversus
3794 662 3953 718 Cata-

2359 755 2589 827 phrygas
2619 754 2639 828 (
2664 755 2742 809 nti
2788 754 2983 827 legitur
3025 754 3164 825 apud
3203 753 3398 811 Euseb.
3430 753 3670 825 ejusdem
3701 752 3739 808 1.
3768 769 3817 810 c.
3846 744 3955 827 17')

2361 857 2585 903 testatur
2615 846 2860 903 Zoticum
2893 847 3219 919 Episcopum
3265 846 3519 902 Comante
3538 890 3553 914 ,
3583 862 3752 917 quum
3782 846 3959 917 Pepu-
3984 914 3995 922 ο

2360 955 2476 994 zam
2505 938 2982 1005 adventasset,’ibi
3025 937 3309 994 Maximilla
3351 937 3674 1009 prophetare
3703 953 3763 995 se
3787 939 3958 995 simu-

2359 1032 2503 1088 Innlc
2522 1075 2537 1100 ,
2565 1034 2809 1088 insanum
2837 1033 2889 1087 in
2919 1033 3009 1089 illa
3038 1034 3285 1104 spiritum
3315 1031 3762 1103 deprehendisse.
3792 1032 3956 1090 Simi-

2360 1125 2483 1181 liter
2502 1125 2759 1196 Scrapiou
2781 1125 2999 1200 (ibidem
3020 1141 3070 1182 c.
3096 1124 3227 1196 18.),
3256 1124 3618 1180 Antiochenus
3639 1124 3955 1196 Episcopus,

2361 1218 2583 1275 Beatum
2616 1219 2801 1274 Sotam
2833 1217 2886 1274 in
2916 1217 3178 1273 Anchialo
3206 1218 3441 1273 voluisse
3470 1215 3731 1273 Priscilla:
3760 1215 3961 1273 dmmo—

2361 1327 2482 1368 nem
2511 1312 2707 1383 ejicere
2737 1354 2751 1378 ,
2784 1312 2878 1368 sed
2910 1311 3260 1369 veteratorios
3290 1311 3413 1367 illos
3439 1309 3751 1382 hypocritas
3780 1310 3960 1368 neuti-

2360 1422 2519 1478 quam
2563 1390 2895 1477 permisisse.
2917 1405 3182 1462 Cteterum
3229 1404 3364 1460 nihil
3405 1419 3502 1475 pro
3530 1405 3765 1460 Auctore
3787 1402 3913 1461 facit
3939 1446 3958 1473 ,

2359 1501 2502 1572 quod
2533 1501 2625 1557 lib.
2661 1501 2725 1567 ν,
2759 1500 2881 1556 adv.
2914 1500 3078 1556 Marc.
3107 1498 3464 1571 Prophetandi
3479 1498 3571 1569 jus
3600 1500 3754 1554 etiam
3783 1498 3963 1553 mulie-

2358 1614 2439 1652 res
2466 1597 2652 1652 habere
2672 1595 2998 1664 contendat,
3025 1611 3092 1651 ex
3117 1610 3183 1651 eo
3211 1594 3353 1666 quod
3379 1594 3429 1648 1.
3455 1592 3580 1649 Cor.
3608 1590 3706 1647 XI.
3731 1593 3963 1664 Aposto—

2359 1689 2443 1745 lus
2488 1689 2697 1744 Mulieri
2741 1689 2891 1745 etiam
2921 1687 3245 1759 prophetanti
3287 1686 3514 1741 velamen
3542 1685 3957 1757 imponat:quia

2363 1797 2468 1837 non
2500 1797 2681 1836 veram
2719 1779 3051 1851 prophetiam
3074 1820 3089 1845 ,
3119 1777 3215 1833 sed
3244 1777 3439 1833 mentis
3466 1761 3756 1832 amentiam
3796 1774 3960 1832 fuisse

2363 1876 2413 1932 in
2444 1877 2645 1931 insanis
2673 1875 2777 1930 illis
2799 1874 3009 1929 vatibus
3039 1872 3282 1928 Priscilla
3312 1882 3367 1927 et
3389 1870 3676 1925 Maximilla
3701 1869 3811 1940 jam
3838 1883 3962 1941 pro-

2360 1966 2543 2021 batum
2574 1976 2696 2022 est:
2731 1975 2791 2020 ut
2816 1973 3023 2021 taceam
3055 1966 3198 2034 quod
3230 1962 3319 2017 illa
3348 1961 3623 2032 impugnet
3643 1960 3758 2029 ipse
3782 1958 3959 2015 adhuc

2359 2064 2691 2129 catholicus,
2724 2063 2817 2119 lib.
2847 2063 2914 2119 de
2952 2063 3178 2119 Praescr.
3212 2062 3335 2118 adv.
3362 2062 3548 2117 haeret.
3597 2057 3739 2115 XLI.
3770 2058 3823 2113 in
3848 2058 3962 2113 lucc

2361 2157 2558 2214 verba:
2592 2158 2729 2228 Ipsa:
2764 2159 2999 2213 mulieres
3042 2158 3293 2213 hwretica:
3340 2171 3492 2227 quam
3540 2170 3777 2226 procaces
3799 2167 3818 2206 :
3846 2166 3961 2222 qua:

2358 2250 2579 2304 audeant
2607 2251 2787 2305 docere
2805 2294 2819 2318 ,
2843 2250 3171 2317 contendere,
3201 2250 3510 2305 exorcismos
3537 2261 3713 2317 agere,
3733 2246 3957 2299 curatio-

2357 2358 2444 2398 nes
2472 2344 2822 2412 repromittere
2843 2385 2857 2410 ,
2888 2342 3108 2413 forsitan
3134 2352 3179 2396 et
3208 2343 3439 2412 tinguere
3461 2381 3477 2406 ,
3506 2338 3645 2417 sicut
3689 2336 3847 2390 latius
3885 2333 3959 2390 ibi

2354 2436 2673 2492 deduximus
2698 2477 2714 2504 ,
2744 2453 2892 2492 num.
2922 2436 3049 2492 260.
3080 2434 3210 2491 261.
3231 2435 3359 2491 262.
3383 2449 3447 2489 ac
3474 2431 3604 2488 263.
3634 2429 3699 2485 ad
3736 2429 3855 2484 Lib.
3887 2426 3959 2484 de

2356 2528 2507 2599 Bapt.
2541 2528 2665 2584 adv.
2701 2528 3007 2597 Quintillam
3026 2569 3040 2596 ,
3065 2528 3225 2584 etiam
3249 2529 3567 2583 montaniae
3588 2522 3829 2580 factionis
3856 2520 3958 2577 fu:—

2357 2620 2591 2687 minam,
2624 2635 2774 2674 num.
2804 2618 2890 2673 2..

2358 2709 2444 2768 19.
2489 2711 2684 2767 Filium
2716 2712 2812 2767 Dei
2839 2709 3111 2775 Christum
3130 2753 3143 2777 ,
3174 2724 3398 2781 semper
3425 2707 3598 2765 visum
3627 2707 3697 2763 ab
3725 2704 3956 2762 homini-

2356 2856 2367 2867 ,
2427 2803 2559 2871 bus,
2589 2805 2641 2858 in
2687 2819 2813 2859 vera
2840 2844 2855 2867 ,
2907 2804 3009 2860 etsi
3054 2820 3160 2859 non
3206 2813 3329 2858 nata
3368 2818 3553 2859 carne.
3586 2800 3737 2856 Tom.
3791 2799 3831 2854 I.
3865 2798 3955 2853 lib.

2425 2897 2542 2951 adv.
2564 2896 2694 2951 Jud.
2718 2914 2831 2969 cap.
2854 2897 2911 2953 9.
2935 2898 3135 2953 η.114.
3164 2896 3288 2954 115.
3312 2894 3459 2951 Τοηι.
3486 2895 3571 2953 III.
3594 2896 3690 2950 lib.
3707 2895 3769 2949 de
3786 2893 3954 2950 Carne

2425 2987 2613 3044 causa
2638 3006 2684 3043 c.
2707 2990 2762 3061 6,
2791 3008 2843 3044 ιι.
2867 2972 2955 3046 58.
2981 2990 3098 3057 adv.
3125 2989 3291 3046 Marc.
3324 2989 3413 3044 lib.
3441 2987 3507 3043 ιι.
3541 3006 3590 3043 ε.
3620 2988 3792 3053 27,11.
3823 2984 3953 3043 187.

2426 3083 2511 3138 lib.
2540 3082 2621 3137 III.
2646 3101 2761 3155 cap.
2780 3084 2833 3140 6.
2856 3101 2995 3139 ιιιιιιι.
3025 3084 3116 3151 '59,
3139 3101 3253 3156 cap.
3276 3083 3330 3140 9.
3356 3100 3494 3139 num.
3512 3081 3601 3138 65.
3619 3080 3709 3136 lib.
3730 3078 3797 3136 ν.
3822 3096 3951 3151 cap.

2426 3174 2515 3244 19,
2539 3193 2592 3229 η.
2616 3174 2744 3242 296,
2770 3175 2858 3231 lib.
2887 3177 3006 3232 adv.
3038 3175 3203 3231 Prax.
3237 3194 3352 3248 cap.
3376 3177 3441 3231 11
3461 3217 3475 3243 ,
3511 3192 3564 3229 ιι.
3594 3174 3684 3230 86.
3708 3174 3798 3242 87,
3830 3190 3954 3244 cap.

2427 3267 2516 3334 16,
2540 3285 2679 3322 num.
2712 3267 2802 3323 96.
2836 3267 2925 3324 98.
2957 3267 3079 3324 100.
3115 3268 3239 3325 101.
3267 3277 3314 3324 el
3342 3278 3465 3323 tam.
3499 3265 3589 3323 IV.
3613 3264 3702 3321 lib.
3728 3264 3792 3322 γ.
3828 3265 3950 3322 adv.

2427 3360 2593 3417 Marc.
2617 3378 2776 3419 carm.
2800 3379 2916 3433 cap.
2940 3362 2997 3419 5.
3023 3379 3161 3417 num.
3183 3361 3238 3418 8.

2425 3454 2541 3510 Non
2572 3455 2703 3510 illud
2730 3454 3067 3511 Paradoxum
3100 3454 3329 3524 videtur,
3360 3455 3501 3527 quod
3529 3455 3716 3512 scribit
3742 3452 3950 3510 Tertul-

2354 3547 2561 3613 lianus,
2598 3546 2792 3602 Filium
2818 3546 2951 3615 Dei,
2985 3563 3094 3604 non
3118 3546 3330 3604 Patrem
3351 3588 3365 3615 ,
3400 3538 3612 3620 quoiies
3639 3548 3693 3602 id
3723 3547 3776 3602 in
3799 3544 3947 3603 Scri-

2354 3640 2523 3711 pturis
2545 3641 2755 3710 legitur,
2785 3644 2947 3695 visum
2971 3641 3049 3696 vel
3068 3642 3300 3695 auditum
3326 3642 3390 3695 ab
3410 3641 3696 3696 hominibus
3714 3684 3729 3708 ,
3756 3655 3948 3710 nempe

2351 3733 3004 3803 quumapparuitAdamo,
3028 3733 3164 3794 Gen.
3186 3733 3284 3798 IiI;
3327 3731 3461 3799 Noe,
3486 3734 3621 3790 Gen.
3643 3731 3744 3798 IX;
3782 3731 3947 3812 Λιιτρ-

2351 3824 2492 3890 Ιιαιιι,
2521 3823 2969 3881 Gen.XII.X\'II.
3018 3825 3213 3892 XVIII;
3253 3824 3554 3892 Loth,Gen.
3580 3822 3738 3889 XIX;
3787 3824 3944 3894 Agar,

2350 3916 2723 3984 ch.‘XXlI;
2763 3916 2947 3987 Iacob,
3007 3919 3142 3975 Gen.
3198 3918 3390 3981 XXIX.
3446 3915 3662 3974 XXXII.
3714 3914 3937 3975 XXXV.

2349 4020 2404 4067 et
2444 4009 2632 4082 Moysi,
2669 4010 2843 4066 Exod.
2886 4011 2952 4067 III
2995 4020 3050 4068 et
3103 4026 3255 4083 sequ.
3313 4010 3509 4068 XXXII
3564 4026 3627 4068 ac
3693 4009 3938 4069 XXXIII.

2350 4120 2514 4175 quum
2540 4105 2595 4161 id
2646 4105 3008 4177 desumpserit
3052 4106 3119 4162 ad
3142 4105 3366 4162 verbum
3416 4105 3534 4163 fere
3576 4122 3643 4162 ex
3662 4104 3948 4163 SJustino

2350 4197 2530 4265 Mart.,
2562 4198 2781 4270 Dialogo
2809 4198 2929 4254 adv.
2954 4185 3315 4271 Tryphonem,
3332 4209 3387 4255 et
3412 4200 3604 4271 partim
3624 4198 3767 4257 exS.
3795 4198 3940 4258 Ireu.

2351 4283 2443 4346 lib.
2478 4290 2571 4345 111.
2598 4306 2720 4361 cap.
2751 4292 2784 4347 6
2810 4307 2873 4347 ac
2905 4291 2997 4347 Iib.
3028 4290 3137 4346 ιγ..
3162 4306 3282 4362 cap.
3311 4292 3405 4349 25.
3433 4302 3489 4348 et
3529 4307 3623 4350 eos
3643 4304 3936 4365 sequantur

2345 4374 2673 4439 Novatiauus
2692 4382 2785 4439 lib.
2807 4384 2876 4441 de
2891 4383 3081 4440 Trinit.
3102 4399 3223 4456 cap.
3244 4385 3335 4442 25.
3361 4385 3453 4442 26.
3480 4386 3571 4455 27,
3601 4387 3660 4441 Β.
3686 4386 3943 4458 Cyprian.

2347 4472 2439 4529 lib.
2463 4472 2530 4528 11.
2556 4474 2778 4531 Testim.
2801 4475 2923 4555 adv.
2953 4475 3084 4533 .Iud.
3103 4492 3222 4548 cap.
3248 4478 3282 4533 5
3307 4487 3361 4534 et
3386 4477 3420 4534 6
3438 4519 3454 4547 ,
3479 4495 3543 4535 ex
3564 4478 3628 4534 iis
3648 4478 3777 4555 locis
3797 4492 3944 4535 com-

646 4552 861 4658 phetam.
896 4586 1130 4656 allegare
1174 4590 1461 4655 poterunt,
1507 4583 1597 4661 qui
1636 4583 1823 4637 insano
1870 4560 2062 4654 spiritu
2103 4582 2240 4653 (per

2351 4564 2662 4637 probantes,
2691 4552 2966 4625 Christum
3008 4585 3116 4627 non
3148 4571 3422 4627 hominem
3453 4572 3627 4628 solum
3656 4552 3749 4651 aut
3776 4561 3951 4644 auge:

643 4677 878 4748 restnsin)
904 4675 972 4731 ad
1003 4675 1147 4731 hunc
1173 4674 1391 4731 modum
1420 4674 1624 4731 fuerint
1652 4674 1941 4746 aliquando
1964 4674 2234 4746 exagitati.

640 4767 825 4839 Neque
839 4767 919 4825 de
950 4768 1133 4840 Agabo
1152 4810 1167 4836 ,
1190 4768 1364 4839 neque
1388 4765 1456 4822 de
1487 4764 1622 4822 Juda
1642 4806 1658 4833 ,
1690 4781 1864 4837 neque
1889 4766 1956 4822 de
1981 4764 2110 4833 Sila,
2145 4781 2241 4823 ne-

642 4877 747 4931 que
772 4860 840 4916 de
880 4859 1105 4931 Philippi
1147 4859 1356 4915 filiabus
1379 4857 1526 4931 (Act.
1552 4856 1645 4914 XI.
1674 4857 1918 4927 15.21.)
1970 4874 2149 4929 neque
2173 4859 2240 4915 de

641 4952 853 5007 Ammia
879 4967 946 5006 ex
990 4951 1394 5024 Philadelphia,
1436 4966 1611 5022 neque
1658 4950 1727 5006 de
1751 4948 2021 5018 Quadrato
2058 4949 2239 5023 (cujus

641 5044 884 5099 meminit
921 5043 1063 5099 llier.
1093 5043 1265 5098 Catal.
1294 5042 1489 5114 Script.
1524 5039 1783 5115 Eccles.),
1804 5056 1979 5113 neque
2021 5040 2087 5097 de
2119 5041 2238 5097 aliis

640 5135 918 5208 quibusvis
940 5144 1220 5205 pra-terea,
1241 5134 1382 5205 quod
1406 5150 1601 5191 vesano
1622 5136 1859 5207 ipsorum
1883 5149 2034 5190 more
2056 5134 2144 5189 illa
2165 5148 2235 5189 ex

639 5240 790 5300 parte
817 5228 1117 5300 aliquandq
1141 5226 1581 5300 prophetaverint
1603 5271 1619 5296 ,
1647 5229 1870 5285 omnino
1891 5227 2105 5300 gloriari
2137 5243 2235 5299 po-

639 5332 837 5379 terunt.
870 5324 1108 5390 Quorum
1157 5323 1372 5378 nomina
1412 5333 1693 5393 propterea
1738 5339 1859 5380 sese
1897 5326 2234 5380 recensuisse

636 5415 1219 5487 postmodum‘indicat
1240 5457 1254 5482 ,
1292 5414 1433 5487 quod
1468 5414 1797 5486 jactitarent,
1830 5415 2085 5471 mulieres
2115 5414 2233 5470 illas

632 5514 870 5573 Romani
903 5514 1008 5569 illis
1037 5512 1287 5569 omnibus
1324 5510 1377 5566 in
1425 5509 1722 5582 praphetize
1749 5523 1944 5564 munus
1986 5509 2228 5578 proxime

2346 4660 2496 4728 lum,
2525 4660 2621 4717 sed
2650 4672 2704 4717 et
2734 4662 2905 4719 Deum
2930 4662 3096 4721 fuisse
3138 4665 3463 4737 appellatum
3491 4682 3505 4719 :
3539 4681 3640 4723 nec
3683 4666 3839 4722 aliter
3880 4666 3938 4723 S.

2343 4761 2533 4818 Ambr.
2581 4760 2795 4817 Praifat.
2844 4762 2899 4819 in
2954 4762 3189 4829 Lucam,
3226 4764 3285 4821 S.
3318 4764 3515 4837 Epiph.
3565 4764 3619 4821 in
3646 4766 3938 4830 Ancoratu,

2342 4854 2665 4911 Prudentius
2716 4855 2837 4911 adv.
2892 4855 3506 4928 AnthrOpomorphitas,
3534 4866 3589 4913 et
3633 4858 3840 4914 Arnob.
3885 4858 3939 4913 in

2342 4945 2485 5003 Psal.
2508 4945 2644 5003 CIV.
2668 4947 2785 5016 Quo
2812 4948 3059 5005 videntur
3077 4950 3290 5006 adducti
3320 4960 3429 5005 tum
3449 4950 3629 5025 verbis
3651 4952 3755 5007 illis
3776 4950 3943 5006 Deum

2344 5040 2553 5095 Patrem
2585 5042 2603 5111 (
2634 5042 2767 5096 sicut
2798 5040 2927 5113 legit
2952 5044 3151 5099 Auctor
3177 5043 3196 5115 )
3230 5059 3375 5098 nemo
3399 5043 3580 5097 videbit
3610 5060 3864 5112 unquam,
3891 5055 3940 5100 et

2342 5134 2485 5189 vivet.
2521 5133 2940 5190 Exod.XXXIII.
2981 5150 3044 5191 ac
3080 5136 3362 5201 similibus,
3382 5135 3538 5191 Joan.
3566 5136 3630 5190 VI
3677 5152 3783 5192 non
3813 5139 3939 5208 quia

2342 5228 2552 5284 Patrem
2581 5230 2699 5299 quis
2729 5228 2891 5294 vidit,
2922 5230 3021 5286 nisi
3048 5232 3137 5302 qui
3165 5246 3194 5285 a
3225 5230 3333 5286 Deo
3354 5242 3436 5286 est
3461 5244 3473 5285 :
3508 5239 3561 5286 ct
3586 5245 3617 5286 e
3663 5213 3936 5287 eonirario

2340 5323 2441 5379 illis
2458 5320 3241 5387 Christi,Joan.VIII.Abraham
3254 5323 3519 5379 exsultavit
3537 5332 3589 5377 ut
3606 5324 3791 5378 videret
3803 5322 3939 5377 diem

2338 5433 2534 5479 meum,
2566 5417 2687 5470 vidit
2715 5426 2759 5470 et
2786 5417 2988 5488 gavisus
3015 5426 3106 5471 est.
3136 5419 3453 5487 Quanquam
3497 5416 3710 5472 interim
3734 5415 3794 5472 S.
3828 5416 3940 5469 Au-

2337 5518 2477 5579 gust.
2502 5508 2595 5563 lib.
2630 5507 2716 5563 III.
2746 5508 2957 5564 advers.
2987 5507 3204 5575 Maxim.
3252 5524 3376 5579 cap.
3424 5507 3518 5563 26.
3550 5517 3605 5563 et
3654 5507 3747 5562 lib.
3782 5505 3825 5562 Il
3866 5506 3937 5562 dc

634 5610 981 5692 successisse,
1015 5626 1119 5663 non
1147 5608 1302 5663 aliter
1326 5616 1482 5678 atque
1512 5606 1685 5687 (teste
1721 5603 1938 5659 llieron.
1972 5603 2228 5671 loco‘jam

2351 5600 2523 5656 I‘rittit.
2545 5617 2663 5673 cap.
2696 5601 2899 5658 10.11.
2928 5602 3013 5658 12.
3042 5602 3128 5657 15.
3168 5602 3253 5658 14.
3282 5600 3462 5657 15.16
3481 5616 3544 5656 ac
3562 5601 3655 5666 17,
3683 5598 3933 5655 maluerit

634 5702 820 5772 citato)
845 5703 895 5758 in
929 5688 1079 5757 libris
1109 5711 1298 5772 septem
1324 5699 1387 5753 de
1414 5698 1615 5755 Ecstasi
1641 5741 1655 5765 ,
1684 5712 1912 5771 quorum
1941 5699 2228 5769 septimum
2331 5710 2595 5759 asserere.
2622 5688 2788 5752 Deum
2807 5695 3021 5754 Patrem
3040 5705 3093 5752 et
3115 5704 3277 5751 totam
3303 5695 3618 5751 Trinitatem
3650 5696 3823 5750 visum
3854 5692 3931 5748 di-

634 5796 845 5866 scripsit
874 5795 939 5851 ad
949 5810 1135 5849 versus
1169 5793 1504 5863 Apollonium
1532 5792 1911 5855 Tertullianus,
1938 5791 1991 5846 in
2019 5788 2222 5846 confir-

2331 5788 2433 5843 ctis
2471 5788 2601 5844 locis
2633 5804 2727 5859 per
2769 5788 3038 5860 subjectus
3075 5799 3381 5857 creaturas,
3412 5798 3467 5844 ut
3498 5805 3564 5842 ne
3594 5787 3932 5843 consentiret

631 5891 920 5948 matioucm
945 5885 1188 5955 ejusdem
1208 5885 1420 5944 illarum
1445 5882 1946 5958 pseudoprophetis:
1985 5883 2221 5959 scripsit,
2332 5881 2615 5948 Maximino
2642 5886 2872 5949 Arriano
2893 5927 2912 5962 ,
2943 5889 3030 5949 cui
3059 5902 3167 5948 non
3184 5885 3401 5970 suﬂ‘ecit
3428 5883 3605 5945 dictas
3632 5885 3930 5961 apparitio-
