4242 6264
287 405 387 464 197

1419 400 1561 460 CUM
1601 395 1953 459 ANTIDOTO
1994 390 2295 457 PAMELII.

3472 398 3577 459 198

286 536 381 578 nes
405 521 470 577 de
498 520 708 576 Christo
738 520 1108 592 interpretari,
1144 520 1237 577 sed
1270 520 1393 577 inde
1432 519 1687 591 colligere
1735 520 1869 575 nite-
1902 519 1959 581 Α
1981 519 2305 575 incommoda
2331 522 2468 592 fugte
2496 535 2614 575 caro
2641 521 2829 576 militat
2853 538 2873 589 ;
2902 520 2947 576 si
2970 531 3019 577 et
3046 538 3219 578 carcer
3256 523 3571 592 praeveniat,

288 610 439 667 batur
458 613 722 667 Christum
758 628 853 684 per
872 613 1157 669 divinitatis
1176 629 1288 669 sum
1311 612 1659 669 substantiam
1680 612 1882 668 visibus

287 703 529 760 humanis
554 703 867 775 apparuisse
892 747 906 773 ,
936 722 965 761 a
987 722 1089 777 qua
1120 706 1308 760 haeresi
1336 705 1520 777 procul
1546 713 1694 760 certe
1712 702 1882 760 abfuit

287 798 503 865 Auctor,
527 798 926 867 quantumlibet
973 814 1090 854 eam
1120 797 1442 869 qttidemilli
1472 797 1785 867 impingam.
1813 798 1881 852 At

256 888 421 966 illud
462 889 797 946 Paradoxum
842 898 957 957 est,
990 898 1045 945 et
1071 889 1404 946 'l‘ertulliano
1445 887 1711 958 peculiare
1737 888 1879 959 quod

290 981 488 1053 aliquot
533 982 663 1038 locis
705 983 881 1051 dicat,
914 984 1076 1038 visum
1124 985 1384 1039 Christum
1410 984 1463 1037 in
1492 1000 1647 1038 carne
1674 1000 1810 1048 vera,
1836 993 1880 1038 et

288 1064 453 1130 solida
473 1119 488 1143 ,
519 1078 609 1131 etsi
626 1093 727 1131 non
755 1088 875 1132 nata
896 1120 910 1143 ,
935 1077 1095 1145 idque
1121 1080 1237 1134 zelo
1260 1094 1366 1134 non
1394 1077 1686 1134 secundum
1709 1078 1883 1132 scien-

289 1171 412 1224 tiam
434 1212 449 1238 ,
475 1171 547 1225 uti
572 1181 719 1226 tanto
747 1173 916 1242 magis
941 1171 1233 1242 probaret,
1258 1174 1512 1228 adversus
1534 1170 1877 1239 t'llarcionem,

285 1263 529 1334 aliosque
559 1265 675 1335 ejus
706 1266 943 1321 asseclas
966 1306 980 1332 ,
1011 1282 1215 1321 carnem
1246 1266 1434 1321 Christi
1456 1308 1469 1333 ,
1503 1280 1661 1336 quam
1696 1276 1879 1334 postea

285 1369 350 1411 ex
386 1355 597 1427 virgine
624 1357 835 1427 accepit
859 1357 1403 1425 .non'phantasticam
1443 1357 1600 1428 fuisse
1622 1397 1637 1418 ,
1670 1356 1758 1410 sed
1796 1373 1882 1410 ve-

289 1465 406 1502 ram
437 1464 496 1502 ac
520 1450 738 1503 solidum
763 1490 777 1511 ,
810 1450 853 1504 si
879 1448 989 1519 jam
1014 1451 1139 1504 olim
1170 1458 1292 1505 ante
1318 1450 1368 1503 in
1396 1464 1556 1504 carne
1581 1464 1703 1504 vera
1737 1451 1882 1505 visus

281 1542 582 1599 diceretur.
618 1544 830 1613 Alioqui
860 1555 1003 1599 certe
1033 1544 1124 1597 lib.
1142 1536 1336 1597 contra
1377 1542 1639 1597 Praxcan.
1667 1541 1723 1598 S.
1754 1542 1880 1614 Jtts.

278 1637 379 1691 tini
413 1636 568 1691 Mart.
616 1639 934 1692 sententiain
983 1643 1228 1701 secutus,
1262 1636 1351 1707 qui
1395 1645 1487 1691 cas
1516 1636 1881 1706 apparitioncs

278 1728 541 1799 ﬁguratas
575 1728 739 1782 fuisse
784 1727 1049 1793 afﬁrmat,
1083 1729 1317 1797 seipsum
1345 1729 1573 1799 explicat
1601 1748 1612 1781 :
1649 1727 1883 1785 Dicimus

283 1820 418 1874 enim
447 1820 643 1890 (inquit
670 1820 835 1890 priori
857 1820 995 1890 loco)
1024 1829 1070 1873 et
1100 1819 1294 1874 Filium
1322 1837 1413 1875 suo
1444 1822 1647 1875 nomine
1676 1810 1882 1876 eatenus

282 1910 586 1988 invisibile":
638 1906 802 1981 (quod
870 1921 1045 1966 tamen
1123 1911 1353 1982 negabat
1402 1910 1739 1984 Maximinus)
1783 1930 1885 1982 qua

286 2019 451 2056 sermo
476 2020 493 2066 ;
519 2002 762 2056 visibilem
787 2012 955 2056 autem
978 1994 1137 2071 fuisse
1162 2010 1282 2055 ante
1302 2019 1503 2056 carnem
1535 2019 1591 2056 eo
1614 2003 1764 2058 modo
1783 2021 1882 2074 quo
1926 1996 1938 2003 ’

286 2095 406 2148 dicit
435 2095 500 2148 ad
543 2094 713 2147 Aaron
760 2086 806 2147 et
836 2093 1058 2147 Mariam
1109 2091 1312 2166 (Num.
1345 2094 1487 2163 XII.)
1516 2112 1527 2145 :
1567 2093 1631 2147 Et
1658 2096 1701 2149 si
1731 2096 1884 2166 fuerit

286 2185 558 2256 prapltetcs
590 2187 639 2239 in
671 2186 805 2239 vobis
831 2226 844 2251 ,
875 2187 929 2239 in
951 2185 1143 2239 visione
1162 2201 1443 2256 cognoscar
1466 2184 1546 2238 illi
1570 2227 1582 2249 ,
1602 2194 1649 2238 et
1674 2185 1726 2240 in
1750 2202 1884 2240 som-

287 2279 376 2331 nio
411 2278 590 2348 loquar
618 2278 712 2331 illi.
744 2278 810 2332 Et
858 2287 975 2347 post
1002 2260 1227 2349 allegata
1262 2280 1421 2331 verba
1452 2277 1539 2351 illa
1571 2278 1739 2333 Exod.
1774 2277 1839 2332 Ill
1866 2272 1894 2331 :‘

292 2368 365 2424 0s
395 2370 467 2422 ad
491 2387 545 2424 os
577 2370 755 2440 loquar
790 2369 870 2424 illi
895 2370 947 2425 in
976 2372 1169 2441 specie,
1203 2364 1505 2440 sulijungit:
1539 2369 1709 2442 Igitur
1731 2389 1884 2441 quam

287 2461 464 2534 Moysi
490 2473 655 2517 servat
681 2474 1002 2534 conspectum
1046 2480 1194 2517 suum
1237 2474 1282 2517 et
1325 2464 1633 2533 colloquium
1660 2450 1887 2535 facienti

288 2558 471 2628 {aciem
499 2556 551 2610 in
581 2560 815 2626 futurum
842 2556 983 2627 (nam
1027 2556 1121 2610 hoc
1157 2565 1330 2626 postea
1375 2556 1707 2625 adimpletum
1734 2567 1806 2611 est
1835 2557 1885 2611 in

287 2650 475 2703 montis
499 2666 697 2704 secessu
717 2691 731 2714 ,
760 2650 887 2703 sicut
908 2648 1119 2720 legimus
1148 2649 1199 2701 in
1228 2647 1527 2727 Evangelia,
1553 2647 1679 2703 Luc.
1710 2633 1888 2727 ΙΧ.ὶνί;-

287 2758 398 2798 sum
426 2759 540 2795 cum
560 2743 653 2797 illo
687 2741 898 2813 Moysen
928 2740 1319 2813 colloquentem)
1351 2751 1564 2811 apparet
1592 2752 1730 2796 retro
1757 2759 1888 2797 sem-

288 2851 377 2905 per
397 2835 450 2889 in
475 2835 683 2906 speculo
707 2875 721 2900 ,
751 2844 797 2889 et
821 2835 1115 2905 amigmate,
1139 2845 1185 2888 et
1210 2836 1401 2889 visione
1420 2842 1467 2889 et
1491 2851 1667 2888 somno
1698 2833 1883 2904 Deum,

290 2929 342 2984 id
365 2938 442 2983 est
483 2927 533 2982 F
535 2928 681 2982 ilium
704 2926 798 2981 Dei
819 2967 834 2995 ,
856 2929 1019 2982 visum
1037 2940 1140 2981 tum
1181 2927 1440 2997 prophetis
1470 2937 1515 2982 et
1546 2927 1885 2994 Patriarcltis,

290 3035 443 3091 quam
472 3032 519 3075 et
545 3021 643 3091 ipsi
682 3021 851 3073 adhuc
880 3019 1071 3091 Moysi.
1103 3019 1210 3074 Nec
1233 3020 1547 3075 absimiliter
1570 3020 1689 3075 loco
1714 3030 1891 3091 poste-

290 3113 421 3167 riori
450 3130 462 3167 :
486 3110 607 3183 Ipse
624 3112 758 3165 enim
789 3120 836 3164 et
859 3110 927 3164 ad
947 3111 1173 3164 humana
1191 3099 1388 3180 semper
1408 3111 1661 3181 colloquia
1687 3111 1891 3166 descen-

293 3204 408 3268 dit,
438 3203 502 3257 ab
532 3202 695 3261 Adam
727 3219 880 3273 usque
922 3203 990 3255 ad
1030 3200 1367 3256 Patriarchas
1394 3212 1439 3256 et
1492 3200 1809 3272 Pmplietas,
1841 3205 1891 3257 in
1919 3241 1964 3303 Ο

292 3294 488 3349 visione
511 3334 527 3359 ,
554 3295 607 3348 in
632 3310 807 3348 somno
826 3336 840 3361 ,
869 3294 922 3348 in
964 3294 1169 3363 speculo
1186 3336 1199 3358 ,
1229 3295 1281 3347 in
1311 3295 1598 3364 wnigmate.
1622 3293 1888 3357 thterttm

295 3389 358 3444 S.
398 3389 689 3458 Augustino
716 3388 847 3442 locis
868 3389 979 3458 jam
1011 3389 1188 3442 citatis
1222 3387 1389 3457 magis
1422 3386 1624 3456 placet,
1655 3396 1711 3441 ttt
1736 3386 1894 3442 dictis

1983 622 2055 666 est
2082 611 2135 666 in
2179 611 2270 666 illa
2318 622 2615 683 paupertate
2663 613 2824 679 lucis,
2857 612 3102 684 patientia
3146 615 3343 669 mundi.
3390 614 3529 684 Quid
3559 656 3575 681 ,

1983 705 2127 776 quod
2149 721 2212 760 ex
2235 706 2359 761 dieti
2391 705 2509 760 libri
2536 722 2657 776 cap.
2685 708 2746 761 11
2773 748 2787 774 ,
2818 706 3026 762 videtur
3046 708 3377 778 potissimum
3400 705 3580 779 fugam

1983 800 2306 870 improbare.
2367 794 2767 871 Prwpositorum
2838 799 3080 855 Ecclesia:
3108 842 3122 867 ,
3164 809 3348 871 utpote
3402 801 3583 869 quibus

1986 894 2167 964 (etiam
2208 893 2359 963 juxta
2404 893 2462 949 S.
2512 893 2770 948 Athanas.
2805 893 2980 963 Epist.
3011 894 3076 947 ad
3121 893 3501 961 Dracontium,
3531 902 3585 950 et

1986 976 2162 1039 locum
2186 986 2407 1039 citatum
2438 984 2783 1059 S.‘Allgllsl.)
2812 987 2989 1056 fugere
3016 1001 3117 1039 non
3139 985 3252 1041 licet
3277 1027 3290 1050 ,
3321 986 3418 1039 nisi
3438 1003 3586 1058 grege

1984 1076 2210 1147 fugiente
2228 1118 2241 1142 ,
2272 1086 2359 1130 aut
2387 1075 2733 1144 Praepositum
2757 1093 2855 1130 non
2879 1061 3231 1144 desiderante,
3258 1076 3305 1132 id
3336 1086 3415 1132 est
3437 1121 3450 1144 ,
3478 1094 3584 1134 non

1987 1168 2259 1237 indigettte
2289 1168 2405 1236 ejus
2434 1182 2597 1238 opera
2623 1185 2637 1234 ;
2662 1183 2823 1239 quum
2854 1168 3148 1238 personalis
3174 1177 3255 1223 est
3279 1210 3293 1234 ,
3312 1178 3385 1222 .ttt
3412 1170 3489 1224 sic
3510 1170 3587 1225 lo—

1985 1277 2236 1332 quamur,
2269 1262 2660 1341 Episcomrum
2694 1273 2784 1341 aut
2815 1263 3092 1319 Pastorum
3118 1262 3441 1333 persecutio?
3471 1265 3588 1329 Quo

1986 1367 2112 1407 casu
2139 1356 2299 1408 etiam
2330 1339 2433 1409 illis
2464 1354 2648 1424 fugere
2675 1339 2837 1410 licere
2862 1397 2875 1419 ,
2899 1366 2952 1411 et
2981 1355 3268 1410 multorum
3298 1357 3581 1428 exemplis,

1990 1457 2043 1500 et
2092 1461 2156 1500 ex
2188 1446 2484 1516 Scripturis
2535 1448 2639 1502 late
2669 1447 2883 1503 deducit
2927 1448 2984 1504 S.
3037 1449 3296 1506 Athanas.
3328 1450 3463 1505 dicta
3491 1466 3587 1506 sua

1987 1537 2213 1609 Apolog.
2240 1539 2304 1593 ad
2328 1554 2487 1610 quam
2514 1540 2796 1595 Lectorem
2822 1580 2836 1606 ,
2861 1556 2927 1596 ne
2951 1540 3038 1596 hic
3064 1542 3378 1611 prolixiores
3398 1545 3586 1611 simus,

1988 1630 2325 1687 remittimus.
2350 1631 2533 1702 Neque
2555 1633 2842 1703 quidquam
2867 1648 2963 1701 pro
2993 1635 3229 1690 Auctore
3258 1633 3413 1701 facit,
3446 1636 3599 1706 quod

1988 1722 2158 1776 invitet
2188 1722 2419 1779 Christus
2445 1727 2513 1778 ad
2540 1727 2827 1795 passionem
2853 1728 3165 1782 contrariam
3193 1730 3346 1800 fugie.
3374 1728 3483 1795 Qui
3512 1746 3593 1786 me

1989 1818 2234 1885 confusus
2252 1817 2423 1886 fuerit,
2446 1826 2495 1870 et
2517 1833 2607 1889 ego
2624 1819 2911 1889 confundar
2936 1818 3281 1891 eum,‘(Marc.
3303 1816 3395 1891 Ἦ)
3417 1836 3591 1891 quan-

1987 1906 2184 1959 tumvis
2229 1907 2417 1976 Scorp.
2468 1907 2681 1967 advers.
2729 1908 3012 1965 Gnosticos
3053 1909 3176 1965 inde
3229 1910 3483 1981 colligere
3511 1912 3592 1966 vi-
3630 1908 3641 1919 ’

1989 1996 2177 2052 deatur
2207 1998 2459 2070 Martyria
2485 1999 2740 2071 prlecepta
2769 2008 2876 2056 esse
2900 2017 2918 2071 ς
2945 2002 3067 2073 quia
3100 2017 3253 2074 mque
3281 2013 3589 2075 pra’ceptum

1989 2104 2110 2146 esse
2141 2090 2503 2147 Tertullianus
2523 2095 2771 2164 agnoscit.
2820 2094 2951 2149 illud
2977 2113 2991 2149 :
3020 2084 3190 2162 Quum
3217 2099 3459 2168 coeperint
3480 2115 3593 2167 per-

1987 2183 2127 2250 sequi
2151 2199 2239 2237 vos
2258 2226 2271 2248 ,
2304 2185 2463 2255 fugite
2484 2185 2548 2239 de
2568 2186 2767 2240 civitate
2787 2186 2842 2240 in
2869 2186 3118 2241 civitatem
3148 2204 3165 2243 :
3192 2190 3313 2260 quia
3343 2199 3590 2245 neutrum

1991 2286 2316 2343 placcepttnn
2343 2272 2573 2343 videtur,
2601 2278 2699 2332 nisi
2726 2278 3018 2333 secundum
3041 2295 3322 2351 personas,
3351 2291 3593 2352 tempora

1942 2395 1945 2398 -
1998 2378 2051 2419 et
2081 2378 2305 2428 causas,
2338 2367 2440 2421 hoc
2470 2368 2686 2437 quidem
2720 2377 2962 2440 tempore
3001 2373 3394 2443 persecutionis
3424 2373 3493 2428 ob
3534 2377 3590 2427 ti-

1991 2458 2112 2513 dem
2142 2459 2369 2526 Christi,
2402 2460 2464 2515 iis
2495 2462 2688 2532 quibus
2741 2479 2836 2532 per
2862 2465 3161 2520 animarum
3193 2482 3377 2521 curam
3406 2467 3595 2523 abesse

1992 2542 2155 2604 licet:
2189 2551 2316 2605 illtid
2350 2566 2511 2616 vero,
2543 2554 2586 2606 si
2617 2554 2941 2625 apprehensi
2975 2556 3258 2620 fuerimus,
3290 2557 3371 2612 vel
3407 2558 3456 2612 itt
3482 2558 3594 2628 ipsa

1990 2639 2133 2710 fuga.
2172 2642 2532 2714 Prteterqttam
2562 2646 2722 2699 etiam
2751 2646 2891 2717 quod
2923 2658 3207 2720 utrumque
3233 2649 3373 2720 apud
3401 2649 3589 2704 Matth.

1992 2733 2182 2789 eodem
2214 2738 2387 2806 capite
2416 2739 2774 2805 contineatur,
2808 2750 3021 2810 Oportet
3046 2756 3233 2797 sanam
3265 2743 3491 2813 accipiat
3514 2744 3596 2797 itt-

1992 2830 2465 2908 terpretation’em,
2508 2846 2576 2887 ne
2624 2830 2725 2887 sibi
2770 2832 3110 2905 Evangelista
3160 2835 3462 2892 contrarius
3509 2836 3592 2891 vi-

1992 2916 2198 2972 deatur.

1993 3050 2082 3106 21.
2127 3052 2204 3108 De
2231 3052 2332 3109 Job
2352 3097 2366 3123 ,
2390 3054 2531 3126 quod
2553 3055 2676 3113 ﬁliis
2702 3059 2750 3115 ei
2784 3074 2891 3115 non
2918 3061 3176 3116 restitutis
3196 3102 3212 3128 ,
3236 3062 3590 3123 voluntariam

2067 3144 2349 3201 orbitatem
2381 3148 2450 3203 sit
2481 3164 2688 3219 passus.
2723 3150 2867 3206 Tom.
2896 3152 2959 3218 ll,
2990 3152 3077 3206 lib.
3107 3152 3170 3207 de
3201 3152 3422 3208 Patient.
3460 3170 3574 3225 cap.

2073 3238 2136 3292 Μ
2153 3279 2168 3305 ,
2203 3254 2345 3296 num.
2387 3239 2479 3297 98.

2071 3372 2130 3429 in
2172 3377 2568 3447 exemplaribus
2591 3389 2594 3392 ’
2617 3378 2738 3435 libri
2768 3380 2896 3449 Job,
2929 3397 3048 3453 qua:
3078 3382 3287 3439 viderat
3313 3379 3597 3439 Tertullia-

295 3480 599 3535 visionibus
626 3478 860 3534 Christus
899 3478 1115 3550 quidem
1168 3479 1328 3535 fuerit
1360 3481 1614 3549 figuratus
1633 3519 1647 3545 ,
1677 3478 1771 3535 sed
1800 3494 1897 3550 per
1998 3484 2130 3535 "US.
2151 3469 2509 3526 desideratum
2534 3473 2699 3530 fuisse
2729 3475 2956 3540 videtur,
2982 3475 3123 3547 quod
3148 3475 3216 3532 de
3240 3477 3359 3533 ﬁliis
3390 3486 3595 3548 septem

294 3574 527 3642 angelos
580 3570 742 3641 ﬁgura
788 3572 1046 3626 duntaxat
1089 3571 1254 3625 Deum
1299 3571 1645 3640 apparuisse,
1681 3570 1731 3626 id
1764 3586 1890 3641 pro-

291 3663 435 3720 bans
457 3680 519 3720 ex
547 3663 853 3732 Scripturis,
876 3663 1015 3720 Osee
1041 3664 1130 3719 ΧΠ
1151 3706 1164 3730 ,
1194 3666 1281 3720 ubi
1307 3665 1542 3737 angelum
1568 3664 1730 3720 fuisse
1758 3664 1895 3720 dici-

292 3765 403 3822 tttr,
428 3756 517 3826 qui
538 3770 659 3810 cum
680 3755 847 3811 Jacob
866 3757 1182 3812 colluctatus
1202 3764 1304 3823 est,
1323 3767 1376 3812 et
1400 3756 1559 3811 llebr.
1575 3754 1713 3823 Xlll,
1734 3773 1893 3827 quum

234 3902 239 3907 ,
294 3847 549 3904 dicuntur
575 3849 792 3919 quidam
826 3850 1131 3905 nescientes
1157 3852 1374 3922 angelos
1413 3852 1681 3921 recepisse
1709 3851 1893 3921 hospi-

293 3942 391 3997 tio.
426 3941 633 4009 Quibus
660 3942 898 4013 adjicere
928 3943 1087 4007 licet,
1118 3943 1257 4013 quod
1292 3944 1455 3997 Deum
1479 3985 1491 4008 ,
1523 3959 1680 4014 quem
1708 3943 1806 3998 sibi
1842 3944 1893 3998 in

291 4034 434 4088 rubo
469 4044 525 4089 et
554 4033 605 4088 itt
632 4034 757 4113 Sipa
789 4034 1107 4103 apparuisse
1139 4034 1310 4088 Moses
1348 4033 1521 4100 dixit,
1555 4037 1694 4089 hunc
1723 4035 1893 4102 ipsum

292 4125 351 4183 S.
385 4124 713 4198 Stephanus,
746 4129 866 4182 Act.
903 4125 1011 4181 VII.
1040 4126 1287 4197 angelum
1319 4125 1483 4182 fuisse
1523 4135 1762 4181 testatur.

289 4263 386 4321 20.
432 4264 507 4319 De
530 4262 671 4336 Fuga
697 4263 746 4318 in
774 4262 1144 4333 persecutione
1168 4277 1271 4315 non
1295 4259 1456 4316 licita.
1482 4258 1632 4314 Tant.
1669 4258 1734 4315 ll.
1765 4259 1897 4315 lib.l

365 4356 438 4412 ad
473 4354 637 4412 Uxor.
676 4373 792 4428 cap.
835 4356 887 4411 5.
921 4373 973 4408 n.
1007 4355 1093 4409 17.
1128 4352 1215 4407 lib.
1249 4353 1312 4408 de
1337 4353 1455 4408 Cor.
1506 4353 1651 4407 milit.
1684 4368 1797 4424 cap.
1846 4353 1894 4406 1.

365 4466 514 4505 num.
572 4448 658 4504 18.
690 4458 735 4502 et
777 4458 899 4502 tom.
929 4446 995 4502 γ.
1030 4446 1160 4500 libro
1200 4446 1397 4517 integro
1440 4445 1549 4517 ejus
1589 4444 1895 4517 argumenti.

1998 3568 2052 3617 et
2078 3561 2288 3618 ﬁliabus
2308 3564 2477 3619 tribus
2502 3567 2550 3620 ei
2579 3568 2832 3621 restitutis
2854 3568 3042 3639 legitur
3063 3570 3115 3623 in
3138 3568 3379 3637 Hebraeis
3400 3611 3412 3635 ,
3438 3569 3597 3625 Chal-

1998 3654 2163 3721 daeis,
2210 3655 2414 3712 Grazcis
2456 3666 2510 3713 et
2558 3658 2759 3714 Latinis
2807 3662 3430 3735 exemplaribus:atqtte
3473 3663 3598 3721 hinc

2000 3744 2197 3803 factum
2229 3750 2443 3818 opinor,
2475 3752 2546 3805 ttti
2576 3751 2841 3821 peculiare
2873 3753 3009 3808 istud
3035 3796 3049 3821 ,
3079 3753 3222 3826 quod
3251 3742 3394 3826 apud
3423 3756 3596 3810 nemi-

1998 3854 2121 3893 nem
2157 3838 2409 3896 Vetertt-tu
2435 3834 2675 3912 reperire
2703 3845 2848 3913 potui
2876 3886 2890 3909 ,
2921 3844 3238 3901 Paradoxon
3264 3827 3333 3902 sit
3357 3856 3594 3905 secutus.

1997 3928 2156 3988 Certe
2188 3935 2426 4004 pluribus
2454 3935 2504 3991 id
2536 3936 2839 4006 improbare
2868 3939 3197 4008 superﬂuum
3225 3938 3362 3995 foret
3383 3982 3396 4005 ,
3422 3956 3587 4012 quum

2000 4026 2237 4096 ejusdem
2279 4028 2387 4083 fere
2430 4031 2600 4083 a-tatis
2629 4029 2921 4100 Origenes,
2951 4030 3146 4085 llomil.
3180 4031 3214 4086 6
3236 4032 3287 4086 iti
3321 4032 3595 4088 Ezechiel.

1999 4116 2130 4172 illud
2161 4120 2355 4189 legisse
2384 4136 2444 4175 se
2467 4121 2762 4192 signiticet,
2793 4132 2847 4177 et
2875 4130 2993 4191 post
3019 4138 3141 4177 eum
3174 4121 3356 4179 Patres
3386 4139 3596 4194 omnes,

2001 4219 2111 4267 tam
2135 4224 2346 4269 veteres
2363 4255 2376 4279 ,
2396 4230 2553 4285 quam
2579 4195 2964 4270 ntcditc’aetatis
2981 4256 2994 4280 ,
3022 4224 3075 4270 et
3101 4218 3446 4273 recentiores.
3471 4218 3598 4285 Qui-

2002 4300 2103 4358 bus
2124 4304 2325 4359 Auctor
2344 4283 2669 4362 consetitiect
2689 4346 2701 4370 ,
2726 4305 2769 4359 si
2802 4304 3061 4360 duntaxat
3081 4305 3337 4375 dixisset,
3360 4307 3460 4362 Job
3480 4283 3599 4363 reli-
3670 4283 3686 4303 ’

1930 4414 1933 4415 '
2002 4413 2101 4468 qua
2130 4414 2244 4466 qtae
2271 4399 2508 4453 amiserat
2528 4441 2542 4466 ,
2567 4398 2885 4468 reduplicata
2926 4400 3209 4469 possedisse
3230 4442 3244 4467 ,
3275 4402 3497 4470 exceptis
3527 4402 3597 4470 ﬁ-

2004 4486 2125 4554 liis,
2160 4499 2340 4559 utpote
2389 4504 2523 4559 qttos
2564 4498 2770 4559 septem
2829 4490 3093 4545 duntaxat
3152 4492 3354 4559 recepit
3387 4532 3400 4553 ,
3443 4499 3600 4560 atque

370 4586 529 4642 llunc
556 4584 870 4641 Tertulliani
914 4597 1155 4638 errorem
1176 4622 1190 4647 ,
1221 4596 1376 4651 quem
1421 4580 1526 4635 late
1556 4577 1774 4634 deducit
1801 4577 1895 4633 lib.
1925 4604 1978 4665 Β
2003 4572 2141 4635 adeo
2171 4581 2392 4636 totidem
2420 4592 2549 4652 quot
2580 4594 2756 4637 antea.
2786 4582 2845 4656 _ld
2873 4591 3152 4654 pr0pterea
3174 4584 3600 4650 interpretantur

294 4681 365 4739 de
396 4680 542 4751 Fuga
569 4682 619 4735 itt
647 4676 1050 4750 persecutione,
1076 4673 1383 4743 conscripto
1404 4672 1554 4743 juxta
1580 4670 1637 4747 S.
1673 4669 1892 4725 llieron.

292 4744 567 4846 ευριπ-δη.
602 4744 661 4828 et
678 4771 957 4842 t\'iccpltor.
983 4768 1104 4823 adv.
1139 4766 1462 4843 Ecclesiatn,
1500 4744 1740 4817 tantilate
1769 4776 1900 4816 con-

291 4866 590 4922 futavimus
636 4863 833 4918 nostris
886 4863 938 4915 in
983 4856 1131 4915 illum
1168 4855 1660 4922 Aduotationibus,
1695 4865 1748 4908 ut
1790 4868 1897 4907 non

293 4960 485 5017 multis
506 4958 596 5013 hic
621 4958 693 5011 sit
719 4971 875 5027 opus.
898 4953 1035 5009 Vide
1067 4950 1261 5007 ibidem
1279 4992 1294 5015 ,
1320 4937 1469 5028 quod
1489 4947 1556 5002 ad
1577 4946 1779 5002 calcem
1812 4960 1899 4999 ar-

290 5056 540 5125 gumenti
562 5052 907 5120 subjecimus,
927 5046 1221 5102 antidotum
1252 5061 1318 5100 ex
1344 5044 1461 5114 ipso
1476 5051 1693 5096 auctore
1724 5039 1899 5094 adhuc

294 5146 565 5203 catholico
585 5187 599 5212 ,
629 5152 757 5200 tom.
784 5141 847 5196 ll.
892 5141 982 5196 lib.
1008 5140 1075 5196 de
1096 5139 1325 5194 Patient.
1355 5151 1474 5205 cap.
1505 5135 1592 5190 15.
1631 5149 1778 5187 nutn.
1806 5132 1896 5188 88.

292 5240 356 5297 S.
386 5238 641 5312 Cypriani
673 5237 804 5293 locis
831 5236 1023 5307 aliquot
1055 5250 1068 5300 ;
1099 5233 1157 5289 S.
1188 5230 1465 5287 Athanasii
1504 5228 1762 5299 Apologia
1801 5241 1898 5298 pro

293 5346 395 5387 sua
420 5333 543 5404 fuga
571 5373 585 5397 ,
612 5339 667 5386 et
690 5329 747 5386 S.
775 5331 1007 5400 August.
1038 5325 1212 5396 Epist.
1247 5324 1370 5381 180.
1424 5322 1490 5377 ad
1524 5322 1853 5377 llonoratum
1880 5337 1893 5375 :

294 5442 329 5482 e
360 5426 552 5497 quibus
581 5425 740 5479 etiam
771 5422 836 5477 ad
867 5420 1073 5491 singula
1108 5433 1244 5489 pene
1289 5425 1601 5489 argumenta
1629 5414 1893 5471 contraria

292 5515 704 5586 reSpondimus:
730 5512 959 5567 maxime
981 5526 1097 5581 cap.
1123 5509 1176 5565 4.
1207 5523 1354 5564 num.
1378 5508 1469 5563 55.
1504 5522 1621 5576 cap.
1646 5506 1698 5560 5.
1744 5520 1895 5558 num.

299 5607 395 5665 '59.
420 5622 538 5677 cap.
569 5606 623 5675 6,
649 5621 795 5660 num.
822 5604 912 5660 45.
941 5604 1012 5659 47
1040 5618 1101 5657 ac
1125 5602 1216 5669 49,
1244 5611 1375 5671 cap:
1400 5599 1452 5652 7.
1479 5613 1627 5652 tium.
1654 5597 1746 5663 54,
1778 5611 1895 5667 cap.

293 5700 354 5755 8.
389 5718 442 5756 n.
483 5700 573 5755 53.
627 5700 695 5754 57
744 5713 807 5753 ac
856 5696 957 5763 58,
987 5710 1106 5766 cap.
1154 5692 1205 5748 9.
1250 5708 1398 5748 num.
1433 5690 1520 5746 60.
1551 5699 1607 5746 et
1654 5703 1771 5760 cap.
1805 5690 1894 5746 18.

291 5809 451 5849 num.
479 5794 569 5849 75.
604 5790 773 5847 Verba
808 5789 1055 5851 Auctoris
1081 5788 1239 5843 citata
1271 5796 1395 5841 sunt
1417 5784 1515 5840 ista
1547 5802 1559 5837 :
1595 5782 1774 5838 Carnis
1800 5799 1898 5854 pa-

293 5887 481 5945 tientia
526 5889 579 5944 in
623 5876 1054 5960 persecutionibus
1102 5881 1389 5957 prteliatur.
1434 5878 1494 5936 Si
1524 5882 1649 5952 fuga
1677 5886 1895 5950 urgeat,

2008 4674 2279 4743 Philippus
2324 4673 2630 4746 Presbyter,
2664 4675 2719 4730 S.
2773 4675 3062 4744 Gregorius
3110 4674 3250 4742 Papa
3276 4714 3292 4740 ,
3334 4672 3514 4741 Beda,
3545 4683 3601 4730 et

2004 4766 2273 4836 Rupettus
2294 4767 2594 4822 Comment.
2618 4769 2671 4822 in
2700 4767 2802 4823 Job
2821 4809 2835 4834 ,
2864 4768 3004 4847 quod
3035 4775 3236 4837 septem
3269 4768 3483 4839 priores
3507 4766 3599 4824 ﬁlii

2004 4857 2179 4914 adhuc
2199 4859 2376 4914 vivere
2405 4869 2753 4914 censerentur
2778 4857 2916 4929 apud
2946 4858 3134 4914 Deum.

2002 4993 2091 5049 22.
2140 4994 2213 5051 De
2243 4993 2403 5050 Maria
2436 4993 2652 5066 Virgine
2675 5035 2690 5061 ,
2718 4993 2861 5065 quod
2892 4997 3162 5052 communi
3210 4996 3325 5071 lege
3354 5000 3598 5071 patefacti

2076 5085 2320 5157 corporis
2348 5083 2619 5142 Christum
2671 5086 2896 5158 peperit.
2930 5086 3075 5144 Tom.
3108 5088 3196 5145 lIl.
3228 5092 3316 5146 lib.
3344 5094 3407 5146 de
3436 5092 3625 5163 Carne

2076 5181 2293 5248 Clu-isti,
2319 5199 2434 5253 cap.
2479 5182 2530 5237 4.
2558 5198 2698 5236 nutu.
2732 5182 2794 5239 5|
2820 5224 2835 5251 ,
2856 5200 2971 5255 cap.
3016 5182 3107 5240 20.
3139 5202 3279 5240 num.
3315 5185 3452 5253 155,
3479 5203 3598 5258 cap.

2074 5273 2161 5332 25.
2188 5293 2327 5331 num.
2354 5275 2455 5331 174
2477 5292 2538 5329 ac
2566 5276 2686 5333 175.
2712 5276 2925 5333 Advers.
2948 5276 3114 5332 Marc.
3142 5279 3230 5332 lib.
3262 5277 3346 5333 Ill.
3370 5296 3487 5348 cap.
3509 5281 3596 5336 Η.

2073 5382 2215 5427 nttm.
2264 5370 2363 5438 78,
2409 5371 2495 5426 lib.
2532 5370 2617 5426 lV.
2661 5372 2777 5442 cap.
2826 5371 3091 5427 21.1mm.
3126 5372 3223 5427 5H
3251 5411 3266 5439 ,
3324 5381 3368 5427 et
3413 5372 3501 5430 lib.
3531 5373 3596 5432 ν.

2072 5482 2187 5536 cap.
2218 5464 2304 5520 19.
2338 5482 2479 5520 num.
2507 5464 2633 5522 504.
2886 5484 2893 5493 ’

2078 5598 2204 5655 Tale
2226 5597 2351 5670 quid
2380 5597 2762 5655 Tertullianttm
2788 5599 3074 5670 scripsisse
3099 5602 3229 5656 Salis
3259 5603 3598 5662 manifestum

2004 5700 2087 5747 est
2107 5733 2122 5757 ,
2154 5691 2292 5746 sicut
2316 5692 2476 5747 etiam
2504 5691 2813 5763 Origenem,
2835 5692 2982 5750 hom.
3015 5695 3083 5750 14
3110 5695 3159 5749 itt
3200 5695 3429 5765 Lucam,
3456 5710 3512 5756 et
3540 5700 3598 5757 S.

2005 5784 2259 5839 Ambros.
2288 5782 2339 5837 in
2371 5783 2640 5840 eumdem.
2678 5783 2871 5841 Verum
2901 5796 3125 5857 possunt
3171 5787 3392 5863 intelligi
3416 5792 3601 5865 ,juxta

2004 5875 2146 5948 quod
2164 5876 2543 5949 interpretatur
2562 5874 2620 5935 S.
2641 5874 2877 5938 Thomas
2902 5879 3138 5953 Aquinas
3159 5866 3392 5957 alicubi,
3416 5884 3483 5945 de
3506 5885 3601 5945 tali
