4250 6266
636 348 742 408 199

1863 297 2230 397 rauaboxa
2287 338 2747 399 TEltTULLIANl

3822 345 3930 403 200

637 465 988 539 patefactum:
1019 461 1186 527 uteri,
1210 474 1329 531 quae
1359 457 1590 515 claustra
1625 457 1945 528 virginitatis
1976 473 2080 511 non
2113 455 2229 511 vio-
2257 459 2309 517 A
2340 469 2511 512 mater
2535 457 2718 514 Jacobi
2766 457 2985 514 Minoris
3006 500 3020 524 ,
3050 467 3104 514 et
3145 457 3374 530 Joscph,
3406 468 3455 516 et
3495 458 3673 529 Judze,
3707 476 3842 530 quos
3877 463 3929 520 in

634 555 1011 621 laverit;sicuti
1039 555 1200 609 etiam
1235 567 1329 607 nos
1361 551 1736 606 adnotavimus
1761 549 1827 604 ad
1861 549 1985 604 illttd
2009 549 2135 603 Luc.
2160 548 2226 615 ll,

635 665 731 722 pro
763 665 820 704 se
849 648 1066 702 citatum
1104 646 1170 700 ab
1201 647 1430 701 Auctore
1458 662 1470 696 :
1509 643 1670 698 Omne
1711 643 2051 696 masculinum
2095 641 2225 694 ada-

633 741 829 812 periens
867 739 1098 804 vulvam,
1124 738 1190 793 ad
1237 736 1368 792 dict.
1414 736 1506 790 lib.
1540 735 1606 790 de
1644 736 1817 808 Carne
1846 733 2043 788 Christi
2075 749 2222 786 nttm.

635 833 737 888 175
761 873 776 897 ,
803 831 1046 886 adductis
1074 830 1138 884 ad
1167 831 1266 884 hoc
1296 828 1613 884 testimoniis
1643 827 1814 892 Graeci
1842 826 2117 896 cujusdam
2148 825 2228 879 itt-

632 925 883 996 terpretis
905 966 918 990 ,
942 931 995 978 et
1018 924 1074 981 8.
1103 922 1323 977 llieron.
1353 922 1442 992 qui
1471 932 1768 991 agnoscunt
1792 919 2064 974 Christum
2093 932 2224 972 nou-

630 1020 758 1077 dum
787 1029 1025 1091 apertam
1072 1017 1282 1072 vulvam
1314 1004 1622 1084 virginalem
1665 1012 1943 1084 aperuisse
1969 1026 2226 1082 superna-

623 1113 892 1175 .tnraliter,
941 1117 994 1165 et
1035 1107 1330 1165 clausulam
1389 1104 1702 1160 naturaliter
1749 1118 2034 1168 servasse,
2075 1103 2224 1173 juxta

629 1203 928 1262 Ezechielis
958 1202 1302 1266 vaticinium,
1337 1198 1403 1254 de
1433 1208 1583 1269 porta
1613 1196 1864 1252 Orientali
1897 1198 2095 1257 clausa,
2130 1212 2225 1266 per

628 1313 787 1370 quam
833 1295 981 1352 solus
1053 1291 1299 1348 Pontifex
1353 1289 1627 1361 egreditur
1656 1329 1671 1353 ,
1700 1305 1821 1360 qua:
1878 1287 2223 1343 nihilominus

628 1406 840 1462 semper
866 1389 1043 1444 clausa
1084 1394 1383 1456 permanet.
1414 1384 1531 1451 Quo
1561 1382 1789 1452 pertinet
1813 1383 1973 1437 etiam
2005 1381 2061 1435 8.
2095 1382 2222 1435 Am-

629 1483 772 1540 bros.
808 1479 1157 1551 comparatio,
1193 1476 1356 1546 Epist.
1382 1474 1442 1529 8|
1479 1473 1566 1529 ubi
1595 1472 1811 1537 scribit,
1844 1471 2112 1526 Christum
2145 1470 2224 1526 sic

627 1578 804 1634 exisse
849 1575 916 1629 de
967 1581 1119 1628 utero
1175 1571 1428 1641 Virginis,
1465 1569 1603 1622 sicut
1653 1581 1806 1636 aqua:
1860 1565 2124 1620 ﬂuxerunt
2155 1565 2220 1621 de

600 1677 773 1743 petra
802 1709 815 1732 ,
844 1664 1073 1735 denique
1125 1662 1257 1716 illud
1308 1660 1563 1716 Auctoris
1610 1659 1728 1714 loco
1779 1659 2017 1712 secundo
2057 1657 2220 1712 citato

625 1765 745 1821 dicti
781 1762 900 1818 libri
931 1780 942 1816 :
979 1759 1116 1828 Quid
1146 1756 1296 1828 fuerit
1337 1755 1572 1808 novitatis
1607 1755 1659 1807 in
1688 1751 1888 1808 Christo
1913 1769 1990 1808 ex.
2013 1750 2218 1823 Virgine

625 1853 865 1911 nascendi
911 1852 1082 1920 palam
1127 1857 1200 1903 est
1224 1888 1237 1912 ,
1265 1846 1452 1900 scilicet
1503 1846 1598 1898 hoc
1647 1843 1968 1922 solummodo
1993 1844 2128 1910 quod
2157 1859 2220 1897 ea:
2247 1826 2294 1884 Β

623 1949 817 2020 virgine
843 1962 861 2011 ;
889 1944 1193 2014 signiﬁcans
1224 1938 1419 1994 ibidem
1441 1980 1454 2003 ,
1481 1945 1535 1992 et
1575 1937 1706 1991 aliis
1733 1935 1864 1990 locis
1897 1936 1982 1990 hic
2009 1936 2214 2000 citttis,

623 2058 683 2098 se
714 2039 842 2096 illud
891 2051 1060 2108 usque
1091 2034 1224 2088 adeo
1252 2031 1450 2086 ursisse
1471 2072 1484 2095 ,
1518 2038 1575 2084 ut
1598 2046 1768 2083 verum
1820 2029 2068 2098 probaret
2093 2045 2216 2096 par-

625 2144 728 2189 lttm
755 2129 944 2186 Christi
970 2143 1032 2181 ea:
1067 2125 1302 2196 Virgine,
1327 2132 1512 2178 contra
1545 2121 1866 2175 Marcioucm
1890 2162 1903 2184 ,
1933 2120 2020 2191 qui
2052 2121 2219 2189 phan-

623 2225 870 2281 ttsticum
912 2219 1143 2275 dicebat.
1175 2214 1518 2271 l’ostmodum
1565 2212 1809 2276 interim,
1845 2210 1931 2266 ubi
1962 2211 2094 2265 satis
2122 2211 2218 2266 fuit

621 2334 684 2375 ea
715 2314 934 2371 haeresis
958 2310 1222 2368 confutata
1246 2349 1260 2372 ,
1284 2308 1585 2382 maluerunt
1605 2305 1792 2360 Patres
1809 2303 2058 2370 delinire,
2094 2302 2213 2358 Vir-

619 2413 798 2484 ginem
833 2407 1110 2478 Deiparam
1141 2388 1328 2458 clauso
1355 2408 1506 2455 utero
1547 2395 2027 2468 ineorruptibiliter
2056 2411 2216 2467 pepe-

620 2520 775 2562 NSSC.

617 2642 709 2700 23.
755 2642 830 2698 De
875 2636 1034 2695 Maria
1085 2633 1289 2706 virgine
1335 2631 1502 2687 semel
1558 2637 1780 2701 nuptura
1837 2635 1956 2699 post
1982 2635 2209 2698 partum.

690 2733 837 2790 Tant.
875 2733 938 2788 ll.
971 2730 1055 2784 lib.
1083 2728 1146 2801 de
1180 2725 1395 2781 Velanii.
1441 2725 1570 2795 virg.
1614 2739 1661 2777 c.
1683 2723 1738 2778 6.
1761 2739 1814 2776 η.
1839 2722 1926 2776 48.
1948 2719 2092 2774 Τοηι.
2123 2719 2208 2776 Ill.

691 2829 779 2884 lib.
812 2828 874 2881 de
901 2824 1064 2887 Carne
1088 2820 1276 2877 Christi
1320 2835 1365 2873 ε.
1387 2817 1480 2874 25.
1527 2835 1579 2871 n.
1607 2815 1730 2872 174.
1776 2824 1821 2870 et
1869 2813 1992 2874 to'nt.
2032 2813 2091 2870 ν.
2119 2813 2207 2869 lib.

689 2923 752 2978 de
779 2919 986 2990 Monog.
1019 2934 1133 2987 cap.
1161 2913 1213 2969 8.
1251 2929 1342 2969 nu.
1367 2912 1457 2968 55.

684 3059 824 3117 Satis
853 3055 1068 3128 quidem
1101 3053 1329 3120 obscure
1355 3049 1576 3105 inhanc
1620 3048 1870 3105 haeresim
1917 3043 2210 3117 impingere

615 3152 825 3208 videtur
872 3142 1089 3212 Auctor,
1125 3147 1193 3201 ita
1227 3153 1284 3200 ut
1327 3143 1506 3214 aliquo
1551 3141 1712 3197 modo
1756 3155 1944 3196 sanum
1991 3153 2206 3193 sensum

615 3247 821 3318 possint
848 3245 965 3312 ejus
987 3240 1146 3296 verba
1175 3227 1414 3310 recipere
1443 3255 1456 3302 ;
1486 3251 1668 3293 verum
1697 3233 2128 3307 quandoquidem
2151 3233 2206 3289 S.

617 3337 961 3406 llier0uynt.,
991 3348 1154 3404 quum
1184 3330 1330 3384 ilhun
1351 3343 1523 3400 prose
1551 3325 2067 3383 citasscthmrcticus
2088 3324 2208 3380 lle!-

615 3430 790 3483 vidius
811 3469 824 3490 ,
856 3411 961 3480 non
1003 3431 1163 3494 neget
1204 3421 1347 3476 illttttt
1381 3422 1484 3475 tale
1523 3420 1646 3488 qttid
1678 3419 1962 3489 scripsisse
1986 3460 2000 3484 ,
2034 3432 2207 3487 neque

614 3534 715 3588 ego
745 3518 812 3572 ab
862 3530 924 3572 ea
977 3516 1148 3584 ipsum
1191 3511 1552 3567 excusandum
1605 3512 1802 3580 pllLtVl.
1860 3508 2208 3579 Respondcre

614 3611 885 3665 sufﬁceret
931 3605 980 3661 id
1001 3647 1016 3671 ,
1045 3605 1186 3676 quod
1233 3605 1292 3658 Β.
1338 3603 1554 3657 llieron.
1596 3601 1665 3656 de
1693 3601 2022 3656 Tertulliano
2049 3619 2062 3655 :
2092 3600 2205 3654 Non

614 3701 755 3757 aliud
787 3701 942 3765 dico,
972 3689 1128 3767 quam
1159 3695 1428 3750 hominem
1462 3693 1713 3748 Ecclesia:
1747 3709 1851 3747 non
1885 3692 2067 3749 fuisse.
2103 3693 2207 3749 Ve-

551 3815 559 3820 ·
615 3808 732 3848 rum
759 3791 880 3860 quia
921 3787 1199 3843 seductum
1230 3787 1392 3840 fuisse
1420 3784 1706 3839 verisimile
1732 3796 1812 3837 est
1844 3783 2064 3847 iisdem,
2091 3785 2208 3853 qui-

614 3884 715 3941 bus
762 3882 1056 3938 llelvidimn
1080 3923 1095 3944 ,
1133 3878 1586 3948 Evangelistartnn
1634 3874 1830 3943 verbis,
1868 3875 2052 3930 Matth.
2087 3874 2203 3929 Xll.

616 3973 884 4033 Luc.Vlll.
904 3971 1177 4029 Joan.Vll.
1211 3972 1272 4024 de
1288 3970 1530 4041 fratribus
1556 3967 1779 4030 Domini,
1799 3983 1934 4038 quos
1950 3982 2062 4021 vere
2091 3969 2205 4039 fra-

615 4080 742 4131 tres,
780 4070 925 4122 utiet
963 4081 1074 4119 rere
1117 4074 1327 4118 matrem
1375 4060 1537 4127 fuisse
1565 4059 1784 4125 Christi,
1814 4064 1922 4126 jam
1956 4060 2083 4114 dict.
2111 4060 2200 4114 Μ).

613 4164 680 4219 de
711 4163 881 4218 Carne
907 4159 1103 4214 Christi
1135 4173 1253 4227 cap.
1287 4157 1339 4210 7.
1381 4172 1526 4210 num.
1559 4155 1625 4210 67
1665 4154 1891 4220 asserit,
1923 4156 1994 4208 ttti
2028 4154 2205 4209 carnis

609 4253 811 4307 Ch'isti
843 4251 1118 4305 veritatem
1167 4257 1316 4302 tanto
1361 4247 1731 4317 comprobaret
1773 4248 1975 4317 magis,
2005 4246 2203 4318 aliquid

614 4347 682 4401 de
713 4353 827 4412 ejus
859 4345 1066 4415 phrasis
1099 4342 1368 4396 intellectu
1400 4340 1753 4409 adjiciendum
1789 4351 1889 4394 est.
1922 4328 2202 4410 Origenes,

614 4440 878 4503 lldarius,
916 4435 1270 4508 Euthymius,
1304 4444 1357 4488 ct
1395 4432 1700 4504 'Tlteophyl.
1755 4433 1807 4486 in
1858 4431 2201 4499 ll-latthaann,

2335 549 2627 620 Evangelio
2653 552 2838 622 fratres
2867 549 3074 605 Domini
3117 552 3342 622 legimus
3370 552 3705 622 appellatos;
3737 552 3930 610 fratres

2335 641 2476 696 enim
2524 643 2878 697 consobrinos
2905 643 3009 698 dici
3037 684 3052 708 ,
3079 643 3254 698 omnis
3270 642 3544 714 Scriptura
3575 644 3926 701 demonstrat.

2335 734 2435 790 Ubi
2463 736 2649 791 alludit
2673 746 2783 792 tum
2807 737 2871 791 ad
2894 738 3194 808 Scripturas
3218 737 3284 794 de
3313 738 3450 794 Loth
3481 739 3642 796 lratre
3666 740 3916 808 Abrahae,

2333 827 2468 883 Gen.
2504 828 2636 896 Xlll,
2662 841 2772 885 tum
2791 831 2857 885 ad
2876 830 3060 887 Matth.
3083 831 3280 888 c.XVll
3299 832 3384 888 ubi
3407 838 3554 904 juxta
3587 849 3800 890 crucem
3829 835 3928 891 ad-

2333 921 2536 977 SIitisse
2561 922 2755 978 dicitur
2779 924 2940 980 Maria
2983 925 3165 982 Jacobi
3186 967 3201 992 ,
3229 938 3285 983 et
3308 928 3434 983 Jose
3462 943 3558 984 seu
3583 928 3784 1001 Joseph
3811 946 3928 986 ma-

2334 1020 2451 1068 ter:
2477 1014 2619 1085 quod
2647 1015 2714 1071 de
2739 1025 2909 1072 matre
2950 1017 3160 1073 Domini
3202 1033 3308 1074 non
3339 1034 3498 1089 posse
3527 1020 3755 1093 intelligi
3781 1032 3928 1081 recte

2331 1105 2605 1161 adnotavit
2637 1107 2975 1180 Euthymius.
3011 1111 3272 1166 Craterum
3300 1111 3420 1168 vide
3445 1105 3808 1170 deﬁnitionem
3835 1114 3930 1172 Ec-

2330 1199 2683 1255 clesiasticam
2736 1201 2834 1257 hac
2880 1203 2949 1258 de
2995 1218 3052 1258 re
3095 1202 3233 1274 apud
3261 1203 3319 1260 S.
3354 1203 3826 1276 Fulgentium,lib.
3858 1207 3926 1264 de

2329 1288 2459 1346 Fide
2487 1292 2550 1346 ad
2583 1291 2796 1347 Petrum
2822 1294 2958 1349 inter
2985 1309 3147 1365 opera
3175 1295 3235 1350 Β.
3261 1295 3566 1367 Augustini.

2326 1422 2418 1480 2i.
2462 1423 2536 1479 De
2568 1425 2710 1480 mille
2758 1426 2914 1480 annis
2955 1435 3074 1496 post
3128 1427 3576 1483 resurrectionem
3617 1442 3917 1500 corporum.

2398 1511 2514 1570 Lib.
2548 1517 2608 1570 de
2648 1515 2861 1572 Resurr.
2890 1534 3031 1572 earn.
3079 1535 3196 1587 cap.
3241 1517 3314 1574 25
3336 1557 3350 1582 ,
3383 1511 3524 1573 nam.
3568 1519 3694 1601 205'.
3723 1521 3921 1578 advers.

2399 1603 2566 1660 Marc.
2596 1605 2684 1660 lib.
2708 1607 2746 1660 1.
2773 1624 2888 1679 cap.
2921 1608 3012 1664 Q9.
3043 1625 3131 1663 nu.
3159 1608 3286 1664 205.
3323 1609 3411 1664 lib.
3445 1609 3532 1666 lll.
3574 1627 3690 1683 cap.
3735 1611 3824 1668 24.
3865 1630 3918 1670 tt.

2397 1699 2494 1753 191
2528 1707 2574 1752 et
2602 1715 2706 1770 seq.
2739 1700 2830 1756 lib.
2860 1700 2947 1757 IV.
2980 1718 3097 1772 cap.
3129 1700 3221 1756 29.
3255 1719 3394 1756 nam.
3427 1703 3554 1758 471.
3598 1714 3645 1758 et
3676 1713 3799 1759 tant.
3828 1705 3916 1762 IV.

2394 1792 2446 1846 in
2473 1790 2774 1865 Fragment.
2806 1794 2921 1848 libri
2944 1795 3006 1848 de
3036 1795 3144 1866 Spe
3170 1795 3417 1865 ﬁdelium.

2395 1928 2530 1997 Quid
2563 1928 2922 1984 Tcrtullianus
2946 1928 3044 1984 hac
3063 1927 3132 1984 de
3160 1944 3218 1985 re
3247 1930 3512 1998 senserit,
3536 1932 3664 1988 satis
3688 1931 3916 1989 arbitror

2322 2020 2608 2077 deduxisse
2637 2037 2722 2076 me
2753 2030 2790 2074 t.
2810 2019 2877 2075 IV
2897 2020 2962 2076 ad
2988 2019 3302 2092 Fragmenta
3323 2021 3416 2076 lib.
3440 2020 3507 2076 de
3528 2022 3634 2092 Spe
3659 2023 3931 2093 lidelium,‘

2321 2130 2386 2171 ex
2418 2115 2544 2184 ipsis
2569 2114 2683 2185 ejus
2715 2113 2890 2170 verbis
2911 2155 2926 2183 ,
2961 2130 3150 2186 nempe
3170 2156 3185 2182 ,
3228 2115 3278 2168 in
3320 2125 3453 2168 terra
3480 2115 3680 2184 quidem
3709 2132 3912 2187 regnum

2321 2205 2509 2261 Christi
2535 2205 2677 2260 nobis
2703 2207 3065 2276 repromissum
3106 2218 3220 2258 ante
3243 2204 3425 2259 aetum
3453 2215 3565 2276 post
3594 2206 3810 2275 primaut
3834 2222 3930 2260 νει.

2318 2299 2676 2353 surrectionem
2697 2339 2711 2364 ,
2735 2297 2827 2353 sed
2853 2307 3031 2352 tamen
3059 2299 3127 2351 ita
3154 2340 3168 2364 ,
3193 2307 3244 2350 ut
3274 2297 3326 2350 in
3353 2313 3410 2351 co
3432 2297 3732 2366 reﬁciantur
3749 2298 3912 2353 sancti

2320 2390 2546 2445 omnium
2588 2374 2900 2460 spiritalium
2953 2390 3198 2444 bonorum
3235 2390 3404 2460 copia.
3434 2389 3602 2457 Quam
3633 2391 3731 2445 etsi
3761 2405 3909 2446 erro-

2323 2500 2514 2550 neam,
2545 2494 2832 2553 utcumque
2873 2483 3203 2538 tolerabilem
3253 2492 3428 2538 tamen
3477 2483 3667 2538 fatetur
3708 2483 3768 2538 B.
3798 2485 3908 2551 Au-

2316 2588 2481 2652 guSt.,
2515 2577 2550 2634 l.
2575 2577 2752 2633 XXde
2780 2576 2937 2633 Civit.
2966 2576 3080 2642 Dei,
3107 2586 3361 2648 quantum
3388 2577 3598 2648 opinor,
3620 2577 3761 2648 quod
3787 2592 3906 2634 eam
3931 2588 3934 2594 '

2317 2674 2478 2730 etiam
2506 2674 2574 2728 sit
2613 2673 2850 2743 reperire
2894 2673 3031 2742 apud
3054 2671 3108 2727 S.
3144 2671 3424 2738 Irenaeum,
3458 2669 3569 2727 LV.
3593 2671 3661 2728 de
3687 2671 3904 2741 turres,

2317 2783 2364 2820 c.
2398 2766 2487 2822 52.
2512 2767 2601 2822 55.
2626 2765 2717 2822 54.
2749 2765 2819 2822 55
2839 2781 2901 2821 ac
2919 2766 2976 2822 S.
3019 2764 3283 2820 Justinum
3334 2766 3620 2838 Martyrem
3646 2807 3661 2831 ,
3693 2766 3906 2837 Dialogo

2317 2861 2441 2917 adv.
2472 2860 2816 2932 Tryphonem
2854 2871 2908 2916 et
2945 2859 3246 2915 Melitonem
3268 2901 3282 2922 ,
3305 2859 3394 2929 qui
3441 2859 3492 2912 itt
3525 2860 3628 2914 hoc
3647 2870 3770 2914 sunt
3792 2859 3908 2914 imi-

2317 2955 2409 3011 tati
2432 2997 2446 3022 ,
2469 2955 2549 3009 vel
2576 2955 2632 3010 8.
2659 2953 2804 3009 llier.
2830 2963 3049 3008 auctore
3070 2995 3085 3018 ,
3112 2952 3346 3023 Papiam.
3371 2950 3576 3019 Quibus
3606 2951 3906 3007 assentiun-

2319 3056 2404 3102 tttr
2442 3046 2605 3100 etiam
2647 3044 3048 3114 Apollinarius,
3084 3042 3172 3115 qui
3218 3045 3412 3098 frustra
3460 3043 3622 3097 libros
3667 3042 3905 3114 Dionysii

2318 3137 2668 3195 Alexandrini
2720 3147 2907 3193 contra
2957 3137 3214 3206 Nepotem
3248 3137 3397 3190 nisus
3425 3135 3519 3190 luit
3548 3134 3905 3206 impugnare;

2318 3232 2564 3288 Lactant.
2596 3230 2728 3298 l.'ll,
2747 3231 2888 3286 c.15
2915 3245 2978 3285 ac
3003 3230 3159 3296 LVII,
3185 3245 3232 3283 c.
3258 3227 3662 3298 2t;Victorinus
3683 3228 3735 3283 in
3761 3231 3906 3299 Apo-

2311 3324 2572 3396 calypsin,
2591 3334 2875 3394 antequam
2902 3339 2930 3378 a
2958 3324 3015 3379 S.
3037 3323 3254 3378 llieron.
3279 3323 3782 3391 emendaretur;et.
3813 3337 3905 3378 eo-

2317 3417 2437 3472 dem
2468 3426 2622 3480 tcste,
2645 3410 2884 3471 Severus
2925 3416 2976 3469 in
3004 3416 3156 3471 Gallo
3191 3416 3406 3486 Dialogo
3435 3416 3502 3470 de
3537 3416 3650 3471 Vita
3679 3415 3737 3472 8.
3765 3414 3903 3470 Mar-

2314 3509 2428 3564 titti.
2477 3510 2790 3578 Quanquam
2839 3508 2998 3563 etiam
3039 3507 3142 3562 illis
3190 3507 3414 3578 imputet
3444 3506 3538 3576 (uti
3594 3515 3648 3562 et
3691 3505 3901 3561 Tertul-

2312 3599 2490 3665 liano,
2518 3599 2642 3664 scd,
2675 3611 2930 3668 quantum
2981 3601 3248 3670 apparet,
3293 3615 3396 3652 uott
3443 3599 3610 3669 recte)
3659 3598 3897 3654 Gcnnad.

2312 3691 2408 3748 lib.
2440 3689 2506 3746 de
2544 3692 2787 3760 Dogmat.
2810 3693 3042 3757 I'chles.,
3073 3705 3228 3762 potus
3255 3699 3309 3747 et
3338 3692 3441 3746 eihi
3476 3691 3684 3747 deliciis
3715 3693 3901 3748 fruitu-

2311 3801 2403 3842 ros
2417 3797 2653 3842 sanctos.
2678 3787 2888 3856 Alioqui
2913 3795 3058 3841 certe
3078 3827 3092 3851 ,
3118 3784 3275 3856 longe
3296 3784 3561 3840 diversam
3587 3794 3729 3856 patet
3745 3785 3903 3840 fuisse

2311 3879 2740 3946 Ccrinthi,Marci
2763 3896 2823 3934 ac
2842 3879 3057 3950 Nepotis
3081 3879 3350 3945 lueresim,
3370 3880 3436 3934 de
3457 3881 3651 3951 quibus
3671 3880 3788 3960 ipse
3806 3880 3903 3935 ibi-

2309 3973 2523 4039 detn,ct
2551 3975 2767 4040 liuselr,
2797 3975 2832 4028 l.
2860 3971 2944 4027 lll.
2974 3972 3114 4029 (θ.Ξὲ
3142 3988 3201 4027 ac
3230 3972 3265 4026 l.
3291 3971 3402 4028 th.
3425 3988 3476 4030 e.
3496 3973 3588 4028 ‘20.
3619 3983 3737 4044 post
3755 3987 3898 4040 eum,

2310 4079 2361 4120 et
2389 4065 2716 4136 Nicephorus
2745 4065 2975 4131 alicubi,
3008 4065 3344 4135 aliorumque
3391 4065 3769 4123 Cltiliastarum
3805 4079 3902 4122 seu

2310 4159 2673 4215 Milhariorum
2697 4159 2999 4221 ,adversum
3023 4175 3158 4230 quos
3186 4162 3291 4230 agit
3317 4159 3372 4214 S.
3409 4158 3625 4230 lipiph.,
3654 4157 3784 4213 hmr.
3810 4155 3897 4212 76.

2310 4250 2505 4322 Utpote
2535 4255 2622 4323 qui
2654 4250 2850 4324 (sicuti
2869 4260 2937 4306 .-ct
2965 4251 3208 4306 hodierni
3248 4250 3460 4323 quidam
3493 4249 3900 4321 Anabaptistte)

2312 4344 2362 4398 io
2396 4345 2486 4399 illo
2511 4346 2670 4400 etiam
2719 4345 3023 4414 nuptiarum
3053 4344 3296 4414 copulam
3323 4386 3338 4411 ,
3365 4344 3472 4405 imo
3517 4341 3803 4398 Ceriutlms
3843 4349 3901 4399 et

2309 4434 2516 4493 Marcus
2551 4444 2728 4491 outnta
2774 4436 3051 4491 libidinum
3084 4451 3280 4507 genera
3307 4435 3707 4506 exspectabant.
3736 4443 3790 4488 et
3817 4435 3897 4488 uti

612 4532 809 4588 Euseb.
847 4531 932 4585 lih.
973 4528 1032 4584 ll.
1079 4529 1202 4582 hist.
1235 4525 1382 4582 Eccl.
1413 4541 1462 4580 c.
1513 4529 1563 4579 1.
1597 4525 1654 4580 8.
1687 4525 1953 4595 Epiphan.
1986 4527 2079 4580 lib.
2117 4525 2196 4580 lll.
2229 4552 2282 4611 D
2311 4530 2368 4586 S.
2409 4529 2553 4585 l-lier.
2583 4529 2978 4600 asserit,juxta
3005 4527 3311 4584 Judazorum
3345 4534 3634 4600 δευτερώσιις
3668 4528 3899 4582 circum-

615 4626 824 4682 l‘aoarii
872 4619 1128 4678 adversus
1175 4619 1835 4679 Autidiconutrianitas.S.
1869 4620 2119 4674 Ambros.
2150 4629 2201 4674 et

609 4719 834 4774 (licunt.
869 4719 920 4770 in
949 4715 1156 4771 Comm.
1189 4729 1236 4768 c.
1271 4713 1307 4767 2
1331 4713 1395 4765 ad
1424 4710 1620 4775 Calat.,
1653 4715 1835 4782 fratres
1867 4710 2072 4786 Domini
2099 4727 2194 4782 pu-

613 4819 727 4864 tant
754 4809 1007 4878 appellari
1048 4806 1186 4860 ﬁlios
1211 4803 1416 4874 Joseplt
1447 4819 1512 4859 ex
1540 4803 1702 4858 Maria
1743 4802 1994 4879 CleOpha:
2027 4805 2202 4860 fratris

611 4903 692 4955 sui
723 4901 874 4954 vidua
897 4941 911 4966 ,
941 4914 1006 4953 ex
1027 4914 1128 4968 qua
1153 4897 1354 4953 liberos
1385 4911 1480 4951 sex
1507 4896 1777 4951 sustulerit
1798 4937 1810 4959 ,
1838 4905 2021 4966 utpote
2046 4895 2203 4952 Jaco-

533 5008 544 5016 '
610 4997 734 5049 hum
791 4990 988 5060 Joseph
1008 5034 1020 5051 .
1042 4992 1316 5046 Simoitem
1340 5033 1355 5056 ,
1379 4989 1567 5046 Judam
1588 4999 1642 5046 et
1664 4990 1854 5047 fratres
1875 4992 2012 5062 ejus.
2041 4992 2204 5064 quue

611 5081 715 5151 (vel
747 5089 881 5135 teste
906 5076 1157 5147 Origene)
1177 5075 1324 5145 juxta
1357 5076 1701 5152 Evangelzum
1744 5078 1883 5147 quod
1938 5077 2076 5132 Petri
2105 5086 2198 5132 aut

609 5172 791 5230 Jacobi
825 5169 1032 5225 titulum
1066 5167 1522 5222 habebat.Vcrum
1561 5169 1757 5223 rectius
1781 5168 1838 5223 S.
1872 5168 2115 5237 llieron.,
2144 5171 2197 5225 in

610 5267 814 5321 Comm.
844 5260 1068 5329 Quidam
1099 5261 1284 5332 fratres
1324 5256 1531 5314 Domini
1569 5261 1637 5315 de
1674 5262 1776 5316 alia
1807 5277 1972 5317 uxore
1999 5262 2197 5334 Joscplt

609 5356 744 5412 lilios
771 5357 1132 5427 suspicantur,
1164 5362 1446 5423 sequentes
1471 5351 1820 5409 deliramenta
1865 5356 2199 5427 apocryplto-

609 5465 748 5514 tum,
772 5456 826 5504 et
846 5463 874 5501 a
897 5445 1124 5518 quadam
1150 5444 1318 5506 Escha
1345 5444 1655 5500 muliercula
1678 5447 2197 5529 conlingetttes.INos

607 5555 807 5609 autem,
840 5544 1032 5615 inquit,
1063 5527 1214 5598 sicut,
1237 5542 1288 5599 itt
1334 5541 1471 5602 libro
1493 5583 1510 5610 ,
1541 5557 1699 5613 quem
1731 5542 1989 5606 adversus
2021 5527 2196 5600 llelvi-

607 5642 754 5696 dium
782 5639 1093 5710 scripsimus
1116 5678 1130 5700 ,
1162 5635 1487 5703 continetur,
1515 5637 1698 5706 fratres
1725 5634 1967 5705 Domini,
1996 5652 2100 5692 non
2131 5638 2196 5692 li-

605 5732 706 5786 lios
725 5729 924 5800 Joseph
947 5771 961 5794 ,
985 5728 1078 5784 sed
1099 5729 1451 5784 consobrinos
1469 5729 1768 5784 Salvatoris
1788 5771 1804 5797 ,
1828 5729 2194 5802 intelligimus,

607 5821 789 5879 Maria:
829 5821 1030 5878 liberos
1069 5826 1375 5879 matertera:
1422 5819 1673 5893 Domini,
1699 5837 1819 5894 quae
1859 5837 1981 5882 esse
2005 5823 2199 5883 dicitur

2309 4624 2526 4679 cisionis
2571 4624 2816 4692 injuriatu
2846 4664 2858 4686 ,
2892 4625 3328 4678 instaurationem
3372 4621 3590 4690 templi,
3626 4632 3896 4676 taurorum

2307 4725 2358 4770 et
2395 4715 2617 4769 arietum
2662 4714 2909 4769 victimas
2938 4756 2953 4781 ,
2995 4717 3164 4768 otium
3211 4713 3461 4782 Sabbati,
3491 4723 3546 4769 et
3587 4722 3895 4768 cunctarum

2306 4812 2544 4878 gentium
2591 4807 2943 4874 servitutem,
2991 4815 3151 4879 atque
3195 4806 3331 4862 adeo
3378 4807 3514 4862 bella
3549 4849 3566 4873 ,
3598 4807 3892 4872 exercitus,

2309 4899 2607 4970 triumphos
2627 4942 2642 4965 ,
2669 4911 3038 4970 superatorum
3065 4916 3221 4955 neces
3241 4941 3256 4962 .
3289 4908 3623 4969 mortemque
3643 4911 3896 4956 centena-

2310 4995 2372 5048 rii
2418 4994 2730 5063 peccatoris.
2782 4993 2949 5047 i'orro
2996 5008 3157 5062 quum
3207 4992 3458 5047 onmibus
3495 4991 3558 5046 iis
3589 4991 3899 5063 imposuerit

2303 5084 2429 5140 illud
2463 5086 2860 5157 Apocalypseos
2886 5085 2943 5141 S.
2979 5084 3203 5140 Joannis
3241 5085 3481 5157 Apostoli
3511 5087 3660 5152 (nam
3703 5085 3777 5140 illi
3804 5084 3899 5139 ad-

2303 5178 2542 5234 scribunt
2568 5176 2878 5250 omnesilli)
2901 5192 2952 5234 c.
2975 5176 3095 5237 XX,
3125 5174 3251 5230 llwc
3275 5189 3351 5232 est
3380 5176 3679 5231 resurrectio
3706 5176 3892 5246 prima,

2303 5273 2488 5326 beatus
2508 5280 2590 5327 est
2609 5280 2857 5339 sanctus,
2879 5271 2969 5343 qui
3002 5270 3163 5327 habet
3190 5279 3394 5342 partem
3423 5271 3474 5325 in
3507 5271 3898 5326 resurrectione

2301 5364 2474 5434 prima
2495 5405 2508 5429 ,
2539 5364 2589 5418 in
2619 5362 2703 5418 his
2732 5373 2891 5419 erunt
2927 5365 3235 5422 sacerdotes
3263 5363 3475 5419 Domini
3503 5372 3557 5419 et
3581 5363 3820 5429 Christi,
3852 5371 3900 5417 et

2301 5457 2583 5524 regnabant
2607 5473 2718 5510 cum
2749 5455 2838 5510 illo
2865 5456 3003 5510 mille
3029 5457 3179 5510 annis
3200 5499 3215 5522 ,
3250 5456 3317 5512 de
3346 5458 3463 5526 ejus
3490 5455 3593 5511 loci
3624 5455 3901 5511 intellectu

2302 5548 2500 5618 aliquid
2529 5549 2614 5604 hic
2633 5550 2989 5620 adjiciendum
3011 5549 3182 5606 est.B.
3220 5549 3364 5605 llier.
3389 5549 3547 5606 Prtel'.
3583 5547 3892 5604 inLXVllI.

2302 5642 2448 5709 lsai.,
2480 5643 2857 5718 Apocalypsin,
2894 5663 2998 5702 non
3047 5648 3195 5717 juxta
3253 5647 3485 5704 litteram
3505 5689 3521 5712 ,
3548 5645 3706 5703 sicuti
3733 5660 3764 5698 a
3791 5641 3898 5699 Ju-

2301 5735 2632 5794 daizantibus
2653 5780 2667 5806 ,
2690 5739 2784 5796 sed
2806 5741 3134 5812 spiritaliter,
3159 5749 3215 5796 ut
3234 5742 3430 5812 scripta
3452 5749 3538 5797 est
3553 5780 3571 5807 ,
3595 5738 3902 5796 edisseren-

2299 5826 2425 5885 dam
2473 5827 2636 5903 dicit,
2665 5831 2810 5904 quod
2859 5833 3031 5906 ipsum
3076 5833 3290 5892 disertis
3320 5831 3497 5892 verbis
3535 5831 3663 5890 facit
3687 5821 3900 5889 Comm.
