4242 6264
319 284 418 341 201

1550 286 1688 344 cun
1726 263 2069 348 ANTIDOTO
2109 291 2404 352 rsum“.

3507 304 3615 371 902

312 392 421 452 IIS.
452 396 702 493 Victorini
732 397 782 493 in
813 398 991 469 Apoca
1017 411 1076 455 sc
1096 398 1381 493 emendato
1401 441 1417 468 ,
1448 400 1914 493 Diottysium_opi-
1942 404 1996 465 Α
2021 407 2143 477 quia
2172 409 2315 479 loqui
2343 410 2614 468 Christum
2642 414 2709 470 de
2740 415 2840 471 hac
2868 415 2972 471 vita
2995 456 3010 480 ,
3039 431 3142 472 non
3170 418 3255 473 illa
3288 418 3471 476 futura
3491 433 3612 493 post

317 503 419 544 nor
468 487 881 545 Alexandrinum
928 499 1181 556 secutus,
1211 490 1367 545 dictis
1396 489 1609 546 advers.
1656 484 1917 561 Nep'otem

316 581 468 636 libris
486 580 545 637 s.
564 562 1051 652 August.3pertius
1079 584 1173 638 lib.
1203 583 1271 639 de
1291 582 1449 638 Civit.
1485 583 1671 639 θοι-ιι.
1703 600 1752 639 c.
1787 584 1912 641 7.8.

319 671 373 728 9.
405 672 623 742 primum
650 675 1069 730 resurrectionem
1097 675 1474 745 interpretatur
1501 675 1799 730 animarum
1829 692 1914 733 re-

321 762 707 820 surrectionem
729 806 745 832 ,
770 765 931 820 etiam
956 765 1009 819 in
1036 764 1329 837 Scripturis
1349 768 1604 836 agnitam,
1623 768 1912 823 secundam

272 874 279 875 ί
315 869 603 926 corporum
629 897 646 921 ,
675 864 731 911 et
771 856 913 912 mille
951 873 1143 923 annos,
1176 866 1270 913 aut
1291 868 1501 927 tempus
1543 859 1726 928 gratia:
1750 901 1766 927 ,
1795 873 1917 930 qua:

310 946 615 1002 remanebit
640 946 707 1002 ad
738 947 919 1004 saeculi
948 947 1132 1016 ﬁnem,
1161 964 1227 1005 co
1262 949 1513 1020 loquendi
1545 964 1741 1020 genere
1760 993 1775 1017 ,
1809 966 1917 1021 quo

315 1052 441 1109 pars
464 1038 797 1110 signiﬁcatur
821 1055 851 1094 a
884 1049 1026 1107 toto,
1055 1048 1148 1096 aut
1177 1056 1274 1111 pro
1303 1042 1457 1097 annis
1483 1041 1732 1098 omnibus
1758 1042 1917 1114 hujus

320 1126 527 1200 sa‘culi,
554 1140 611 1188 nt
632 1132 873 1203 perfecto
898 1149 1126 1189 numero
1152 1144 1371 1191 notetur
1391 1136 1502 1206 ipsa
1528 1136 1781 1205 temporis
1807 1136 1917 1206 ple-

317 1224 528 1282 nitudo.
555 1225 728 1295 Quem
762 1239 1062 1298 sequuntur
1090 1228 1377 1284 Ambrosio
1422 1227 1723 1299 adscriptas
1749 1229 1915 1284 Com-

313 1318 615 1372 mentarios
638 1359 654 1384 ,
680 1317 1009 1385 Primasius,
1044 1319 1287 1374 Andreas
1305 1359 1320 1386 ,
1351 1332 1415 1373 ac
1456 1318 1599 1379 Beda
1626 1319 1835 1375 Comm.
1864 1319 1929 1373 in'

319 1409 711 1483 Apocalypsin.
738 1410 928 1481 Neque
966 1411 1127 1466 etiam
1152 1424 1248 1482 pro
1276 1410 1385 1465 illis
1409 1408 1536 1465 facit
1564 1410 1704 1481 quod
1728 1412 1920 1482 legitur

307 1503 490 1572 Apoc.
506 1502 653 1559 XXI.
669 1502 738 1560 de
750 1503 963 1558 Ciritate
980 1502 1265 1558 Jerusalem
1283 1502 1611 1557 descendente
1640 1504 1689 1557 in
1718 1511 1918 1558 terram

304 1610 537 1651 novam.
568 1595 701 1665 Quia
741 1599 854 1667 ipse
885 1597 1173 1666 Apostolus
1198 1595 1432 1651 Joannes
1463 1597 1660 1652 indicat
1684 1613 1743 1653 se
1770 1597 1919 1668 loqui
1979 1599 1990 1608 ‘

299 1690 386 1745 de
413 1689 713 1745 Jerusalem
745 1705 850 1744 non
879 1699 1083 1744 terrena
1114 1729 1130 1755 ,
1154 1704 1319 1759 quum
1340 1688 1487 1744 addit
1514 1708 1527 1743 :
1560 1689 1628 1745 Et
1655 1690 1915 1760 templum

277 1796 428 1846 ,non
459 1781 567 1836 vidi
600 1782 652 1835 in
676 1796 737 1836 ea
771 1781 931 1852 (quod
946 1789 1132 1843 tamen
1160 1781 1322 1852 aliqui
1351 1783 1611 1851 ipsorum,
1635 1783 1711 1837 uti
1740 1780 1923 1852 shpra-
1948 1764 1997 1823 Β

309 1874 517 1929 dictum
547 1883 667 1941 est,
697 1873 861 1929 etiam
891 1875 1194 1930 restitutum
1219 1875 1285 1933 iri
1312 1876 1664 1947 sentiebant)
1695 1895 1708 1931 :
1740 1876 1922 1932 Domi-

312 1982 419 2024 nus
435 1968 575 2024 enim
593 1966 734 2023 Deus
750 1968 1092 2038 omnipotens
1114 1968 1369 2038 templum
1388 1968 1533 2023 illius
1556 1976 1641 2023 est
1655 1977 1708 2024 et
1724 1983 1913 2039 agnus.

314 2058 548 2117 Proinde
566 2059 634 2114 de
656 2059 896 2115 Ecclesia
924 2059 1123 2115 rectius
1145 2059 1335 2115 Patres
1355 2059 1446 2114 alii
1482 2059 1918 2130 interpretantur,

322 2159 382 2206 et
407 2151 665 2207 militante
695 2151 749 2206 in
776 2149 881 2206 hoc
909 2150 1130 2216 saeculo,
1159 2150 1311 2221 cujus
1348 2148 1693 2206 fundamenta
1722 2149 1923 2207 duode-

321 2243 433 2298 cim
458 2242 716 2314 Apostoli,
742 2250 795 2297 et
817 2244 869 2298 in
925 2243 1077 2299 caelis
1126 2242 1467 2313 postmodum
1501 2253 1780 2315 regnante.
1809 2244 1918 2300 Sic-

320 2334 403 2390 uti
449 2337 606 2390 etiam
645 2334 773 2391 illud
807 2335 928 2392 Gal.
962 2335 1051 2392 IV.
1079 2335 1148 2392 de
1173 2335 1461 2391 Jerusalem
1492 2337 1682 2406 libera,
1712 2354 1826 2409 quae
1853 2347 1925 2393 est

328 2436 495 2481 mater
537 2437 753 2494 nostra;
783 2428 871 2483 ubi
922 2428 1274 2499 repugnantia
1314 2437 1397 2484 est
1428 2429 1481 2483 in
1524 2430 1641 2500 ipso
1668 2430 1919 2500 adjecto:

329 2535 444 2587 qua:
481 2532 685 2573 sursum
715 2528 825 2586 est,
852 2534 972 2590 quae
1018 2521 1180 2575 etiam
1217 2527 1299 2575 est
1340 2520 1393 2574 in
1436 2519 1531 2575 illo
1560 2520 1799 2592 Philipp.
1824 2520 1911 2577 III.

325 2619 591 2681 πολίτευμα
618 2620 845 2666 nostrum
875 2611 929 2664 in
955 2611 1092 2665 ctelis
1113 2620 1220 2678 est,
1251 2610 1479 2682 proinde
1508 2625 1614 2666 non
1646 2612 1699 2667 in
1728 2613 1886 2668 terris
1905 2656 1920 2681 ,

328 2713 388 2759 ut
430 2704 624 2759 mirum
653 2703 721 2758 sit
752 2702 867 2760 huic
888 2718 984 2774 pro
1011 2701 1150 2758 dicta
1178 2703 1443 2760 sententia
1472 2705 1541 2760 ab
1563 2707 1794 2760 Auctore
1821 2720 1922 2761 no-

323 2805 444 2854 stro
488 2798 662 2853 citari.
709 2797 876 2867 Magis
925 2796 1245 2859 videbantur
1284 2812 1381 2867 pro
1411 2797 1503 2852 illo
1544 2797 1777 2853 militare
1803 2814 1924 2869 qua:

332 2888 596 2946 habentur
637 2887 763 2944 Isal.
800 2887 963 2943 LXV.
993 2896 1047 2942 et
1070 2887 1254 2943 LXVI.
1295 2903 1358 2943 ac
1398 2887 1632 2944 Hicrem.
1682 2889 1825 2945 XVI.
1865 2904 1928 2945 ac

328 2982 525 3041 XXXI.
571 2982 804 3053 denique
834 2980 1100 3037 Ezechiel.
1150 2979 1268 3037 XX.
1328 2980 1543 3036 XXVII.
1578 2980 1816 3036 XXVIII.
1858 2981 1926 3036 de

327 3074 641 3129 restitutione
703 3071 904 3129 Juda'te
980 3072 1086 3144 (ad
1149 3087 1267 3142 qua:
1326 3071 1408 3126 his
1474 3080 1701 3127 tantum‘
1750 3072 1928 3127 verbis

327 3169 529 3223 Auctor
566 3164 817 3234 alludit),
856 3178 976 3235 quae
1018 3163 1331 3232 nominatim
1358 3163 1616 3229 citantur,
1667 3164 1860 3233 partim
1897 3178 1928 3217 a

327 3271 514 3318 Sancto
581 3260 814 3325 Irenaeo,
844 3259 1035 3329 partim
1082 3272 1113 3312 a
1157 3266 1342 3313 sancto
1376 3257 1587 3313 Justiuo
1653 3264 1928 3328 martyre;

330 3369 516 3409 verum
534 3351 751 3423 pulchre
782 3350 832 3406 in
848 3349 1261 3407 Commentariis
1281 3350 1394 3405 suis
1418 3349 1777 3420 Hieronymus
1804 3349 1932 3403 alle-

330 3444 517 3519 gorice
528 3447 595 3504 de
611 3448 846 3505 Ecclesia
860 3449 1133 3506 Christum
1154 3448 1468 3515 conﬁtente,
1487 3449 1711 3518 ejusque
1732 3455 1932 3518 mystc-

329 3541 530 3617 riisilla
546 3541 721 3615 omnja
736 3542 1130 3614 interpretatur,
1148 3542 1346 3613 ubique
1362 3540 1591 3597 irridens
1607 3540 1755 3595 mille
1767 3553 1932 3594 anno-

330 3646 451 3687 rum
483 3631 599 3687 illas
625 3632 853 3702 fabulas,
878 3648 984 3704 quo
1018 3634 1271 3689 lectorem
1300 3634 1606 3704 compendii
1636 3632 1799 3703 gratia
1829 3646 1933 3687 rc—

331 3722 1232 3796 ntittimus.Faciliorestrespousio
1248 3724 1311 3780 ad
1323 3725 1624 3796 Scripturas
1637 3722 1773 3779 Gen.
1789 3720 1928 3778 XIII.

330 3828 394 3869 ac
423 3813 540 3870 XV.
563 3830 698 3887 quas
741 3815 1032 3889 (Irenmum
1060 3818 1320 3887 imitatus)
1352 3832 1447 3888 pro
1476 3832 1534 3872 se
1554 3817 1681 3872 citat
1707 3817 1927 3893 Auctor,

342 3906 405 3961 de
426 3909 601 3978 prima.
617 3918 662 3963 et
692 3910 915 3963 secunda
944 3911 1273 3980 promissione
1301 3909 1727 3965 Abraluesemini
1756 3911 1926 3980 facta,

335 4002 484 4070 prius
511 4001 564 4055 in
590 4001 967 4055 multitudinem
990 4017 1160 4056 arente
1179 4043 1196 4069 ,
1219 4001 1414 4056 deinde
1439 4002 1508 4053 ad
1543 4002 1705 4054 instar
1733 4016 1931 4071 quoque

333 4094 597 4148 stellarum
614 4135 629 4161 ,
653 4095 798 4165 quasi
826 4104 1038 4148 terrente
1065 4103 1113 4148 et
1138 4077 1350 4147 caelestis
1378 4092 1726 4160 dispositionis
1756 4092 1928 4160 auspi-

334 4187 437 4254 cia,
461 4187 582 4257 quia
594 4187 826 4257 primam
845 4186 1257 4257 promissionem
1275 4184 1546 4255 impletum
1566 4192 1769 4239 constat
1793 4182 1931 4236 mul-

338 4279 669 4350 tiplicatione
717 4279 945 4334 liliormn
994 4278 1157 4333 Israel
1188 4279 1410 4333 interra
1458 4275 1885 4330 Chananacorum
1913 4316 1928 4339 ,

341 4371 453 4425 sive
479 4369 744 4424 Palestina
770 4386 783 4423 :
816 4367 1105 4425 secundam
1132 4383 1260 4423 vero
1290 4368 1669 4438 interpretatur
1698 4368 1930 4435 Aposto'

2021 501 2504 569 resurrectionem,
2537 505 2748 561 initium
2776 508 2893 579 ejus
2920 508 3117 564 Christi
3149 515 3413 568 sermonis
3433 517 3609 571 mani-
3636 562 3643 569 .

2021 588 2214 647 festum
2231 592 2386 650 facit:
2405 594 2531 651 Ideo
2547 597 2667 653 dico
2683 599 2865 655 vobis:
2885 599 3059 656 Nolite
3074 618 3249 657 curam
3265 621 3414 675 agere
3427 609 3614 663 anima:

2021 681 2084 735 de
2112 685 2242 737 victu
2276 695 2324 739 et
2360 689 2564 756 corpori
2588 689 2652 743 de
2675 692 2872 746 vestitu.
2897 691 3164 748 Caeterum
3194 695 3386 763 partim
3407 710 3473 751 ex
3495 696 3615 754 Pla-

2019 782 2147 830 tone
2173 776 2374 849 Dialog.
2403 779 2472 859 de
2491 780 2629 851 Rep.
2662 792 2716 838 et
2740 774 2791 838 in
2819 784 3045 840 Plitedro
3064 827 3079 850 ,
3109 786 3449 859 desumptum
3473 786 3617 850 hunc

2022 866 2436 927 Millenariorum
2466 884 2738 953 errorem,
2762 880 3136 936 annotavimus
3165 881 3233 936 ad
3260 882 3297 937 l.
3326 882 3396 939 de
3423 885 3618 943 Anima

2023 973 2072 1014 c.
2102 959 2194 1015 50.
2237 977 2291 1017 ιι.
2325 963 2450 1019 576.
2484 965 2570 1020 ubi
2613 983 2774 1037 quum
2821 984 2917 1040 pro
2948 969 3145 1028 fabulis
3175 972 3367 1029 habeat
3397 976 3615 1044 Auctor,

2022 1050 2215 1106 mirum
2239 1062 2321 1109 est
2349 1055 2491 1123 quod
2522 1066 2705 1127 postea
2738 1059 2790 1115 in
2832 1046 3080 1118 eumdem
3120 1064 3438 1136 impegerit:
3482 1068 3577 1147 sed
3599 1111 3615 1139 ,

2022 1146 2178 1201 sicuti
2208 1149 2336 1203 satis
2366 1147 2583 1206 deducit
2612 1151 2672 1208 S.
2706 1152 2926 1209 Hieron.
2974 1155 3191 1226 Papiam
3210 1197 3227 1223 ,
3270 1146 3575 1216 Melitonem
3600 1204 3617 1229 ,

2022 1246 2076 1292 et
2099 1238 2239 1295 alios
2268 1240 2602 1311 supradictas
2629 1245 2983 1315 Auctores,et
3008 1247 3243 1303 maxime
3272 1246 3330 1305 S.
3363 1250 3620 1308 Irteneum

2022 1336 2238 1386 secutus
2273 1339 2376 1387 cst.

2022 1463 2116 1521 25.
2152 1464 2227 1521 De
2273 1465 2482 1537 Nuptiis
2526 1470 2775 1527 secundis
2814 1473 3081 1531 damnatis
3114 1484 3361 1549 tanquam
3400 1479 3619 1550 stupris.

2101 1556 2244 1613 Tom.
2271 1556 2338 1614 ll.
2370 1562 2458 1615 lib.
2487 1562 2525 1616 Ι.
2556 1563 2624 1616 ad
2649 1563 2812 1621 Uxor.
2844 1582 2963 1637 cap.
3000 1569 3050 1622 I.
3083 1586 3227 1623 num.
3259 1573 3347 1626 11.
3375 1584 3420 1626 et
3442 1574 3531 1630 lib.
3563 1574 3627 1628 de

2115 1651 2333 1707 Veland.
2392 1653 2592 1726 Virgin.
2643 1673 2758 1728 cap.
2805 1659 2891 1715 10.
2922 1676 3062 1715 num.
3110 1663 3199 1717 84.
3264 1682 3324 1719 ac
3365 1676 3479 1735 cap.
3535 1666 3628 1722 11.

2098 1760 2238 1798 nam.
2288 1744 2377 1800 98.
2431 1744 2580 1801 Tant.
2608 1747 2695 1803 III.
2752 1750 2841 1805 lib.
2894 1751 3013 1808 adv.
3065 1744 3313 1826 Hermag.
3368 1772 3485 1827 cap.
3535 1757 3625 1814 11’.

2098 1852 2239 1891 num.
2274 1837 2326 1891 7.
2355 1837 2469 1893 Lib.
2517 1839 2581 1893 de
2603 1839 2793 1896 Resur.
2821 1857 2963 1896 earn.
3007 1859 3125 1911 cap.
3170 1844 3223 1900 8.
3269 1862 3410 1901 num.
3447 1846 3537 1902 82.
3566 1864 3630 1903 ac

2098 1927 2189 1982 lib.
2223 1929 2340 1983 adv.
2370 1927 2538 1986 Marc.
2569 1947 2686 2001 cap.
2721 1932 2809 1987 15.
2839 1949 2981 1989 num.
3005 1932 3132 1990 245.
3165 1936 3382 2012 denique
3408 1948 3532 1995 tam.
3557 1937 3622 1994 V.

2098 2020 2307 2090 integris
2327 2021 2472 2076 libris
2492 2021 2558 2076 de
2584 2021 2808 2077 Exltorl.
2836 2026 2997 2080 castit.
3036 2027 3166 2082 etde
3194 2027 3545 2100 Manogamia,
3569 2047 3631 2086 ac

2099 2114 2187 2168 lib.
2214 2113 2278 2170 de
2305 2113 2493 2170 Pudic.
2520 2131 2635 2187 cap.
2664 2117 2716 2171 1.
2741 2132 2881 2171 num.
2918 2118 3008 2174 I5.

2100 2250 2159 2305 In
2181 2249 2319 2305 hanc
2349 2250 2598 2307 hmresim
2627 2251 3058 2310 Montanisticam
3083 2257 3340 2327 paulatim
3373 2257 3629 2330 delapsus

2027 2352 2113 2399 est
2148 2343 2529 2401 Tertullianus.
2566 2345 2838 2413 Primum,
2872 2349 3145 2431 castitatis.
3181 2365 3397 2418 amore,
3432 2352 3626 2409 librum

2027 2436 2241 2506 scripsit
2266 2437 2332 2491 ad
2352 2435 2586 2493 Uxorem
2607 2437 2675 2493 de
2697 2439 2812 2496 unis
2836 2441 3027 2511 nuptiis
3044 2483 3060 2509 ,
3097 2442 3148 2497 in
3178 2457 3287 2512 quo
3315 2443 3530 2513 quidem
3560 2445 3629 2500 ab

2028 2526 2133 2582 illis
2174 2527 2508 2595 dehortatur,
2540 2527 2636 2584 sed
2668 2538 2916 2599 tanquam
2957 2540 3141 2601 stupra
3184 2546 3289 2587 non
3327 2533 3627 2604 improbat:

2029 2620 2143 2676 imo
2165 2635 2328 2690 quum
2356 2620 2451 2688 lib.
2479 2620 2545 2676 II.
2575 2621 2641 2676 ad
2682 2620 2848 2678 Uxor.
2903 2624 2947 2678 si
2989 2626 3193 2701 nubere
3220 2625 3418 2694 velint,
3447 2628 3626 2683 saltem
3654 2656 3659 2665 ι

2027 2711 2327 2783 ἱηθῦοηιὶηο
2348 2712 2536 2767 nubere
2563 2712 2761 2781 debere,
2791 2714 2847 2767 id
2865 2724 2961 2783 est,
2986 2714 3300 2786 Christiano,
3330 2719 3435 2774 late
3456 2720 3629 2775 dedu-

2028 2805 2131 2868 cit;
2186 2820 2291 2860 non
2343 2806 2565 2862 omnino
2612 2814 2738 2863 tunc
2781 2808 3069 2866 damnasse
3114 2810 3324 2866 videtur
3366 2812 3631 2870 secundas

1980 2922 1983 2925 -
2030 2899 2262 2967 nuptias.
2289 2898 2602 2970 Quanquam
2628 2900 2840 2956 interim
2867 2901 3015 2956 omni
3040 2918 3225 2958 errore
3263 2919 3370 2958 non
3412 2915 3632 2962 careant

2031 2988 2084 3044 hi
2115 2989 2235 3045 libri
2275 2989 2402 3045 duo.
2434 2991 2697 3062 Imprimis
2722 3008 2887 3063 quum
2926 2995 2965 3048 I.
2993 2993 3034 3048 I.
3078 3008 3128 3049 c.
3164 2995 3217 3048 I.
3247 3012 3297 3053 ιι.
3331 2998 3418 3050 11.
3448 3013 3631 3051 secun-

2032 3081 2126 3134 das
2142 3082 2347 3151 nuptias
2361 3083 2732 3153 confusionem,
2755 3091 2810 3137 et
2827 3097 2946 3153 cap.
2970 3084 3023 3138 4.
3049 3099 3104 3137 ιι.
3128 3082 3221 3138 25.
3247 3085 3629 3154 contumeliam,

2031 3183 2086 3229 et
2123 3189 2173 3228 c.
2198 3173 2249 3228 Β.
2284 3189 2340 3229 n.
2372 3173 2464 3228 51.
2495 3172 2816 3228 detestabiles
2837 3215 2852 3239 ,
2892 3182 2946 3228 et
2989 3173 3112 3229 alibi
3140 3189 3352 3244 quoque
3384 3190 3629 3245 spurcas,

2033 3273 2108 3329 et,
2138 3263 2353 3319 dedecus
2394 3265 2751 3334 voluptuosum
2788 3264 3052 3334 appellat,
3093 3263 3278 3334 quales
3308 3273 3433 3319 sunt
3470 3266 3630 3322 etiam

2035 3356 2138 3414 loci
2167 3359 2243 3414 illi
2265 3358 2376 3428 jam
2404 3358 2550 3413 citati
2578 3357 2671 3412 lib.
2700 3357 2768 3413 de
2793 3356 3005 3413 veland.
3037 3357 3241 3427 Virgin.
3290 3356 3367 3412 De
3397 3359 3632 3413 secundis

2035 3454 2176 3508 enim
2205 3453 2414 3519 nuptiis,
2446 3452 2529 3506 his
2551 3452 2680 3508 locis
2701 3452 2934 3510 locutum
2958 3450 3144 3518 fuisse,
3176 3466 3280 3506 non
3311 3451 3378 3507 de
3402 3452 3630 3523 primis,

2036 3547 2121 3602 vel
2154 3547 2268 3602 htec
2300 3545 2357 3602 S.
2396 3546 2620 3617 August.
2664 3544 2702 3599 I.
2738 3545 2779 3600 I.
2809 3544 2877 3599 de
2906 3545 3049 3600 bono
3101 3543 3374 3599 viduitatis
3402 3546 3630 3600 convin-

2034 3639 2218 3704 ciunt,
2269 3653 2386 3709 quae
2416 3639 2577 3693 etiam
2616 3637 2839 3692 antidoti
2884 3635 3004 3691 loco
3051 3633 3140 3705 hie
3182 3633 3413 3690 alterunt
3455 3653 3469 3689 :
3513 3635 3633 3692 Non

2034 3733 2189 3801 quia,
2244 3730 2445 3800 inquit,
2497 3729 2839 3799 innuptarum
2901 3727 3101 3782 bonum
3156 3726 3440 3783 honestum
3497 3727 3633 3783 dixit

2032 3821 2348 3893 Apostolus,
2378 3821 2498 3875 ideo
2526 3831 2714 3891 putare
2741 3819 3002 3876 debemus
3034 3828 3189 3889 turpe
3215 3833 3337 3874 esse
3356 3819 3629 3874 vinculum

2035 3914 2333 3985 coniugale,
2359 3914 2594 3978 alioquin
2616 3914 2775 3967 etiam
2800 3912 3000 3983 primas
3016 3913 3228 3982 nuptias
3244 3910 3631 3966 condemnabi-

2035 4023 2177 4074 mus,
2206 4021 2338 4077 quas
2361 4020 2460 4061 nec
2488 4004 2854 4075 Cataphrygas
2880 4018 2979 4059 nec
3004 4002 3302 4064 Novatiani,
3328 4018 3427 4059 nec
3454 4002 3629 4058 diser-

2038 4099 2274 4153 tissimus
2324 4111 2509 4175 eornm
2575 4095 2926 4165 adstipulator
2983 4092 3380 4160 Tertullianus,
3438 4102 3632 4175 turpes

2036 4206 2197 4246 ausus
2225 4172 2533 4245 estdicere.
2574 4188 2835 4256 Deinceps
2873 4187 2909 4240 I.
2950 4185 3073 4240 adv.
3106 4184 3357 4255 Ilermag.
3390 4172 3629 4240 errorem

2035 4298 2190 4338 suum
2216 4282 2384 4352 magis
2408 4281 2581 4352 aperit
2607 4280 2688 4333 his
2713 4276 2890 4333 verbis
2920 4295 2933 4331 :
2963 4275 3145 4349 Legem
3177 4276 3273 4331 Dei
3292 4278 3344 4330 in
3373 4277 3633 4331 libidinem

2040 4374 2272 4446 defendi,
2315 4387 2377 4427 ac
2397 4414 2413 4438 ,
2453 4381 2587 4425 totus
2620 4369 2850 4431 adulter,
2880 4378 2926 4423 et
2955 4369 3331 4439 praedicationis
3350 4378 3397 4423 et
3425 4369 3629 4431 carnis;

340 4462 422 4519 Ius
448 4462 646 4518 Paulus
661 4463 727 4518 de
745 4462 982 4534 gentium
1010 4461 1275 4529 Ecclesia,
1309 4460 1464 4514 Rom.
1500 4459 1592 4513 IX.
1616 4467 1670 4513 et
1693 4457 1810 4514 Gal.
1841 4455 1929 4511 Ill.

2039 4465 2332 4520 nubentium
2360 4463 2594 4534 contagio
2615 4461 2769 4531 [σείει.
2803 4460 3042 4530 Denique
3071 4460 3220 4514 libris
3264 4458 3333 4514 dc
3359 4459 3628 4513 Exhorta-

340 4555 629 4626 quomodo
650 4555 808 4610 etiam
831 4551 1258 4623 utramquehanc
1271 4551 1678 4623 promissionem
1692 4549 1936 4605 distinxit

339 4645 632 4702 lihahanus
660 4655 842 4704 noster
866 4631 1168 4702 Comment.
1203 4646 1252 4700 in
1277 4644 1475 4700 Cenes.
1492 4657 1591 4698 nec
1607 4644 1781 4697 minus
1802 4642 1931 4698 laci-

340 4740 411 4796 lis
435 4738 502 4793 ad
530 4738 659 4794 illud
685 4720 1106 4795 Genes.XXVIl.
1126 4738 1216 4793 ubi
1232 4739 1298 4793 ad
1322 4737 1507 4794 Jacob.
1532 4737 1682 4807 cupis
1712 4736 1931 4807 figuram

339 4830 681 4887 Christianos
708 4847 772 4885 ex
802 4830 1047 4901 gentibus
1086 4842 1293 4901 gestare
1321 4831 1595 4893 novimus,
1629 4830 1791 4897 prima
1816 4843 1934 4899 pro.

340 4923 517 4979 missio
562 4931 635 4977 est
676 4904 886 4978 caelestis
926 4923 1059 4978 raris
1092 4912 1109 4988 ’,
1158 4921 1380 4977 secunda
1431 4929 1578 4974 terra:
1625 4919 1929 4988 Opimitatis,

343 5018 467 5090 quia
493 5015 636 5072 illam
662 5016 1087 5072 benedictionem
1111 5024 1360 5086 tanquam
1381 5023 1651 5069 terrenam
1676 5012 1939 5079 interpre-

345 5119 489 5166 tatur
501 5110 586 5166 vel
604 5110 716 5179 ipse
732 5109 896 5165 Jacob
912 5109 1089 5166 verbis
1108 5108 1219 5165 suis
1234 5108 1296 5163 ad
1317 5109 1453 5163 Esau
1473 5104 1806 5178 postmodum
1828 5120 1946 5174 prc-

344 5204 499 5269 latis,
530 5203 619 5259 ubi
644 5200 779 5259 dixit
803 5222 817 5257 :
842 5202 1132 5258 Frumento
1155 5244 1171 5269 ,
1204 5212 1256 5257 et
1277 5205 1431 5268 vino,
1456 5209 1511 5255 et
1535 5200 1654 5255 oleo
1671 5241 1686 5266 ,
1709 5196 1939 5253 stabilivi

348 5297 472 5350 eum
497 5312 511 5350 :
541 5304 617 5359 et,
644 5294 690 5349 si
716 5294 1034 5365 allegoricus
1083 5293 1310 5348 velimus
1334 5292 1578 5361 accipere
1604 5332 1619 5357 ,
1652 5290 1943 5358 Procopius

349 5389 403 5443 in
425 5386 728 5443 Comment.
755 5386 823 5442 de
847 5386 1054 5442 caelesti
1075 5400 1198 5441 rore
1225 5385 1628 5454 interpretatur,
1660 5381 1749 5449 qui
1773 5379 1943 5436 instil-

352 5479 496 5534 latur
541 5479 755 5551 piarum
800 5478 996 5533 animis
1029 5518 1043 5542 ,
1074 5485 1129 5532 et
1156 5475 1225 5531 de
1267 5485 1425 5531 teme
1483 5471 1896 5543 pinguedinihus
1927 5511 1941 5533 ,

358 5582 494 5641 quas
563 5569 726 5624 habet
779 5568 1053 5639 accipiens
1101 5581 1324 5634 semen,
1375 5564 1534 5634 idque
1575 5560 1950 5630 eentuplicitcr

356 5658 611 5721 reddens.
653 5663 894 5735 Denique
928 5661 1177 5717 facillima
1218 5660 1283 5715 ad
1324 5658 1452 5714 illud
1492 5656 1621 5712 Luc.
1654 5653 1767 5709 XII.
1805 5652 1950 5719 Quie-

357 5756 455 5811 rite
481 5757 703 5829 primum
732 5770 944 5827 regnum
982 5751 1105 5820 Dei,
1128 5761 1176 5807 et
1212 5752 1408 5821 reliqua
1435 5749 1740 5821 adjicientur
1769 5745 1905 5801 vobis
1931 5762 1948 5798 :

684 5871 1151 5933 Temenum.
1184 5868 1240 5933 Ι.

2041 4559 2184 4614 tione
2226 4557 2402 4611 eastit.
2444 4564 2500 4610 et
2544 4554 2611 4608 de
2650 4552 2863 4622 Monog.
2906 4551 3213 4605 Montanum
3242 4557 3488 4613 secutus,
3523 4560 3631 4600 non

2037 4650 2211 4704 solum
2242 4659 2420 4717 stupra
2456 4655 2501 4700 et
2535 4645 2789 4698 adulteria
2817 4653 2863 4697 et
2897 4641 3163 4695 maecltiam
3192 4639 3427 4707 appellat
3451 4652 3632 4691 secun-

2038 4741 2132 4793 das
2154 4740 2359 4809 nuptias
2388 4754 2406 4790 :
2442 4736 2534 4792 sed
2575 4736 2735 4791 etiam
2775 4733 2936 4788 variis
2965 4729 3291 4801 argumentis
3314 4729 3363 4783 id
3397 4728 3627 4800 probare

2038 4833 2248 4894 nititur;
2280 4829 2373 4884 sed
2402 4829 2616 4891 frustra,
2646 4827 2800 4881 sicuti
2838 4840 2904 4880 ex
2940 4822 3182 4879 antidoto
3213 4824 3629 4879 Annotationum

2039 4932 2342 4980 nostrarum
2371 4922 2423 4976 in
2451 4927 2772 4993 utrumque,
2816 4915 3001 4971 lectori
3030 4914 3366 4985 perspicuum
3398 4931 3519 4972 esse
3538 4931 3635 4986 po-

2042 5016 2187 5082 terit,
2219 5028 2347 5085 quo,
2373 5028 2440 5068 ne
2464 5012 2548 5065 hic
2576 5008 2892 5080 prolixiores
2921 5007 3116 5069 simus,
3162 5007 3417 5063 lectorem
3450 5008 3635 5062 remit-

2045 5109 2223 5163 timus.
2269 5105 2367 5161 Ubi
2414 5101 2638 5159 subinde
2664 5115 2763 5171 pro
2791 5098 3049 5159 catholica
3090 5099 3159 5155 de
3187 5102 3377 5169 nuptiis
3403 5099 3636 5167 secundis

2045 5222 2145 5259 non
2167 5200 2430 5273 prohibitis
2456 5197 2720 5257 sententia
2745 5236 2759 5261 ,
2790 5195 2891 5251 cita
2903 5194 3071 5250 vimus
3098 5193 3158 5247 Β.
3196 5193 3339 5248 IIier.
3371 5192 3542 5262 Epist.
3567 5190 3638 5245 de

2047 5296 2347 5364 Monogam.
2380 5290 2448 5346 ad
2477 5287 2864 5361 Ageruchiam,
2893 5286 3037 5355 vnlg.
3065 5283 3404 5348 Cerontiam,
3437 5282 3505 5338 de
3545 5281 3645 5337 Vi-‘

2048 5387 2249 5442 duitate
2293 5383 2359 5438 ad
2387 5382 2657 5439 Salvinum
2686 5394 2748 5434 ac
2776 5378 2841 5432 ad
2872 5374 3304 5440 Pammachium,
3345 5374 3401 5429 S.
3433 5376 3572 5444 Aug.
3598 5375 3636 5428 l.

2050 5479 2117 5534 de
2142 5479 2282 5533 bono
2306 5473 2615 5536 Viduitatis,
2650 5486 2713 5526 ac
2736 5470 2773 5524 l.
2808 5468 2874 5523 II.
2905 5476 3089 5522 contra
3116 5464 3237 5519 adv.
3266 5465 3397 5537 legis
3421 5473 3476 5520 et
3504 5466 3640 5520 Pro-

2052 5573 2366 5643 phetarum,
2410 5566 2467 5621 S.
2504 5564 2768 5634 Epiphan.
2819 5559 2941 5614 adv.
2981 5557 3288 5612 Montanum
3316 5557 3640 5612 htcres.‘59.

2052 5673 2108 5720 et
2144 5661 2266 5716 adv.
2302 5659 2597 5723 Catharos,
2637 5663 2692 5710 et
2726 5651 3177 5708 Commentarios-
3205 5659 3440 5705 veterum
3484 5650 3646 5720 super

2053 5753 2324 5829 Epistolas
2351 5750 2499 5808 Pauli
2519 5750 2675 5805 Rom.
2699 5745 2815 5803 VII.
2847 5747 2901 5802 1.
2933 5746 3056 5802 Cor.
3083 5741 3136 5799 τ.
3150 5753 3203 5800 et
3228 5743 3268 5797 1.
3291 5742 3488 5800 Cor.V.
3508 5744 3644 5812 Qui-

3158 5836 3387 5918 (Sepl.)
