4250 6266
543 330 649 389 205

1793 324 2165 384 PARADOXA
2207 315 2667 385 TERTUL‘LiANt

3736 330 3841 386 204

540 448 642 504 bus
683 442 865 504 licebit
903 445 1104 502 addere
1139 451 1192 500 et
1232 442 1363 499 illud
1410 443 1469 497 Β.
1500 440 1720 498 Hieron.
1750 441 1840 498 54.
1875 440 2043 511 Epist.
2074 436 2140 513 ad
2167 440 2220 501 Α
2246 440 2613 509 ptenitentiam
2648 456 2862 498 omnem
2894 443 3145 499 tollerent
3183 441 3465 496 Montanus
3492 450 3545 496 et
3576 441 3692 512 eius
3720 457 3843 499 sec-

546 539 762 597 !llarcel.
819 538 947 610 (qui
1005 536 1203 605 alioqui
1258 535 1467 591 videtur
1509 534 1737 590 subinde
1763 534 1826 589 iis
1850 531 2142 612 iniQuior),

548 650 649 705 pro
697 632 931 688 secundis
955 631 1147 700 nuptiis
1180 628 1329 685 :Nos
1358 629 1623 685 secundas
1648 628 1859 700 nuptias
1891 643 1997 685 non
2038 636 2144 682 tam

548 726 848 796 appetimus
906 737 1066 793 quam
1127 722 1505 791 concedimus,
1568 723 1734 779 Paulo
1782 723 2040 793 ju‘bente,
2093 729 2150 775 ιιι

549 817 723 874 viduae
760 815 1174 871 adulescentulas
1225 816 1462 883 nubant,
1507 815 1583 870 illi
1625 816 1859 887 (nempe
1912 811 2147 871 Montani

551 906 883 978 sectatores)
911 908 961 962 in
1000 916 1205 963 tantum
1234 915 1422 978 putant
1458 904 1717 964 scelerata
1759 904 2003 977 conjugis
2052 902 2151 959 ite-

550 1009 705 1068 rata,
753 1008 811 1054 ut
861 1001 1182 1070 quicumque
1215 999 1327 1075 hoc
1379 1001 1568 1055 fecerit
1622 998 1831 1054 adulter
1871 996 2147 1051 habeatur.

557 1092 693 1149 Item
735 1091 864 1147 illud
910 1092 964 1146 in
1008 1091 1180 1161 Epist.
1236 1091 1303 1146 ad
1334 1090 1511 1146 Titum
1558 1094 1720 1145 etiam
1766 1105 1794 1143 a
1828 1085 1980 1143 nobis
2023 1084 2154 1142 alibi

557 1188 775 1240 citatum
802 1202 814 1238 :
847 1183 1076 1252 Scripsit
1097 1192 1151 1238 et
1176 1182 1534 1238 Tertullianus
1573 1181 1770 1238 librum
1796 1179 1864 1235 de
1898 1177 2153 1249 Managa-

558 1278 662 1332 mia
689 1277 999 1332 beneﬁcum
1030 1314 1043 1340 ,
1073 1290 1230 1346 quem
1261 1276 1518 1345 Apostolo
1546 1274 1847 1337 contraire,
1880 1283 2039 1326 nemo
2066 1268 2156 1340 qui

563 1370 877 1438 Apostolum
912 1363 1137 1437 legerit,
1178 1367 1461 1439 ignorabit.
1495 1366 1627 1421 Item
1666 1365 1796 1419 illud
1830 1365 1888 1419 S.
1931 1364 2153 1431 August.

560 1461 694 1516 lltL‘l‘.
763 1460 887 1515 126.
921 1460 1017 1514 lib.
1050 1459 1116 1513 de
1155 1459 1358 1514 llan'es.
1394 1459 1553 1513 :Ideo
1602 1456 1962 1513 Tertullianus
1988 1454 2160 1509 factus

506 1549 513 1553 ’
563 1550 879 1617 luereticus,
916 1550 1035 1621 quia
1069 1551 1333 1605 transiens
1361 1549 1426 1602 ad
1458 1548 1845 1619 Cataphrygas,
1876 1562 2010 1618 quos
2036 1555 2161 1601 aute

563 1646 937 1708 dcstruxerat,
997 1642 1159 1711 ccepit
1203 1639 1365 1695 etiam
1416 1640 1663 1696 secundas
1717 1641 1924 1708 nuptias
1975 1648 2162 1694 contra

565 1735 913 1806 apostolicam
954 1734 1251 1789 doctrinam
1278 1742 1519 1803 tauquam
1544 1739 1719 1802 stupra
1743 1731 2020 1786 damnare.

695 1847 1073 1904 De‘Paracleto
1114 1798 1387 1900 Montano:
1424 1843 1574 1898 Tom.
1622 1842 1824 1913 Il..Lib.
1873 1845 1935 1897 de
1962 1842 2163 1897 veland.
2196 1798 2245 1858 Β

649 1943 789 2013 Virg.
822 1958 937 2011 cap.
970 1943 1024 1996 1.
1058 1952 1205 1994 num.‘
1226 1940 1279 1993 6.
1300 1938 1447 1993 Tom.
1476 1936 1567 1991 Ill.
1601 1939 1638 1991 l.
1672 1936 1735 1992 de
1761 1937 1965 2003 Anima,
1994 1953 2039 1989 c.
2073 1936 2164 1991 51.

639 2050 781 2089 num.
822 2033 946 2089 613.
977 2049 1036 2086 ac
1068 2032 1159 2089 58.
1187 2049 1325 2085 num.
1356 2029 1482 2086 652.
1510 2028 1624 2082 Lib.
1657 2028 1721 2082 de
1760 2027 1973 2083 Resurr.
2020 2043 2164 2081 earn.

641 2144 754 2197 cap.
783 2126 867 2181 11.
898 2141 1040 2178 nam.
1072 2124 1163 2178 98.
1192 2132 1238 2176 et
1267 2138 1382 2191 cap.
1412 2122 1506 2174 ult.
1546 2136 1688 2174 num.
1712 2119 1810 2174 ult.
1832 2118 1961 2173 Adv.
2000 2118 2166 2173 Marc.

644 2220 731 2273 lib.
762 2218 802 2272 ι.
841 2216 957 2288 cap.
989 2216 1081 2271 29.
1110 2232 1252 2269 num.
1283 2214 1408 2269 205.
1441 2230 1500 2266 ac
1527 2212 1615 2267 lib.
1648 2210 1852 2281 Vacap.
1894 2211 1981 2267 15.
2027 2228 2168 2277 num.

643 2309 770 2364 247.
818 2317 864 2363 et
906 2307 990 2363 lib.
1028 2306 1146 2361 adv.
1191 2301 1355 2360 Prax.
1407 2321 1523 2373 cap.
1558 2304 1609 2358 1.
1660 2317 1799 2357 num.
1832 2301 1919 2357 11.
1956 2319 2070 2373 cap.
2114 2301 2169 2357 2.

649 2419 789 2457 num.
819 2400 910 2457 22.
944 2417 1057 2471 cap.
1092 2399 1147 2457 8.
1169 2403 1317 2453 'num.
1347 2394 1436 2453 59.
1465 2413 1581 2467 cap.
1611 2398 1698 2453 15.
1726 2410 1778 2450 η.
1815 2394 1904 2450 78.
1925 2388 2072 2450 Tom.
2104 2394 2170 2450 V.
2222 2457 2231 2467 ο

648 2493 735 2548 lib.
763 2492 827 2548 de
863 2489 1224 2561 Monogamia,
1252 2506 1367 2558 cap.
1397 2491 1451 2543 2.
1481 2488 1677 2558 integro
1698 2529 1711 2551 ,
1741 2495 1786 2541 et
1807 2502 1910 2541 non
1936 2485 2092 2541 semel
2124 2484 2177 2539 in

647 2585 763 2641 aliis
792 2584 932 2639 libris
968 2596 1108 2653 sequ.
1142 2582 1205 2637 de
1239 2579 1385 2653 Fuga
1413 2582 1466 2635 in
1516 2580 1887 2650 persecutione,
1928 2579 1990 2633 de
2030 2577 2177 2649 Jeju-

649 2676 748 2732 uiis
776 2686 823 2730 et
852 2673 1131 2730 Pudicitia.

650 2792 919 2847 Adversus
943 2788 1082 2844 hanc
1119 2782 1365 2843 haeresim
1391 2786 1546 2854 longe
1572 2784 2011 2841 absurdissimam
2064 2784 2176 2838 suf-

582 2889 744 2940 ficere
772 2890 998 2955 possunt
1024 2880 1138 2951 ipsa
1177 2878 1489 2934 Tertulliani
1530 2878 1691 2932 verba
1724 2885 1848 2931 ante
1893 2877 2176 2938 haeresim,

579 2977 618 3031 l.
668 2977 737 3032 de
790 2975 1094 3044 Pracscript.
1143 2970 1486 3026 adv.-h:cret.
1540 2985 1661 3040 cap.
1703 2969 1793 3024 52.
1850 2969 2040 3023 haeresi
2087 2969 2177 3023 21.

585 3086 643 3125 n.
671 3069 795 3125 ⁵527.
840 3068 927 3123 ubi
969 3064 1335 3136 blasphemiam
1374 3063 1629 3134 appellat,
1678 3078 1851 3116 eorum
1899 3064 1984 3132 qui
2024 3060 2181 3115 Cata-

585 3164 805 3233 pliryges
844 3153 1181 3223 dicebantur,
1235 3156 1619 3220 haereticorum,
1663 3158 1781 3226 quia
1826 3157 1881 3209 in
1931 3153 2254 3226 ApostolisC

587 3253 789 3325 quidem
819 3250 1052 3319 dicebant
1082 3249 1337 3319 Spiritum
1367 3240 1615 3304 Sanctum
1641 3249 1828 3318 fuisse,
1860 3243 2187 3300 Paracletum

554 3363 688 3405 .non
718 3342 902 3415 fuisse,
942 3353 987 3398 et
1025 3341 1146 3414 quia
1194 3336 1443 3396 dicebant‘
1468 3338 1797 3393 Paracletum
1838 3336 2188 3392 iu~Moutano
2234 3354 2243 3363 '

592 3438 744 3509 plura
767 3436 976 3501 dixisse,
996 3451 1148 3506 quam
1174 3433 1430 3489 Christum
1452 3435 1513 3509 in.
1533 3431 1867 3503 Evangelium
1896 3431 2183 3501 protulisse.

593 3531 659 3583 Et
688 3533 864 3582 tamen
897 3528 1080 3591 miser,
1112 3524 1250 3579 forte
1276 3524 1342 3579 ab
1368 3523 1474 3580 illis
1501 3522 1752 3578 seductus
1772 3564 1789 3591 ,
1820 3523 1961 3593 quod
1994 3537 2188 3578 secun-

594 3623 691 3677 das
718 3621 927 3690 nuptias
955 3618 1369 3681 detestarentur,
1403 3625 1478 3669 tot
1515 3615 1648 3671 locis
1674 3617 1782 3685 jam
1812 3617 1985 3670 citatis
2017 3613 2188 3669 Para-

595 3714 778 3771 clctum
803 3722 957 3769 vocat
989 3710 1314 3775 Montanum,
1344 3719 1398 3764 et
1423 3708 1648 3764 subinde
1670 3710 1829 3765 verba
1854 3709 1993 3763 illius
2023 3706 2188 3761 Para-

598 3808 715 3862 cleti
794 3801 946 3860 titulo
1013 3803 1160 3860 citat.
1228 3787 1341 3856 Imo
1393 3800 1675 3872 detorquet
1723 3800 1789 3854 ad
1846 3815 1996 3857 suam
2054 3793 2193 3854 hanc

602 3896 852 3954 haeresim
885 3893 1013 3952 illud
1055 3894 1209 3951 Joan.
1266 3892 1334 3947 I6
1371 3893 1580 3947 :Adbuc
1634 3891 1791 3947 multa
1846 3893 2004 3946 liabeb
2058 3891 2195 3963 loqui

605 3990 778 4056 vobis;
824 3986 911 4042 sed
949 4002 1052 4041 non
1108 3985 1311 4057 potestis
1365 3995 1569 4054 portare
1618 3987 1787 4038 modo.
1844 3982 1971 4038 Cant
2014 3986 2197 4037 venerit

568 4111 587 4137 ι
610 4081 699 4136 ille
745 4078 973 4151 Spiritus
1001 4076 1244 4144 veritatis,
1264 4074 1457 4130 docebit
1486 4085 1572 4128 vo:
1598 4090 1795 4128 omnem
1825 4074 2080 4127 ueritatem
2104 4115 2119 4139 ,
2153 4081 2200 4127 et

609 4188 721 4242 qua:
741 4181 950 4238 uentura
973 4178 1088 4225 sunt
1108 4165 1428 4222 annuntiabit
1449 4164 1603 4219 vobis.
1636 4163 1788 4232 Quod
1820 4165 1991 4232 ipsum
2026 4174 2201 4219 tamen

610 4264 868 4320 catholicc
910 4260 1289 4331 interpretatur
1332 4257 1474 4312 dicto
1515 4257 1606 4311 lib.
1640 4256 1707 4311 de
1738 4255 2201 4325 Praescript.adv.

613 4358 800 4411 lueret.
845 4370 896 4409 c.
937 4352 991 4409 8.
1036 4370 1090 4407 n.
1132 4348 1220 4407 62.
1276 4346 1343 4406 de
1388 4349 1659 4420 Apostolis
1702 4342 1924 4427 loquens
1974 4348 2207 4404 :Conse-

615 4446 780 4501 cuturi
823 4458 949 4499 mox
995 4442 1247 4508 Spiritum
1293 4440 1540 4495 Sanctum
1571 4437 1928 4507 Paracletum,
1961 4440 2048 4510 qui
2092 4439 2208 4493 illos

2250 540 2450 588 latores
2477 531 2839 605 Cataphrygcs
2885 534 3005 607 (vel
3048 534 3105 589 Β.
3148 534 3475 606 Ιιὶοτοημηο
3506 542 3642 590 teste
3675 535 3843 604 Epist,

2252 636 2356 683 nun
2385 625 2548 680 semel
2580 625 2737 680 citata
2769 624 2834 681 ad
2865 624 3165 682 Marcellam
3186 666 3201 690 ,
3232 635 3284 681 et
3307 624 3365 681 S.
3400 626 3629 681 Paciano
3668 626 3846 681 Tract.
3937 665 3943 669 -

2253 715 2509 771 adversus
2532 715 2911 789 Novatianos),
2945 718 2999 772 in
3026 717 3131 776 hoc
3169 718 3237 774 ab
3263 719 3328 773 iis
3369 700 3851 774 dissentitTerttil.

2255 810 2457 875 lianus,
2503 810 2644 881 quod
2686 811 2815 865 solis
2866 811 3072 865 moechis
3118 826 3235 866 eam
3263 809 3547 881 negantiam
3593 812 3851 877 senserit,

2258 902 2502 959 fortassis
2526 904 2751 973 primum
2782 904 3036 959 seductus
3058 904 3124 959 ab
3150 904 3255 959 illis
3294 918 3406 959 sua:
3441 904 3614 958 artatis
3636 903 3858 974 Episco-

2258 993 2361 1064 pis,
2392 996 2502 1065 qui,
2535 995 2589 1050 S.
2624 995 2891 1067 Cypriauo
2938 1004 3074 1050 teste
3119 995 3212 1049 lib.
3264 993 3333 1050 de
3375 994 3597 1065 Lapsis,
3625 994 3856 1049 dandam

2259 1084 2487 1141 moechis
2536 1087 2908 1157 pamiteutiam
2954 1104 3060 1142 non
3092 1096 3364 1157 putarunt.
3397 1087 3594 1143 Verum
3636 1096 3858 1158 praeter-

2260 1194 2419 1247 quam
2450 1162 2593 1248 quod
2628 1192 2695 1234 ex
2725 1179 3014 1250 Scripturis
3045 1180 3131 1235 ille
3161 1180 3355 1235 ibidem
3387 1179 3713 1235 contrariam
3734 1195 3859 1235 sen-

2265 1270 2485 1326 tentiam
2516 1271 2867 1341 comprobet,
2909 1270 2977 1326 de
3014 1272 3254 1327 omnium
3304 1282 3644 1343 peccatorum
3692 1274 3862 1328 venue

2267 1356 2531 1434 potestaic
2596 1367 2649 1419 in
2717 1365 2996 1432 Ecclesia,
3052 1367 3254 1421 Auctor
3323 1366 3497 1422 adhuc
3571 1367 3864 1423 catholicus

2264 1455 2421 1510 Tom.
2454 1455 2519 1510 II.
2554 1452 2641 1510 lib.
2678 1455 2745 1511 dc
2786 1454 3132 1522 Poenitentia,
3166 1472 3324 1528 quem
3370 1457 3565 1514 ibidem
3608 1459 3699 1514 ille
3741 1460 3861 1515 imi-

2268 1555 2409 1601 tatur
2429 1547 2643 1602 disertis
2676 1549 2851 1603 verbis
2887 1567 2898 1602 :
2930 1549 3288 1603 Pa’nilcnliam
3315 1551 3378 1603 de
3404 1552 3636 1605 omnibus
3671 1551 3865 1604 delictis

2268 1639 2601 1693 necessariam
2631 1638 2867 1695 deducit.
2901 1640 3077 1711 Atque
3107 1640 3209 1697 hoc
3239 1652 3321 1695 est
3342 1683 3355 1707 ,
3388 1642 3530 1712 quod
3573 1643 3703 1698 dicit
3732 1644 3868 1698 libro

2271 1730 2338 1784 dc
2392 1729 2619 1787 Pudicit.
2666 1748 2785 1802 cap.
2833 1734 2884 1788 1.
2938 1748 3085 1788 num.
3118 1734 3172 1789 9.
3216 1734 3457 1806 adversus
3506 1751 3630 1790 mea:
3677 1752 3870 1806 quoque

2272 1824 2532 1877 sententias
2554 1828 2687 1878 retro
2715 1840 2865 1892 penes
2889 1823 3006 1879 illos
3032 1799 3320 1881 societatgm
3344 1867 3356 1890 ,
3390 1836 3443 1882 et
3475 1826 3614 1882 haud
3649 1828 3867 1882 absimi-

2276 1914 2399 1970 liter
2438 1916 2616 1993 verbis
2646 1916 2807 1971 etiam
2839 1916 2963 1972 alibi
2994 1934 3096 1972 non
3116 1919 3294 1974 semel
3325 1920 3498 1975 citatis
3522 1919 3579 1975 S.
3612 1921 3871 1979 Pacianus

2276 2009 2341 2063 ad
2367 2009 2691 2083 Novatianos
2720 2009 2884 2066 verba
2909 2010 3110 2067 faciens
3136 2030 3149 2067 :
3176 2012 3535 2069 Tertullianus
3561 2023 3680 2085 post
3702 2016 3874 2071 haere-

2276 2103 2377 2158 sim
2408 2111 2583 2158 vester
2627 2112 2741 2171 est,
2799 2120 2920 2159 nam
2953 2106 3116 2160 multa
3148 2106 3274 2161 inde
3318 2096 3645 2177 sumpsistis.
3695 2107 3873 2178 [psum

2278 2188 2512 2263 Epistola
2542 2210 2670 2262 sua,
2715 2205 2767 2250 ct
2816 2211 2876 2250 ea
2906 2213 3060 2275 quam
3103 2196 3400 2253 catholicus
3446 2198 3646 2266 edidit,
3691 2199 3875 2255 audies

2279 2289 2621 2344 confitentem
2658 2305 2671 2343 :
2700 2306 2847 2362 posse
2873 2289 3155 2345 Ecclesium
3198 2302 3403 2361 peccata
3439 2292 3711 2348 dimittere.
3741 2293 3876 2350 ltcm

2280 2389 2336 2435 et
2371 2380 2430 2438 S.
2466 2379 2821 2453 Ilicronymus
2863 2380 2987 2437 dum
3020 2382 3149 2437 dicit
3196 2382 3581 2439 Tertullianum
3637 2385 3687 2439 in
3736 2385 3876 2440 libro

2280 2489 2441 2543 quem
2472 2474 2537 2529 de
2569 2473 2819 2545 pudicitia
2877 2475 3134 2531 adversus
3189 2478 3568 2533 Paenitentiam
3621 2478 3870 2549 scripsit,
3966 2532 3971 2537 .

2281 2570 2602 2621 sententiam
2630 2577 2865 2622 veterem
2898 2583 3033 2623 nova
3065 2569 3315 2640 opinione
3332 2558 3671 2638 dissolvissc,
3696 2571 3751 2625 in
3774 2570 3878 2626 hoc

2228 2700 2233 2709 .
2284 2663 2523 2714 secutum
2556 2659 2767 2715 insanas
2796 2670 2850 2715 et
2878 2661 3218 2732 blasphemas
3243 2662 3490 2720 foemiuas
3506 2678 3649 2719 suas.
3677 2648 3882 2733 Quibus

2285 2745 2482 2806 addere
2511 2750 2695 2807 licebit
2746 2752 2929 2809 lectori
2962 2755 3279 2825 scripta_i|la
3309 2764 3547 2811 veterum
3589 2758 3767 2811 omnia
3814 2757 3882 2812 de

2290 2842 2611 2909 l’aenitentia,
2643 2861 2868 2915 quorum
2892 2862 2921 2901 a
2942 2847 3097 2903 nobis
3122 2846 3257 2903 facta
3285 2858 3366 2904 est
3382 2850 3605 2906 mentio.
3632 2851 3785 2906 Tom.
3818 2850 3880 2905 II.

2287 2935 2414 2990 dict.
2461 2936 2553 2990 lib.
2583 2935 2649 2992 de
2681 2937 2968 2994 Pasnitcnt.
2998 2955 3114 3010 cap.
3146 2943 3199 2995 1.
3232 2952 3285 2996 et
3323 2958 3441 3012 quae
3480 2958 3509 2996 a
3551 2943 3702 2998 nobis
3745 2944 3886 3000 dicta

2288 3038 2444 3095 sunt,
2476 3038 2583 3084 tmn
2614 3030 2680 3085 ad
2714 3028 2859 3086 illum
2887 3032 3080 3087 librum
3101 3075 3115 3098 ,
3150 3042 3261 3088 tum
3291 3034 3355 3088 ad
3384 3035 3607 3091 alterum
3636 3036 3784 3090 illum
3816 3036 3887 3093 de

2288 3119 2423 3197 Pud.
2452 3123 2538 3177 ubi
2553 3121 2625 3177 'ad
2654 3124 2855 3194 singula
2884 3126 3130 3180 Auctoris
3152 3126 3203 3179 in
3233 3128 3557 3183 contrarium
3573 3137 3886 3199 argumenta

2293 3215 2603 3287 plerumque
2648 3233 2715 3272 ex
2763 3219 2991 3273 Paciano
3019 3220 3412 3291 respondimus,
3453 3222 3675 3277 adducta
3718 3223 3786 3277 ad
3833 3222 3887 3277 id

2292 3316 2548 3377 praetcrea
2571 3309 2970 3380 Scripturarum
3013 3313 3215 3382 aliquot
3243 3314 3596 3383 explicatione
3638 3308 3787 3383 saepe
3822 3330 3891 3370 ex

2294 3398 2408 3468 ipso
2429 3399 2780 3455 Tertulliauo.
2814 3401 3104 3458 Citavimus
3129 3405 3287 3458 etiam
3315 3404 3382 3459 ad
3409 3419 3519 3475 cap.
3555 3405 3610 3460 9.
3638 3421 3789 3461 num.
3814 3394 3895 3471 :72
3936 3424 3945 3425 ί

2292 3498 2348 3547 et
2376 3491 2462 3548 75.
2496 3491 2552 3547 S.
2584 3492 2805 3549 Hieron.
2826 3490 3009 3565 Epist.
3044 3495 3112 3550 ad
3142 3497 3353 3555 Damas.
3383 3497 3451 3553 de
3479 3498 3687 3555 duobus
3735 3498 3853 3554 filiis
3876 3541 3891 3567 ,

2295 3585 2385 3640 ubi
2415 3602 2479 3641 ex
2514 3586 2750 3656 professo
2777 3597 2959 3644 contra
2993 3591 3277 3647 Auctorem
3316 3594 3461 3663 agit,
3511 3577 3586 3648 et.
3614 3594 3754 3649 inter
3794 3591 3898 3648 ca:-

2297 3685 2409 3730 tcra
2439 3677 2598 3732 etiam
2631 3677 2899 3748 defendit,
2931 3682 3240 3750 publicanos
3262 3685 3449 3753 fuisse,
3483 3702 3590 3742 non
3624 3687 3889 3756 ethnicos,

2298 3768 2438 3837 quod
2496 3769 2582 3825 ille
2628 3770 2871 3835 volebat,
2926 3773 3019 3828 sed
3073 3774 3319 3843 Judzcos,
3379 3777 3538 3848 idque
3596 3778 3895 3848 exemplis,

2298 3858 2483 3914 Matth.
2515 3876 2581 3916 ex
2633 3861 3040 3920 circumcisione
3088 3867 3365 3937 Apostoli,
3419 3869 3823 3938 publicanorum
3868 3884 3900 3923 a

2301 3950 2505 4007 Joanne
2530 3951 2940 4024 baptizatorum,
2974 3967 3037 4013 et.
3056 3958 3320 4028 publicani
3346 3963 3565 4018 orantis-
3593 3964 3644 4017 iu
3679 3963 3898 4034 templo,

2304 4043 2504 4099 Luc.V.
2532 4044 2639 4101 VII.
2668 4063 2729 4103 ac
2749 4047 2936 4108 XVIII.
2964 4052 3053 4123 qui
3081 4054 3127 4108 si
3155 4053 3350 4124 ethnici
3375 4055 3623 4124 fuissent,
3648 4073 3767 4113 cum
3790 4058 3895 4113 illis

2304 4135 2549 4193 Christus
2577 4155 2681 4194 non
2714 4138 2986 4203 habuisset
3026 4144 3360 4211 convivium,
3412 4162 3479 4204 ue
3529 4148 3697 4220 legem
3729 4150 3904 4205 solve-

2307 4235 2424 4294 ret,
2462 4245 2631 4300 neque
2657 4229 2741 4285 hic
2770 4232 2819 4286 in
2856 4234 3110 4304 templum
3153 4237 3417 4293 admissus
3448 4238 3651 4296 fuisset.
3680 4240 3747 4295 Et
3769 4253 3902 4296 vero

2311 4321 2518 4391 quoties
2540 4321 2590 4377 id
2619 4324 2670 4378 in
2692 4324 2906 4381 Christo
2927 4327 3271 4397 denotabant,
3298 4332 3440 4401 quod
3463 4348 3581 4388 cum
3607 4333 3902 4404 publicanis

2312 4423 2509 4469 coetum
2550 4419 3005 4485 communicaret,
3040 4419 3150 4476 fere
3175 4422 3332 4476 simul
3362 4424 3748 4495 coniunguntur
3777 4438 3902 4493 pec-

619 4540 929 4595 detluclurus
978 4546 1101 4591 esset
1143 4535 1196 4589 in
1244 4550 1440 4587 onmem
1494 4535 1782 4597 veritatem,
1836 4542 1891 4587 et
1934 4547 2145 4587 rursum

2312 4514 2520 4562 catores
2558 4518 2612 4563 et
2649 4508 2909 4579 publicani
2943 4529 2956 4564 :
2988 4521 3147 4583 atque
3176 4515 3311 4571 adeo
3341 4517 3481 4587 quod
3520 4532 3636 4573 cum
3677 4516 3906 4573 etlmicis

619 4631 908 4688 nationibus
964 4629 1199 4683 destinati
1238 4626 1503 4696 Apostoli,
1549 4626 1650 4696 ipsi
1710 4642 1905 4695 quoque
1956 4625 2210 4681 doctorem

622 4722 935 4778 consecuturi
961 4728 1103 4775 erant
1134 4715 1480 4773 Paracletum.
1517 4715 1615 4770 Ubi
1649 4731 1745 4785 pro
1771 4715 1971 4771 eisdem
2019 4716 2212 4785 habet,

623 4813 875 4882 Spiritum
904 4808 1169 4875 Sanctum,
1199 4816 1252 4864 et
1274 4802 1617 4872 Paracletum,
1646 4821 1806 4876 quum
1837 4822 2112 4880 perperam
2141 4809 2216 4864 illi

625 4903 1013 4971 distinguerent
1040 4902 1139 4973 (uti
1166 4901 1248 4956 vel
1289 4916 1352 4955 ex
1385 4900 1502 4970 ipso
1529 4896 1857 4955 Tertulliano
1884 4901 2081 4956 dictum
2113 4904 2215 4970 est)

627 4992 880 5063 Spiritum
924 5000 1185 5056 sanctum,
1212 4999 1267 5045 et
1295 4987 1623 5045 Paracletum
1656 5000 1750 5047 :et
1784 4991 1911 5047 illud
1949 4993 2061 5063 ipse
2085 5008 2218 5049 con-

627 5096 805 5143 textus
834 5083 1185 5155 Evangelistac
1213 5083 1530 5150 convincat,
1562 5094 1723 5155 atque
1748 5084 1883 5139 adeo
1918 5086 1997 5140 sic
2045 5085 2217 5143 locum

631 5179 779 5233 illum
811 5177 1234 5246 interpretantur
1257 5183 1469 5230 veteres
1498 5189 1707 5241 omnes,
1736 5191 1800 5230 ex
1826 5174 2068 5245 professo
2093 5194 2221 5237 vero

633 5269 752 5328 adv.
788 5269 924 5324 hanc
974 5265 1219 5322 lucresim
1280 5264 1337 5320 S.
1392 5264 1528 5335 Aug.
1588 5266 1901 5323 tractatibus
1949 5268 2117 5325 tribus
2165 5275 2218 5326 in

635 5363 978 5434 Evangelium
1008 5358 1228 5417 Joannis
1267 5376 1281 5415 :
1312 5372 1419 5430 quo
1448 5356 1701 5415 lectorem
1724 5360 2022 5432 compendii
2052 5364 2220 5443 gratia

635 5453 973 5511 remittimus.
1046 5462 1053 5471 '

632 5590 721 5645 27.
755 5589 831 5646 De
855 5588 1171 5647 Paenitentia
1203 5586 1431 5644 mmcbis
1460 5586 1720 5657 neganda.
1754 5586 1898 5643 Tom.
1928 5589 1987 5645 V.
2030 5592 2225 5665 integro

1172 5678 1298 5733 libro
1318 5679 1381 5733 de
1407 5676 1684 5734 Pudicitia.

702 5791 849 5845 Sicut
875 5791 928 5843 in
959 5789 1074 5844 Vita
1105 5787 1352 5845 Auctoris
1380 5789 1775 5861 annotavimus,
1809 5806 1969 5864 quum
2001 5797 2226 5859 omnino

2316 4601 2706 4668 convivaretur,
2754 4618 2859 4659 non
2905 4606 3417 4675 reprehendebatur,
3469 4610 3563 4667 sed
3609 4612 3730 4681 quia
3781 4624 3909 4666 cum

2318 4693 2708 4762 peccatoribus.
2765 4696 2883 4765 Quo
2929 4699 3157 4768 pertinet
3208 4702 3463 4759 Pharisaei
3526 4705 3906 4772 murmuratio,

2319 4782 2448 4840 Luc.
2476 4781 2587 4839 VII.
2621 4783 2689 4841 de
2710 4785 3012 4846 Peccatrice
3039 4790 3275 4861 foemina,
3317 4793 3371 4849 in
3416 4810 3522 4865 qua
3561 4795 3903 4867 paenitentiam

2321 4879 2562 4951 agnoscit
2605 4888 2660 4936 et
2699 4884 2895 4938 veniam
2942 4886 3055 4957 ipse
3097 4886 3304 4944 Tertul.
3345 4890 3437 4946 lib.
3469 4891 3559 4946 IV.
3585 4890 3707 4946 adv.
3739 4890 3911 4945 Miro.

2322 4988 2439 5042 cap.
2471 4973 2557 5028 18-
2589 4990 2738 5031 num.
2770 4976 2898 5034 265.
2925 4995 3083 5048 quam
3114 4991 3289 5038 tamen
3317 4978 3619 5050 ethuicam,
3650 4997 3916 5054 nusquam

2326 5065 2526 5119 Auctor
2553 5065 2704 5119 audet
2731 5066 2930 5135 dicere,
2955 5070 3076 5140 quia
3097 5072 3212 5141 ejus
3237 5074 3512 5129 castellum
3528 5074 3919 5145 Hierosolymis

2325 5155 2556 5210 vicinum
2586 5155 2747 5214 fuisse
2777 5169 3008 5228 constat,
3042 5161 3199 5217 Joau.
3228 5163 3320 5220 XI.
3351 5165 3533 5237 Neque
3575 5181 3673 5236 pro
3697 5176 3921 5224 auctore

2326 5247 2615 5319 quidquam
2641 5248 2764 5307 facit
2789 5251 2917 5307 illud
2950 5271 2967 5308 :
3006 5252 3128 5309 Non
3165 5257 3258 5310 erit
3314 5259 3526 5331 vectigal
3578 5260 3799 5329 pendens
3850 5275 3921 5314 ea:

2327 5341 2447 5411 ﬁliis
2464 5339 2631 5397 Israel
2666 5360 2684 5396 :
2712 5344 2836 5414 quia
2855 5386 2869 5411 ,
2901 5346 3108 5402 etiamsi
3135 5363 3240 5404 non
3262 5349 3524 5408 deberent
3544 5352 3776 5422 pendere
3793 5366 3924 5408 vec-

2327 5433 2485 5505 tigal,
2538 5442 2845 5506 antequam,
2891 5438 3099 5521 Deosic
3119 5439 3455 5511 disponente,
3493 5443 3747 5500 Romanis
3793 5443 3925 5499 sub-

2324 5524 2454 5593 jecti
2476 5536 2690 5594 essent;
2731 5543 3031 5600 quanquam
3049 5531 3292 5588 odiosum
3320 5533 3484 5591 fuisse
3514 5535 3927 5606 publicanorum

2330 5618 2641 5673 exercitium
2679 5621 2807 5676 satis
2837 5630 3043 5677 constet
3070 5632 3121 5679 et
3153 5624 3384 5694 infame,
3427 5636 3604 5684 tamen
3633 5629 3753 5685 sine
3790 5643 3927 5700 pec-

2331 5715 2451 5761 cato
2479 5707 2637 5763 etiam
2664 5711 2903 5780 pomisse
2932 5715 3206 5784 exerceri,
3247 5716 3454 5773 videtur
3481 5733 3544 5774 ex
3567 5719 3673 5774 illis
3699 5719 3931 5777 Joannis

2332 5799 2583 5875 Baptista:
2613 5804 2678 5862 ad
2712 5806 2831 5865 illos
2856 5809 3034 5868 verbis
3064 5812 3083 5883 (
3109 5812 3238 5873 Luc.
3285 5813 3413 5888 Ill.)
3451 5833 3464 5872 :
3513 5817 3650 5875 Nihil
3694 5818 3927 5891 amplius
