4242 6264
337 304 442 363 205

1552 304 1697 363 CUM
1737 300 2083 363 ΑΝΠοωο
2120 304 2415 363 PAMELII.

3526 313 3638 370 206

341 446 496 503 quam
548 430 889 487 constitutum
935 436 1016 485 est
1076 425 1243 485 vobis.
1276 425 1513 494 faciatis,
1572 428 1685 482 sive
1736 427 1810 481 uti
1866 442 1933 483 ex
1962 414 2015 489 Α
2044 406 2131 503 die
2162 423 2437 481 Dominico
2472 420 2695 481 Paulum
2735 396 3088 496 Apostolum,
3138 428 3191 481 et
3239 440 3361 482 cum
3413 441 3480 484 eo
3521 446 3639 487 cre-

341 527 527 584 Graeco
556 528 776 583 vertitur
799 525 1094 597 "exigatis.
1137 522 1209 578 De
1256 521 1464 578 cmteris
1501 519 1669 577 dictas
1701 503 1940 576 Aiinota-

342 620 510 675 tiones
541 628 751 675 nostras
772 617 1014 673 consulat
1038 615 1309 671 studiosus
1334 610 1547 669 Lector.

339 754 429 809 28.
462 755 538 810 De
575 752 879 825 Ps’ycbicis,
911 768 1017 822 quo
1045 750 1261 806 nomine
1291 747 1583 805 Catliolicis
1613 744 1936 802 calumniam

356 914 363 917 ,
406 846 550 902 fecit.
586 844 734 899 Tom.
757 844 844 900 ΙΙΙ.
865 843 994 897 Adv.
1019 843 1183 897 Marc.
1209 841 1299 896 lib.
1322 841 1412 895 IV.
1438 856 1484 893 e.
1510 839 1603 892 22.
1628 854 1770 892 nunt.
1804 836 1933 892 525.

403 942 601 996 advers.
654 939 820 995 Prasc.
857 956 975 1009 cap.
1026 940 1078 993 1.
1112 954 1255 992 riunt.
1305 936 1394 990 17.
1447 933 1595 988 Tom.
1628 931 1693 986 V.
1730 931 1820 985 lib.
1872 931 1937 985 de

402 1034 701 1107 HouOgam.
731 1051 846 1104 cap.
870 1034 920 1087 1.
950 1049 1090 1087 num.
1122 1032 1156 1086 4
1186 1031 1304 1085 e15.
1334 1046 1394 1083 ac
1412 1041 1529 1098 cap.
1559 1028 1647 1081 H.
1678 1041 1817 1080 nunt.
1840 1023 1933 1079 86.

399 1127 490 1183 87.
519 1128 610 1183 88.
651 1136 698 1181 ct
752 1142 868 1193 cap.
904 1125 991 1181 16.
1039 1139 1127 1180 nu.
1174 1123 1298 1179 120.
1345 1123 1433 1175 lib.
1475 1120 1537 1174 de
1584 1118 1762 1191 lejan.
1814 1117 1935 1170 adv.

399 1217 682 1289 Psy’clticos
741 1218 969 1288 integro,
1021 1226 1068 1269 et
1124 1214 1214 1269 lib.
1273 1213 1336 1268 de
1387 1211 1669 1277 Pudicitia,
1720 1226 1837 1276 cap.
1874 1210 1925 1262 1.

396 1324 541 1365 nunt.
576 1312 629 1365 8.
680 1325 798 1379 cap.
855 1308 909 1362 6.
968 1322 1110 1361 nunt.
1154 1306 1247 1361 47.
1277 1321 1392 1375 cap.
1442 1303 1529 1357 10.
1560 1318 1706 1356 nam.
1751 1299 1841 1355 85.
1888 1306 1936 1352 et

394 1420 515 1474 cap.
544 1404 634 1458 21.
669 1418 810 1456 num.
842 1400 969 1456 100.

401 1530 718 1609 PSyehlcos‘,
741 1536 987 1590 animales
1010 1532 1251 1603 intelligi,
1282 1531 1411 1586 satis
1442 1524 1933 1599 comprobavimus,

321 1631 416 1685 vel
469 1647 534 1685 ex
585 1633 770 1699 Apost.
826 1624 865 1681 1.
914 1627 1037 1681 Cor’.
1068 1622 1130 1679 ll.
1182 1623 1246 1677 ad
1280 1623 1486 1678 initium
1517 1618 1608 1677 lib.
1640 1620 1708 1676 de
1750 1620 1929 1689 Jejun.

316 1720 541 1778 advers.
568 1720 873 1792 l’sy'cbicos.
907 1734 1052 1772 num.
1081 1716 1141 1782 2;
1166 1715 1303 1786 quod
1329 1731 1521 1770 nomen
1548 1714 1656 1783 jatn
1686 1715 1735 1767 in
1762 1712 1933 1766 lia-re-

2043 512 2232 576 dentes
2270 514 2461 575 fecisse
2509 516 2768 591 legimus;
2800 519 2926 575 item
2954 519 3151 590 jejunia
3183 516 3271 576 illa
3301 522 3639 581 strictissime

2024 609 2340 682 ,priscorum
2370 595 2779 679 monachorum,
2812 618 2919 665 tam
2947 602 3013 665 ab
3041 606 3130 665 illo
3158 626 3313 682 quam
3342 627 3373 668 a
3399 611 3642 670 Theodo-

2041 709 2159 758 re'to
2205 714 2259 759 et
2312 698 2617 772 Nicephoro
2661 703 2765 759 late
2802 698 3089 773 descripta.
3136 700 3333 759 Verum
3388 696 3489 761 hoc
3540 721 3640 782 pro

2041 794 2231 852 haeresi
2262 798 2315 851 in
2338 796 2677 852 Montanistis
2702 792 3006 853 damnatum
3037 805 3141 866 est,
3173 794 3314 867 quod
3347 798 3641 856 necessita-

2040 893 2149 967 tem
2194 884 2512 944 observandi
2566 888 2661 944 bas
2700 888 3178 962 Quadragesimas,
3213 905 3308 946 seu
3356 900 3492 960 tres,
3543 908 3642 950 seu

2042 979 2172 1033 duas
2203 995 2370 1047 usque
2398 978 2535 1036 adeo
2566 991 2836 1052 urgerent,
2880 991 2938 1037 ut
2980 983 3059 1037 vel
3093 997 3157 1039 eo
3200 983 3419 1040 nomine
3456 982 3655 1053 calltom

2042 1068 2175 1126 licos
2231 1068 2633 1144 Psyclticorum,
2670 1068 2719 1128 id
2763 1083 2880 1141 est,
2932 1074 3091 1129 sicuti
3135 1074 3244 1145 jam
3274 1074 3477 1131 dictum
3526 1085 3653 1146 est,

2039 1165 2340 1219 aninmlimn
2397 1166 2674 1221 hominum
2741 1166 3101 1237 appellatione
3152 1167 3638 1236 calumniarentur,

2039 1256 2181 1326 quod
2213 1272 2393 1312 secum
2439 1273 2533 1312 eas
2578 1259 2865 1314 observare
2906 1259 3129 1315 nollent.
3183 1260 3359 1330 Atque
3406 1260 3508 1316 hoc
3558 1270 3643 1317 est

2040 1346 2181 1418 quod
2224 1347 2394 1417 Epist.
2452 1346 2541 1405 54.
2592 1350 2657 1405 ad
2682 1349 2919 1405 Marcell.
2965 1350 3087 1405 adv.
3129 1344 3434 1407 Montanum
3488 1362 3645 1426 urget

2039 1435 2097 1492 S.
2132 1436 2348 1494 llieron.
2380 1436 2488 1494 Nos
2511 1440 2726 1512 (inquit)
2749 1441 3414 1513 unamQuadragesimsm.
3443 1459 3641 1500 secun-

2040 1527 2164 1583 dum
2216 1530 2554 1586 traditionem
2586 1530 2989 1601 Apostolorum,
3022 1543 3262 1602 tempore
3306 1534 3461 1589 nobis
3509 1550 3644 1591 con-
3726 1552 3731 1553 ί

2036 1635 2173 1689 grno
2195 1621 2531 1691 jcjnnatnus,
2580 1620 2654 1676 illi
2697 1623 2887 1705 (resin
2927 1639 3061 1677 anno
3093 1625 3288 1702 faciunt
3336 1624 3640 1698 Quadrage-

2038 1714 2213 1779 simas,
2258 1714 2408 1785 quasi
2444 1725 2552 1771 tres
2583 1716 2725 1787 passi
2769 1715 2876 1771 sint
2910 1715 3236 1784 Salvatores,
3270 1733 3376 1773 non
3416 1712 3559 1789 quod
3585 1730 3644 1775 et

316 1817 403 1873 sin
456 1815 638 1884 lapsus
664 1855 677 1878 ,
706 1804 987 1867 catholieﬁ.
1029 1810 1306 1880 impingit,
1348 1824 1475 1863 suos
1514 1806 1859 1862 Montanistas
1902 1814 1933 1860 e
1962 1778 2010 1847 Β
2043 1821 2136 1873 per
2183 1813 2349 1859 totum
2395 1778 2614 1870 annuni,
2648 1817 2867 1877 excepta
2899 1778 3234 1874 Pentecoste,
3254 1778 3499 1878 jejunai-e
3531 1825 3640 1865 non

318 1909 597 1965 contrario
622 1905 879 1977 spiritales
900 1947 914 1972 ,
943 1903 1085 1974 quod
1116 1903 1361 1972 Spiritum
1405 1898 1736 1956 Paracletum
1784 1897 1930 1951 Mun-

319 2013 505 2058 Ianum
551 2007 936 2070 sequerentur,
984 2008 1336 2065 nuncupatis;
1369 1993 1474 2046 illis
1505 1986 1824 2047 calumniam
1859 1987 1935 2041 fa-

318 2087 470 2151 ciens
510 2092 658 2164 qnasi
701 2105 919 2161 prorsus
954 2086 1255 2151 animales,
1306 2085 1685 2156 passinitdtem,
1719 2076 1771 2135 id
1821 2082 1931 2146 est,

319 2184 589 2241 licentiam
651 2184 771 2236 vitm
828 2185 1215 2252 sequerentur,
1279 2186 1463 2246 utpote
1527 2174 1592 2229 ad
1663 2171 1927 2228 secundas

293 2266 540 2345 'nuptias
566 2278 902 2328 transeuntes
922 2312 937 2334 ,
973 2270 1227 2340 martyrio
1258 2265 1380 2337 fuga
1414 2267 1642 2320 vitantes
1664 2306 1676 2327 ,
1701 2271 1751 2317 et
1783 2263 1925 2332 jeju-

319 2362 411 2422 nia
471 2362 833 2437 Montanistiea
884 2360 1268 2431 improbantes.
1330 2356 1530 2412 Verum
1592 2355 1755 2410 miser
1818 2368 1926 2408 non

318 2457 698 2514 animadvertit
721 2498 735 2523 ,
768 2446 1075 2510 Montanum
1106 2452 1393 2507 animalem
1440 2451 1600 2504 vitam
1651 2447 1884 2518 gessisse
1907 2489 1921 2515 ,

318 2558 508 2623 utpote
566 2567 728 2622 quum
785 2559 961 2605 scorta
988 2554 1168 2602 essent
1210 2544 1453 2600 Priscilla
1494 2552 1547 2598 et
1600 2540 1920 2607 Maximilla,

317 2654 459 2718 qam,
479 2642 683 2701 relictis
712 2643 939 2710 maritis,
960 2639 1264 2696 Montanum
1288 2637 1924 2709 sequebantur,etcarum

317 2736 540 2794 asseclm
566 2736 817 2808 martyrio
849 2733 1062 2788 Christo
1092 2740 1284 2802 negato
1310 2728 1613 2792 evaserint;
1647 2735 1699 2781 et
1725 2726 1768 2779 si
1792 2722 1918 2794 quid

268 2871 281 2880 .
316 2832 460 2903 passi
510 2831 651 2893 sint,
694 2828 764 2883 ob
811 2824 1091 2881 latrocinia
1144 2832 1267 2877 ante
1306 2828 1421 2876 acta
1454 2818 1504 2873 id
1539 2816 1922 2880 lolcraVcrint;

318 2902 548 2995 denique
574 2921 676 2978 etsi
712 2930 820 2975 tres
847 2916 1291 2986 Quadragesimas
1316 2914 1332 2983 (
1354 2908 1420 2967 dc
1447 2924 1553 2981 quo
1581 2923 1705 2964 mox
1732 2902 1924 2974 latius)

320 2992 679 3079 celebrarent,
707 3022 883 3067 tamen
914 3009 1118 3079 reliquo
1140 3007 1263 3061 anui
1298 3012 1537 3073 tempore
1564 3000 1721 3072 genio
1745 2992 1921 3053 indui-

322 3109 538 3181 gebant.
570 3106 759 3177 Neque
784 3113 961 3159 tamen
995 3116 1188 3156 novum
1215 3097 1266 3153 id
1309 3095 1606 3158 haereticis,
1638 3098 1695 3147 ut
1724 3090 1925 3145 catho—

322 3203 457 3258 licos
486 3200 853 3271 Psyclticorum
901 3194 1117 3250 nomine
1161 3188 1513 3261 appellarint,
1556 3196 1720 3254 seque
1769 3181 1924 3250 spiri-

320 3296 536 3361 tuales;
580 3309 700 3361 nam
747 3291 977 3365 idipsum
1017 3280 1159 3342 ridet
1202 3291 1387 3338 auctor
1440 3279 1491 3334 in
1536 3272 1925 3332 Valentinianis

324 3389 429 3443 lib.
462 3395 645 3442 contra
663 3380 876 3439 Valent.
907 3397 957 3438 c.
987 3376 1056 3436 29
1086 3386 1139 3435 et
1169 3375 1255 3432 50.
1288 3372 1344 3429 S.
1372 3368 1635 3425 Irenaeum
1662 3375 1875 3422 secutus
1908 3381 1921 3417 :

322 3477 473 3552 quod
498 3486 618 3549 post
642 3474 741 3532 hos
761 3475 918 3531 etiam
948 3469 1161 3542 scripsit
1182 3466 1246 3522 Β.
1271 3460 1537 3537 Epiphan.
1568 3460 1604 3515 l.
1628 3458 1695 3515 de
1718 3456 1920 3511 llaeres.

322 3616 420 3673 29.
450 3615 527 3671 De
550 3609 984 3682 Quadragesimis
1008 3581 1236 3662 duabus.
1260 3596 1480 3655 Tom.v.
1510 3595 1596 3650 lib.
1627 3594 1691 3649 de
1715 3590 1928 3661 Jejunio

389 3708 592 3763 advers.
629 3704 931 3775 Psychicos,
962 3701 1017 3754 in
1042 3711 1216 3753 eorum
1244 3690 1586 3763 defensionem
1614 3684 1921 3753 conscripto,

316 3852 323 3869 ,
388 3798 611 3853 mirae
634 3811 748 3865 cap.
781 3795 872 3852 15.
900 3806 1041 3846 nam.
1071 3786 1163 3843 90.

390 3956 565 4023 Quum
595 3951 930 4008 Montanistae
961 3960 1071 4003 tres
1099 3947 1449 4001 observarent
1492 3932 1776 4008 quotannis
1807 3930 1919 4001 ple-

316 4064 421 4105 nas
450 4056 655 4117 septem
686 4045 1104 4117 septimanarum
1139 4032 1607 4105 Quadragesimas,
1647 4028 1696 4080 in
1721 4025 1823 4079 hoc
1852 4022 1920 4078 ab

316 4144 432 4200 illis
456 4141 783 4197 dissensisse
815 4136 1025 4191 videtur
1052 4132 1410 4187 Tcrtulliauus
1431 4168 1444 4190 ,
1474 4137 1635 4193 quum
1677 4124 1919 4189 separata

314 4236 389 4291 ab
436 4234 541 4289 illis
585 4232 749 4302 ccepit
778 4230 976 4285 habere
1003 4219 1377 4281 conventicula
1399 4260 1414 4285 ,
1447 4213 1586 4286 quod
1617 4211 1751 4267 duas
1794 4209 1922 4264 dun-

317 4334 500 4393 taxat,
527 4325 606 4381 sic
634 4325 775 4380 enim
808 4322 896 4377 ille
922 4338 935 4375 :
963 4317 1222 4384 Quantulo
1251 4314 1322 4369 est
1351 4309 1490 4381 apud
1522 4323 1611 4361 nos
1633 4303 1919 4358 interdictio

314 4416 584 4473 ciborum?
612 4416 741 4469 duas
770 4415 823 4467 in
874 4428 1009 4466 anno
1045 4405 1386 4462 hebdomadas
1435 4395 1915 4467 Xerophagiarum,

2039 1895 2217 1963 liceat,
2253 1894 2344 1951 sed
2372 1895 2512 1967 quod
2537 1897 2679 1952 aliud
2708 1899 2795 1964 sit,
2828 1899 3167 1965 necessitate,
3193 1899 3334 1953 aliud
3363 1900 3640 1958 voluntate

2039 2003 2233 2042 munus
2256 1986 2467 2043 oti’erre.
2497 1983 2631 2044 llinc
2652 2001 2705 2046 et
2731 1990 2993 2045 Eusebius
3022 1988 3193 2059 (juxta
3215 1992 3638 2048 emendatiorem

2038 2096 2102 2133 ex
2152 2080 2339 2135 Grarco
2391 2082 2814 2148 translationem,
2846 2091 3003 2137 antea
3030 2094 3334 2152 corruptam
3364 2100 3391 2137 a
3420 2086 3641 2155 quibus-

2037 2166 2180 2233 dam,
2226 2166 2299 2224 uti
2356 2170 2406 2223 in
2455 2172 2762 2226 universum
2809 2169 3018 2241 Jejunia
3078 2172 3457 2229 Ecclesiastica
3520 2185 3638 2230 tan-

2038 2272 2197 2330 quam
2272 2256 2571 2316 Montanica
2624 2263 2988 2335 damnarent)
3059 2263 3147 2319 lib.
3184 2264 3247 2319 V.
3307 2264 3448 2322 Eccl.
3508 2266 3637 2324 hist.

2032 2368 2151 2422 cap.
2184 2352 2269 2409 17.
2292 2353 2560 2411 Tlteodor.
2595 2355 2782 2413 lueret.
2817 2356 2978 2412 fabul.
3012 2356 3105 2413 lib.
3135 2357 3221 2413 Ill.
3251 2361 3317 2413 dc
3343 2358 3636 2417 Montanis-

2035 2445 2119 2509 tis,
2141 2456 2193 2500 et
2224 2446 2552 2518 Nicephorius
2582 2446 2785 2523 lib.IV.
2806 2448 2929 2503 hist.
2957 2440 3101 2503 Eccl.
3133 2463 3182 2503 c.
3206 2447 3295 2504 22.
3322 2448 3631 2507 Montanum

2032 2553 2198 2593 novas
2227 2536 2561 2609 Jejuniorum
2590 2534 2738 2612 leges
2770 2551 2965 2611 praeter
2992 2539 3246 2597 Ecclesiae
3284 2543 3633 2599 consuetudi-

2034 2646 2153 2686 nem
2185 2628 2545 2688 introduxisse
2572 2641 2626 2688 et
2647 2633 2889 2687 Sanxisse
2913 2631 3173 2687 scribunt.
3264 2698 3267 2699 ν

2033 2767 2122 2823 50.
2194 2767 2271 2823 De
2322 2767 2567 2837 Repudio
2603 2764 2911 2822 clivistianis
2954 2766 3135 2831 licito,
3191 2765 3267 2820 ita
3309 2774 3367 2821 ut
3413 2767 3639 2824 atteram

2105 2861 2323 2927 ducant,
2364 2861 2842 2916 aduitériieausSa.
2873 2859 3019 2914 Tom.
3053 2859 3118 2914 ﬂ.
3152 2860 3242 2915 tib.
3274 2859 3338 2915 ll.
3367 2860 3436 2914 ad
3464 2859 3628 2916 Uxor.

2102 2969 2216 3022 cap.
2239 2953 2293 3007 1;
2316 2958 2458 3007 num.
2482 2953 2537 3008 4.
2568 2950 2716 3008 Tom.
2737 2950 2825 3007 Ill.
2846 2951 3040 3005 [ἥμιν.
3067 2951 3184 3005 adu.
3206 2949 3372 3007 Marc.
3396 2967 3513 3024 cap.
3539 2952 3632 3008 54.

2102 3059 2249 3099 nunt.
2276 3044 2401 3100 557.

1950 3132 1998 3204 Ο
2103 3176 2330 3232 Videtur
2360 3176 2574 3246 quidem
2609 3177 2775 3246 prima
2808 3174 2939 3231 facie
2972 3155 3077 3230 tale
3107 3174 3234 3245 quid
3272 3170 3634 3232 Tertulliantts

2030 3270 2252 3333 sentire,
2283 3284 2443 3337 quum
2475 3266 2745 3321 divortium
2771 3273 3047 3335 comparat
3067 3263 3295 3318 excessui
3320 3264 3526 3330 mariti,
3558 3267 3635 3321 uti

2031 3362 2201 3431 magis
2249 3358 2438 3431 probet
2483 3358 2769 3430 postbunc
2821 3372 2928 3411 non
2976 3356 3140 3411 licere
3188 3356 3345 3411 alteri
3388 3344 3656 3423 nubere,

2033 3457 2190 3531 sicuti
2217 3472 2321 3510 non
2355 3454 2481 3510 licet
2511 3462 2632 3523 post
2670 3452 2954 3507 divortium
2998 3450 3098 3504 nisi
3144 3446 3391 3504 adulterii
3414 3463 3626 3504 caussa.

2029 3525 2228 3606 verum
2260 3563 2380 3603 sese
2409 3546 2635 3617 explicat
2665 3542 2904 3599 tom.oV.
2938 3540 3031 3598 lib.
3060 3535 3128 3597 de
3172 3535 3382 3610 Monog.
3420 3556 3538 3612 cap.
3571 3525 3651 3597 9.’

2029 3657 2179 3697 num.
2210 3634 2297 3696 70.
2340 3640 2395 3694 ct
2422 3652 2539 3707 cap.
2574 3634 2661 3691 11.
2696 3650 2845 3690 num.
2875 3634 2965 3690 89.
3009 3633 3182 3688 Priori
3219 3633 3430 3703 quidem
3475 3631 3630 3700 loco,

2028 3735 2096 3791 dc
2121 3732 2397 3803 repudiata
2427 3746 2595 3787 uxore
2626 3728 2703 3784 sic
2736 3728 2970 3799 loquitur
2996 3747 3009 3780 :
3041 3736 3094 3779 ut
3132 3726 3183 3779 in
3211 3726 3368 3780 totum
3407 3726 3511 3779 sive
3538 3743 3629 3794 per

2026 3828 2252 3897 nuptias,
2285 3824 2387 3878 sive
2411 3816 2559 3893 vulgo
2580 3864 2594 3888 ,
2627 3820 2835 3875 alterius
2875 3819 2968 3873 uiri
3006 3815 3269 3882 admissio,
3315 3816 3627 3871 adulterium

2027 3919 2382 3991 pronuntietur
2406 3934 2438 3970 α
2465 3912 2597 3979 Deo;
2615 3925 2663 3969 ct
2691 3928 2811 3967 mox
2840 3911 3059 3977 clarius,
3090 3928 3177 3980 per
3205 3914 3412 3963 mortem
3433 3911 3627 3974 utique,

2024 4028 2126 4066 non
2152 4028 2241 4080 per
2268 4008 2535 4078 repudium
2579 4006 2716 4075 facta
2745 4003 3016 4066 solutione,
3062 4003 3180 4071 quia
3218 4002 3497 4071 repudiatis
3525 4017 3627 4055 non

2025 4104 2332 4175 permitteret
2362 4100 2636 4172 Apostolus
2670 4098 2857 4152 nubere
2886 4088 3127 4159 adversus
3175 4096 3445 4164 pristinum
3485 4111 3625 4165 prce-

2024 4206 2245 4266 ceptum.
2298 4195 2524 4249 Valeant
2550 4192 2728 4261 itaque
2751 4189 3005 4244 Erasmus
3037 4196 3090 4241 ct
3115 4188 3231 4255 ejus
3278 4182 3501 4241 asscclac
3530 4186 3619 4257 qui

2026 4302 2123 4357 pro
2149 4302 2206 4341 sc
2246 4293 2517 4339 auctorem
2548 4295 2829 4352 perperam
2859 4280 3041 4333 citant.
3091 4276 3250 4331 Certe
3292 4278 3621 4332 contrarium

2019 4378 2128 4449 jam
2161 4377 2441 4432 deﬁnitum
2472 4383 2552 4428 est
2577 4369 2800 4427 Concilii
2831 4367 3072 4424 Trident.
3106 4381 3241 4422 sess.
3276 4364 3364 4420 54.
3398 4381 3518 4421 can.

316 4526 415 4565 nec
443 4517 572 4564 totas
590 4549 607 4574 ,
635 4505 858 4577 exceptis
894 4502 1082 4558 scilicet
1113 4498 1350 4555 Sabbatis
1377 4502 1422 4548 et
1455 4488 1752 4553 Dominicis,
1785 4482 1913 4551 olfe-
1942 4497 1996 4558 Ι)
2022 4514 2112 4572 3L
2131 4514 2285 4569 Circa
2300 4511 2635 4566 “initam”.
2654 4504 2804 4559 Tom.
2836 4501 2876 4556 1.
2896 4499 3114 4556 Tum“.
3148 4497 3363 4568 Apol”.
3389 4501 3505 4565 mp.
3525 4492 3616 4549 ﬂ.

316 4602 485 4656 rimus
514 4598 639 4654 Deo.
668 4596 855 4668 Neque
881 4603 1058 4651 tamen
1082 4597 1365 4662 propterea
1392 4584 1473 4639 illi
1503 4577 1738 4637 haeretici
1785 4589 1914 4668 cen-

317 4692 477 4780 solidi
529 4700 676 4746 sunt.
722 4667 859 4745 Nam
910 4684 1209 4743 Amalarius
1241 4680 1333 4735 lib.
1378 4676 1423 4733 Ι.
1454 4675 1523 4732 de
1560 4670 1760 4728 divinis
1790 4667 1915 4723 Olli.

317 4767 443 4855 cap.
478 4784 569 4839 56.
609 4793 664 4840 et
709 4783 803 4838 lib.
850 4780 938 4837 IV.
971 4793 1090 4850 cap.
1124 4775 1211 4832 57.
1245 4769 1499 4829 describit
1530 4767 1737 4836 piorum
1782 4775 1919 4831 quo-

317 4876 571 4934 rumdam
613 4876 823 4947 Jejunia
848 4917 863 4943 ,
908 4873 998 4945 qui
1051 4881 1158 4927 tres
1187 4861 1629 4937 Quadragesimas
1668 4856 1921 4911 observa-

318 4978 443 5025 rent
476 4985 490 5025 :
534 4983 693 5022 unam
722 4976 845 5022 ante
871 4963 1076 5021 Pascha
1096 5000 1112 5028 ,
1137 4961 1290 5031 juxta
1324 4952 1664 5011 traditionem
1690 4947 1919 5015 Aposto—

320 5062 519 5133 licam,
552 5060 777 5117 alteram
828 5073 895 5114 ex
947 5055 1234 5113 devotione
1284 5059 1408 5105 ante
1456 5046 1514 5102 S.
1558 5039 1781 5099 Joannis
1812 5040 1924 5091 ~a‘ut

321 5160 503 5230 potius
528 5164 653 5230 post
689 5154 1041 5210 Pentecosten
1063 5190 1079 5216 ,
1114 5148 1324 5204 tertiam
1356 5156 1484 5198 vero
1516 5148 1641 5198 ante
1670 5138 1925 5195 Nativita-

324 5229 434 5303 tem
470 5229 711 5311 Domini;
756 5258 858 5300 nec
899 5239 1217 5297 absimiliter
1246 5234 1535 5292 secundam
1564 5229 1923 5301 Quadragesi-

324 5356 471 5397 mam
502 5354 625 5409 Apro
674 5335 1065 5413 i’mnitentibus
1099 5335 1367 5396 ,recenset
1391 5326 1711 5396 Microtogus
1742 5329 1926 5377 noster

326 5434 425 5491 lib.
470 5433 539 5488 de
586 5412 841 5487 Observa.
874 5428 1077 5483 Eecles.
1109 5438 1227 5494 cap.
1256 5422 1345 5476 55.
1393 5433 1516 5489 quae
1563 5412 1926 5488 etiamthodie

327 5525 646 5597 quibusdam
667 5520 946 5579 Monachis
970 5521 1023 5574 in
1053 5532 1151 5573 usu
1176 5524 1277 5571 est.
1307 5513 1425 5581 Quo
1451 5510 1684 5581 pertinet
1712 5514 1768 5563 et
1797 5504 1929 5560 illud

327 5618 389 5673 S.
440 5618 662 5674 Hieron.
708 5615 881 5686 Epist.
909 5611 977 5668 ad
1006 5610 1193 5667 Lucio.
1228 5607 1492 5669 Beticum,
1543 5601 1612 5657 ab
1659 5597 1931 5654 Amalario

327 5713 550 5769 citatum
584 5730 597 5768 :
643 5710 854 5768 Utinam
902 5708 1047 5762 omni
1079 5713 1322 5774 tempore
1351 5697 1592 5770 jejunarc
1633 5692 1929 5765 possimus,

331 5802 475 5872 quod
513 5804 569 5861 in
596 5801 818 5860 Actibus
847 5781 1226 5872 Apostolorum
1252 5791 1442 5851 diebus
1470 5789 1846 5863 Pentecostes,
1877 5788 1932 5843 et

2095 4623 2150 4661 η.
2200 4604 2324 4660 516.
2378 4612 2424 4658 et
2474 4601 2563 4657 tib.
2610 4598 2803 4652 advers.
2861 4591 3166 4660 Hermagora.
3216 4596 3264 4641 c.
3306 4588 3360 4642 5.
3411 4601 3464 4638 η.
3525 4585 3615 4641 15.

2099 4696 2134 4748 l.
2155 4692 2537 4748 advers.Praa:.
2558 4703 2604 4743 e.
2637 4689 2691 4743 5.
2721 4703 2774 4740 n.
2800 4683 2893 4739 29.
2924 4698 2970 4735 c.
3002 4680 3056 4735 5.
3081 4695 3133 4732 u.
3165 4676 3255 4733 56.
3285 4688 3331 4729 c.
3364 4674 3419 4731 4.
3452 4674 3615 4731 η.59.

2097 4804 2143 4842 c.
2192 4787 2245 4842 8.
2288 4801 2340 4839 η.
2386 4784 2476 4839 55.
2504 4781 2573 4838 59
2613 4789 2659 4834 et
2686 4778 2775 4833 60.
2808 4792 2853 4828 c.
2891 4774 2945 4828 9.
2991 4786 3045 4825 η.
3091 4766 3181 4823 62.
3235 4781 3314 4819 ac.
3343 4765 3430 4821 65.
3484 4765 3618 4821 Item

2100 4892 2223 4936 tom.
2264 4877 2330 4933 Υ.
2363 4874 2643 4931 Novatian.
2678 4871 2713 4923 l.
2746 4868 2808 4922 de
2832 4864 3018 4919 Trinit.
3049 4877 3095 4915 c.
3130 4861 3300 4916 “xu.
3325 4857 3415 4915 56.
3448 4875 3494 4914 e.
3520 4858 3615 4914 22.

2096 4962 2150 5029 ti.
2179 4972 2271 5029 98.
2300 4988 2345 5025 c.
2375 4968 2465 5025 24.
2496 4983 2551 5022 n.
2584 4963 2707 5020 106.
2742 4966 2788 5018 et
2813 4968 2859 5015 c.
2892 4959 2981 5014 51.
3014 4972 3067 5011 n.
3099 4954 3224 5012 111.

2100 5129 2179 5184 De
2210 5124 2471 5181 Trinitatis
2492 5122 2594 5193 ﬁde
2614 5161 2627 5185 ,
2657 5117 2710 5172 id
2734 5124 2838 5179 est,
2870 5115 3029 5167 trium
3072 5110 3454 5171 Personarum,
3510 5104 3621 5159 Pa-

2028 5223 2139 5285 tris,
2181 5229 2226 5274 et
2258 5217 2419 5281 Filii,
2448 5224 2494 5269 ct
2526 5212 2749 5283 Spiritus
2772 5206 2973 5271 Sancti,
3023 5200 3119 5258 sed
3151 5200 3306 5255 unius
3327 5197 3617 5263 essentia,

2028 5328 2137 5369 non
2181 5309 2454 5366 dubitasse
2501 5302 2889 5359 Tertullianum
2921 5336 2936 5362 ,
2986 5309 3054 5349 ex
3095 5288 3464 5358 compluribus
3503 5287 3621 5356 ejus

2030 5407 2164 5462 locis
2195 5399 2530 5458 manifestius
2557 5403 2641 5451 est
2682 5405 2840 5464 quam
2885 5396 2950 5441 ‘ut
2998 5374 3313 5453 probatione
3353 5378 3424 5433 sit
3460 5393 3620 5448 opus,
3672 5428 3673 5431 η

2032 5498 2264 5554 maxime
2322 5501 2434 5547 toto
2480 5488 2617 5543 libro
2646 5484 2762 5553 ejus
2809 5474 3157 5548 argumenti,
3224 5471 3330 5525 imo
3380 5480 3434 5524 ct
3487 5468 3625 5522 tituli

2028 5593 2177 5662 juxta
2207 5587 2494 5644 editionem
2526 5586 2763 5635 nostram
2794 5571 3056 5627 adversus
3099 5566 3342 5620 Praxean
3361 5603 3376 5627 ,
3405 5560 3505 5662 ubi.
3533 5560 3631 5616 ad-

2035 5650 2219 5739 versus
2247 5678 2389 5733 illam
2418 5673 2639 5745 ejusque
2668 5673 2964 5723 sectatores
2991 5657 3341 5714 Montanistas
3360 5693 3374 5719 ,
3417 5650 3508 5723 qui
3545 5666 3630 5706 se-

2036 5770 2254 5833 cundum
2277 5740 2579 5827 .Eschinent
2598 5757 2932 5823 dicebantur,
2962 5763 3068 5808 non
3095 5744 3256 5808 modo
3277 5740 3467 5817 probat
3486 5755 3631 5802 eum-
