4250 6266
525 225 630 281 907

1730 207 2101 266 PARADOXA
2141 205 2637 273 TERTULLIANI,

3722 212 3830 270 208
3859 218 3867 222 ⁴

531 343 647 396 dem
677 351 778 393 non
808 347 954 406 posse
984 331 1084 388 dici
1117 329 1325 384 Patrem
1372 335 1419 383 et
1466 325 1660 380 Filium
1689 365 1704 390 ,
1736 325 1830 380 sed
1862 324 2022 380 etiam
2051 322 2132 379 di-
2160 325 2214 385 A
2238 333 2426 381 auctor
2452 324 2546 379 lib.
2579 322 2702 379 adv.
2734 323 2890 380 Prax.
2921 337 2971 406 c_.
3023 326 3076 381 5.
3120 338 3174 380 η.
3220 319 3310 381 45.
3346 331 3399 381 et
3428 339 3541 397 seq.
3585 333 3638 382 et
3669 325 3829 384 totius

533 431 697 488 sertis
742 427 920 484 verbis
975 422 1168 480 asserit
1203 436 1218 474 :
1273 419 1525 490 Regulam
1566 418 1686 487 [idei
1731 432 1844 486 qua:
1882 416 1945 470 ab
1986 416 2132 470 initio

540 521 809 591 Evangelii
825 513 1121 592 [decucurrit
1143 511 1388 571 unitatem
1417 511 1470 564 in
1508 508 1804 564 Trinitatem
1825 507 2135 578 disponere:

540 603 1063 673 Palrem,Filium,'et
1084 601 1335 674 Spiritum
1353 600 1620 667 Sanctum.
1647 597 1756 655 Nec
1781 599 1934 653 aliter
1960 597 2136 653 Nova-

540 699 900 766 tianus,~libro
920 697 986 752 de
1016 694 1296 761 Trinitate,
1315 691 1564 764 Regulam
1585 691 1706 759 fidei
1728 690 2000 761 proponit,
2015 704 2064 744 c.
2084 690 2138 773 ις

543 797 599 852 3.
629 809 691 850 ac
714 784 804 847 29.
831 805 934 862 qua
955 787 1218 843 credamus
1249 786 1302 839 in
1331 783 1495 837 Deum
1523 781 1729 836 Patrem
1769 793 1814 836 et
1864 780 2141 834 Dominum

539 887 954 957 omnipotentem,
988 898 1157 936 rerum
1205 880 1428 934 omnium
1485 877 1906 948 perfectissimum
1949 884 2143 930 creato-

543 993 674 1045 rem,
703 985 748 1033 et
769 976 823 1030 in
853 973 1047 1029 Filium
1064 971 1162 1027 Dei
1186 971 1365 1026 Jesum
1392 969 1649 1025 Christum
1676 969 1948 1023 Dominmn
1979 967 2142 1021 Deum

538 1078 772 1125 nostrum
793 1108 810 1134 ,
839 1073 884 1121 et
903 1062 1057 1120 etiam
1091 1063 1146 1117 in
1187 1061 1441 1132 Spiritum
1480 1058 1754 1115 Sanctum.
1783 1058 1985 1114 Verum
2012 1058 2140 1112 dum

540 1162 649 1218 illis
690 1157 964 1216 Paradoxa
995 1158 1130 1210 circa
1183 1153 1478 1208 Trinitatem
1509 1153 1851 1217 ascribimus,
1901 1150 2006 1205 hoc
2050 1165 2141 1206 so-

542 1254 653 1309 lum
682 1251 950 1318 volumus,
979 1246 1206 1304 subinde
1246 1247 1414 1317 ipsos,
1453 1253 1636 1315 utpote
1668 1254 1794 1299 ante
1833 1258 2048 1299 omnem
2075 1242 2142 1298 de

545 1345 809 1402 Trinitate
833 1340 1108 1406 haeresim,
1141 1338 1372 1395 obscure
1401 1337 1545 1408 loqui
1579 1337 1632 1393 in
1663 1338 1762 1392 hac
1797 1337 2016 1391 materia
2044 1351 2058 1400 ;
2090 1343 2145 1391 et

544 1446 608 1493 ut
634 1453 702 1493 ne
738 1436 865 1507 quis
890 1433 1012 1488 inde
1041 1431 1284 1487 fortassis
1309 1430 1649 1486 occasionem
1697 1429 1778 1484 sui
1823 1427 2024 1484 erroris
2053 1435 2145 1481 aut

544 1530 819 1586 haereseos
844 1525 1088 1597 accipiat,
1117 1523 1388 1595 quomodo
1415 1537 1547 1577 sano
1576 1523 1846 1578 intellectu
1877 1523 2011 1576 tales
2039 1521 2143 1576 loci

545 1618 802 1690 explicari
829 1617 1056 1689 possint,
1099 1614 1404 1685 adjicimus,
1446 1614 1756 1668 omittentes
1779 1613 1886 1682 jam
1917 1612 2144 1683 primum

485 1711 494 1722 ’
547 1711 798 1769 Bhenani
843 1706 1139 1765 calumnias
1185 1707 1236 1761 in
1280 1705 1630 1762 scholasticos
1675 1704 1984 1774 theologos,
2014 1717 2147 1773 quas
2175 1683 2224 1742 Β

549 1803 714 1860 habet
762 1803 848 1857 illa
889 1815 984 1854 sua
1021 1799 1088 1853 ad
1129 1798 1384 1853 lectorem
1426 1795 1792 1850 admonitione
1826 1795 1894 1849 de
1932 1795 2149 1863 quibus-

549 1891 674 1949 dam
703 1890 1018 1948 Tertulliani
1046 1887 1312 1958 dogmatis
1346 1905 1359 1940 :
1392 1886 1625 1940 maxime
1659 1883 1801 1955 quod
1825 1885 2146 1938 calumniam

549 1986 713 2043 faciat
757 1985 859 2055 ipsi
885 1996 1098 2054 quoque
1126 1979 1459 2036 Tertulliauo
1488 2020 1502 2042 ,
1534 1989 1643 2032 tum
1677 1978 1728 2032 in
1767 1977 1900 2032 locis
1925 1977 2147 2046 quibus-

551 2081 680 2136 dam
709 2078 980 2148 corruptis
1004 2117 1018 2142 ,
1049 2084 1141 2130 aut
1177 2075 1319 2130 male
1349 2074 1636 2129 intellectis
1667 2113 1681 2138 ,
1713 2072 1781 2126 de
1806 2072 1998 2142 quibus
2027 2087 2148 2125 mox

547 2174 710 2230 latius
734 2214 749 2238 ,
789 2181 899 2227 tum
946 2172 996 2225 in
1026 2185 1091 2224 eo
1118 2167 1260 2238 quod
1298 2166 1430 2221 falso
1460 2166 1532 2220 illi
1585 2165 1831 2219 haeresim
1883 2164 2152 2218 adscribat

551 2265 854 2340 palantium
880 2264 932 2318 in
960 2259 1296 2318 Eucharistia
1323 2273 1519 2329 corpus
1542 2257 1740 2312 Christi
1797 2266 2002 2312 tantum
2030 2271 2151 2312 esse

552 2361 610 2415 in
633 2359 821 2428 figura,
849 2370 879 2410 a
902 2369 1006 2424 qua
1037 2353 1185 2407 illum
1216 2349 1604 2405 vindicavimus
1633 2349 1829 2403 Annot.
1868 2348 2065 2402 nostris
2096 2347 2148 2401 in

555 2449 658 2506 lib.
682 2447 776 2503 ιν.
802 2445 922 2501 adv.
957 2443 1122 2500 Marc.
1153 2456 1274 2512 cap.
1303 2441 1391 2496 40.
1425 2457 1478 2496 n.
1520 2439 1644 2496 662.
1679 2449 1791 2494 tum
1822 2441 1963 2511 quod
2013 2440 2151 2495 inter

559 2541 811 2613 dogmata
838 2538 953 2593 sive
991 2533 1268 2591 Paradoxa
1298 2542 1496 2604 ponat,
1526 2548 1644 2603 qua:
1675 2533 1764 2587 ille
1789 2531 2150 2602 pulcherrime

553 2648 661 2690 non
683 2632 856 2688 solum
878 2629 947 2686 de
969 2627 1278 2700 poenitentia
1302 2625 1532 2696 publica,
1557 2625 1650 2680 sed
1672 2625 1832 2680 etiam
1856 2624 1923 2679 de
1941 2623 2151 2685 confes-

561 2729 718 2783 sione
747 2732 976 2788 secreta,
1003 2719 1087 2776 vel
1111 2717 1471 2790 ipsogfatente,
1497 2718 1603 2772 late
1625 2716 1836 2772 deducit
1855 2717 1905 2771 in
1930 2717 2063 2771 libro
2087 2715 2153 2770 de

556 2815 883 2876 Ptenitentia
904 2856 921 2883 ,
952 2813 1022 2870 de
1049 2827 1156 2885 quo
1198 2810 1359 2866 etiam
1399 2809 1642 2865 dubitare
1689 2825 1794 2863 non
1826 2819 1909 2864 est
1953 2809 2154 2864 veritus

554 2927 626 2967 an
655 2907 966 2965 Tertulliani
1009 2913 1195 2967 esset,
1239 2917 1402 2973 quum
1451 2911 1632 2958 tamen
1683 2900 1740 2956 S.
1783 2900 2041 2956 Paeianus
2087 2915 2153 2954 ex

554 3005 650 3060 illo
699 3001 863 3058 multa
906 2997 1273 3068 descripserit.
1324 2995 1440 3063 Quo
1471 2995 1639 3065 magis
1685 2994 1868 3058 miror,
1913 3010 2018 3048 non
2063 3009 2151 3050 so~
2182 3031 2226 3093 Ο

553 3096 667 3150 lum
709 3100 970 3148 retentam
1019 3087 1185 3144 fuisse
1228 3087 1279 3142 in
1328 3097 1597 3157 postrema
1658 3086 1782 3140 anni
1835 3085 1994 3141 l580.
2036 3085 2151 3141 edi—

555 3185 703 3255 tione
748 3179 1028 3256 parisiensi
1083 3178 1280 3234 dictam
1337 3177 1480 3232 illam
1539 3176 1956 3232 admonitionem
2020 3177 2155 3232 inte-

554 3290 706 3347 gram
725 3315 743 3342 ,
782 3271 878 3329 sed
921 3279 1182 3342 praeterea
1211 3268 1491 3323 universos
1518 3281 1734 3323 errores
1765 3266 2008 3321 Rhenani
2041 3266 2152 3322 ha:-

559 3359 727 3424 resim
755 3357 1071 3434 plerumque
1095 3359 1388 3429 sapientes,
1411 3359 1528 3413 sine
1552 3358 1735 3434 addito
1759 3357 2032 3413 antidoto:
2063 3353 2158 3413 usi

558 3472 667 3528 que
716 3421 851 3509 adeo
893 3461 953 3508 ut
984 3421 1284 3507 catholicus
1329 3450 1498 3536 lector
1537 3421 1676 3503 mihi
1710 3449 2007 3504 monendus
2052 3451 2151 3514 sit,

558 3560 668 3602 non
699 3545 875 3600 minus
902 3542 1023 3597 illas
1045 3541 1122 3595 illi
1162 3539 1430 3594 cavendas
1458 3539 1853 3606 annotatinnes,
1896 3541 1997 3595 etsi
2029 3540 2152 3594 sub-

561 3635 690 3692 inde
719 3635 921 3690 omisso
965 3629 1212 3686 Bhenani
1252 3630 1504 3695 nomine,
1544 3644 1704 3699 quam
1752 3645 1844 3684 eas
1889 3645 2010 3700 qua:
2058 3645 2153 3700 per

561 3725 716 3780 Pium
755 3722 844 3780 IV.
876 3734 924 3777 et
950 3720 1016 3776 γ.
1063 3735 1314 3775 romanos
1355 3718 1636 3790 pontifices
1680 3719 1979 3776 interdicta:
2029 3732 2154 3776 sunt

562 3819 618 3872 in
652 3813 978 3872 editionibus
1025 3811 1326 3882 prioribus,
1375 3811 1546 3880 donec
1595 3821 1894 3881 repurgata:
1933 3810 2150 3867 fuerint.

562 3906 762 3963 Verum
787 3905 853 3959 ad
890 3919 1002 3959 rem
1055 3901 1352 3957 veniamus.
1397 3901 1632 3956 Primum
1682 3901 1769 3956 ubi
1813 3902 1889 3958 sic
1919 3904 2153 3974 loquitur

560 4001 926 4058 'l‘ertullianus
956 4000 1008 4052 in
1053 3996 1278 4065 Apolog.
1327 4005 1383 4049 et
1429 3994 1556 4048 adv.
1585 3993 1825 4050 Praxean
1852 3996 1933 4052 :,.T
1936 4014 2012 4050 res
2039 4008 2154 4052 sunt

561 4110 666 4149 non
693 4101 823 4148 statu
851 4132 866 4157 ,
891 4087 978 4144 sed
999 4087 1163 4159 gradu
1191 4127 1204 4150 ,
1234 4098 1324 4140 nec
1354 4086 1638 4140 substantia
1665 4127 1678 4152 ,
1720 4087 1809 4140 sed
1839 4088 2004 4157 [arma
2024 4105 2043 4152 ;
2065 4105 2154 4143 nec

562 4190 828 4255 potestate,
857 4178 946 4234 sed
972 4177 1136 4248 specie
1163 4191 1182 4240 ,°
1213 4177 1364 4229 unius
1387 4186 1552 4240 autem
1574 4176 1869 4232 substantia:
1896 4219 1910 4243 ,
1935 4190 1978 4232 et
2007 4181 2154 4235 unius

561 4282 742 4336 status,
791 4281 836 4326 et
866 4271 1015 4323 unius
1055 4266 1350 4338 potestatis;
1390 4269 1508 4336 quia
1537 4284 1668 4321 unus
1701 4267 1835 4323 Deus
1854 4310 1867 4333 ,
1901 4286 1964 4324 ea:
1988 4286 2084 4339 quo
2109 4281 2152 4325 et

2236 433 2356 488 cap.
2389 419 2439 472 6.
2471 433 2533 473 ac
2560 419 2613 472 7.
2647 418 2906 487 Deinceps
2929 403 3011 472 liis
3038 412 3216 472 verbis
3243 417 3366 474 eod.
3397 418 3490 474 lib.
3517 410 3640 474 adv.
3670 419 3830 475 Prax.

2241 509 2379 565 Filio
2405 509 2699 579 et,Spiritu
2730 509 2926 565 Sancto
2952 509 3231 563 secundum
3267 518 3314 564 et
3341 509 3543 564 tertium
3578 512 3729 565 sortis
3759 511 3834 565 lo-

2242 619 2377 669 cum,
2411 613 2513 656 tam
2540 601 2855 656 consortibus
2884 601 3182 656 substantia:
3216 599 3390 655 Patris
3423 618 3441 656 :
3469 602 3519 657 id
3549 603 3663 657 vult
3692 602 3835 674 quod

2243 701 2429 756 dicunt
2457 697 2783 763 scholastici,
2825 697 3033 752 duabus
3070 697 3498 753 emanationibus
3547 697 3833 767 productos

2243 792 2439 848 Filium
2464 800 2517 845 ct
2547 790 2802 860 Spiritum
2824 789 3078 844 Sanctum
3102 805 3133 843 a
3163 789 3320 844 Patre
3347 787 3719 860 improdueto;
3746 797 3838 844 aut

2246 881 2442 937 Filium
2471 897 2576 936 esse
2618 881 2890 935 secundant
2921 897 3224 950 personam,
3267 889 3314 934 et
3355 880 3555 934 tertiam
3586 879 3836 950 Spiritum

2248 973 2496 1030 Sanctum
2521 1013 2535 1038 ,
2562 963 2716 1026 sicuti
2760 967 2947 1041 postea
2996 984 3102 1025 non
3151 969 3322 1025 semel
3355 969 3608 1040 loquitur.
3641 969 3837 1028 Verum

2247 1078 2526 1135 perperam
2551 1062 2626 1116 illi
2657 1061 2900 1133 impingit
2942 1060 3139 1116 ibidem
3183 1060 3474 1116 Rhenanus
3503 1103 3519 1128 ,
3569 1060 3722 1133 quasi
3761 1060 3844 1116 Fi-

2247 1147 2377 1211 lium
2405 1165 2460 1210 et
2484 1155 2738 1225 Spiritum
2768 1153 3023 1209 Sanctum
3054 1153 3290 1224 appellet
3325 1153 3552 1208 membra
3572 1195 3587 1220 ,
3630 1154 3835 1224 priora,

2246 1257 2294 1302 et
2335 1248 2693 1315 instrumenta,
2748 1262 2910 1316 quum
2942 1261 3004 1300 ea
3053 1245 3214 1300 verba
3241 1245 3540 1300 referantur
3570 1245 3746 1316 potius
3771 1246 3841 1301 ad

2247 1340 2478 1411 angelos,
2507 1339 2702 1393 alienos
2726 1355 2758 1392 a
2784 1338 3067 1392 substantia
3093 1336 3290 1401 Patris,
3311 1338 3398 1408 qui
3420 1346 3595 1393 tamen
3626 1353 3839 1393 monar-

2247 1431 2420 1487 chiam
2455 1431 2550 1487 Dei
2599 1445 2703 1485 non
2755 1439 3024 1486 evertunt.
3080 1427 3338 1484 Similiter
3389 1443 3551 1500 quum
3583 1427 3839 1499 Spiritum

2249 1521 2505 1579 Sanctum
2537 1523 2752 1578 tertium
2779 1521 3003 1592 gradum
3036 1520 3188 1585 dicit,
3218 1520 3435 1592 gradum
3465 1519 3708 1589 intelligit
3729 1519 3843 1575 ori-

2251 1615 2454 1686 ginem.
2492 1613 2643 1682 Quod
2666 1628 2879 1668 rursum
2912 1613 3004 1667 lib.
3027 1611 3148 1666 adv.
3180 1611 3336 1666 Prax.
3364 1619 3597 1682 προϐολήν
3624 1626 3731 1666 non
3757 1625 3844 1687 so-

2253 1706 2362 1761 lum
2393 1707 2612 1778 Spiritui
2653 1705 2869 1768 Sancto.
2912 1704 3015 1762 sed
3043 1704 3200 1759 etiam
3215 1703 3366 1774 filio
3400 1720 3462 1758 es
3498 1705 3656 1760 Patre
3694 1705 3843 1762 attri-

2254 1799 2369 1854 buit
2392 1839 2405 1864 ,
2431 1798 2630 1852 malunt
2659 1797 2731 1852 ita
2759 1796 3092 1867 distinguere
3121 1795 3220 1851 SS.
3263 1795 3492 1851 llilarius
3516 1811 3579 1851 ac
3617 1797 3841 1868 August.

2255 1889 2405 1944 libris
2427 1889 2494 1944 de
2525 1889 2715 1942 Trinit.
2751 1896 2805 1943 et
2827 1888 2915 1942 alii
2945 1888 3133 1942 Patres
3157 1888 3502 1958 posteriores,
3536 1897 3595 1943 ut
3618 1903 3842 1959 genera-

2257 1981 2458 2037 tionem
2487 1981 2646 2047 Filio,
2674 1982 3073 2051 processionem
3100 1981 3399 2036 attribuant
3429 1980 3652 2051 Spiritui
3685 1983 3848 2039 Sanc-

2255 2081 2332 2128 to.
2360 2073 2514 2140 Quod
2559 2072 2754 2127 ibidem
2803 2087 2921 2128 eam
2971 2074 3354 2143 interpretatur
3391 2072 3730 2143 prolationem
3774 2074 3845 2128 rei

2255 2167 2464 2221 alterius
2480 2183 2541 2220 ex
2553 2165 2738 2230 altera,
2759 2165 3004 2236 intelligit
3027 2180 3284 2235 personas
3300 2165 3516 2220 realiter
3531 2180 3638 2220 non
3659 2180 3845 2222 essen-

2257 2259 2457 2312 tialiter
2483 2256 2810 2326 disjunctas,
2837 2257 3077 2327 sequitur
3116 2258 3259 2312 enim
3287 2275 3300 2310 :
3333 2257 3452 2328 quia
3485 2257 3737 2326 prolatum
3767 2257 3846 2311 di-

2257 2351 2415 2404 cimus
2442 2348 2637 2401 Filium
2681 2364 2712 2400 a
2745 2346 2918 2415 Patre,
2949 2347 3037 2402 sed
3081 2364 3182 2402 non
3212 2357 3523 2418 separatum.
3551 2346 3845 2403 Commode

2256 2442 2415 2496 etiam
2449 2449 2567 2494 sunt
2599 2439 3016 2510 interpretanda:
3047 2440 3442 2511 propositiones
3471 2439 3574 2493 illa:
3618 2457 3632 2494 :
3665 2437 3845 2493 Omnis

2258 2535 2398 2605 origo
2438 2550 2620 2604 parens
2661 2542 2749 2598 est,
2798 2543 2844 2586 et
2872 2550 3020 2588 omne
3057 2534 3193 2604 quod
3229 2551 3292 2588 ea:
3333 2536 3526 2606 origine
3567 2535 3844 2606 profertur,

2256 2626 2520 2697 progenies
2547 2635 2642 2689 est;
2670 2625 2796 2679 item
2821 2640 2840 2677 :
2867 2623 3092 2679 Trinitas
3120 2642 3207 2694 per
3237 2641 3489 2681 connexos
3515 2637 3563 2680 et
3593 2635 3847 2682 consertes

2257 2718 2446 2788 gradus
2475 2736 2506 2771 a
2534 2715 2690 2770 Patre
2715 2711 3005 2771 decurrens.
3034 2716 3150 2772 Jam
3175 2734 3302 2773 vero
3323 2719 3392 2773 ibi
3426 2736 3439 2773 :
3466 2717 3622 2774 Pater
3647 2731 3720 2774 est
3745 2729 3847 2774 tota

2257 2810 2558 2872 substantia,
2596 2807 2644 2861 F
2646 2809 2762 2862 ilius
2787 2825 2900 2862 vero
2931 2809 3174 2864 derivatio
3200 2811 3349 2864 totius
3378 2821 3424 2864 et
3455 2813 3655 2880 portio:
3679 2821 3846 2868 totum

2257 2902 2448 2970 accipit
2474 2916 2570 2970 pro
2616 2899 2772 2970 pleno
2812 2916 2904 2956 seu
2953 2901 3284 2971 plenitudine
3311 2945 3326 2970 ,
3377 2919 3480 2958 non
3511 2905 3666 2958 aliter
3689 2913 3847 2975 atque

2259 2990 2562 3046 scholastici
2593 2990 2862 3058 doctores,
2893 2993 3017 3046 dum
3036 2992 3256 3049 dicunt:
3287 2993 3443 3050 Pater
3464 2994 3846 3065 plenitudinem

2261 3083 2473 3138 deitatis
2501 3084 2756 3152 possidet,
2805 3084 2857 3136 in
2887 3084 3060 3154 primo
3099 3085 3251 3155 signo
3277 3086 3495 3156 originis
3517 3127 3532 3151 ,
3579 3089 3697 3157 quia
3727 3103 3756 3142 a
3784 3103 3845 3144 se

2259 3187 2376 3227 eam
2412 3172 2572 3228 habet
2605 3191 2617 3227 :
2652 3173 2819 3228 Filius
2851 3175 2901 3228 in
2941 3174 3182 3230 secundo
3229 3175 3382 3247 signo
3410 3178 3631 3248 originis
3655 3221 3669 3245 ,
3720 3180 3844 3249 quia

2258 3265 2327 3319 ab
2369 3280 2476 3318 uno
2519 3281 2614 3335 per
2653 3266 3055 3336 generationem
3099 3269 3547 3342 communicatam
3588 3286 3614 3322 a
3647 3269 3846 3338 Patre;

2258 3354 2488 3425 Spiritus
2528 3355 2755 3411 Sanetus
2787 3357 2837 3410 in
2871 3357 3027 3411 tertio
3065 3359 3237 3428 signa,
3269 3360 3391 3429 quia
3439 3376 3468 3413 a
3516 3360 3727 3417 duobus
3756 3377 3850 3433 per

2259 3449 2612 3518 spirationcm
2643 3448 2887 3504 eamdem
2941 3465 3163 3506 numero
3189 3453 3478 3508 essentiam
3506 3455 3720 3526 accipit.
3752 3457 3850 3512 At-

2259 3556 2364 3611 que
2391 3541 2493 3596 hoc
2528 3542 2774 3612 estquod
2807 3544 2927 3598 aliis
2964 3543 3142 3598 verbis
3177 3557 3361 3616 postea
3403 3557 3592 3602 auctor
3617 3547 3844 3604 extulit:

2259 3631 2345 3687 Ea:
2371 3651 2471 3688 uno
2504 3633 2658 3687 Patre
2678 3637 2870 3702 omnia,
2896 3652 3009 3705 qum
3036 3637 3088 3690 in
3120 3635 3225 3690 Deo
3257 3655 3343 3706 per
3361 3640 3657 3695 substantia!
3676 3643 3848 3695 unita-

2259 3731 2376 3789 tem,
2399 3734 2445 3777 et
2467 3726 2518 3777 in
2548 3726 2739 3778 unitate
2760 3725 2981 3780 Trinitas
3012 3729 3162 3781 unius
3191 3727 3500 3783 substantiae.
3522 3731 3650 3786 llem
3685 3753 3696 3787 :
3728 3732 3847 3786 uni-

2258 3826 2335 3872 tas
2355 3819 2406 3871 in
2427 3821 2693 3889 semetipsa
2729 3820 2962 3874 derivans
2998 3819 3319 3884 Trinitatem,
3357 3838 3456 3876 non
3488 3823 3762 3877 destruitur
3783 3823 3848 3877 ab
3917 3832 3928 3843 ‘

2257 3910 2367 3976 illa,
2396 3911 2484 3964 sed
2513 3913 2872 3966 administrans
2896 3931 2910 3978 ;
2951 3921 3006 3967 ut
3025 3923 3128 3968 tota
3149 3916 3429 3969 substantia
3447 3915 3516 3970 sit
3541 3916 3680 3972 idem
3705 3917 3849 3988 quod

2258 4015 2362 4054 una
2393 4001 2687 4057 substantia
2735 4003 2966 4057 indivisa‘
3009 4005 3060 4057 in
3114 4005 3300 4059 tribus.
3359 4005 3594 4075 Denique
3641 4008 3850 4063 videtur

2261 4091 2432 4148 Filius
2452 4093 2518 4148 ab
2545 4095 2775 4148 Auctore
2799 4095 3055 4164 appellari
3085 4097 3251 4164 portio
3275 4138 3290 4162 ,
3341 4097 3462 4166 quia
3507 4112 3607 4152 nec
3646 4097 3800 4154 Pater

2259 4199 2356 4239 nec
2386 4185 2612 4254 Spiritus
2640 4185 2866 4240 Sanctus
2890 4195 2990 4252 est,
3015 4187 3248 4250 tametsi,
3274 4203 3410 4241 unus
3442 4187 3579 4242 Deus
3605 4189 3711 4242 sint
3739 4198 3848 4244 tres

2259 4291 2502 4346 persona:
2528 4318 2540 4341 ,
2571 4287 2626 4332 et
2657 4292 2761 4331 non
2810 4277 2978 4333 Filius
3001 4319 3015 4344 ,
3053 4278 3142 4347 qui
3175 4278 3332 4334 Pater
3354 4322 3368 4345 ,
3425 4294 3524 4335 nec
3560 4281 3714 4335 Pater
3751 4281 3842 4350 qui

563 4363 752 4434 gradus
774 4361 865 4423 ,isti
906 4369 950 4414 et
994 4364 1171 4428 forma:
1194 4365 1241 4410 et
1282 4358 1514 4426 species;
1553 4367 1709 4413 vacat
1743 4369 1968 4426 statum,
2011 4362 2151 4432 quod
2179 4383 2232 4441 D
2259 4365 2486 4437 Spiritus
2517 4367 2762 4424 Sanctus.
2811 4369 2983 4434 Quum
3034 4383 3161 4423 vero
3203 4368 3330 4424 dicit
3373 4370 3603 4426 ibidem:
3638 4369 3843 4425 Patrem

559 4451 886 4515 scholaStici,
915 4458 968 4504 et
995 4449 1107 4518 ipse
1132 4459 1341 4515 quoque
1362 4445 1718 4512 substantiam;
1748 4451 1982 4518 gradum,
2011 4453 2150 4520 quod

558 4544 635 4600 illi
658 4543 935 4606 notionem;
976 4543 1215 4611 formam,
1238 4537 1378 4607 quod
1412 4539 1484 4591 illi
1516 4541 1871 4610 proprietates;
1914 4545 2150 4612 speciem,

560 4633 704 4705 quod
741 4633 817 4687 illi
839 4630 1060 4685 habendi
1089 4629 1317 4682 modum.
1351 4627 1551 4683 Deinde
1579 4628 1708 4683 illud
1740 4630 1833 4687 lib.
1865 4633 1987 4690 adv.
2012 4635 2149 4690 Her-

561 4741 720 4795 rnog:
752 4723 876 4778 Fuit
905 4732 1121 4792 tempus,
1143 4737 1297 4792 quum
1321 4719 1559 4774 delictum
1577 4731 1622 4774 et
1653 4723 1790 4789 [ilius
1821 4741 1921 4780 non
1939 4727 2057 4797 fuit,
2085 4744 2149 4784 ex

560 4815 680 4870 zelo
703 4813 996 4868 secundum
1023 4811 1300 4865 scientiam
1339 4810 1540 4866 dictum
1571 4823 1655 4866 est
1678 4814 2068 4884 vehementius,
2097 4829 2153 4874 ut

559 4901 872 4960 ostenderet
896 4901 1173 4955 materiam
1205 4916 1312 4956 non
1363 4915 1485 4956 esse
1513 4911 1767 4959 aeternam
1795 4923 1809 4972 ;
1843 4909 2026 4964 volens
2056 4925 2150 4980 per

559 4997 665 5052 hoc
708 4994 1008 5065 significare
1050 4990 1352 5058 duntaxat,
1409 4993 1552 5063 quod
1602 4994 1764 5052 habet
1807 4998 1865 5053 S.
1919 5000 2148 5060 Hilarius

558 5091 656 5146 lib.
695 5086 794 5143 XII
833 5085 902 5141 de
928 5084 1148 5150 Trinit.,
1177 5083 1352 5139 solum
1384 5085 1594 5141 Patrem
1622 5098 1879 5146 aeternum
1910 5133 1924 5159 ,
1955 5095 2149 5152 Filium

553 5191 732 5237 autem
759 5178 833 5235 illi
864 5186 1193 5235 ceteternum
1221 5191 1342 5233 esse
1367 5217 1384 5242 ,
1430 5188 1488 5232 ut
1508 5181 1748 5237 omittam
1781 5187 1923 5254 quod
1950 5187 2144 5246 ibidem

550 5273 620 5327 ad
646 5270 839 5327 similia
880 5269 1039 5325 verba
1069 5309 1086 5337 ,
1126 5283 1250 5339 qua:
1293 5268 1393 5323 sibi
1436 5284 1501 5323 ex
1547 5285 1774 5340 persona
1817 5279 1997 5334 Ariani
2028 5297 2145 5351 pro-

549 5362 704 5436 ponit
729 5360 1089 5432 respondeat:
1120 5359 1237 5416 lloc
1280 5358 1572 5414 humanum
1601 5376 1820 5421 sensum
1848 5377 1903 5422 et
1944 5371 2142 5428 intelli-

545 5457 784 5527 gentiam
810 5453 1072 5511 excedere
1106 5452 1324 5518 mundi,
1359 5467 1467 5507 non
1509 5453 1608 5510 hoc
1660 5472 1852 5528 capere
1877 5464 2140 5524 rationem

547 5548 800 5605 humana:
843 5545 1229 5617 intelligentiae,
1272 5545 1366 5601 sed
1415 5546 1711 5617 prudentia:
1741 5551 1910 5611 ﬁdelis
1939 5559 2144 5628 profes-

545 5643 630 5703 sio
669 5658 756 5702 em
802 5656 941 5699 esse.
995 5641 1243 5711 Seipsum
1283 5648 1460 5698 autem
1501 5642 1730 5713 explicat
1763 5648 1951 5708 eodem
1979 5667 2138 5712 sensu

2261 4459 2503 4528 majorem
2545 4473 2664 4512 esse
2692 4458 2826 4512 Filio
2851 4498 2866 4523 ,
2902 4458 3122 4528 intelligi
3155 4458 3350 4525 debet,
3384 4475 3488 4514 non
3515 4463 3688 4531 quoad
3725 4459 3847 4516 dei-

2261 4559 2419 4604 tatem
2448 4567 2566 4620 qua:
2592 4551 2660 4605 sit
2685 4552 2861 4606 minor
2893 4551 2944 4606 in
2971 4566 3066 4615 eo,
3098 4542 3190 4606 sed
3220 4561 3481 4622 quatenus
3511 4553 3688 4624 (sicuti
3720 4553 3852 4609 iudi-

2258 4651 2381 4695 cant
2408 4642 2567 4696 verba
2598 4643 2902 4714 sequentia)
2933 4658 2964 4696 a
2998 4643 3152 4697 Patre
3197 4655 3452 4712 generato
3496 4646 3726 4715 genitus.
3755 4649 3850 4700 At-

2257 4735 2344 4804 qui
2375 4751 2674 4804 quanquam
2715 4736 2801 4790 hic
2826 4737 2955 4790 satis
2978 4737 3205 4791 obscure
3231 4735 3442 4792 dicatur
3468 4756 3479 4790 :
3511 4737 3537 4791 Ι
3545 4755 3692 4809 psum
3711 4740 3849 4810 quod

2259 4823 2417 4878 Pater
2445 4835 2491 4878 et
2524 4823 2691 4880 Filius
2733 4826 2976 4879 dicuntur
2999 4869 3012 4892 ,
3067 4843 3236 4880 nonne
3281 4828 3426 4881 aliud
3463 4845 3554 4899 pro
3596 4831 3698 4884 alio
3725 4832 3851 4884 est?

2255 4917 2472 4986 pulchre
2503 4916 2736 4984 seipsum
2773 4919 3000 4988 explicat
3041 4927 3219 4988 postea
3245 4958 3260 4982 ,
3313 4919 3384 4973 ita
3423 4930 3480 4974 ut
3518 4936 3637 4976 cum
3685 4921 3848 4978 scho-

2254 5006 2453 5062 IaSIicis
2500 5007 2553 5061 in
2593 5023 2658 5064 eo
2687 5011 3026 5077 consentiat,
3064 5012 3203 5080 quod
3241 5013 3374 5069 alius
3418 5013 3617 5067 dicatur
3649 5013 3806 5068 Pater
3831 5055 3847 5081 ,

2253 5098 2386 5152 alius
2417 5097 2464 5150 F
2465 5099 2586 5152 ilius
2611 5141 2622 5162 ,
2653 5101 2787 5154 alius
2816 5102 3043 5172 Spiritus
3067 5104 3287 5186 Sanctus
3305 5149 3321 5175 ,
3349 5107 3436 5161 sed
3461 5123 3560 5161 non
3588 5105 3751 5171 aliud,
3780 5119 3850 5160 eo
3943 5135 3954 5142 -

2251 5191 2392 5261 quod
2424 5207 2528 5246 non
2556 5194 2660 5246 sint
2689 5193 2826 5248 idem
2853 5194 3028 5262 Pater,
3059 5196 3227 5253 Filius
3256 5209 3309 5254 et
3337 5197 3567 5269 Spiritus
3593 5197 3846 5264 Sanctus,

2251 5289 2305 5336 et
2328 5289 2504 5336 tamen
2547 5281 2784 5352 ejusdem
2825 5283 3158 5342 substantiae.
3184 5287 3239 5344 Si
3269 5304 3388 5360 qua:
3425 5297 3683 5359 prtetcrea
3722 5300 3851 5345 sunt

2249 5373 2351 5428 alia
2382 5373 2524 5430 dicto
2550 5375 2642 5429 lib.
2671 5375 2795 5430 adv.
2825 5375 3072 5432 Praxean
3095 5420 3110 5446 ,
3151 5393 3270 5448 qure
3314 5380 3500 5436 durius
3529 5388 3623 5436 aut
3649 5379 3846 5436 obseu-

2249 5465 2362 5522 rius
2384 5465 2524 5522 dicta
2550 5467 2659 5523 sint
2682 5508 2698 5535 ,
2729 5469 3032 5524 meminerit
3054 5470 3222 5527 lector
3271 5481 3438 5528 totum
3483 5473 3625 5528 hunc
3651 5473 3847 5529 librum

2248 5569 2404 5616 caute
2433 5561 2536 5632 legi
2558 5568 2609 5616 et
2631 5561 2914 5617 commode
2944 5562 3170 5634 intelligi
3201 5563 3420 5621 debere.
3452 5565 3536 5620 Ad
3567 5563 3849 5619 Novatiani

2246 5655 2530 5712 redeamus
2557 5654 2740 5709 librum
2779 5655 2842 5708 de
2889 5652 3158 5711 Trinitate.
3193 5656 3455 5728 Imprimis
3489 5657 3632 5728 quod
3684 5655 3848 5713 habet
