4242 6264
377 415 490 475 209

980 423 1076 481 EX
1115 424 1157 481 Τ
1164 385 1581 485 ERTULDIAN!
1619 431 2097 494 A'POLOGETICO
2134 439 2658 504 PROVERBIALES
2697 446 3064 507 FORMUL/E.

3571 459 3704 518 210.

378 544 429 586 c.
464 531 551 635 11.
581 529 839 588 divinitate
861 540 1108 594 sermonis
1132 540 1185 594 in
1210 540 1324 611 ipsa
1351 544 1671 600 concretione
1694 525 1965 616 permixta,
1996 552 2048 612 Α
2074 553 2233 610 aliter
2257 572 2416 628 quam
2441 558 2552 628 jam
2583 532 2817 619 diximus
2840 606 2856 632 ,
2885 565 3029 637 quod
3056 566 3253 625 ibidem
3293 569 3540 629 minorem
3563 571 3675 631 Pco

382 621 485 678 etsi
511 623 635 692 quid
670 625 773 681 tale
802 626 1104 685 inveniatur
1122 631 1233 702 jam
1262 633 1406 690 dicto
1429 635 1523 691 lib.
1549 636 1672 692 adv.
1702 638 1967 710 Praxean,

378 714 595 787 intelligi
646 717 841 775 debere
887 720 954 776 de
1003 725 1359 794 permixtione
1403 730 1653 798 unionis,
1705 748 1810 789 non
1843 750 1972 792 vero

376 806 731 881 permixtione
756 819 1067 868 naturarum
1093 815 1288 873 divinae
1316 826 1372 874 et
1397 806 1680 890 humanae,
1714 824 1783 879 ibi
1810 839 1973 883 anno-

377 900 602 988 tavimus
622 917 677 956 n.
701 902 792 958 56.
826 904 879 960 id
905 894 1320 978 comprobantes
1347 927 1414 967 ex
1438 912 1558 969 aliis
1584 915 1829 984 pluribus
1854 919 1972 988 ejus

375 987 495 1046 libri
526 990 679 1048 locis.
741 994 838 1049 Est
863 995 998 1052 ﬁdes
1025 1008 1170 1055 recta
1203 1001 1369 1071 (juxta
1415 1003 1692 1061 Athanasii
1739 987 1970 1078 Symbo-

373 1080 507 1154 lum)
536 1093 592 1138 ut
617 1085 901 1144 credamus
922 1098 978 1145 et
996 1093 1354 1165 conﬁteatnur
1376 1096 1516 1165 quod
1544 1113 1681 1153 unus
1700 1101 1771 1155 sit
1790 1102 1970 1158 Chriso

375 1182 506 1241 tus,-
558 1192 665 1233 nou
707 1184 1063 1239 conversione
1113 1186 1408 1244 divinitatis
1457 1191 1509 1245 in
1549 1206 1767 1255 carnem
1798 1236 1813 1261 ,
1870 1196 1968 1253 sed

371 1270 737 1337 assumptione
773 1272 1121 1331 humanitatis
1149 1278 1201 1331 in
1235 1278 1421 1346 Deum,
1451 1297 1587 1337 unus
1612 1284 1832 1339 omnino
1859 1300 1967 1341 non

371 1359 688 1417 confusione
717 1363 1032 1421 substantia:
1051 1408 1067 1434 ,
1096 1370 1189 1423 sed
1222 1372 1420 1425 unitate
1449 1388 1716 1442 personzr.
1761 1377 1966 1435 Deinde

370 1447 501 1503 illud
554 1451 751 1507 ibidem
786 1472 800 1508 :
833 1455 963 1510 Ante
989 1475 1132 1528 quem
1161 1460 1292 1515 nihil
1314 1472 1497 1532 prater
1521 1463 1753 1535 Patrem,
1778 1469 1966 1525 eodem

369 1539 649 1598 intellectu
709 1545 1108 1616 accipiendum,
1154 1566 1260 1620 quo
1311 1552 1363 1607 id
1409 1554 1550 1624 quod
1590 1572 1750 1629 supra
1799 1560 1970 1616 addu-

370 1631 552 1687 ximus
579 1649 641 1687 ex
687 1633 888 1691 Tertul.
937 1638 1027 1693 lib.
1068 1639 1280 1696 advers.
1333 1642 1585 1716 llermog.
1623 1648 1775 1718 juxta
1819 1651 1962 1722 quod

2075 653 2157 737 tre
2177 645 2309 701 dicit
2332 657 2387 703 ut
2412 648 2632 707 Filium.
2661 652 2829 712 Caute
2850 656 3012 713 etiam
3039 657 3200 716 debet
3216 660 3320 731 legi
3346 661 3498 731 illud,
3525 666 3670 737 quod

2077 735 2319 814 videatur
2347 755 2453 797 non
2478 742 2639 799 aliam
2670 742 2915 803 unitatem
2945 747 3122 804 Patris
3150 760 3207 806 et
3250 749 3381 807 I’itii
3405 735 3675 827 interpre-

2076 830 2176 885 tari
2218 847 2378 902 quam
2423 836 2677 892 societatis
2702 841 3063 908 concordiam,
3108 841 3341 901 afferens
3384 860 3670 918 perperam

2072 921 2139 976 ad
2187 923 2288 977 hoc
2312 924 2514 991 locum,
2546 927 2588 983 l.
2620 928 2742 985 Cor.
2790 931 2881 987 Ill.
2935 948 3032 1003 pro
3073 948 3170 990 sua
3209 938 3514 1006 sententia;
3545 940 3671 1011 quia

2074 1013 2332 1070 catholica
2364 1016 2499 1074 tldes
2530 1030 2585 1076 et
2606 1019 2899 1097 Scriptura:
2931 1025 3094 1082 etiam
3137 1030 3419 1086 veritatem
3477 1045 3670 1090 essen-

2053 1105 2161 1161 tia:
2189 1119 2485 1176 agnoscunt
2525 1110 2578 1165 in
2630 1112 2787 1168 Patre
2833 1124 2888 1170 et
2934 1114 3094 1173 Filio.
3146 1117 3387 1190 Denique
3426 1121 3570 1192 quod
3598 1123 3668 1204 de

2072 1195 2273 1267 Spiritu
2297 1208 2485 1255 sancto
2506 1216 2614 1259 non
2639 1203 2887 1262 videatur
2910 1209 3220 1266 consentire
3247 1209 3527 1270 catholica:
3555 1195 3661 1270 Pa;

2076 1299 2215 1345 trum
2262 1292 2531 1350 traditioni
2578 1312 2644 1351 ex
2665 1296 2975 1369 Scripturis,
3008 1301 3202 1358 factum
3230 1314 3478 1373 putamus
3501 1345 3519 1373 ,
3550 1321 3658 1365 non

2071 1383 2215 1453 quod
2260 1394 2480 1456 negaret
2525 1387 2784 1457 Spiritum
2819 1390 3076 1449 Sanctum
3119 1394 3382 1467 aequalem
3421 1397 3567 1455 Patri
3608 1407 3668 1456 et

2075 1472 2245 1540 Filio;
2299 1475 2392 1530 sed
2452 1478 2690 1534 nondum
2745 1496 2804 1537 re
2853 1482 3072 1553 deﬁnita
3101 1526 3117 1552 ,
3165 1486 3445 1543 obscurius
3495 1488 3671 1547 solent

2073 1563 2215 1633 loqui
2240 1564 2428 1622 Patres
2451 1568 2664 1623 veteres
2689 1570 2760 1624 ob
2786 1573 3027 1628 materia:
3054 1588 3324 1632 summam
3362 1578 3665 1636 obscurita-

2074 1662 2180 1709 tem
2206 1697 2220 1719 ,
2254 1654 2327 1710 ita
2368 1665 2544 1713 tamen
2573 1668 2631 1713 ut
2667 1662 3009 1719 commodum
3055 1663 3287 1738 aliquem
3318 1681 3536 1725 sensum
3568 1684 3666 1740 pa-

365 1722 739 1778 annotavimus
759 1724 825 1781 ad
852 1728 1099 1784 eumdem
1130 1731 1222 1787 lib.
1254 1747 1375 1805 cap.
1398 1736 1489 1791 5!.
1518 1754 1669 1795 num.
1697 1743 1823 1798 141.
1852 1743 1965 1801 Nec
1996 1738 2044 1798 B
2075 1747 2293 1803 tiant'ur.

383 1862 3665 1967 WW—

866 2002 869 2005 ‘
1251 1978 2800 2170 PROVERBIALES
2998 2086 3009 2094 -
3124 1972 3129 1977 ’
3440 2052 3443 2055 λ

918 2224 1832 2344 FORMULE
1909 2233 2397 2353 TOTO
2471 2238 3077 2358 OPEBE

604 2392 762 2456 HOC
808 2396 1460 2462 TERTULLIANICO
1509 2366 1987 2481 CDNTEN'I‘JE,
2032 2406 2423 2471 BREVIBUS
2464 2409 2828 2476 SCHOLIIS
2870 2400 3424 2497 lLLUS'l‘RAT/E,

813 2529 823 2536 ·
996 2517 1433 2578 AUCTOllIBUS
1468 2521 1699 2578 ΒΕΑΤο
1741 2523 2069 2582 ΗΙΙΕΝΑΝΟ
2108 2526 2196 2581 ET
2233 2527 2396 2584 AND.
2437 2528 2621 2588 HOYU
2659 2533 3023 2593 BRUGENSI.

1568 2632 2000 2650 —_

366 2725 416 2779 t.
444 2724 589 2781 Abiit
608 2725 743 2797 jam,
770 2735 824 2782 et
851 2727 1045 2783 reverti
1075 2726 1251 2783 debet.
1285 2727 1430 2783 Tan.
1456 2729 1498 2785 Ι.
1526 2730 1612 2785 tio.
1644 2706 1707 2785 de
1735 2730 1949 2789 Testint.

776 2818 1005 2885 Animae,
1035 2834 1151 2889 cap.
1185 2818 1243 2874 4.
1270 2836 1411 2873 nunt.
1444 2820 1534 2875 29...

366 2936 409 2971 ο
435 2926 707 2984 Proverhii
749 2927 939 3000 lmjus,
979 2931 1121 2999 quod
1170 2930 1429 2987 Teutonis
1484 2931 1754 3003 Gallisque
1796 2935 1960 2991 etiam

363 3019 647 3084 usitatum,
677 3033 830 3074 usum
865 3020 978 3089 ipse
1007 3020 1209 3076 Tertul.
1239 3020 1508 3078 fusissime
1530 3024 1772 3094 explicat
1816 3043 1830 3079 :
1865 3034 1921 3079 ut
1940 3066 1957 3093 ,

362 3110 558 3167 abiisse
588 3112 974 3193 hominemksit
999 3153 1013 3177 ,
1044 3127 1077 3168 e
1103 3129 1331 3184 corpore
1354 3116 1651 3171 excessisse
1688 3116 1956 3185 animam,

363 3214 520 3275 atque
534 3208 605 3259 ita
622 3205 761 3262 inter
787 3207 934 3261 vivos
949 3221 1069 3263 esse
1095 3205 1340 3263 desiisse.
1359 3210 1446 3264 Sic
1464 3208 1636 3279 Graeci
1658 3211 1731 3264 uti
1751 3209 1834 3264 bis
1851 3225 1961 3264 ver-
1987 3209 2032 3271 C

367 3293 450 3347 bis
460 3294 651 3360 solent,
669 3304 910 3365 οἴχωθαι,
929 3307 1267 3366 κατοίχεσθαι,
1281 3300 1375 3352 ἀπὶ
1384 3307 1609 3369 ρχεσθαι,
1629 3305 1955 3368 ὑπογίνεσὲαι,

368 3383 476 3441 hoc
492 3395 574 3441 est
595 3388 727 3443 mori
753 3406 766 3442 :
794 3404 912 3460 qua:
938 3391 1119 3445 onmia
1148 3391 1350 3446 abitum
1374 3377 1763 3461 excessumque
1791 3391 1959 3462 signi—

366 3477 549 3533 ﬁcant.
573 3478 630 3534 In
652 3478 967 3536 dictiuncula
982 3484 1117 3554 jam,
1134 3497 1254 3552 qua:
1275 3482 1492 3552 longum
1515 3483 1744 3552 Spatium
1762 3483 1956 3552 innuit,

365 3581 476 3628 tota
517 3573 823 3630 Proverbii’
858 3575 940 3632 vis
1005 3575 1215 3631 videtur
1266 3576 1581 3632 consistere.
1652 3575 1824 3632 Tanta
1880 3577 1960 3633 vis

364 3664 464 3721 fuit
489 3665 728 3722 veritatis
768 3665 836 3722 de
872 3667 1269 3724 resurrectione
1310 3678 1365 3724 et
1402 3652 1807 3723 immortalitate
1844 3668 1961 3723 ani-

364 3772 466 3812 ma:
486 3798 502 3822 ,
533 3768 592 3812 ut
620 3773 682 3812 ea
708 3774 774 3813 ex
808 3758 1082 3813 hominum
1111 3759 1336 3825 animis,
1367 3758 1436 3815 ne
1472 3757 1523 3814 in
1556 3760 1717 3821 tantis,
1742 3758 1959 3829 quidem

365 3861 619 3904 vanarum
642 3848 953 3919 opinionum
982 3836 1216 3904 tenebris
1239 3891 1253 3916 ,
1284 3865 1314 3904 a
1356 3850 1648 3918 majoribus
1672 3850 1834 3905 veluti
1865 3850 1961 3920 per

367 3955 559 3995 manus
602 3941 831 4007 tradita,
862 3943 1093 4012 potuerit
1134 3941 1324 4009 evelli,
1367 3942 1461 3998 sed
1495 3944 1618 3997 trito
1659 3943 1960 4013 usitaloque

365 4031 651 4102 proverbio
678 4034 750 4087 sit
790 4034 1142 4103 frequentata,
1167 4033 1235 4089 de
1265 4034 1329 4089 iis
1348 4033 1757 4104 quijamdudum
1779 4041 1961 4090 essent
2032 4098 2039 4107 .

364 4124 634 4189 defuncti;
674 4126 824 4194 quasi
871 4135 1290 4195 praesumerent,
1320 4128 1422 4182 hoc
1450 4135 1534 4182 est
1571 4127 1956 4196 praeciperent,

365 4226 421 4272 ct
467 4217 823 4287 auticiparent
870 4217 1099 4281 animis,
1140 4231 1423 4286 corporum
1476 4217 1958 4299 resurrectionem,

366 4310 480 4365 sive
506 4309 808 4379 animorum
838 4311 928 4383 qui
964 4319 1341 4375 excesserant,
1373 4308 1441 4365 ad
1479 4324 1575 4364 sua
1604 4324 1830 4379 corpora
1875 4323 1962 4363 re-

365 4400 557 4465 dilum,
576 4404 887 4473 ἀναςτρορήν,
907 4405 1186 4471 ἀνάστασιν,
1225 4402 1327 4457 hoc
1360 4408 1463 4469 est,
1491 4401 1711 4468 Reverti,
1756 4407 1963 4456 ἐπανασ-

367 4505 572 4567 τρεῖνιιν,
595 4502 623 4555 ἣ
646 4498 888 4549 ἀναϐιῶν.
967 4536 979 4546 .

367 4630 423 4686 2.
470 4632 767 4711 Abruptum
810 4632 1199 4703 amplissimum
1230 4631 1412 4688 salire.
1452 4629 1601 4687 Tom.
1643 4630 1730 4686 Ill.
1776 4629 1865 4685 lib.
1890 4630 1960 4687 V.

722 4724 838 4779 adv.
870 4723 1037 4779 Marc.
1060 4740 1177 4795 cap.
1200 4724 1289 4781 M.
1312 4741 1452 4779 num.
1474 4723 1601 4781 251.

439 4854 648 4918 Salire,
681 4870 778 4927 pro
804 4856 1073 4912 transilire
1101 4854 1181 4910 vel
1210 4855 1349 4911 saltu
1380 4854 1762 4910 transmittere.
1795 4854 1865 4911 Ut
1893 4854 1964 4910 sit

369 4947 621 5012 omnino,
648 4956 741 5003 aut
767 4948 926 5005 verba
951 4948 1141 5003 saltem
1169 4946 1484 5003 iutermedia
1516 4946 1861 5016 prazmittere.
1881 4944 1964 5004 Ab

367 5037 435 5093 iis
463 5048 736 5109 sumptum
783 5039 873 5109 qui
903 5039 1106 5094 malunt
1124 5037 1501 5109 compendium
1532 5036 1711 5093 facere
1735 5037 1960 5103 itineris,

369 5132 542 5198 saltu,
589 5148 749 5203 quam
789 5133 1124 5203 dispendium
1173 5132 1539 5188 commodiore
1582 5130 1961 5187 ambulatione.

368 5222 481 5289 Sic,
494 5244 526 5289 ,ι
553 5223 841 5280 Maximum
871 5239 1121 5295 campum
1149 5223 1421 5279 levissimo
1444 5224 1581 5279 saltu
1607 5223 1959 5289 transvolas,»

369 5315 612 5387 Scaliger
629 5316 695 5371 ad
716 5315 1041 5371 Cardanum.
1064 5315 1312 5386 Eaplicat
1340 5331 1400 5372 se
1420 5329 1544 5370 mox
1559 5313 1922 5370 Tertullianus
1947 5332 1962 5369 :

368 5405 618 5461 Ademisti
654 5415 796 5459 tanta
824 5404 888 5460 de
911 5405 1194 5477 Scripturis
1218 5446 1233 5470 ,
1290 5406 1392 5460 hoc
1443 5413 1562 5469 est,
1616 5402 1961 5469 intercidisti,

368 5495 606 5566 rejecisti
648 5506 705 5552 et
754 5495 1055 5568 abrupiSti,
1106 5507 1166 5553 ut
1204 5496 1411 5553 lacuna:
1439 5495 1493 5550 in
1524 5494 1782 5550 librorum
1829 5507 1963 5549 cou-

306 5638 319 5646 .
371 5597 877 5660 textupermagnar
935 5596 1168 5645 exstent.
1221 5588 1341 5644 Lib.
1385 5587 1453 5645 V.
1503 5586 1625 5643 adv.
1691 5584 1963 5643 eumdem.

375 5677 607 5746 Quantas
660 5687 830 5750 [ovem
877 5678 929 5733 in
984 5678 1223 5750 Epistola
1271 5678 1478 5750 fecerit,
1528 5676 1807 5749 auferendo
1854 5690 1970 5747 qua:
2014 5677 2035 5703 ⁸

373 5762 550 5827 voluit.
578 5771 731 5844 Virg.
756 5772 913 5828 libro.
944 5769 1014 5828 IV
1057 5790 1071 5827 :

534 5884 625 5938 llis
647 5887 863 5938 medium
886 5887 1031 5940 dictis
1052 5899 1332 5941 sermonem
1355 5870 1609 5952 abrumpit.

2090 2640 2543 2658 ~—__

2134 2734 2188 2790 5.
2214 2733 2343 2792 Acie
2366 2732 2552 2806 ﬁgere.
2588 2736 2732 2794 Tom.
2762 2739 2802 2794 l.
2831 2740 2921 2795 lib.
2939 2740 3003 2797 de
3026 2739 3171 2798 Pali.
3194 2759 3313 2816 cap.
3334 2746 3389 2802 ι.
3420 2763 3474 2802 n.
3502 2746 3591 2804 84.

2128 2846 2235 2902 Est
2276 2857 2462 2916 acute,
2511 2848 2728 2907 intentis
2754 2862 2809 2908 et
2837 2856 2990 2923 quasi
3018 2854 3285 2913 delitisiu
3331 2873 3445 2915 rem
3490 2858 3659 2916 oculis

2065 2938 2282 3007 intueri,
2313 2942 2471 3003 ἀτενὲς
2497 2946 2629 3012 ὁρᾷν.
2661 2943 2850 3014 Virgil.

2193 3088 2206 3102 .
2243 3088 2257 3102 .
2298 3089 2311 3102 .
2349 3087 2361 3100 .
2400 3085 2414 3101 .
2452 3087 2466 3100 .
2500 3052 2683 3104 Oculos
2702 3055 2945 3107 horrenda
2966 3059 3018 3107 in
3041 3058 3249 3123 Virgine
3272 3060 3416 3112 ﬁxus.
3466 3070 3469 3071 '

2066 3155 2137 3212 Ut
2174 3157 2262 3227 qui
2290 3157 2528 3212 vestibus
2554 3173 2584 3211 a
2618 3168 2830 3215 naturae
2852 3162 3224 3220 moderatione
3250 3165 3465 3235 alienis,
3495 3167 3671 3224 homi-

2067 3262 2268 3317 nesque
2311 3258 2647 3305 transversos
2671 3249 2738 3306 de
2778 3262 2930 3307 recto
2958 3262 3102 3309 statu
3141 3256 3423 3337 agentibtgs
3457 3258 3666 3328 induti,

2067 3338 2239 3408 palam
2267 3339 2678 3409 conspiciendus
2704 3355 2764 3396 se
2782 3385 2799 3407 ,
2827 3353 2915 3398 aut
2942 3344 3121 3416 potius
3149 3345 3487 3424 deridendus.
3520 3367 3664 3421 prato

2065 3431 2227 3495 bent,
2257 3430 2494 3485 ontnium
2534 3432 2723 3488 oculos
2756 3434 2810 3488 in
2843 3449 2905 3491 se
2927 3446 3244 3496 convertere
3280 3439 3419 3496 velle
3443 3440 3664 3503 videan:

2067 3530 2171 3577 tur.
2205 3521 2276 3578 Ut
2314 3531 2490 3578 tamen
2519 3521 2825 3593 bujusmodi
2873 3526 3168 3597 inspectio,
3209 3529 3323 3587 sive
3371 3532 3663 3603 spectatio,

2065 3628 2222 3684 quam
2251 3622 2486 3685 captant,
2515 3629 2636 3670 cum
2661 3617 2857 3686 probro
2899 3621 3327 3695 contumeliaque
3351 3624 3662 3682 earumdem

2063 3706 2406 3778 gestantium,
2439 3707 2512 3762 sit
2534 3707 2842 3779 conjuncta,
2867 3721 2923 3768 ut
2954 3728 3056 3769 non
3080 3714 3244 3781 laudi,
3270 3715 3367 3771 sed
3394 3717 3523 3773 vitio
3543 3733 3665 3798 ver:

2066 3808 2161 3855 tat.
2190 3800 2325 3855 Huic
2353 3800 2726 3872 subjungitur:
2758 3802 2928 3876 Digito
2951 3805 3234 3875 destinare,
3270 3806 3419 3863 Nutu
3437 3798 3652 3865 tradere.

2066 3892 2142 3948 De
2162 3892 2357 3963 quibus
2380 3892 2540 3949 infra.
2911 3884 2921 3894 ’

2063 3986 2118 4042 4.
2170 3985 2331 4042 Acies
2375 3986 2642 4044 macheras
2679 3997 2883 4045 exerta.
2916 3988 3066 4045 Tant.
3092 3989 3160 4046 ν.
3206 3991 3296 4047 lib.
3340 3992 3404 4048 de
3435 3992 3663 4049 Pudicit.

2581 4096 2698 4151 cap.
2733 4081 2821 4137 M.
2851 4098 3003 4137 num.
3021 4083 3143 4138 115.

2136 4170 2313 4237 Quum
2338 4171 2491 4242 quasi
2521 4171 2695 4243 plena:
2727 4172 2891 4241 juris,
2923 4172 3256 4230 auctoritatis
3295 4183 3350 4231 et
3380 4174 3663 4247 potestatis

2066 4260 2290 4317 habena:
2334 4248 2689 4317 effunduntur
2744 4262 2798 4316 in
2842 4272 3027 4333 aperta
3068 4264 3461 4338 objurgatione.
3504 4263 3659 4336 Apud

2064 4354 2251 4426 Virgil.
2287 4374 2307 4408 ι
2337 4355 2479 4411 Ense
2503 4355 2707 4410 incluso
2735 4353 2864 4409 ibat.
2895 4373 2915 4407 t
2947 4355 3045 4410 Cui
3066 4357 3395 4412 contrarium
3421 4364 3506 4412 est
3530 4354 3662 4411 illud

2062 4446 2178 4503 Cic.
2205 4445 2317 4502 l.in
2336 4446 2495 4502 Catil.
2535 4447 2637 4501 «At
2662 4460 2761 4500 nos
2788 4444 3106 4517 vigesimum
3129 4446 3240 4517 jatn
3269 4445 3413 4501 diem
3432 4444 3665 4516 patimur

1984 4564 2041 4625 D
2066 4537 2357 4594 hebescere
2376 4538 2545 4594 aciem
2584 4537 2776 4592 horum
2806 4536 3160 4592 auctoritatis.
3200 4535 3471 4625 Habemus
3515 4531 3659 4588 enim

2067 4631 2400 4695 Seu.Cons.,
2450 4638 2816 4685 verumtamen
2857 4626 3119 4683 inclusum
3167 4625 3220 4680 in
3264 4621 3496 4688 tabulis,
3538 4630 3661 4703 tan.-

2066 4736 2227 4795 quam
2273 4722 2507 4792 gladium
2546 4723 2598 4775 in
2644 4720 2830 4790 vagina
2861 4717 3217 4775 reconditum.
3248 4733 3268 4767 ι
3297 4713 3386 4770 Sic
3411 4713 3464 4769 in
3489 4713 3661 4785 Δρίος

2066 4813 2265 4870 Dentes
2302 4813 2470 4869 exorti
2508 4810 2572 4877 ad
2622 4810 2840 4865 vulnera
2876 4805 3162 4883 inlligcnda
3212 4802 3355 4865 acuti
3384 4812 3442 4862 et
3474 4819 3663 4862 erum-

2104 4913 2274 4962 entes.
2752 4952 2764 4965 .

2104 4921 2274 4962 entes.
2752 4952 2764 4965 ,
2945 4921 2963 4931 ν

2066 4921 2102 4978 p
2141 5020 2195 5077 5.
2237 5016 2379 5073 Nihil
2410 5015 2476 5071 ad
2506 5011 2967 5071 Andrtnuaeham.‘
2987 5011 3114 5067 ibid.
3142 5027 3261 5082 cap.
3303 5007 3357 5067 8.
3401 5028 3453 5065 n.
3497 5009 3609 5083 65.~

2141 5128 2397 5187 Alluderc
2444 5125 2653 5182 videtur
2694 5122 2761 5179 ad
2792 5121 2989 5180 veteris
3028 5120 3254 5193 alicujus
3288 5117 3476 5189 tragici
3510 5116 3663 5174 tabu-

2068 5224 2175 5280 lam
2195 5264 2211 5292 ,
2234 5220 2454 5278 nomine
2481 5214 2855 5283 Andromedae
2881 5213 3214 5284 inscriptam.
3240 5210 3306 5266 Et
3336 5224 3403 5264 ex
3429 5207 3662 5264 Tertull.

2068 5316 2321 5387 colligere
2340 5320 2456 5380 est,
2488 5309 2621 5365 nihil
2645 5308 2791 5365 aliud
2817 5307 2993 5363 isthoc
3034 5302 3321 5376 proverbio
3349 5299 3664 5372 signiﬁcari.

2068 5422 2228 5479 quam
2250 5405 2429 5460 hisce:
2458 5401 2601 5457 Nihil
2616 5399 2683 5455 ad
2700 5413 2937 5465 versum,
2968 5393 3104 5451 nihil
3129 5393 3198 5448 ad
3226 5391 3514 5481 Bacchum,
3532 5394 3666 5445 οὐδὲν

2070 5510 2183 5570 πρὸς
2199 5505 2328 5563 ἔπος,
2347 5499 2712 5566 ἀπροσδιόνυσα,
2731 5491 2832 5547 hoc
2852 5498 2958 5557 est,
2980 5488 3152 5544 aliena
3180 5501 3210 5542 a
3237 5499 3322 5542 re.
3343 5483 3480 5541 Nam
3499 5481 3670 5537 haere-

2074 5593 2207 5651 ticos
2227 5606 2349 5648 cum
2371 5586 2725 5644 histrionibus
2745 5590 3044 5655 comparat.
3066 5580 3132 5636 lli
3151 5577 3469 5650 allegoricos
3483 5580 3668 5646 gestus

2072 5682 2542 5743 accommodantes
2569 5677 2790 5735 canticis
2809 5718 2825 5743 ,
2856 5675 2961 5732 alia
2985 5674 3143 5745 longe
3168 5688 3199 5728 a
3222 5667 3470 5743 praesenti
3496 5675 3549 5723 et
3566 5663 3667 5727 .l'a-

2075 5781 2197 5837 bula
2233 5786 2289 5835 et
2309 5792 2466 5834 scena
2495 5773 2805 5846 exprimunt
2853 5770 2951 5840 (ut
2969 5766 3213 5824 videatur
3235 5762 3302 5821 ad
3331 5775 3508 5834 graeca
3542 5770 3672 5830 pro-

2075 5872 2256 5932 verbia
2282 5868 2608 5943 respexisse,
2626 5873 2760 5929 tm;
2777 5873 2915 5937 κερεῦ
2934 5867 3194 5936 ὀρχεῖσθαι,
3225 5855 3311 5919 vel
3336 5852 3405 5915 ad
3437 5865 3493 5915 τὸ
3519 5854 3673 5924 ἀπορ-

3306 6031 3466 6049 ...ευ-οδ
