4242 6264
392 321 504 378 21⁵5

1575 320 2097 383 PROVERBIALES
2135 325 2506 386 FORMULZE.

3595 345 3704 403 2M

406 458 490 512 11.
525 456 690 527 Agitia
718 409 918 522 mc.dia,
946 470 1035 510 seu
1078 454 1263 526 Aginte
1302 454 1605 527 aaquilibrio
1652 456 1798 512 l’erri.
1844 426 1993 512 Tant.

2176 441 2265 497 15.
2310 442 2546 499 Aristide
2570 442 2782 519 justior.
2828 446 2975 503 Tant.
3026 450 3066 505 l.
3112 454 3332 528 Apatog.
3369 474 3484 530 cap.
3520 458 3609 514 11.

473 547 562 603 Ill.
604 546 689 601 lib.
742 545 940 603 advers.
992 545 1240 618 Herntag.
1292 564 1408 618 cap.
1463 547 1555 603 M.
1613 565 1738 603 num
1787 548 1908 604 142.
1954 556 2002 605 ει

474 640 618 695 Tom.
648 639 715 723 Υ.
748 640 837 694 lib.
871 640 933 694 de
953 638 1141 696 Pudic.
1174 657 1285 712 cap.
1318 640 1372 695 9.
1402 658 1544 696 num.
1572 642 1659 697 75.

479 793 537 847 lu
568 791 663 849 lib.
708 791 776 848 de
817 791 1050 847 Pudicit:
1078 792 1201 848 Non
1229 794 1363 849 enim
1408 794 1702 849 admittetur
1747 797 2003 864 exempla-

404 903 520 943 rttm
554 886 876 958 aquuatio,
910 886 1025 942 licet
1053 887 1106 941 in
1125 888 1279 958 agina
1304 888 1755 958 congruentissima
1775 930 1789 955 ,
1816 890 1860 943 si
1886 892 2004 959 fue-

404 981 471 1035 rit
499 980 653 1035 saluti
679 979 1052 1034 nocentissima.
1083 978 1161 1044 Si,
1198 988 1257 1035 ut
1304 981 1378 1035 ait
1406 980 1653 1037 Rbenan.
1701 996 1773 1036 ex
1820 981 2001 1050 Festo,

368 1084 371 1091 ‘
406 1073 571 1144 Agina
590 1082 673 1127 est
696 1072 940 1133 foramen
966 1071 1099 1127 illud
1132 1072 1184 1126 in
1213 1086 1322 1142 quo
1347 1072 1598 1127 inseritur
1622 1088 1814 1143 scapus
1852 1075 2005 1128 truti-

407 1179 524 1229 nas,
556 1162 659 1221 hcc
677 1172 786 1229 est,
834 1164 886 1217 in
916 1178 1025 1233 quo
1072 1163 1247 1234 agitur
1276 1164 1389 1217 sive
1433 1164 1657 1218 vertitur
1683 1164 1903 1229 trutina,
1949 1175 2005 1219 ct

413 1264 525 1317 tum
572 1256 625 1313 in
655 1255 830 1311 media
860 1256 1017 1326 agina
1067 1256 1362 1311 consistere
1392 1257 1586 1310 trutina
1610 1256 1835 1324 dicatur,
1878 1272 2006 1326 quo-

415 1348 522 1402 ties
549 1346 744 1403 accidit
768 1346 1263 1417 arquipondiutnmt
1285 1358 1470 1402 neutra
1486 1363 1609 1417 pars
1638 1348 2000 1418 prependeat:

410 1439 551 1497 idem
581 1440 687 1495 erit
709 1442 1002 1505 cumAnsa
1038 1445 1323 1510 (quantum
1366 1440 1431 1503 ad
1462 1440 1735 1496 Proverbii
1773 1438 1957 1511 usum)
1986 1483 1999 1506 ,
2042 1511 2051 1519 ἡ

409 1543 532 1599 quae
558 1538 643 1583 est
681 1537 822 1595 mea,
853 1529 904 1582 in
932 1544 1035 1598 quo
1065 1545 1289 1593 exatnen
1332 1529 1586 1596 vertitur,
1616 1530 1731 1584 sive
1768 1531 1819 1584 in
1851 1530 2005 1599 cujus

412 1619 712 1673 meditullio
762 1619 960 1689 lingula
1006 1619 1337 1686 obversatur,
1389 1628 1443 1676 et
1500 1620 1603 1675 huc
1657 1620 1783 1676 illuc
1829 1630 2001 1686 nutat,

408 1708 537 1762 dum
584 1709 826 1763 lancibus
875 1709 1097 1778 aequatis
1136 1709 1461 1780 respondent
1508 1726 1718 1765 summo
1767 1724 2002 1785 puncto,

2752 552 2891 592 nunt.
2924 538 3047 596 173.

2179 642 2309 698 Tam
2360 645 2587 701 celebris
2611 648 2749 719 apud
2790 648 3043 719 Graecos,
3076 663 3131 710 et
3182 660 3481 726 prie-serum
3530 662 3696 720 Athe-

2107 733 2343 800 nienses,
2357 736 2560 804 justitia
2588 748 2644 793 et
2668 741 2891 811 aequitas
2912 743 3172 814 Aristidis,
3198 756 3258 803 ut
3282 759 3365 803 τοῦ
3392 755 3577 807 δικαίου
3605 770 3696 811 co-

2107 836 2451 895 gnomentum
2496 832 2772 885 meruerit.
2828 833 2999 889 Tanta
3026 852 3132 895 non
3162 839 3341 913 legum
3372 843 3534 900 modo
3558 887 3573 913 ,
3606 848 3703 902 sed

2108 915 2246 999 :cqni
2268 916 2391 971 boni
2422 918 2582 973 etiam
2639 922 2809 977 fuitin
2844 923 3059 982 homine
3096 929 3475 1001 observantia;
3511 946 3570 992 ut
3599 936 3703 995 hoc

2114 1006 2231 1062 solo
2253 1008 2470 1065 nomine
2518 1011 2570 1064 in
2599 1013 2848 1068 exsilium
2888 1016 2956 1071 ab
2988 1017 3259 1090 improbis
3289 1024 3358 1083 sit
3382 1025 3609 1096 ejectus,
3649 1040 3705 1084 et

2109 1097 2335 1155 diversis
2352 1101 2542 1157 studiis
2560 1118 2680 1159 cum
2704 1105 3067 1166 Themistocle
3082 1110 3271 1185 Remp.
3292 1116 3700 1175 administrarit.

2110 1234 2196 1290 16.
2241 1235 2402 1307 Aspis
2422 1252 2448 1292 a
2473 1238 2655 1306 vipera
2702 1256 2966 1297 venenum
2997 1255 3291 1302 mutuatur.
3320 1248 3469 1305 Tant.
3495 1250 3580 1306 Ill.
3613 1226 3701 1308 liv.

2473 1328 2557 1384 Ill.
2580 1331 2696 1386 adv.
2727 1331 2894 1387 Marc.
2936 1352 3050 1406 cap.
3072 1335 3136 1392 ’8.
3164 1354 3218 1392 n.
3246 1340 3340 1399 55.

2184 1441 2258 1495 De
2286 1442 2476 1512 Aspida
2497 1445 2573 1498 sic
2596 1445 2733 1499 Plin.
2756 1446 2847 1501 lib.
2870 1448 3003 1513 VIII,
3027 1465 3145 1521 cap.
3178 1452 3268 1507 25.
3292 1454 3444 1509 Colla
3467 1458 3704 1528 aspidum

2112 1531 2470 1589 intumescere
2494 1536 2638 1590 nullo
2671 1538 2802 1592 ictus
2834 1541 3074 1595 remedio
3106 1555 3464 1615 praeterquam
3500 1547 3546 1601 si
3570 1563 3705 1603 eon-

2110 1627 2283 1681 festim
2316 1636 2493 1696 partes
2530 1637 2792 1685 contacta)
2830 1640 3173 1701 amputentur
3204 1653 3216 1690 :
3248 1643 3355 1691 tam
3410 1648 3704 1707 pricsenta-

2113 1735 2269 1773 neum
2317 1719 2523 1774 scilicet
2561 1730 2645 1775 est
2673 1736 2954 1778 venenum.
3008 1725 3085 1783 De
3130 1727 3339 1797 vipera,
3389 1730 3579 1785 eodem
3608 1732 3703 1788 lib.

409 1800 511 1854 hoc
536 1809 637 1861 εει»
674 1808 862 1853 ηθυιτο
907 1798 1146 1865 inditi“.
1175 1799 1268 1854 50d
1312 1816 1466 1872 ωψιο
1500 1810 1772 1859 momento
1817 1802 2006 1857 discl‘i-
2036 1801 2082 1859 Β
2112 1826 2211 1881 cap
2254 1810 2346 1865 29.
2381 1812 2703 1882 Serpentum
2732 1815 2904 1882 vipera
2931 1857 2946 1881 ,
2980 1818 3091 1869 sola
3117 1827 3256 1873 terra
3285 1820 3481 1877 dicitur
3509 1823 3705 1892 condi,

410 1907 529 1945 men
558 1891 837 1959 partiatur.
870 1889 1005 1945 Usus
1036 1891 1300 1961 proverbii
1333 1908 1454 1947 esse
1472 1893 1671 1962 poterit
1716 1893 1765 1946 in
1797 1908 1891 1948 eos
1911 1894 2004 1964 qui

411 1992 720 2037 neutrarum
756 1983 984 2053 partium
1014 1992 1159 2047 sunt,
1194 1984 1271 2038 sic
1300 1993 1356 2039 ttt
1387 1998 1564 2055 neque
1593 1986 1713 2052 hos,
1746 2000 1917 2056 neque
1946 1985 2007 2039 il-

411 2075 492 2130 los
516 2074 806 2130 offendant.
853 2075 908 2128 In
955 2091 1053 2130 eos
1079 2077 1166 2147 qui
1196 2077 1419 2131 virtutes
1441 2078 1853 2148 amplectuntur,
1886 2094 2005 2150 qua:

414 2169 804 2224 mediocritates
834 2178 960 2223 sunt
986 2170 1229 2239 quicdam
1261 2169 1400 2224 inter
1438 2180 1674 2226 extrema
1721 2171 1847 2225 vitia
1886 2186 2007 2226 eon-

417 2265 633 2317 Sllltlla}.
664 2261 718 2315 In
741 2261 1227 2334 judicesintegrds,
1264 2270 1320 2319 et
1349 2262 1861 2320 slmilia.Videantur
1889 2265 2002 2318 An-

415 2361 528 2406 not.
558 2352 794 2407 Pamelii.

415 2484 501 2537 12.
538 2483 852 2540 Alexandro
890 2483 1187 2541 sublimior.
1234 2483 1381 2541 Tant.
1429 2485 1471 2541 Ι.
1505 2485 1723 2558 Apalag.
1766 2502 1882 2557 cap.
1916 2487 2003 2541 11.

1055 2594 1198 2630 nunc
1242 2579 1365 2633 175.

486 2712 543 2766 In
581 2712 707 2768 elati
737 2713 1043 2789 excelsique
1068 2715 1231 2771 animi
1261 2716 1525 2781 homines.
1561 2716 2005 2774 Decantatissima

413 2804 572 2860 animi
594 2805 645 2858 in
672 2805 1169 2878 Alexandra'hlagno
1188 2807 1434 2876 altitudo,
1457 2823 1577 2879 quae
1607 2809 1658 2863 in
1680 2808 1834 2865 dictis
1851 2810 2004 2879 juxta

370 2912 477 2981 ,εις
515 2896 670 2953 factis
694 2898 905 2955 enituit.
933 2900 1033 2967 Qui
1067 2900 1198 2956 nnin
1228 2901 1329 2958 sibi
1361 2883 1505 2971 qllod
1541 2902 1655 2971 ipse
1683 2902 2001 2971 perﬁceret,

412 3005 442 3044 a
483 3002 636 3073 patre
667 2993 917 3064 relinqui,
948 3009 1081 3065 puer
1102 2993 1368 3060 doluerit;
1406 2994 1497 3064 qui
1530 2996 1581 3050 in
1610 2996 1870 3066 Olympiis
1898 3005 2007 3050 sta-

413 3083 557 3140 diuin
583 3085 891 3153 decurrere,
924 3086 1025 3140 nisi
1052 3101 1174 3141 cum
1197 3082 1545 3159 antagon'istis
1590 3086 1825 3159 regibus,
1860 3102 2008 3143 recu-

415 3178 582 3243 sarit;
632 3178 722 3248 qui
753 3177 1029 3234 asiaticum
1074 3193 1297 3251 regnum
1330 3157 1609 3253 dispertiri
1654 3157 1774 3234 eum
1825 3180 2003 3245 Dario,
2034 3157 2078 3219 (ἶ

420 3268 579 3324 rebus
601 3269 844 3341 integris,
875 3270 1143 3334 noluerit;
1174 3272 1264 3341 qui
1297 3286 1461 3341 quum
1488 3271 1556 3325 ab
1586 3271 1898 3342 Anaxagora
1931 3272 2008 3325 in-

425 3360 787 3424 numerabiles
843 3375 963 3419 esse
1017 3362 1249 3417 mundos
1295 3361 1571 3428 audiisscl,
1624 3361 2004 3432 illacrytnarit,

424 3454 514 3523 qui
548 3452 743 3507 nedum
771 3454 925 3510 unius
953 3454 1202 3510 dominus
1227 3463 1370 3511 esset
1401 3454 1591 3511 factus.

421 3570 509 3623 15.
540 3569 806 3626 Amazona
832 3571 1102 3628 audacior.
1123 3570 1271 3626 Tant.
1304 3568 1393 3626 ΠΙ.
1427 3571 1514 3627 lib.
1540 3570 1580 3626 Ι.
1613 3569 1813 3625 advers.
1842 3567 2005 3623 Marc.

970 3681 1086 3737 cap.
1122 3665 1172 3719 1.
1206 3664 1454 3721 mutui/1.

488 3800 810 3869 Amazones,
853 3801 935 3857 vel
966 3800 1256 3867 Amazontv,
1284 3801 1554 3873 singulare
1574 3802 1817 3857 omnium
1844 3815 2015 3857 δωρη-

423 3892 597 3948 lorum
625 3893 921 3964 exemplar,
955 3894 1126 3964 inquit
1146 3893 1341 3949 Justiu.
1375 3893 1465 3948 lib.
1494 3893 1558 3947 ll.
1585 3893 1823 3959 Quarum
1852 3893 2016 3947 auda-

422 3986 519 4040 cite
549 3985 672 4054 plus
700 3987 859 4054 quam
883 3985 1052 4039 virilis
1069 3985 1225 4056 plena
1247 3986 1501 4069 facinora,
1534 3986 1692 4050 bella,
1718 3984 2013 4055 expeditio-

420 4092 518 4146 nes
535 4084 1045 4143 commemorantur.
1072 4076 1142 4131 At
1164 4076 1417 4146 quoniam
1447 4076 1671 4131 audacia
1687 4076 1739 4130 in
1764 4075 2012 4131 muliebri

424 4184 554 4224 sexu
580 4183 702 4223 eum
723 4167 1052 4238 impudentia
1086 4168 1401 4240 plerumque
1429 4177 1512 4224 est
1542 4169 1825 4238 conjuncta
1847 4209 1861 4233 ,
1894 4183 2016 4237 pro-

428 4262 671 4319 verbium
703 4264 756 4317 in
779 4277 872 4319 eos
901 4262 1203 4329 conveniet,
1223 4262 1313 4333 qui
1336 4260 1673 4335 impudenter
1706 4268 1833 4321 sunt
1856 4256 2017 4315 auda-

426 4369 519 4411 ces
549 4366 603 4413 ct
634 4355 926 4413 temerarii.
957 4354 1251 4411 Videantur
1273 4364 1456 4413 annot.
1482 4355 1725 4414 Pamelii.

2110 1910 2317 1957 (κριθείη
2353 1902 2602 1958 arborum
2633 1914 2725 1959 aut
2752 1921 3003 1962 saxorum
3030 1909 3197 1963 cavis.
3217 1910 3325 1965 Sed
3355 1914 3578 1968 Aristot.
3604 1915 3698 1970 lib.

2110 1992 2176 2047 ν.
2203 1993 2272 2049 de
2295 1993 2491 2048 Natura
2519 1996 2735 2049 animal.
2764 2007 2953 2051 contra
2983 1999 3142 2053 tradit
3170 2001 3393 2071 viperam
3412 2003 3512 2058 sub
3533 2006 3699 2074 petris

2113 2100 2244 2147 sese,
2285 2086 2540 2153 condere,
2576 2087 2811 2158 reliquas
2842 2100 3124 2159 serpentes
3146 2091 3196 2145 in
3224 2100 3363 2147 terra
3392 2094 3514 2149 abdi
3540 2113 3554 2162 ;
3584 2096 3703 2151 om-

2108 2180 2204 2232 nes
2247 2191 2491 2232 secessus
2519 2186 2759 2249 tempore
2798 2196 3002 2236 veneno
3031 2183 3161 2237 orbe
3189 2183 3477 2240 dormiunt.
3504 2185 3620 2242 Lib.
3647 2188 3701 2245 7.

2109 2282 2229 2339 cap.
2261 2268 2315 2322 2.
2346 2269 2418 2323 ait
2484 2271 2573 2340 qui
2620 2280 2858 2326 montem
2906 2272 3085 2329 Athon
3142 2272 3409 2342 incolant,
3468 2280 3707 2351 viperinis

2109 2361 2361 2416 carnibus
2375 2362 2626 2430 ali.Quod
2650 2372 2797 2420 certe
2822 2376 3194 2436 argumentum
3213 2380 3295 2425 est
3315 2374 3505 2427 veneni
3530 2375 3707 2430 minus

2109 2452 2410 2509 efﬁcientis.
2439 2452 2734 2511 Proverbia
2778 2457 2938 2527 igitur
2983 2460 3085 2514 isto
3128 2462 3514 2532 signiﬁcabitur
3538 2467 3705 2536 pesti-

2112 2544 2467 2600 lentissimum
2495 2561 2524 2601 a
2555 2548 2733 2605 minus
2753 2551 2894 2605 malo
2920 2550 2988 2607 ad
3020 2554 3310 2624 nequitiam
3343 2556 3578 2613 edoceri.

2149 2655 2236 2712 17.
2281 2658 2529 2715 Attalica:
2556 2659 2775 2716 divitia).
2818 2661 2966 2717 Tam.
3003 2664 3067 2732 γ.
3097 2658 3103 2664 ’
3129 2666 3216 2721 lib.
3251 2667 3314 2722 de
3338 2667 3516 2740 Jejun.
3546 2686 3659 2741 cap.

2682 2754 2771 2807 15.
2836 2771 2978 2809 nunt.
3014 2756 3102 2811 95.

2185 2864 2240 2920 Si
2270 2865 2511 2922 Attalicas
2536 2850 2775 2939 legatur,
2810 2869 2940 2924 nihil
2963 2869 3322 2941 difficultatis;
3355 2883 3498 2929 nota:
3528 2875 3705 2942 Attali,

2112 2957 2271 3028 Regis
2300 2958 2638 3028 Pergameni,
2672 2960 2891 3026 divitia»,
2920 2962 3072 3030 queis
3104 2978 3226 3033 pop.
3258 2965 3415 3020 Rom.
3447 2980 3511 3020 ex
3547 2966 3705 3027 here-

2110 3046 2274 3103 ditate
2299 3048 2509 3103 adierit.
2544 3049 2619 3103 De
2638 3065 2745 3119 quo
2771 3050 2955 3105 Horat.
2990 3053 3043 3106 in
3074 3052 3203 3108 Odis
3231 3074 3241 3108 :

2360 3182 2467 3245 Non
2490 3195 2613 3243 opes
2632 3196 2796 3245 neque
2820 3184 2972 3234 Attuli

2364 3244 2565 3305 Ignotus
2591 3244 2751 3293 haeres
2772 3248 2962 3306 regiam
2985 3248 3233 3311 occupavi.

2114 3373 2182 3428 Et
2210 3369 2443 3426 Attalicis
2483 3368 2902 3428 conditionibus.
2928 3373 2998 3440 Ut
3038 3373 3338 3444 magniﬁca:
3366 3384 3421 3435 et
3448 3390 3707 3448 superva-

2113 3478 2298 3520 canea:
2346 3462 2452 3518 illae
2478 3462 2666 3517 divitia:
2694 3474 2854 3538 atque
2878 3463 3109 3532 delicim,
3167 3466 3290 3535 pani
3316 3478 3656 3537 opponantur
3683 3488 3699 3537 ;

2116 3556 2218 3612 hoc
2244 3564 2327 3611 est
2355 3553 2758 3626 simplicissima
2787 3557 2969 3613 victui.
2988 3556 3081 3615 Sin
3097 3556 3386 3625 Attetlamv,
3409 3571 3712 3630 personata:

2117 3649 2301 3705 ἱιιωίιι
2333 3649 2477 3705 cultu
2509 3658 2562 3705 et
2584 3648 2819 3705 vestibus
2867 3649 3089 3704 lautitia:
3139 3650 3529 3722 intelligentur.
3574 3654 3711 3712 Nam

2118 3741 2386 3798 Attetlanis
2414 3740 2517 3812 (ex
2562 3739 2736 3797 Atella
2762 3740 3069 3813 Campania:
3092 3742 3330 3815 oppido)
3358 3743 3711 3805 histrionibus

2117 3832 2480 3888 celeberrimis
2499 3874 2514 3900 ,
2549 3832 2653 3888 hoc
2671 3832 2760 3905 jus
2788 3846 3107 3889 concessum
3134 3843 3249 3897 erat
3274 3876 3290 3904 ,
3324 3844 3383 3895 ut
3412 3836 3709 3895 Personam

2118 3926 2172 3980 in
2203 3941 2363 3982 scena
2404 3926 2675 3996 deponere
2735 3940 2843 3983 non
2901 3935 3247 3999 cogerentur.
3316 3929 3471 3988 Unde
3514 3931 3713 3990 fabula:

2118 4030 2418 4092 personatte
2442 4035 2540 4092 pro
2567 4018 2835 4076 Attellanis
2859 4022 2967 4077 κατ’
2992 4030 3181 4091 εεοχην.
3215 4022 3431 4081 Dicetur
3457 4026 3510 4079 in
3549 4027 3712 4083 vesti-

2119 4122 2229 4171 tum
2262 4128 2753 4185 supervacaneum,
2800 4123 2856 4171 et
2880 4113 2949 4172 ad
2975 4114 3160 4172 luxum
3189 4117 3713 4189 ostentationemque

2118 4216 2502 4279 comparatum.

2124 4322 2213 4380 18.
2242 4326 2283 4380 Α
2319 4332 2438 4395 toga
2465 4323 2531 4379 ad
2559 4323 2796 4395 pallium.
2829 4322 2980 4378 Tant.
3005 4322 3023 4377 1
3044 4365 3058 4391 ,
3094 4324 3181 4382 lib.
3223 4326 3285 4381 de
3307 4326 3482 4384 Pallio
3508 4334 3622 4400 cap.
3658 4328 3717 4384 5.

2555 4433 2606 4469 η.
2636 4414 2728 4472 94.
2758 4423 2804 4469 et
2842 4431 2958 4486 cap.
2989 4416 3043 4476 6.
3074 4432 3128 4469 η.
3153 4415 3279 4471 116.

429 4492 519 4548 14.
550 4492 702 4547 Aries
744 4491 796 4544 in
837 4504 933 4548 nos
984 4498 1347 4559 temperatur,
1388 4504 1495 4559 quo
1534 4499 1833 4560 quassatur
1860 4504 2013 4545 caro.

2194 4529 2505 4595 RHENANUS.
2534 4527 2767 4587 Pallium
2791 4528 3099 4585 Graecorum
3126 4510 3271 4583 erat0
3279 4537 3336 4583 et
3372 4526 3721 4598 philosOpho-

537 4582 683 4637 Tant.
706 4581 791 4636 Ill.
827 4582 915 4641 lib.
940 4580 1004 4636 de
1026 4581 1238 4636 Resnrr.
1264 4597 1373 4635 car.
1405 4597 1520 4648 cap.
1550 4582 1605 4635 5.
1638 4597 1778 4634 num.
1814 4581 1903 4636 43.

384 4708 413 4731 ο
506 4695 661 4749 Aries
685 4735 700 4759 ,
732 4693 882 4748 trabs
904 4692 1117 4748 funibus
1146 4701 1313 4757 tensa,
1356 4707 1615 4761 suspensa
1637 4734 1650 4755 ,
1683 4692 1834 4762 cujus
1862 4700 2022 4762 caput

431 4784 575 4840 ferro
606 4787 848 4850 vestitur,
881 4794 938 4839 ut
957 4785 1297 4839 durissimum
1321 4825 1335 4850 ,
1363 4784 1549 4838 arietis
1571 4784 1757 4848 instar,
1785 4784 2019 4837 frontem

431 4877 671 4934 videatur
702 4877 899 4933 habere
918 4918 933 4942 ,
961 4884 1016 4935 et
1034 4891 1185 4931 more
1213 4875 1374 4931 etiam
1399 4874 1585 4929 arietis
1613 4885 1759 4927 retro
1785 4874 2017 4957 ducitur,

433 4977 492 5022 ut
518 4969 719 5038 majore
746 4969 947 5039 impetu
971 4967 1142 5031 leriat,
1165 4966 1494 5035 subi-natans
1515 4979 1721 5021 muros.
1743 4963 1879 5019 Hine
1899 4980 2023 5019 ver-

433 5058 557 5114 bum
582 5060 870 5131 temperari,
906 5057 1049 5133 quod
1074 5059 1126 5113 in
1151 5065 1407 5130 apparatu
1437 5064 1491 5112 et
1537 5054 1825 5113 libratione
1857 5055 1906 5111 in
1938 5056 2015 5110 ic-

435 5159 518 5205 tus
537 5149 800 5205 destinata
821 5192 835 5217 ,
888 5157 1005 5205 arte
1044 5165 1181 5221 Opus
1200 5160 1345 5205 esset
1370 5157 1425 5204 et
1464 5159 1609 5203 certa
1638 5155 2020 5217 temperatura.

436 5242 719 5313 Snbjungit
747 5244 1105 5307 Tertullianus
1120 5243 1342 5299 verbum
1371 5251 1658 5313 quassatur.
1690 5240 1874 5311 Virgil.
1900 5234 2026 5293 Pul-

435 5338 623 5392 sabant
646 5339 812 5394 ariete
835 5337 1214 5405 mttros,Labat
1234 5336 1400 5397 ariete
1420 5334 1610 5402 crebro
1633 5332 2027 5404 januit,Arietat

435 5432 489 5487 in
518 5442 717 5505 portas.
749 5432 957 5498 Cicero,
991 5430 1147 5487 Aries
1173 5445 1385 5487 murum
1417 5428 1761 5499 percusserit.
1791 5428 2024 5483 Prover—

439 5527 651 5582 bialiter
700 5526 802 5582 dici
848 5528 1091 5597 poterit,
1146 5541 1244 5595 pro
1288 5539 1355 5581 eo
1410 5522 1551 5595 quod
1594 5520 1829 5576 validum
1877 5536 2033 5592 argu-

442 5635 678 5683 mentum
710 5626 865 5682 nohis
889 5620 1171 5695 objicitur,
1197 5623 1340 5695 quod
1369 5620 1586 5677 diilicile
1615 5618 1684 5675 sit
1711 5615 2029 5673 dissolvere.

437 5718 635 5789 Aperta
664 5719 711 5772 vi
745 5731 1131 5788 oppugnamur.
1169 5714 1236 5770 Ut
1280 5715 1476 5770 arietes
1500 5720 1554 5769 et
1598 5709 1836 5769 cmticuli
1861 5710 1910 5766 in
1940 5724 2032 5764 ar»

441 5808 879 5881 gumentis,iuter
905 5822 963 5865 se
993 5813 1350 5879 apponuntur.
1441 5885 1452 5894 ‘
1710 5810 1777 5863 ι

2124 4638 2261 4676 rum.
2294 4622 2407 4676 Hoc
2436 4622 2597 4675 etiam
2621 4620 2872 4687 Romani,
2901 4629 3019 4688 toga
3039 4618 3238 4688 rejecta
3264 4659 3279 4684 ,
3307 4618 3715 4673 amiciebantur.

2126 4711 2406 4766 llineillud
2428 4709 3196 4780 admirantisvulgidicterium
3228 4707 3296 4763 de
3326 4710 3717 4779 potentioribus

2124 4802 2190 4858 ad
2208 4800 2555 4857 christianam
2582 4800 2895 4871 religionem
2920 4798 3290 4868 transgressis,
3309 4800 3352 4852 A
3375 4808 3491 4872 toga
3508 4801 3574 4855 ad
3592 4801 3724 4857 Pal-

2125 4894 2271 4947 lium.
2305 4891 2455 4947 Unde
2486 4899 2666 4945 motus
2696 4888 2919 4944 Tertull.
2956 4897 3010 4943 ut
3039 4889 3303 4946 scriberet
3337 4907 3435 4963 pro
3454 4891 3627 4948 Pallio
3654 4895 3721 4950 ιί.

2128 4991 2304 5043 brum.
2329 4985 2596 5039 Ammian.
2626 4982 2862 5042 Marcell.
2883 4981 2951 5038 de
2970 4978 3205 5037 Iuliano.
3242 4984 3375 5056 Aug.
3396 4984 3638 5056 Namque
3666 4987 3721 5042 in

2127 5092 2289 5147 pace,
2320 5076 2510 5144 inqttit,
2533 5076 2650 5143 ejus
2680 5063 2986 5128 ménsuram
3020 5073 3249 5128 tenuitas
3288 5084 3404 5131 erat
3425 5085 3570 5130 recte
3596 5090 3726 5131 nos-

2127 5167 2374 5224 centibus
2394 5162 2727 5231 admiranda,
2753 5163 2901 5219 velut
2931 5163 2996 5219 ad
3025 5164 3240 5234 pallium
3272 5179 3398 5221 mox
3424 5165 3716 5220 reversuri.

2130 5280 2221 5336 19.
2263 5280 2448 5335 Caecus
2474 5293 2503 5331 a
2533 5292 2677 5333 casco
2699 5278 2751 5331 in
2774 5276 3016 5332 eamdem
3034 5276 3292 5332 deductus
3314 5276 3545 5333 foveam.
3572 5277 3725 5334 Tant.

2411 5369 2498 5437 ill,
2530 5370 2617 5425 lib.
2645 5370 2730 5438 ill,
2762 5370 2879 5425 adv.
2914 5368 3080 5436 Marc,
3114 5385 3159 5424 ο.
3188 5369 3239 5423 7.
3268 5386 3320 5430 n.
3351 5369 3446 5426 44.

2210 5508 2557 5567 Praverbium
2598 5509 2683 5575 vel
2710 5507 2814 5578 ipsi
2840 5505 3113 5565 Servatori
3139 5506 3413 5572 usitatum,
3441 5507 3553 5563 Luc
3577 5507 3749 5587 XVI._

2140 5607 2352 5680 quoties
2418 5603 2663 5659 indoctus
2720 5597 3001 5655 indoctum
3054 5595 3251 5665 docere
3320 5608 3580 5666 canatur,
3636 5601 3725 5659 vel

2140 5696 2459 5768 imprudens
2493 5690 2819 5765 imprudenti
2864 5689 2995 5745 dare
3022 5690 3335 5757 consilium,
3387 5701 3548 5761 atque
3572 5692 3643 5747 ita
3670 5692 3727 5746 in

2140 5791 2357 5849 eosdem
2385 5800 2599 5845 errores
2620 5826 2636 5857 ,
2684 5793 2774 5840 aut
2796 5797 2984 5867 pravas
3009 5782 3289 5854 opiniones
3317 5796 3498 5845 secum
3529 5786 3727 5856 νηοί-
