4250 6266
542 330 649 387 215

1627 327 1722 384 EX
1761 322 2196 384 TEBTULLIAN
2204 319 2221 376 ι
2260 321 2736 382 APOLOGETICO
2892 366 2895 369 ς
3378 352 3422 387 ο

3734 330 3842 388 216

544 440 700 511 pitat.
734 440 1052 497 Tertullian.
1100 440 1179 497 sic
1224 438 1632 511 interpretatur.
1667 439 1750 496 Ab
1769 437 1959 495 eodem
1986 436 2147 493 ratio-
2172 438 2226 498 A
2252 437 2429 493 solent
2456 439 2686 508 aperire.
2710 438 2792 494 Ex
2809 438 3000 511 quibus
3032 446 3096 525 et
3124 439 3281 512 hujus
3307 448 3362 498 et
3391 442 3665 514 sequentis
3719 459 3845 517 pro-

555 547 678 589 nem
709 546 949 587 crrormn
972 539 1026 586 et
1060 528 1312 586 ducatum
1354 531 1606 586 mutuari.

553 636 648 701 20.
688 644 873 700 Caecus
894 644 949 699 in
979 652 1184 713 petram
1211 642 1451 699 offendit.
1488 642 1633 697 Tom.
1658 642 1766 715 _lll.
1810 641 1898 698 lib.
1925 640 1989 696 V.
2026 641 2143 695 adv.

996 732 1164 789 Marc.
1186 750 1301 805 cap.
1324 736 1376 789 7.
1405 750 1545 789 nam.
1571 733 1696 790 119.

606 848 981 925 ¹Τίξιηιυιιὶεηιιιε
1007 848 1290 919 allegorice
1335 848 1403 904 de
1444 849 1715 905 Marcione
1762 848 1873 919 qui,
1903 863 2148 904 errorum

554 940 819 1012 pravitate
840 945 1140 999 excaecatus
1162 984 1177 1007 ,
1219 942 1359 996 male
1380 941 1448 997 de
1474 941 1689 1003 Christo
1734 942 1755 1013 (
1783 950 1929 1010 petra
1986 940 2151 1010 spiri-

558 1033 676 1105 tali)
698 1033 940 1089 sentiret.
964 1032 1081 1088 Non
1110 1033 1356 1088 absimile
1388 1050 1401 1087 :
1437 1034 1740 1104 lmpingere
1765 1033 1818 1087 in
1843 1033 2144 1103 scopulmn,

550 1126 646 1181 lib.
677 1125 746 1180 dc
775 1124 1037 1181 Trinitatc
1056 1166 1071 1191 ,
1102 1141 1220 1195 cap.
1246 1125 1339 1180 28.
1375 1125 1586 1180 Duobus
1610 1126 1721 1181 istis
1751 1124 1876 1180 locis
1901 1167 1916 1192 ,
1939 1125 2148 1195 quibus-

472 1253 475 1257 -
554 1221 671 1287 dam
701 1219 898 1288 effossis
919 1220 1197 1275 luminibus
1242 1219 1447 1275 orbatus
1471 1261 1486 1286 ,
1516 1226 1649 1273 totus
1685 1219 1739 1271 in
1766 1218 2014 1272 doctrina:
2039 1232 2149 1272 sua:

553 1313 778 1367 caecitate
865 1323 1153 1383 superatus.
1232 1311 1587 1382 Usurpabitur
1652 1312 1702 1365 in
1780 1325 1903 1365 cum
1985 1327 2145 1381 quem

500 1470 505 1479 ,
556 1405 872 1473 opinionum
918 1404 1243 1473 perversitas
1288 1402 1355 1458 ad
1386 1402 1617 1459 absurda
1652 1417 1881 1473 qumque
1904 1403 2150 1474 praecipi-

556 1504 664 1549 tem
692 1495 820 1565 agit.

556 1627 649 1685 21.
688 1626 908 1683 Cadere
929 1627 1193 1682 cominus.
1222 1627 1369 1682 Tom.
1404 1626 1468 1682 ΙΙΙ
1492 1669 1506 1693 ,
1534 1627 1622 1682 lib.
1656 1626 1716 1680 ll.
1751 1626 1869 1682 adv.
1900 1626 2068 1681 Marc.
2099 1642 2146 1681 c.

799 1719 894 1773 ult.
926 1736 1067 1774 num.
1089 1718 1216 1775 205.
1248 1730 1294 1774 et
1321 1720 1408 1775 lib.
1441 1719 1529 1774 ΙΙΙ.
1563 1736 1610 1775 c.
1642 1719 1696 1785 5,
1726 1734 1780 1773 η.
1817 1719 1904 1775 14.
1975 1768 1986 1779 .

623 1853 880 1910 Cominus
904 1856 1113 1918 caztlere,
1144 1857 1374 1910 caminus
1399 1854 1672 1918 dimicare,
1693 1859 1935 1916 συστάδην
1962 1852 2146 1924 μάχεσ-

556 1955 661 2008 θαι,
709 1958 791 2000 και
818 1953 1018 2012 ἐγγύθενς
1050 1946 1134 2001 cui
1162 1946 1492 2001 contrarium
1511 1988 1525 2006 .
1556 1950 1806 2018 πὸῤῥωθιν,
1837 1951 1918 2001 διὰ
1944 1953 2150 2018 δοράτων

555 2047 587 2098 ἢ
617 2047 789 2110 pila».
814 2038 1152 2094 Translatum
1174 2054 1203 2093 a
1234 2039 1405 2105 bello,
1431 2039 1484 2093 in
1508 2054 1613 2110 quo
1635 2055 1776 2095 nunc
1796 2041 2028 2096 conserti
2055 2057 2151 2111 pu-

552 2139 717 2198 gnant
733 2129 1005 2199 gladiis,et
1022 2131 1453 2193 conserere,sive
1477 2130 1722 2185 conferre
1742 2145 1932 2185 manus
1956 2129 2116 2186 dicun
2134 2161 2150 2173 -

555 2231 663 2289 tur,
702 2238 842 2279 nunc
883 2223 1142 2277 machinis
1173 2232 1264 2277 aut
1293 2223 1453 2277 etiam
1488 2223 1715 2278 amentis
1744 2224 1928 2294 procul
1967 2224 2068 2279 tela
2096 2224 2147 2279 in

553 2317 765 2372 hostem
794 2326 1120 2386 torquentes.
1149 2314 1377 2385 Utemur
1403 2330 1469 2370 eo
1487 2357 1502 2384 ,
1532 2330 1697 2385 quum
1720 2315 2024 2386 signiﬁcare
2054 2331 2151 2371 vo-

555 2409 817 2465 luerimus
860 2421 959 2462 nos
1008 2422 1121 2463 rem
1174 2406 1390 2476 propius
1413 2448 1426 2471 ,
1477 2421 1570 2463 seu
1598 2406 1666 2461 de
1692 2407 1990 2477 propinquo
2011 2408 2149 2464 velle

554 2500 863 2571 expendere
887 2540 901 2565 ,
933 2499 1136 2570 agitare
1160 2540 1174 2565 ,
1205 2507 1520 2569 argumenta
1549 2513 1616 2553 ex
1643 2497 1723 2554 rei
1746 2498 1913 2569 ipsius
1934 2506 2146 2566 natura,

551 2610 660 2650 non
691 2594 1027 2669 extrinsecus
1069 2602 1340 2661 assumpta
1366 2632 1382 2658 ,
1433 2591 1500 2646 ad
1525 2590 1897 2646 inlirmandam
1926 2590 2150 2662 alicujus

561 2684 882 2740 sententiam
916 2684 1135 2738 afferre.

560 2797 650 2852 22.
675 2795 752 2853 De
766 2797 992 2853 calcaria
1013 2796 1080 2851 ad
1096 2796 1486 2853 carbonariam.
1512 2795 1662 2852 Tom.
1688 2795 1777 2864 Ill,
1803 2794 1889 2852 lib.
1908 2795 1971 2851 de
1988 2794 2153 2851 Came

981 2888 1191 2955 Christi,
1224 2884 1342 2959 cap.
1464 2904 1609 2943 num.
1633 2887 1724 2943 52.

631 2984 944 3074 Britannus.
984 3000 1219 3059 Calcaria
1262 3000 1480 3057 taberna
1504 3012 1589 3056 est
1612 3041 1625 3067 ,
1652 3000 1742 3057 ubi
1769 3001 1886 3056 calx
1912 3013 2154 3056 asserva-

566 3106 656 3152 tur
680 3107 773 3152 aut
796 3094 1062 3151 venditur.
1115 3094 1203 3150 Sic
1240 3094 1543 3157 carbonaria
1570 3110 1601 3149 a
1644 3094 1988 3151 carbonibus.
2016 3094 2153 3152 Usus

559 3190 693 3256 erit,
743 3204 904 3260 quum
936 3202 1023 3244 res
1049 3185 1265 3242 sordida
1305 3195 1398 3241 aut
1426 3186 1653 3242 molesta
1680 3229 1693 3253 ,
1754 3202 1907 3257 aeque
1936 3187 2151 3243 sordida

556 3290 650 3336 aut
677 3280 900 3336 molesta
950 3278 1229 3334 mutatur.
1265 3277 1333 3332 Et
1376 3279 1595 3349 elegans
1636 3277 1980 3349 proverbium
2022 3287 2150 3347 est,

563 3375 776 3445 quoties
803 3374 870 3429 de
906 3373 1115 3443 impuro
1143 3373 1262 3427 loco
1291 3371 1357 3426 ad
1383 3372 1553 3427 nihilo
1584 3373 1857 3444 puriorem
1888 3388 1987 3428 nos
2013 3375 2152 3430 reci-

558 3467 741 3537 pimus
769 3481 968 3534 ;qnutn
1015 3481 1080 3520 ex
1106 3480 1212 3518 uno
1241 3464 1383 3518 malo
1412 3465 1466 3519 in
1499 3465 1642 3519 aliud
1668 3466 1938 3521 diversum
1963 3466 2154 3522 incidi-

559 3570 701 3612 mus.
730 3555 1019 3625 Postquam
1068 3556 1428 3612 Tertullianus
1453 3557 1736 3612 Marcionis
1790 3559 2156 3628 respondisset

558 3646 937 3717 impurissime:
961 3647 1152 3702 haeresi
1181 3690 1196 3714 ,
1229 3648 1296 3703 ad
1322 3648 1521 3718 Apellis
1542 3665 1697 3719 teque
1726 3651 1919 3721 impuri
1962 3650 2152 3705 confu-

562 3738 835 3813 tationem.
860 3754 981 3795 sese
1027 3738 1276 3809 accingit.
1304 3739 1423 3794 Non
1452 3740 1697 3796 absimile
1740 3761 1752 3796 :
1797 3741 1840 3795 E
1875 3741 2051 3812 Scylla
2099 3744 2152 3798 in

563 3828 889 3898 Charybdim
918 3845 932 3894 ;
964 3842 996 3884 c
1025 3827 1174 3883 fumo
1205 3829 1256 3882 in
1286 3830 1577 3883 ﬂammam.
1608 3828 1719 3886 Nisi
1737 3831 1878 3902 quod
1909 3832 2000 3886 illo
2022 3832 2153 3888 Pro.

563 3916 747 3973 verbio
772 3917 1017 3988 quaedam
1045 3918 1310 3985 malorum,
1350 3917 1633 3975 diversitas
1662 3961 1676 3985 ,
1715 3930 1769 3975 et
1814 3922 1963 3998 quasi
1997 3938 2155 3993 repu-
2190 3966 2197 3969 .

557 4010 776 4081 'gnantia
797 4009 1085 4081 signiﬁcari
1114 4010 1357 4066 videatur
1380 4052 1394 4076 ,
1426 4011 1500 4065 uti
1529 4012 1648 4066 calx
1674 4020 1729 4068 et
1751 4013 2032 4078 carbones,
2060 4030 2149 4070 ra-

560 4104 709 4157 tione
734 4085 1128 4156 contrariorum
1149 4101 1388 4156 colorum
1422 4114 1739 4173 repugnant.
1760 4106 2153 4177 Sumptumque
2242 4166 2249 4170 ,

561 4199 647 4246 est
686 4190 756 4245 ab
784 4190 880 4257 iis,
915 4191 1107 4261 quibus
1136 4191 1324 4248 sordes
1361 4192 1584 4261 odiosae,
1609 4210 1784 4265 neque
1814 4195 1967 4251 facile
1989 4198 2152 4252 vesti-

570 4292 683 4336 tum
724 4282 1078 4363 contaminari
1114 4282 1214 4339 sibi
1270 4284 1580 4354 patiuntur,
1623 4286 1771 4356 quod
1795 4286 1960 4358 fuligo
2005 4298 2154 4345 utro-

559 4388 787 4445 rumque
802 4372 982 4429 eflicit.

2252 529 2421 584 verbii
2447 544 2577 585 usus
2604 538 2764 602 patet.

2252 639 2348 696 24.
2391 641 2626 714 Campus
2660 642 2808 700 {usus
2837 653 2892 701 et
2938 645 3075 700 latus
3100 645 3360 716 aperitur.
3413 645 3554 704 Ibid.
3586 664 3702 720 cap.
3748 650 3842 709 28.

2898 752 3038 790 num.
3074 734 3197 791 127.

2324 824 2422 880 Cui
2463 826 2786 882 contrarium
2811 869 2827 895 ,
2869 843 2976 883 non
3006 828 3207 885 habere
3257 830 3392 887 satis
3417 845 3670 903 magnum
3700 848 3848 892 cam-

2256 931 2382 987 pum
2411 917 2465 972 in
2494 933 2602 988 quo
2640 927 2915 986 versetur,
2970 920 3110 992 apud
3150 919 3486 978 Ciceronem.
3513 923 3843 983 Novatianus

2254 1009 2413 1065 etiam
2443 1009 2567 1065 alibi
2598 1010 2787 1065 eodem
2810 1011 2947 1065 libro
2978 1028 2997 1066 :
3029 1011 3152 1067 ch
3178 1013 3392 1068 breviter
3415 1015 3517 1070 sint
3540 1016 3683 1071 nobis
3709 1018 3846 1077 dicta

2253 1110 2297 1156 ct
2324 1102 2538 1156 strictim
2560 1104 2730 1182 posita
2756 1146 2771 1169 ,
2812 1115 2859 1159 et
2884 1122 2987 1160 non
3021 1106 3175 1178 longa
3197 1107 3541 1178 disputatione
3591 1122 3844 1182 porrecta.

2256 1194 2437 1267 Latius
2466 1197 2598 1250 enim
2626 1206 2898 1268 potuerunt
2942 1200 3155 1270 porrigi,
3183 1209 3230 1254 et
3258 1201 3593 1271 propensiore
3617 1203 3851 1275 disputa-

2251 1288 2386 1343 tione
2406 1289 2639 1359 produci.

2253 1400 2347 1458 25.
2370 1400 2574 1473 Capitis
2590 1394 3064 1475 supercilioloqui.
3088 1403 3233 1460 Tom.
3251 1403 3337 1461 Ill.
3353 1406 3442 1461 lib.
3465 1406 3584 1462 adv.
3601 1405 3848 1481 Hermog.

2737 1525 2745 1535 ε
2824 1512 2939 1567 cap.
2966 1496 3057 1551 27.
3094 1515 3148 1552 n.
3191 1497 3281 1553 91.

2326 1606 2384 1662 In
2413 1609 2696 1679 superciliis
2728 1618 2945 1665 notatur
2970 1611 3158 1677 fastus,
3184 1626 3288 1683 qua
3308 1623 3458 1683 parte
3474 1621 3567 1668 aut
3594 1629 3850 1684 negamus

2264 1706 2357 1753 aut
2383 1701 2686 1755 annuimus.
2716 1701 2867 1756 llaud
2898 1700 3061 1758 dubie
3085 1711 3359 1758 mutuatus
3372 1705 3440 1760 ab
3471 1705 3703 1762 Homero
3722 1705 3848 1761 illud

2181 1799 2229 1858 B
2274 1797 2357 1845 est
2381 1789 2607 1847 Tertull.
2635 1792 2784 1847 lliad.
2815 1817 2870 1846 α.
2893 1792 3080 1849 Thetis
3108 1793 3174 1848 ad
3194 1793 3380 1850 Jovem
3408 1813 3421 1849 :

2378 1917 2569 1970 pinnae-sli
2586 1913 2632 1966 δὴ
2662 1932 2724 1967 μοι
2745 1917 2917 1970 bubulco.
2943 1919 3003 1957 καὶ
3027 1919 3258 1958 ιατόπιυὸον.

2376 1967 2520 2018 Haud
2542 1968 2802 2018 dubitanda
2827 1967 2945 2018 mihi
2972 1971 3201 2032 promitte
3224 1976 3373 2033 atque
3404 1985 3586 2021 annue.

2256 2070 2563 2147 Respondet
2591 2074 2802 2145 JUpllcr
2834 2094 2847 2130 :

2379 2202 2425 2239 El.
2442 2195 2546 2250 δ’ἆγι
2571 2213 2627 2237 τοι
2650 2199 2787 2250 attrahi
2803 2200 3083 2247 ιαωυιὺσομαι,
3106 2198 3197 2251 dape.
3217 2199 3413 2250 πιποίοιςί

2377 2265 2494 2301 Τοῖδτο
2509 2262 2575 2311 γὰρ
2598 2260 2633 2304 ιε
2657 2261 2776 2311 uno"
2793 2274 2830 2308 τι
2847 2262 2925 2309 μετ’
2943 2261 3156 2300 ἀθανάτοισι
3173 2264 3343 2310 ist-{totos

2377 2319 2541 2375 'l'btpup'
2559 2323 2599 2360 οὗ
2622 2324 2689 2374 γὰρ
2714 2323 2798 2372 ἄξιὸν
2821 2323 3096 2373 παλινὰγρετον,
3114 2319 3196 2362 οὔδ’
3213 2323 3421 2371 ἀπατηλὸν.

2380 2381 2469 2436 ρῡδ*
2490 2385 2728 2433 ἁτιλιΰτητον
2751 2386 2783 2435 τ’
2807 2384 2845 2431 ὃ,
2863 2399 2901 2424 τι
2921 2399 2980 2424 Iuv
2995 2386 3129 2436 ιιθσλῇ
3154 2386 3382 2424 ueterrimo»

2380 2433 2427 2493 ίί,
2449 2448 2513 2485 καὶ
2524 2449 2710 2498 unaunam
2734 2433 2787 2484 ἰή·
2805 2433 3231 2498 ὀῳρὺσινιὶσιγκέονίυν.

2256 2517 2327 2595 Id
2342 2528 2443 2583 est,

2378 2631 2636 2694 Annutabo
2658 2631 2745 2681 tibi
2768 2632 2926 2694 capite
2941 2670 2954 2691 ,
2982 2640 3038 2682 ut
3061 2632 3192 2681 bene
3215 2632 3305 2680 lida
3330 2633 3582 2694 quiescas;

2379 2692 2485 2755 Hoc
2502 2695 2542 2743 si
2560 2694 2761 2755 quidem
2785 2691 3013 2755 magnum
3032 2702 3109 2743 est
3124 2694 3221 2742 diis
3236 2691 3712 2755 eum'immortalihus
3726 2705 3754 2744 a
3771 2707 3854 2745 me

2378 2753 2641 2818 Iudicium,
2667 2769 2833 2817 neque
2851 2753 2988 2818 enim
3011 2753 3290 2806 revocabile
3314 2756 3404 2811 mi,
3430 2769 3595 2818 neque
3619 2755 3759 2805 fallax
3774 2794 3789 2816 ,

2381 2817 2621 2881 Quodque
2645 2818 2735 2881 tibi
2746 2817 2915 2881 capite
2938 2818 3200 2881 annutalio,
3215 2830 3377 2881 neque
3401 2817 3759 2881 ittiperfectunt.

2380 2878 2523 2929 Dicta
2542 2878 2825 2942 Superciliis
2848 2878 3109 2928 Saturnius
3131 2878 3309 2928 annuit
3324 2878 3487 2928 atris.‘
3708 2926 3713 2929 _
3832 2892 3867 2921 ο

2332 2982 2484 3050 Unde
2517 2982 2745 3049 Plinius,
2779 2970 2871 3044 lib.
2918 2981 2960 3038 l.
2993 2983 3153 3052 epist.
3181 2981 3249 3036 ad
3274 2980 3546 3037 Octavimn
3598 2982 3799 3037 Rufum
3832 3003 3847 3039 :

2260 3073 2394 3130 Vide
2446 3073 2499 3130 in
2536 3090 2641 3145 quo
2703 3090 2788 3130 me
2841 3073 3051 3144 fastigio
3109 3073 3423 3139 collocaris,
3483 3089 3645 3144 quum
3720 3075 3854 3131 mihi

2180 3151 2225 3213 Ο
2259 3167 2398 3223 idem
2427 3168 2735 3238 potestatis,
2764 3164 3014 3236 idemque
3035 3164 3185 3236 regni
3213 3164 3446 3234 dederis,
3480 3165 3621 3237 quod
3646 3164 3849 3242 ﬂume-

2257 3274 2347 3314 rus
2375 3257 2523 3323 Jovi,

2381 3382 2452 3433 Υἱῷ
2471 3377 2507 3419 δ’
2530 3381 2649 3432 inpos
2664 3382 2727 3430 μὶν
2748 3377 2858 3420 ’ἄδι-ιι
2881 3382 3015 3432 πατὴρ,
3035 3380 3156 3432 In?“
3179 3376 3216 3418 δ’
3237 3380 3448 3425 hiemen.

2388 3452 2550 3502 Unum
2572 3452 2817 3513 concessit
2841 3460 2952 3502 voto
2973 3458 3132 3515 pater,
3156 3453 3328 3503 annuit
3348 3466 3514 3503 unum.

2242 3554 2392 3611 Nam
2420 3573 2521 3629 ego
2559 3574 2774 3629 quoque
2813 3558 2971 3613 simili
2995 3567 3124 3613 nutu
3191 3573 3255 3614 ac
3298 3568 3490 3614 renutu
3531 3559 3858 3631 respondere

2264 3650 2512 3702 voto'tuo
2558 3663 2798 3716 possum.
2832 3648 2944 3705 Huc
2974 3648 3247 3718 pertinere
3296 3663 3401 3704 non
3433 3661 3633 3705 temere
3663 3639 3853 3706 existi-

2261 3756 2440 3796 metu:
2488 3741 2805 3805 Censorium
2833 3741 3198 3813 supercilium,
3244 3742 3395 3813 quasi
3443 3745 3532 3814 qui
3583 3746 3853 3814 supercilio

2259 3833 2378 3889 solo
2404 3832 2490 3889 vel
2516 3832 2770 3899 damnet,
2794 3834 2877 3888 vel
2911 3834 3119 3903 probet,
3147 3834 3291 3904 quod
3312 3835 3403 3890 alii
3431 3835 3673 3892 tetricum
3700 3852 3858 3893 seve-

2255 3927 2467 3983 ritatem
2490 3927 2924 3997 interpretantur.

2255 4038 2355 4095 26.
2401 4038 2761 4095 Catltarticum
2787 4014 2937 4096 dare.
2962 4038 3109 4094 Tom.
3137 4038 3177 4094 ι.
3206 4041 3296 4095 lib.
3326 4040 3389 4095 de
3420 4039 3626 4107 Pallio,
3660 4059 3775 4113 cap.
3800 4043 3857 4099 5.

2898 4147 3039 4187 num.
3086 4134 3112 4187 1
3126 4134 3147 4187 1
3159 4134 3210 4188 1.

2331 4249 2629 4316 Καθαρτι-ῑόν
2666 4251 2694 4304 ἢ
2739 4229 3052 4317 χαθάρτήριον
3078 4251 3350 4317 φάρμακον,
3378 4253 3406 4306 ἡ
3444 4253 3669 4317 κάθαρσις
3699 4287 3714 4312 ,
3743 4260 3858 4301 me-

2261 4337 2623 4393 dicamentum
2668 4337 3050 4405 ventriﬂuum‘,
3116 4339 3230 4394 sive
3265 4338 3406 4408 quod
3435 4339 3609 4394 al‘vutn
3648 4339 3849 4408 dejicit.

2265 4427 2400 4483 Hinc
2429 4434 2671 4490 ὖπήλατσν
2689 4427 2889 4499 dictum
2920 4429 3249 4499 Hippocrati.
3282 4428 3528 4500 Explicat
3546 4445 3605 4485 se
3620 4429 3855 4485 Tertull.

557 4505 650 4564 23.
666 4506 886 4581 Campis
913 4492 1358 4566 suisdill'undere.
1388 4510 1536 4566 Tom.
1569 4511 1635 4579 V,
1661 4513 1748 4567 lib.
1772 4514 1834 4568 de
1860 4511 2110 4570 Trinitate
2134 4555 2149 4582 ,
2180 4506 2235 4566 D
2265 4519 2512 4574 Sermone
2559 4535 2638 4573 me
2695 4492 2901 4575 suasisti
2940 4492 3274 4576 medicamine
3330 4492 3704 4606 sapientissimo
3742 4537 3760 4576 :
3789 4536 3858 4577 ex

1114 4612 1230 4674 cap.
1258 4604 1313 4659 6.
1342 4621 1483 4658 num.
1516 4604 1609 4658 26.

634 4734 762 4790 Hmc
793 4736 933 4792 inter
951 4749 1010 4791 se
1034 4737 1257 4806 opponit
1283 4736 1632 4815 Novatiauus,
1668 4737 1816 4793 Intra
1842 4739 1951 4794 Ilaec
1971 4757 2154 4812 corpo-

548 4826 637 4880 ~ris
664 4829 823 4880 nostri
853 4828 1155 4881 lineamenta
1207 4829 1409 4883 modum
1439 4841 1526 4884 aut
1565 4832 1785 4901 figuram
1814 4832 2001 4887 divina:
2044 4850 2156 4887 nta-

512 4988 517 4991 _
557 4915 761 4985 jestatis
785 4916 1089 4981 includere;
1135 4927 1181 4971 et
1211 4922 1315 4972 suis
1340 4919 1485 4974 illam
1515 4922 1854 4975 interminata:
1897 4924 2154 4995 magnitu-

563 5008 698 5062 dinis
714 5008 905 5079 campis
934 5009 1043 5065 sine
1057 5011 1163 5063 ullo
1184 5012 1286 5079 ﬁne
1305 5012 1611 5079 cli/fundere.
1636 5013 1771 5069 Nota
1823 5024 1949 5070 sunt
1978 5026 2159 5085 paten-

567 5099 643 5154 tia
665 5115 881 5170 aequora
926 5115 1236 5171 camporum
1287 5112 1342 5157 ct
1369 5103 1794 5172 immensitatcs,
1839 5106 1892 5161 in
1941 5108 2155 5179 propria

563 5192 713 5248 vocis
733 5192 1141 5263 significatione.
1175 5194 1242 5248 Et
1270 5193 1403 5249 illud
1437 5194 1648 5268 Virgil.:
1702 5220 1710 5231 σ

813 5306 1018 5372 Equites
1041 5308 1295 5372 Messapus
1316 5310 1363 5372 in
1388 5311 1534 5359 armis
1552 5347 1566 5370 ,

687 5365 750 5416 Et
774 5365 887 5418 cuni
905 5369 1058 5421 fratre
1081 5365 1233 5423 Cora's
1245 5407 1259 5433 ,
1284 5371 1395 5421 latis
1408 5365 1662 5435 diffundite
1678 5373 1877 5437 campis.

561 5501 709 5551 Κατὰ
735 5502 821 5554 τήν
854 5505 1123 5569 μεταφορὰν
1152 5496 1266 5553 ιιωο
1310 5515 1324 5550 :
1378 5498 1677 5555 thctorum
1723 5500 1937 5571 campi;
1966 5501 2027 5557 In
2051 5500 2154 5557 ali-

559 5601 666 5657 quo
689 5600 879 5659 campo
905 5587 1189 5646 Oratorem
1220 5593 1444 5659 versari;
1467 5592 1543 5649 Ex
1571 5594 1771 5667 ingenti
1791 5593 2028 5667 quodam
2053 5594 2158 5652 im-

556 5693 853 5752 mensoque
888 5697 1079 5753 campo
1108 5684 1161 5738 in
1192 5686 1441 5767 exiguum
1465 5703 1656 5759 gyrum
1684 5688 1967 5746 Oratorem
2000 5704 2150 5744 com-

552 5770 778 5844 pellere;
807 5782 862 5832 et
887 5816 903 5846 ,
927 5777 1053 5836 [Leo
1073 5778 1388 5839 latissimum
1417 5781 1632 5841 dicendi
1653 5797 1901 5855 campum
1928 5783 2138 5846 rhetori

2254 4625 2431 4680 graeco
2457 4610 2682 4666 Senario
2710 4629 2723 4665 :
2808 4636 2817 4645 -
3834 4638 3889 4675 ι,

2381 4734 2483 4783 Λόγῳ
2503 4732 2541 4781 μ’
2558 4732 2704 4778 inice;
2727 4734 2902 4785 φαρμάκῳ
2920 4734 3133 4785 σοφωτάτῳ.

2260 4831 2531 4893 Καθαιροῦν
2555 4831 2639 4878 est
2684 4822 2912 4879 lustrare
2937 4832 2993 4879 et
3040 4824 3259 4895 expiare
3284 4865 3298 4890 ,
3351 4822 3446 4879 ad-
3479 4800 3623 4895 quod
3675 4824 3868 4882 alludit

2254 4914 2441 4971 Horat.
2470 4913 2563 4969 lib.
2592 4913 2633 4968 Ι.
2663 4914 2821 4985 epist.
2844 4916 2895 4971 l.‘
2928 4915 3154 4987 loquens
3179 4916 3245 4972 de
3266 4915 3408 4971 vitiis
3435 4915 3634 4970 animi:

2384 5033 2515 5097 Sunt.
2534 5034 2684 5083 verba
2708 5039 2761 5082 et
2782 5046 2946 5094 voces,
2970 5034 3150 5097 quibus
3171 5034 3301 5097 hunc
3324 5032 3484 5083 lenire
3509 5031 3732 5097 dolorem

2380 5094 2563 5155 Possis,
2591 5104 2643 5145 et
2666 5097 2824 5146 morbi
2846 5094 3071 5157 magnam
3091 5096 3354 5159 depellere
3380 5103 3585 5159 mrtem.
3611 5095 3698 5155 Et,

2495 5193 2507 5205 .
2548 5196 2558 5207 .
2605 5194 2615 5205 .
2652 5166 2770 5221 sunt
2794 5156 3285 5221 certa"piacula,'qua3
3308 5163 3361 5221 te

2384 5218 2486 5268 Ter
2508 5232 2634 5283 pure
2657 5220 2787 5270 lecto
2812 5217 3079 5283 potuerunt
3099 5217 3331 5270 recreare
3352 5217 3542 5269 libello.

2260 5299 2376 5356 Huc
2401 5301 2652 5370 pertinet,
2684 5301 2940 5357 Elleboro
2969 5316 3216 5372 purgare,
3241 5310 3296 5356 et
3322 5301 3539 5358 similia.

2260 5389 2350 5445 27.
2376 5390 2577 5448 Catone
2592 5392 2891 5463 sapientior
2910 5401 2965 5447 et
2987 5392 3223 5463 gravior.
3251 5389 3401 5446 Tant.
3422 5391 3462 5446 l.
3490 5391 3711 5465 Apolog.
3735 5410 3855 5467 cap.

2830 5487 2921 5542 11.
2963 5502 3103 5540 num.
3147 5485 3270 5542 175.

2333 5600 2522 5657 Catum
2546 5600 2729 5658 Sabini
2756 5609 2974 5658 acutum
2990 5599 3266 5677 dixerunt,
3298 5600 3443 5657 unde
3471 5599 3725 5656 Catonum
3757 5617 3856 5659 no-

2262 5709 2407 5752 men.
2431 5694 2597 5765 Hujus
2619 5704 2798 5750 autem
2821 5692 3041 5758 Catonis,
3071 5691 3210 5762 apud
3228 5692 3448 5748 Teﬂull.
3474 5694 3627 5763 primi
3655 5693 3856 5751 c'tCen-

2262 5786 2417 5857 sorii,
2449 5766 2682 5862 elﬁum
2708 5785 2875 5845 babes
2893 5784 3030 5860 apud
3050 5784 3284 5845 Plinium
3313 5783 3409 5847 lib.
3454 5780 3567 5850 illi.
3601 5801 3719 5860 cap.
3752 5785 3846 5844 27.
