4250 6266
1493 393 2014 455 PROVERBIALES
2057 396 2426 458 FORMULIE.

347 401 462 459 ΞΠ

3544 409 3653 470 218

356 525 414 575 et
435 513 576 586 apud
595 513 838 568 Ciceron.
863 509 956 567 lib.
989 508 1058 565 de
1088 508 1261 565 Amic.
1290 509 1381 566 ubi
1409 509 1476 566 de
1506 511 1698 568 Catone
1721 511 1947 568 Lmlius:
1978 523 2031 584 Α
2055 530 2173 569 snas
2216 532 2318 570 non
2362 517 2722 588 intelligendo,
2755 519 3062 602 valetudinis
3109 525 3449 596 corruptelam
3478 527 3649 598 suspi-

357 611 468 665 Aut
494 607 635 664 enim
685 619 863 669 nemo,
894 613 984 659 aut
1027 603 1071 657 si
1089 603 1368 675 quisquam
1395 644 1412 668 ,
1469 603 1558 661 ille
1589 605 1806 675 sapiens
1832 605 1946 660 fuit.

357 706 427 762 Et
455 706 505 759 in
531 703 627 758 lib.
661 700 726 758 de
742 701 957 770 Senect.
981 700 1071 773 qui
1095 700 1301 756 Catonis
1333 699 1492 771 hujus
1520 701 1735 756 nomine
1761 699 1947 756 inscri-

351 799 520 854 bitur.

353 911 450 968 εδ.
490 911 730 967 Caucaso
762 909 1060 982 abruptior.
1109 909 1253 965 Tom.
1300 909 1341 964 Ι.
1401 908 1488 964 lib.
1519 909 1561 966 Ι.
1621 908 1734 962 adv.
1771 905 1937 964 Marc.

899 1019 1018 1072 cap.
1068 1003 1122 1056 I.
1189 1019 1331 1056 num.
1365 1000 1453 1057 15.

422 1117 694 1174 Caucasus
718 1157 735 1184 ,
765 1131 922 1172 mons
947 1115 1182 1188 Scythiae
1211 1117 1544 1172 vastissimas
1563 1158 1578 1181 ,
1602 1117 1778 1188 cujus,
1803 1117 1954 1172 utait

349 1209 492 1265 Plin.
527 1207 622 1262 lib.
673 1207 758 1262 Vl.
792 1223 916 1277 cap.
947 1209 1001 1264 5.
1030 1208 1160 1279 jnga
1183 1208 1235 1262 in
1285 1208 1522 1263 colchiea
1555 1208 1709 1264 Ponti
1732 1209 1951 1280 regione

346 1301 415 1356 ad
442 1300 700 1370 Riphaeos
728 1309 938 1354 montes
966 1282 1285 1370 torquentur
1305 1340 1320 1364 ,
1366 1299 1537 1354 altero
1563 1299 1730 1355 latere
1761 1300 1814 1354 in
1842 1298 1950 1355 Eu-

348 1394 537 1450 xinum
560 1403 614 1448 et
639 1392 869 1448 Mmorim
897 1391 1122 1459 devexa,
1156 1391 1327 1474 altero
1350 1391 1400 1445 in
1423 1389 1947 1461 Caspiumetllyrca-

347 1486 496 1541 nium
521 1499 691 1551 mare,
721 1483 881 1540 variis
911 1482 1240 1538 nominibus.
1273 1482 1458 1554 Virgil.
1492 1482 1579 1537 IV.
1612 1481 1826 1539 Αἰνεία.
1856 1499 1868 1534 :

688 1597 834 1660 Duris
854 1600 1030 1660 genuit
1048 1605 1099 1646 te
1121 1597 1343 1648 cautibus
1363 1597 1573 1647 horrens

483 1661 736 1721 Caucasus,
753 1659 1108 1724 Hyrcanaque,
1135 1667 1232 1710 etc.

342 1764 554 1832 Quibus
607 1765 785 1820 verbis
833 1765 1102 1835 abruptum
1159 1763 1476 1834 explicatur.
1551 1762 1609 1818 In
1669 1763 1941 1820 hominem

337 1867 632 1928 agrestem,
667 1867 723 1914 et
749 1858 943 1914 durum
972 1901 987 1926 ,
1018 1858 1402 1913 intractabilem
1421 1866 1473 1912 et
1503 1857 1900 1928 inhospitalem.

336 1968 433 2026 29.
467 1969 767 2027 Cerebrum
797 1970 881 2025 vel
911 1984 1005 2024 cor
1030 1985 1134 2024 non
1167 1969 1384 2024 habere.
1431 1969 1574 2024 Tom.
1608 1969 1691 2024 III.
1725 1969 1812 2023 lib.
1845 1967 1934 2024 IV.

703 2064 817 2117 adv.
851 2062 1015 2116 Mare.
1035 2080 1150 2132 cap.
1175 2063 1258 2119 10.
1289 2079 1428 2117 num.
1457 2063 1578 2117 118.

418 2179 482 2234 In
499 2178 729 2235 hominis
744 2180 964 2246 cerebro,
993 2179 1275 2250 spirituum
1301 2177 1538 2232 vitalium
1572 2177 1936 2249 receptaculo,

338 2287 602 2342 suprema
624 2273 831 2342 ctquasi
855 2272 999 2342 regia
1029 2271 1252 2326 rationis
1282 2279 1558 2340 potestas;
1591 2270 1642 2324 in
1665 2270 1817 2324 corde
1853 2278 1938 2324 to-

341 2373 438 2417 tus
469 2365 584 2433 ipse
613 2363 730 2418 vita:
749 2364 871 2420 fons
921 2373 976 2419 et
1021 2365 1301 2434 sapientia:
1325 2363 1500 2418 sedes.
1526 2363 1660 2418 I-Iinc
1681 2362 1938 2419 vecordes

334 2464 397 2510 et
439 2455 694 2524 insipidi,
749 2458 950 2511 cerebro
1006 2456 1253 2525 cortleque
1281 2455 1432 2509 vacui
1458 2454 1730 2509 dicuntur.
1764 2457 1938 2524 Atque

337 2545 482 2602 adeo
503 2547 616 2616 ipsa
643 2548 889 2618 corporis
917 2549 1070 2614 vitia,
1120 2549 1162 2602 si
1192 2548 1274 2603 vel
1297 2548 1498 2602 cerebro
1543 2548 1618 2600 vel
1639 2548 1646 2603 ξ
1670 2547 1810 2600 cordi
1835 2547 1943 2601 sint

321 2638 543 2692 .affinita
564 2680 578 2704 ,
605 2648 838 2694 mentem
857 2656 1070 2710 quoque
1091 2651 1144 2696 et
1170 2641 1436 2694 acu'onem
1464 2638 1801 2694 labefactant.
1831 2640 1937 2693 No-

332 2739 426 2784 tus
442 2729 632 2800 :Esopi
663 2731 922 2801 apologus
957 2731 1024 2787 de
1046 2732 1201 2799 vulpe
1229 2740 1387 2801 caput
1419 2730 1582 2784 larva:
1605 2729 1927 2796 admirante,

328 2824 373 2875 at.
398 2828 476 2876 οἱα
500 2834 702 2894 separari,
735 2836 816 2878 καὶ
856 2831 1103 2895 ἐνκέςραὶω
1131 2831 1211 2878 οὐκ
1241 2833 1361 2893 ἔχει’
1396 2834 1507 2893 πρὸς
1546 2838 1644 2883 τοῖς
1681 2830 1807 2878 κατὰ
1851 2835 1936 2884 τήν

331 2927 492 2985 ψυχὴν
513 2921 800 2985 ἀὶογίςτοις.
820 2920 865 2974 0
890 2919 1044 2989 quale
1065 2920 1241 2988 caput!
1265 2927 1321 2975 et
1337 2919 1592 2973 cerebrum
1619 2932 1725 2972 non
1753 2917 1932 2974 habet.

330 3029 427 3084 50.
471 3030 627 3086 Cervi
673 3032 726 3085 in
751 3032 960 3102 praelio.
1012 3031 1158 3086 Tom.
1201 3031 1264 3085 ll.
1340 3030 1422 3084 lib.
1477 3030 1540 3084 de
1567 3029 1752 3085 Coron.
1782 3029 1932 3084 milit.

697 3126 702 3128 ’
907 3124 1094 3192 cap.I.
1112 3140 1254 3177 nunt.
1281 3123 1360 3177 18.

412 3235 746 3292 Βιιεωκυερ
781 3236 1173 3292 Proverbialem
1205 3236 1427 3307 ﬁgurant
1466 3238 1634 3308 sapit,
1667 3246 1846 3292 natum
1879 3247 1934 3292 ut
1961 3265 2005 3326 ρ

330 3337 568 3395 apparet
592 3369 606 3390 ,
638 3344 702 3381 ex
732 3327 824 3382 illo
870 3329 1116 3383 Chahria:
1145 3329 1554 3399 apophtt-gmate
1581 3373 1595 3397 ,
1645 3330 1734 3400 qui
1763 3330 1932 3395 dixit,

329 3421 838 3478 Formidabiliorem
864 3438 986 3478 esse
1007 3439 1266 3477 cervomm
1285 3424 1578 3478 exercitum
1599 3423 1734 3478 duce
1757 3424 1932 3490 leone,

329 3529 511 3583 quam
557 3513 762 3568 leonum
791 3515 924 3571 duce
975 3501 1138 3570 cervo.
1177 3515 1417 3569 Meminit
1445 3515 1586 3569 Plut.
1616 3515 1804 3570 Cervus
1851 3525 1935 3570 est

325 3605 573 3677 simplex
603 3617 655 3662 et
696 3619 833 3663 nota:
861 3609 1161 3663 timiditatis
1213 3607 1412 3662 animal
1437 3649 1452 3674 ,
1485 3607 1638 3678 cujus
1683 3623 1844 3664 omne
1880 3609 1932 3664 iu

323 3698 463 3768 fuga
497 3701 829 3770 przesiditnn,
858 3719 1022 3772 quum
1063 3704 1130 3757 sit
1157 3701 1608 3772 pernicissimum.
1642 3703 1775 3758 llinc
1813 3719 1931 3756 cer-

321 3793 443 3848 vini
497 3794 604 3875 viri,
645 3795 895 3850 dicuntur
937 3812 1098 3864 quum
1150 3795 1289 3866 fuga:
1340 3796 1508 3865 magis
1539 3811 1697 3864 quam
1731 3795 1933 3851 viribus

323 3886 531 3953 fidunt,
562 3889 759 3957 quique
782 3888 1111 3943 formidolosi
1130 3897 1273 3942 sunt.
1296 3889 1501 3955 Quibus
1518 3888 1748 3955 Mavors,
1771 3897 1827 3943 ut
1847 3889 1931 3955 .ait

320 3981 526 4050 Virgil.
560 3981 651 4035 lib.
681 3981 771 4048 11.,
797 3991 1018 4036 Vrtttosa
1048 3984 1097 4035 in
1131 3982 1306 4052 lingua
1359 3982 1688 4053 pedibusque
1732 3983 1931 4051 fugaci-

318 4075 460 4130 bus.
495 4074 560 4126 l-Zt
608 4073 746 4142 apud
781 4075 934 4130 llom.
979 4075 1129 4130 Iliad.
1185 4099 1218 4128 α
1263 4075 1496 4131 Achilles
1543 4077 1932 4147 Agamemnoni

319 4164 675 4220 timiditatem
698 4167 748 4219 in
766 4166 1142 4237 congreSsibus
1171 4168 1475 4236 pt'wlioruttt
1506 4167 1794 4238 exprobrat
1820 4185 1833 4222 :

461 4289 674 4339 Οὶηϐιςνὶς,
693 4291 794 4336 rue;
813 4292 949 4340 ὄμματ’
974 4290 1074 4343 ilva,
1088 4288 1273 4343 ιμδίηντ¹
1296 4293 1463 4343 iugata;

456 4361 631 4424 libi-ie,
657 4359 900 4414 cervinum
921 4378 1004 4414 cor
1027 4365 1232 4424 habens,
1259 4365 1524 4427 oculosque
1541 4365 1753 4415 caninas.

316 4469 418 4526 51.
468 4468 796 4540 Chrysippus
837 4471 902 4525 ad
949 4469 1266 4525 elleborum.
1300 4469 1444 4524 Tom.
1475 4469 1562 4524 lll.
1606 4470 1694 4524 lib.
1727 4469 1932 4524 (18.4)ιὶ-

498 4572 507 4580 '
821 4579 938 4630 ma,
968 4579 1084 4633 cap.
1119 4565 1171 4617 6.
1229 4579 1371 4616 nutu.
1403 4561 1494 4617 89.

396 4674 757 4747 Chrysippus,
793 4676 1070 4732 Cleanthis
1112 4675 1428 4746 discipulus,
1459 4675 1621 4730 homo
1666 4677 1931 4731 acerrimo

313 4771 574 4842 ingenio,
603 4770 671 4825 de
698 4787 804 4842 quo
832 4771 1151 4834 versiculus,

459 4899 503 4935 εἰ
527 4898 577 4945 μή
599 4897 665 4947 γὰρ
693 4891 734 4944 ἦν
759 4898 995 4948 Χρὺσιππος,
1022 4899 1086 4935 οὐκ
1121 4893 1165 4936 ἄν
1189 4892 1210 4944 ἦ
1248 4900 1342 4936 Στόα
1363 4922 1374 4933 .
1398 4923 1409 4934 .
1445 4921 1455 4932 .
1481 4919 1492 4932 .

455 4967 564 5018 Nisi
584 4968 685 5018 fuat
711 4967 1024 5035 Chrysippus,
1050 4977 1133 5018 aut
1155 4969 1258 5019 fuat
1281 4969 1414 5020 Stoa.

393 5074 722 5130 RelertVal.
755 5075 890 5129 lllax.
926 5075 1018 5129 lib.
1051 5075 1181 5129 VIII.
1212 5091 1332 5146 cap.
1363 5077 1415 5130 7.
1445 5075 1773 5132 Carneadem
1806 5091 1926 5131 cum

311 5167 622 5236 Chrysippo
669 5166 1094 5236 disputaturum,
1147 5167 1366 5223 elleboro
1413 5183 1471 5224 se
1521 5179 1645 5226 ante
1702 5186 1930 5241 purgare

314 5258 576 5319 solitum,
614 5258 679 5312 ad
706 5260 1117 5329 exprimendum
1146 5261 1416 5331 ingenium
1445 5246 1598 5317 suum
1637 5264 1890 5318 attentius
1910 5303 1925 5326 .

314 5363 373 5408 et
409 5351 562 5407 illius
589 5353 938 5408 refellendum
980 5351 1176 5410 acrius.
1212 5355 1354 5411 Idem
1394 5357 1456 5409 A.
1492 5355 1610 5410 Gel.
1634 5356 1725 5411 lib.
1761 5355 1924 5410 XVII.

314 5459 450 5514 cap.
499 5443 587 5499 15.
615 5442 920 5499 Carneades
952 5443 1300 5502 Academicus
1343 5446 1638 5517 scripturus
1672 5447 1928 5502 adversus

312 5533 502 5592 Stoici
557 5533 790 5590 Zenonis
840 5536 1040 5605 libros,
1093 5539 1369 5609 superiora
1419 5539 1660 5610 corporis
1711 5539 1928 5595 elleboro

312 5626 560 5685 candido
595 5629 854 5699 purgavit.
906 5629 972 5684 Et
999 5645 1116 5700 cap.
1151 5631 1238 5685 ubi
1267 5631 1473 5686 ellebori
1517 5631 1835 5687 efficientem
1872 5639 1927 5687 et

263 5705 280 5720 ’
312 5719 530 5790 duplex
563 5735 730 5791 genus
761 5721 1012 5792 explicat.
1047 5721 1114 5776 Et
1145 5722 1280 5777 Plin.
1309 5723 1400 5778 lib.
1425 5707 1592 5778 x‘xv.
1622 5739 1670 5778 ς.
1699 5723 1753 5778 5.
1784 5721 1927 5778 idem

311 5812 594 5868 Carneadi
651 5812 922 5880 attribuit,
965 5823 1021 5870 et
1082 5816 1288 5870 ellebori
1347 5828 1590 5873 naturam
1647 5815 1941 5894 dc.ibit.

311 5904 560 5964 Tertull.
609 5906 710 5978 ipsi
757 5907 1042 5982 Chrysippo
1081 5911 1319 5972 tribucre
1359 5913 1586 5974 videtur.
1634 5914 1925 5974 Sententias

2053 607 2180 662 cari.
2238 607 2391 676 Quod
2447 609 2693 666 Valerius
2760 611 2828 668 de
2882 611 3168 686 Chrysippo
3219 617 3408 673 eodem
3473 620 3680 690 capite‘

2054 699 2239 755 scribit
2274 718 2286 754 :
2316 699 2480 771 Cujus
2509 702 2742 757 studium
2774 702 2826 758 in
2860 705 3146 761 tractandis
3185 707 3380 779 ingenii
3417 711 3501 765 sui
3535 725 3648 766 mo.

2055 792 2323 847 numentis
2353 801 2556 849 tantum
2583 795 2764 866 operis
2786 795 3091 868 laborisque
3113 799 3384 867 sustinuit,
3408 811 3465 856 ut
3485 801 3550 856 ad
3578 817 3641 859 ea

2052 899 2171 954 quin
2209 885 2456 959 scripsit,
2511 887 2720 956 penitus
2755 889 3166 960 cognoscenda,
3216 891 3371 961 Iohga
3425 893 3528 947 vita
3578 897 3648 950 sit

2055 991 2208 1046 Opus.
2237 978 2300 1032 Et
2325 986 2383 1033 ut
2403 977 2517 1033 Cic.
2547 978 2614 1036 de
2638 979 2828 1037 eodem
2860 998 2873 1034 :
2903 981 3191 1048 Quaedam,
3227 984 3417 1054 inquit,
3450 999 3648 1056 propo-

2057 1069 2245 1135 nebat,
2297 1085 2418 1140 qua:
2465 1085 2532 1126 ne
2579 1072 2694 1142 ipse
2738 1072 2953 1144 quidem
3007 1075 3174 1144 potuit
3221 1075 3536 1132 dissolvere.
3580 1079 3650 1132 At

2056 1159 2323 1216 Lucianus
2364 1161 2630 1218 fabulatur
2675 1164 2728 1219 in
2772 1164 2838 1220 ll.
2891 1166 3066 1222 verar.
3118 1165 3325 1222 Narrat.
3379 1169 3473 1223 lib.
3530 1168 3646 1224 Non

2054 1250 2268 1307 licuisse
2313 1251 2598 1324 Chrysippo
2647 1255 2699 1310 in
2729 1255 3004 1310 beatorum
3040 1256 3267 1312 insulam
3308 1258 3643 1329 immigrare,

2053 1343 2154 1398 nisi
2183 1354 2430 1414 quartum
2486 1343 2594 1414 jam
2642 1355 2856 1418 sumpto
2911 1347 3147 1404 elleboro.
3200 1349 3456 1405 Alludens
3503 1352 3640 1418 huc,

2052 1437 2192 1507 quod
2236 1447 2318 1492 ter
2356 1439 2410 1492 in
2443 1439 2547 1492 vita
2591 1440 2792 1495 bibisse
2819 1451 3166 1497 memoratur.
3202 1443 3335 1498 Ilinc
3372 1444 3646 1499 elleborum

2051 1528 2258 1596 bibere,
2286 1531 2470 1597 edere,
2504 1547 2676 1602 eoque
2700 1548 2760 1588 se
2787 1549 3012 1604 purgare
3034 1535 3310 1605 jubentur,
3339 1540 3426 1610 qui
3452 1527 3646 1597 uiculis

2047 1622 2346 1693 capitisque
2366 1623 2491 1677 vitia
2512 1623 2615 1678 sibi
2646 1623 2809 1679 levari
2831 1625 3013 1680 velint.
3173 1695 3184 1700 _

2051 1739 2139 1796 52.
2175 1740 2250 1795 De
2280 1741 2417 1796 coelo
2447 1743 2774 1812 supervenit.
2828 1742 2970 1798 Tom.
3029 1743 3072 1799 I.
3117 1744 3336 1817 Apolog.
3385 1761 3500 1818 cap.
3554 1748 3642 1804 10.

2687 1853 2828 1889 num.
2856 1836 2978 1890 162.

2053 1966 2062 1973 τ
2116 1946 2410 2002 Videantur
2456 1949 2844 2004 Annotationes
2883 1950 3120 2005 Pamelii.
3150 1951 3396 2022 Explicat
3442 1951 3643 2008 Tertul-

2045 2039 2216 2094 lianus
2245 2039 2296 2094 in
2322 2041 2529 2110 ignotos
2557 2081 2571 2106 ,
2603 2050 2658 2095 et
2681 2041 2765 2096 vel
2793 2057 2856 2096 ex
2885 2042 3156 2111 inopinato
3176 2052 3522 2112 apparentes;
3551 2044 3641 2115 qui

2043 2145 2096 2185 et
2122 2131 2332 2186 cmlites
2361 2141 2416 2186 et
2443 2131 2581 2186 coelo
2606 2131 2830 2202 delapsi,
2866 2133 2950 2188 vel
2977 2148 3008 2188 e
3036 2134 3174 2190 coelo
3203 2133 3465 2190 cecidisse
3490 2135 3642 2192 dice-

2041 2223 2255 2292 bantur,
2282 2230 2620 2296 οὐρανοπετεῖς.
2682 2225 2813 2280 Illud
2865 2235 3134 2297 sumptum
3184 2225 3347 2282 videri
3392 2237 3566 2297 potest
3609 2243 3641 2284 a

2042 2317 2216 2372 scenis
2241 2317 2478 2389 Tragicis
2499 2360 2513 2384 ,
2544 2319 2807 2390 inquibus
2836 2319 2980 2386 fere,
3023 2324 3120 2374 ἀπὸ
3148 2338 3230 2382 τῆς
3269 2339 3488 2391 μηχανῆς
3517 2331 3634 2386 θεὸς.

2043 2410 2136 2466 Est
2180 2413 2322 2466 enim
2354 2413 2622 2467 'inachina
2678 2428 2838 2484 supra
2880 2429 3096 2486 scenam
3145 2415 3328 2480 locus,
3381 2415 3519 2472 unde
3572 2432 3640 2474 ex

2042 2503 2333 2573 improviso
2357 2504 2499 2559 Deos
2519 2505 2711 2575 aliquis
2736 2507 3049 2576 apparebat.

2041 2618 2129 2672 55.
2166 2618 2239 2674 De
2264 2619 2402 2674 caelo
2429 2618 2482 2672 in
2505 2634 2739 2674 caenum.
2764 2618 2906 2673 Tom.
2933 2619 2998 2672 ll.
3033 2620 3118 2673 lib.
3141 2619 3204 2674 de
3220 2618 3391 2691 Spect.
3411 2637 3526 2691 cap.
3543 2621 3634 2678 95.

2686 2729 2825 2765 noun
2866 2712 2990 2768 189.

2115 2824 2320 2879 Tertul.
2355 2823 2434 2878 De
2464 2824 2695 2881 Ecclesia
2723 2826 2838 2891 Dei,
2872 2826 2940 2881 In
2983 2827 3172 2882 diaboli
3213 2823 3495 2884 Ecclesium
3529 2839 3637 2884 len-

2043 2917 2180 2970 dere.
2235 2917 2299 2970 Et
2338 2917 2430 2971 lib.
2462 2917 2530 2972 de
2570 2918 2767 2974 Coron.
2800 2919 2956 2974 milit.
3011 2919 3089 2974 De
3134 2921 3314 2976 castris
3365 2923 3416 2975 in
3467 2934 3637 2978 castra

2042 3010 2359 3063 tenebrarinn
2421 3027 2602 3064 nomen
2665 3011 2882 3083 deferre.
2972 3011 3304 3083 Elegantiam
3368 3013 3636 3069 alfectavit

2042 3099 2262 3154 Tertull.
2288 3107 2337 3154 ἐκ
2368 3109 2454 3162 τῆς
2475 3115 2827 3173 παρονομασίας
2861 3121 2873 3157 :
2907 3111 2964 3157 ut
2990 3103 3064 3172 sit
3087 3103 3188 3158 luci
3222 3104 3487 3167 tenebras,
3513 3106 3634 3160 vita:

2043 3201 2268 3246 mortem
2301 3192 2575 3261 praeferre.
2609 3194 2784 3260 Quum
2815 3194 2882 3248 ab
2912 3194 3304 3248 honestissimis
3333 3195 3634 3249 actionibus

2040 3286 2368 3355 studiisque,
2402 3286 2465 3340 ad
2495 3287 2722 3357 ﬂagitia,
2754 3287 2821 3342 ad
2856 3302 3018 3341 vanas
3049 3296 3338 3358 turpesque
3372 3288 3634 3343 exercita-

2043 3377 2214 3432 tiones
2240 3377 2596 3433 deﬂectimus.

2039 3491 2131 3546 54.
2158 3491 2322 3547 Cinna
2346 3493 2526 3547 aestiva
2557 3503 2675 3563 post
2695 3507 2896 3547 assum.
2918 3492 3067 3548 Tom.
3085 3492 3170 3548 Ill.
3207 3493 3297 3548 lib.
3336 3494 3398 3547 de
3423 3493 3630 3562 Anima,

2559 3602 2674 3654 cap.
2703 3586 2794 3640 52.
2823 3603 2960 3640 num.
2987 3587 3111 3642 587.

2111 3697 2334 3754 Videtur
2361 3700 2586 3755 innuere
2621 3699 2981 3755 Tertullianus
3027 3700 3080 3755 in
3119 3687 3272 3755 caenis
3312 3700 3496 3756 a’stivis
3520 3708 3633 3771 post

2038 3808 2229 3858 assttm,
2266 3791 2370 3847 hoc
2393 3800 2495 3858 est,
2528 3807 2717 3847 carnes
2738 3808 2886 3846 assas
2908 3835 2922 3858 ,
2951 3793 3078 3846 nihil
3109 3801 3369 3863 prmtcrca
3403 3791 3632 3846 ferculo-

2039 3902 2154 3940 rum
2206 3885 2483 3956 importari
2538 3886 2784 3951 solitum,
2840 3887 2906 3938 ita
2959 3895 3018 3939 ut
3070 3885 3188 3939 finis
3241 3900 3410 3940 caena:
3473 3882 3634 3937 fuerit

2037 3995 2239 4034 assum.
2267 3979 2351 4034 Uti
2385 3979 2740 4050 Empedocles
2763 3980 2814 4034 in
2839 3980 3044 4034 ardenti
3069 3978 3232 4033 [Etna
3258 3978 3420 4048 probe
3443 3992 3592 4032 assus
3614 4017 3628 4042 ,

2039 4073 2091 4126 in
2119 4073 2320 4127 nullum
2353 4073 2493 4128 aliud
2537 4089 2731 4144 corpus
2761 4083 2840 4128 est
2872 4083 3136 4139 mutatus,
3169 4080 3328 4142 atque
3371 4071 3490 4126 ideo
3513 4072 3632 4125 finis

2037 4165 2138 4218 fuit
2164 4173 2697 4220 metensomatoseos.
2727 4164 2862 4231 Quid
2901 4166 2945 4218 si
2994 4164 3096 4218 huc
3120 4162 3354 4217 alludat?
3393 4161 3628 4228 Cra-cis,

2036 4257 2126 4326 qui
2157 4271 2255 4310 ova
2297 4271 2416 4310 cum
2467 4256 2636 4311 turdis
2665 4268 2719 4311 et
2749 4257 3003 4327 leporinis
3032 4256 3280 4311 carnibus
3310 4269 3373 4310 ac
3411 4255 3632 4310 mellitis

2040 4348 2318 4418 placentis,
2349 4347 2614 4403 secundas
2645 4363 2860 4403 mensas
2887 4348 3101 4414 dabant,
3137 4363 3253 4403 mos
3280 4348 3380 4404 iste
3409 4347 3539 4411 fuit,
3575 4354 3633 4398 ut

2037 4440 2089 4493 in
2117 4440 2220 4493 fine
2245 4453 2413 4493 coena:
2458 4439 2662 4509 linguas
2705 4439 2826 4510 igne
2879 4439 3111 4504 torridas
3165 4449 3283 4510 post
3326 4454 3627 4500 sermones,

2037 4530 2394 4599 degustandas
2441 4530 2650 4587 darent.
2696 4534 2906 4600 Quare,
2966 4533 3170 4587 finitqu
3218 4530 3418 4601 aliquid
3469 4545 3626 4596 esse,

1954 4625 2008 4685 Ι)
2037 4623 2168 4677 nihil
2196 4638 2316 4679 esse
2341 4623 2550 4693 reliqui,
2595 4623 2887 4680 Proverhio
2917 4622 3321 4708 signiﬁcabitur.

2037 4735 2124 4792 55'.
2162 4736 2236 4792 De
2269 4736 2428 4792 Curio
2459 4752 2557 4792 suo
2607 4735 2812 4791 ludere.
2865 4735 3013 4790 Tom.
3063 4736 3104 4789 I.
3164 4735 3252 4788 lib.
3304 4733 3367 4788 de
3418 4733 3625 4802 Pallio,

2581 4845 2700 4898 cap.
2732 4829 2784 4882 5.
2815 4845 2955 4882 num.
2989 4829 3078 4882 49.

2106 4945 2148 4998 Α
2181 4943 2578 5001 Chamirleontc
2611 4954 2873 5007 tractum,
2899 4943 2990 5014 qui
3038 4951 3148 4998 toto
3179 4958 3405 5016 corpore
3457 4944 3631 5000 reddit

2034 5037 2272 5092 colorem
2315 5054 2706 5108 quemcumque
2754 5037 3059 5108 proximum
3111 5039 3379 5110 attigerit,
3437 5051 3631 5107 printer

2034 5129 2254 5182 rubrum
2283 5138 2335 5183 et
2363 5131 2561 5184 album.
2595 5129 2774 5200 Itaque
2805 5129 3052 5200 adagium
3086 5141 3230 5201 patet
3257 5131 3308 5184 in
3355 5129 3626 5184 hominem

2034 5220 2404 5290 versipellem,
2437 5222 2824 5279 inconstantem
2855 5239 2919 5278 ac
2946 5240 3043 5294 pro
3073 5233 3311 5294 tempore
3333 5223 3384 5276 in
3413 5237 3627 5278 omnem

2034 5313 2273 5368 habitum
2301 5330 2422 5370 sese
2455 5325 2770 5372 vertentem.
2813 5318 2909 5373 Coi
2957 5317 3164 5381 simile,
3212 5315 3407 5370 Proteo
3456 5324 3627 5370 mutae

2033 5407 2210 5463 bilior.

2033 5520 2121 5576 56.
2169 5518 2356 5576 Ct‘tBso
2403 5530 2458 5578 et
2516 5522 2712 5578 Crasso
2758 5524 3047 5594 copiosior.
3108 5522 3253 5579 Tom.
3311 5522 3350 5579 I.
3404 5523 3622 5595 Apolog.

2529 5629 2656 5685 cap.
2688 5615 2774 5671 11.
2801 5633 2943 5670 num.
2982 5617 3104 5672 I75.

2105 5726 2293 5794 Croesi,
2339 5727 2608 5800 Lydorum
2632 5731 2802 5801 regis,
2830 5733 3099 5803 opulentia
3131 5735 3269 5806 apud
3311 5734 3529 5794 Graacos
3573 5737 3629 5793 in

2033 5821 2376 5878 Proverbium
2417 5821 2574 5889 abiit,
2625 5823 2714 5892 qui
2767 5823 2908 5896 Cyro
2961 5826 3141 5882 Persa:
3195 5829 3394 5885 bellum
3448 5827 3628 5889 facere

2030 5929 2212 5976 ausus.
2241 5913 2322 5974 Μ.
2353 5913 2535 5972 Crasso
2564 5915 2701 5990 apud
2724 5917 2954 5976 Roman.
3000 5919 3180 5980 divitis
3207 5933 3619 5996 cognomentum
3705 5969 3708 5974 .
