4250 6266
624 377 732 442 2ι9
1710 358 1808 419 nx
1844 298 2312 419 mammam
2349 345 2823 417 APOLOGETICO
3246 386 3251 391 .
3818 326 3929 415 eo

627 496 869 557 additum
896 493 985 566 qui
1008 491 1060 547 in
1089 488 1238 563 agris
1269 486 1380 543 suis
1409 479 1908 543 sestertiumxicies
1936 473 2083 531 mille
2108 486 2226 545 pos—
2249 469 2303 531 Α
2327 479 2747 525 commemorato
2780 467 2995 524 nomine
3014 511 3029 540 ,
3054 468 3302 526 maximae
3332 462 3656 541 eloquentiae
3681 481 3930 524 consum-

629 590 797 654 sedit,
838 595 893 641 et
913 556 1188 640 neminem
1218 593 1341 636 esse
1377 576 1635 644 divitem,
1662 572 1767 629 nisi
1795 571 1885 643 qui
1928 567 2220 642 exercitum
2327 560 2493 615 matio
2532 559 2796 621 audientis
2831 559 3011 616 animo
3063 560 3323 618 oboritur.
3378 560 3633 630 Quinctii.
3686 559 3783 614 lib.
3834 556 3927 617 IX.

630 684 777 738 alere
819 679 989 750 possit
1014 675 1126 731 suis
1150 671 1447 738 fructibus,
1492 656 1697 725 dixisse
1745 669 2007 721 memorat
2046 658 2218 717 Cicer.

610 758 686 831 lin
718 771 977 829 Paradox.

631 865 722 922 57.
755 862 946 920 Cubile
975 859 1196 932 pellere.
1228 857 1377 913 Tom.
1410 854 1499 912 Ili.
1532 854 1620 910 lib.
1654 855 1717 909 de
1734 851 1949 920 Anima,
1978 864 2094 921 cap.
2131 847 2221 903 55.

1274 969 1414 1007 num.
1456 949 1581 1006 605.

704 1070 761 1127 Si
788 1067 914 1141 quid
940 1078 1220 1139 perperam
1248 1064 1450 1121 dictum
1475 1070 1568 1117 aut
1601 1056 1898 1130 improbius
1932 1053 2229 1127 reprehen-

2327 651 2566 723 ejusdem
2593 660 2980 708 commemorat
3004 653 3255 730 elogium.

2326 768 2418 824 42.
2448 768 2606 840 Digiti
2634 776 2761 824 nutu
2790 768 2952 840 loqui.
2978 768 3126 824 Tom.
3150 768 3237 825 lli.
3268 770 3357 825 lib.
3391 769 3508 824 adv.
3543 768 3784 843 Hermog.
3809 783 3922 840 cap.

2941 863 3033 918 27.
3067 879 3209 918 uum.
3242 864 3332 919 9i.

2404 975 2461 1029 In
2503 975 2729 1045 Apolog.
2776 990 2901 1036 cum
2934 975 3209 1047 digitorum
3254 972 3622 1048 supputatoriis
3650 973 3924 1046 gesticulis.

2335 1067 2534 1127 Priscis
2561 1068 2754 1125 usitata
2782 1067 3105 1138 supputandi
3132 1068 3288 1135 ratio,
3318 1082 3436 1140 quae
3462 1065 3623 1123 fiebat
3645 1066 3930 1140 digitorum

634 1163 839 1226 dimus,
871 1161 923 1216 in
947 1160 1085 1215 latus
1125 1156 1391 1229 proximi,
1422 1154 1571 1226 cujus
1601 1152 1741 1207 dicta
1769 1164 1873 1205 non
1902 1147 2192 1219 probamus
2211 1187 2226 1213 ,

2345 1159 2497 1215 llexu.
2548 1161 2592 1217 A
2625 1160 2821 1217 Vener.
2869 1160 3010 1215 Beda
3059 1161 3266 1232 loquela
3314 1160 3641 1231 digitorum,
3675 1159 3932 1231 sive'per

634 1254 873 1312 cubitum
896 1250 1179 1341 'impeilere
1208 1248 1473 1314 solemus,
1506 1254 1561 1302 et
1589 1243 1776 1316 procul
1804 1256 1835 1297 a
1863 1240 2019 1296 nobis
2039 1279 2053 1306 ,
2080 1237 2230 1308 quasi

636 1329 1022 1409 abhorrentes,
1066 1338 1438 1398 detestationis
1503 1350 1713 1402 caussa,
1768 1346 1973 1388 arcere.
2042 1329 2228 1385 Horat.

639 1439 733 1495 lib.
762 1438 804 1492 i.
836 1435 1003 1507 Epist.
1034 1433 1067 1490 6
1100 1452 1112 1487 :

762 1551 1041 1602 Mercemur
1063 1558 1280 1608 servum,
1302 1545 1387 1608 qui
1409 1544 1561 1595 dictet
1578 1541 1787 1601 nomina,
1810 1536 1984 1590 iterum

765 1615 859 1673 Qui
881 1613 1028 1663 fodiat
1051 1610 1191 1659 latus.

641 1718 894 1788 intelligit
918 1728 1157 1770 servum
1199 1728 1235 1779 a
1287 1696 1584 1777 memoria,
1615 1709 1728 1763 sive
1758 1703 2234 1761 nomenclatorem.

2336 1262 2545 1325 gestum
2591 1253 2916 1324 digitorum,
2962 1252 3181 1309 dicitur.
3236 1252 3506 1309 Alexand.
3559 1252 3626 1307 ab
3666 1251 3924 1308 Alexand.

2336 1343 2432 1398 lib.
2470 1343 2513 1399 Ι.
2545 1359 2664 1415 cap.
2696 1344 2782 1399 14.
2816 1344 3037 1401 Veteres
3077 1354 3229 1417 gestu
3275 1360 3500 1412 manus,
3530 1344 3688 1403 modo
3708 1343 3933 1412 dextrae,

2339 1434 2502 1489 modo
2528 1435 2780 1503 sinistrae,
2800 1444 2854 1491 et
2873 1436 3159 1507 digitorum
3197 1436 3544 1509 depressione
3572 1444 3663 1490 aut
3701 1436 3932 1490 circum-

2340 1523 2593 1592 iiexione,
2612 1539 2753 1596 saepe
2774 1540 2944 1582 annos
2960 1526 3386 1593 dinumerarunt,
3409 1537 3512 1582 etc.
3539 1526 3617 1581 Ad
3641 1541 3797 1596 quem
3820 1541 3936 1581 mo-

2340 1630 2454 1669 rem
2495 1615 2686 1671 alludit
2720 1614 2942 1671 Tertull.
2979 1632 3141 1687 quum
3179 1611 3323 1673 addit
3345 1632 3363 1671 :
3385 1616 3934 1683 natuaccommodato;

2342 1704 2496 1760 altius
2541 1706 2756 1771 tollens,
2802 1715 2849 1760 et
2892 1708 3036 1774 quasi
3091 1716 3226 1762 retro
3272 1709 3499 1777 jactans.
3551 1707 3853 1779 Usurpatur
3884 1708 3935 1764 in

645 1812 743 1867 Ubi
772 1809 953 1865 fodere
979 1808 1141 1873 latus,
1169 1813 1253 1861 est
1281 1819 1439 1859 manu
1461 1802 1547 1857 vel
1570 1813 1839 1872 pungere,
1871 1798 1956 1853 vel
1978 1797 2234 1863 tundere,
2267 1825 2315 1892 Β
2344 1794 2614 1852 hominem
2644 1798 2764 1867 plus
2795 1799 2961 1853 nimio
2988 1798 3088 1853 sibi
3120 1808 3443 1865 sumentem,
3476 1808 3530 1855 et
3557 1814 3655 1872 pro
3680 1800 3939 1856 arbitratu

644 1902 786 1973 quod
820 1901 878 1954 fit
904 1897 1191 1964 monendi,
1228 1892 1576 1966 suggerendi,
1619 1900 1673 1946 et
1701 1889 2005 1961 impellendi
2048 1888 2233 1959 gratia.

645 1993 761 2047 Erit
782 1991 962 2062 igitur,
988 1988 1261 2059 aspernari
1294 1997 1349 2042 et
1385 1976 1640 2055 respuere
1666 1982 1910 2037 homines
1942 1989 2047 2034 tam
2080 1992 2240 2049 prava

645 2084 899 2155 opinione
928 2081 1177 2137 imbutos.

648 2200 736 2258 ss.
772 2201 956 2256 Cuneo
1004 2166 1309 2255 extrudere.
1350 2195 1498 2251 Tom.
1534 2193 1622 2251 ιιι.
1673 2192 1758 2249 lib.
1802 2192 1845 2247 ι.
1891 2192 2008 2247 adv.
2067 2189 2239 2245 Marc.

1154 2306 1269 2361 cap.
1302 2287 1395 2343 2i.
1429 2302 1579 2342 num.
1614 2283 1735 2354 150.

723 2407 837 2462 Hoc
882 2422 1041 2462 cttneo
1086 2405 1308 2461 ueritatis
1337 2404 1500 2460 cuiuis
1548 2402 1838 2459 extruditur
1866 2402 2090 2463 hamis.
2136 2400 2241 2459 Cu-

650 2517 774 2558 ucus
793 2544 808 2568 ,
838 2500 1069 2557 ferream
1104 2498 1185 2555 vel
1215 2494 1447 2571 ligneum
1480 2498 1891 2555 instrumentum
1922 2511 2062 2567 quo,
2094 2504 2149 2552 ut
2169 2496 2247 2555 lii.

650 2593 902 2666 Virgilius
923 2631 938 2660 ,
985 2591 1327 2649 scindebatur
1367 2590 1529 2646 fissile
1565 2589 1802 2662 lignum;
1833 2604 1864 2644 a
1890 2589 2043 2660 cujus
2072 2588 2247 2645 forma

653 2686 854 2741 (laneus
882 2687 935 2741 in
961 2686 1074 2741 acie
1103 2683 1309 2755 pedites
1348 2682 1573 2739 conferti
1595 2723 1609 2750 ,
1637 2681 1729 2753 qui
1754 2681 1921 2751 juncti
1941 2665 2063 2735 cum
2091 2681 2241 2748 acie,

652 2781 825 2854 primo
849 2780 1156 2852 angustius,
1189 2776 1381 2833 deinde
1411 2775 1571 2831 latius
1594 2774 1917 2846 proccdunt,
1962 2781 2017 2829 et
2057 2772 2245 2828 adver-

652 2874 912 2930 sariorum
941 2872 1155 2928 ordines
1180 2876 1462 2940 rumpunt,
1497 2868 1621 2939 quia
1651 2883 1681 2922 a
1710 2865 1953 2939 pluribus
1980 2865 2034 2920 in
2078 2880 2245 2920 unum
2285 2899 2297 2911 κ

652 2968 827 3021 locum
889 2965 992 3020 tela
1042 2963 1341 3018 mittuntur.
1389 2961 1591 3030 Quibus
1617 2959 1907 3031 opponitur
1933 2956 2204 3012 ordinario
2228 2997 2242 3023 ,

653 3076 814 3133 quem
868 3057 1108 3114 forficem
1161 3066 1386 3133 vocant,
1444 3042 1563 3127 qua:
1618 3052 1923 3109 lectissimis
1989 3050 2248 3106 militibus

652 3153 928 3221 confertis,
959 3152 1010 3206 in
1043 3149 1105 3206 V.
1130 3150 1321 3205 littera:
1356 3147 1582 3203 formam
1614 3144 1986 3217 componitur,
2015 3151 2067 3198 et
2097 3143 2245 3197 illum

654 3264 869 3302 cuneum
909 3245 1144 3316 excipit,
1189 3253 1349 3316 atque
1385 3258 1453 3299 ex
1487 3250 1711 3313 utraque
1760 3249 1912 3313 parte
1953 3237 2245 3295 concludit.

653 3342 769 3410 Quo
794 3342 954 3407 facto,
988 3340 1157 3395 aciem
1208 3355 1313 3394 non
1372 3346 1547 3408 potest
1585 3350 1887 3406 erumpere.
1949 3332 2030 3397 Ex
2071 3332 2251 3403 priore

654 3434 953 3504 significato
996 3441 1120 3488 sunt
1150 3432 1237 3486 illa
1287 3449 1299 3485 :
1341 3430 1478 3485 Malo
1510 3428 1681 3495 nodo,
1730 3426 1900 3481 maius
1930 3423 2252 3496 quaerendus

654 3523 881 3589 cuneus;
934 3538 965 3576 a
1020 3523 1319 3578 sectoribus
1368 3521 1643 3585 roborum,
1698 3533 1829 3589 pro,
1864 3517 2057 3572 Malum
2111 3516 2252 3571 malo

656 3615 965 3693 retundere,
995 3625 1047 3671 et
1068 3615 1276 3671 clavum
1301 3616 1451 3671 clavo
1479 3615 1698 3685 pellere.
1729 3616 1809 3670 Ad
1848 3630 1968 3685 quae
1986 3613 2081 3671 hic
2120 3613 2253 3668 allu-

656 3708 784 3766 dere
822 3708 1032 3764 videtur
1070 3706 1297 3763 Tertull.
1343 3706 1402 3763 in
1441 3707 1789 3778 sequentibus
1817 3706 2005 3763 ludere
2044 3705 2253 3764 videtur

670 3800 843 3856 altero
877 3798 1201 3868 significato.

658 3915 747 3973 39.
795 3898 981 3971 Cuneo
1008 3928 1310 3971 occurrere.
1331 3914 1479 3970 Tom.
1510 3913 1600 3971 ill.
1649 3916 1736 3971 lib.
1769 3914 1831 3971 de
1860 3913 2074 3970 Rcsurr.
2107 3929 2249 3968 eam.

1215 4023 1330 4078 cap.
1356 4006 1413 4061 2.
1444 4023 1586 4061 num.
1615 4007 1703 4064 18.

732 4124 1015 4196 Sumptum
1046 4138 1077 4197 a
1105 4138 1164 4181 re
1189 4124 1427 4181 militari.
1455 4124 1643 4197 Virgil.
1668 4142 1681 4178 :

784 4241 996 4303 Agmina
1019 4241 1290 4293 densentur
1314 4243 1586 4295 cuneis.....
1610 4242 1688 4302 Et,
1712 4253 1887 4293 omnes

785 4303 915 4368 Dant
936 4317 1155 4368 cuneum,
1181 4303 1434 4368 densaque
1460 4305 1518 4353 ad
1536 4318 1698 4354 muros
1714 4305 1841 4355 mole
1859 4304 2098 4354 feruntur.
2118 4305 2193 4363 Et,

788 4366 892 4427 Qua
914 4367 1093 4430 globus
1114 4367 1196 4419 ille
1222 4366 1375 4417 virum
1394 4367 1716 4418 densissimus
1738 4372 1903 4431 urget.

662 4477 671 4534 l
736 4474 957 4547 Eritque
987 4475 1160 4535 valida
1191 4475 1537 4549 confertaque
1575 4477 1797 4547 alicujus
1838 4475 2135 4532 rationibus
2171 4489 2255 4530 ar-

663 4578 913 4640 gumenta
944 4583 1235 4640 opponere.

640 4682 754 4738 40.
802 4684 1040 4740 Cuneum
1083 4683 1309 4754 primum
1336 4681 1731 4753 congressionis
1768 4690 1958 4738 armat.
2003 4680 2258 4737 Tom.lli.

854 4828 861 4835 ,
966 4776 1053 4831 lib.
1084 4776 1217 4830 adv.-
1243 4774 1441 4832 Valent.
1472 4776 1665 4847 δημῷ.
1698 4791 1837 4828 num.
1860 4774 1953 4830 24.

739 4888 837 4943 Cui
884 4890 1554 4961 subjungit'l‘erlullianns,
1588 4889 1905 4946 Detectorem
1943 4892 2263 4946 conscientia

668 4983 894 5048 illorum,
928 4984 1144 5053 priurum
1171 4984 1303 5038 hanc
1327 4985 1586 5038 victoriam
1615 4986 1957 5055 auspicantur.
1985 4983 2072 5039 Sic
2103 4984 2262 5039 Ante-

668 5090 918 5133 cursores
937 5115 952 5140 ,
985 5075 1191 5144 equites
1221 5076 1522 5145 praemissi,
1555 5076 1732 5133 solent
1761 5076 2011 5148 detegere
2040 5075 2261 5132 hostiles

667 5173 869 5243 copias,
899 5167 1137 5233 insidias,
1164 5176 1218 5222 et
1244 5184 1547 5223 numerum.
1573 5168 1641 5224 Et
1666 5170 1833 5240 prima
1861 5168 2081 5225 victoria
2108 5168 2262 5241 quasi

668 5279 825 5318 omen
858 5271 939 5318 est
982 5275 1190 5333 pugnat.
1226 5259 1414 5315 Omnia
1446 5262 1700 5325 translata
1730 5278 1760 5316 a
1788 5261 2035 5316 conflictu
2073 5261 2263 5316 martio

670 5354 981 5425 praelii,.ad
1020 5353 1472 5425 disputationem,
1502 5353 1643 5424 quod
1687 5363 1770 5410 est
1810 5363 2079 5409 certamen
2121 5353 2261 5408 litte-

671 5464 896 5505 ramum.

667 5562 757 5618 41.
788 5561 1144 5618 Demosthene
1162 5561 1522 5645 eloquentior.
1546 5554 1693 5616 Tom.
1727 5560 1770 5616 Ι.
1794 5560 2013 5632 Apolog.
2051 5575 2165 5630 cap.
2205 5557 2262 5612 2.

1308 5671 1448 5709 num.
1491 5654 1620 5710 175.

740 5764 880 5819 Nihil
912 5763 1265 5819 Demosthenis
1293 5765 1526 5820 oratoria
1555 5764 1605 5819 vi
1633 5763 1852 5829 clarius,
1882 5762 2054 5834 inquit
2076 5762 2253 5817 Valer.

666 5855 807 5914 Max.
828 5856 920 5913 lib.
939 5854 1453 5929 IV,cap.50tcap.7,
1481 5853 2261 5931 iib.Vili.Demostltenes,cujus

2344 1904 2442 1945 suo
2464 1930 2479 1957 ,
2508 1889 2649 1960 quod
2681 1890 2827 1947 lubet
2846 1932 2860 1958 ,
2884 1900 3230 1947 statuentem.

2344 2004 2434 2060 45.
2486 2004 2659 2074 Digito
2705 2003 2994 2060 destinare.
3044 2003 3190 2059 Tom.
3224 2002 3266 2057 Ι.
3306 2003 3395 2060 lib.
3439 2004 3500 2058 de
3538 2002 3712 2058 Pallio
3740 2003 3939 2076 capite,

2816 2139 2843 2164 ,
3012 2112 3153 2151 num.
3184 2095 3275 2150 84.

2379 2270 2383 2279 ,
2419 2207 2778 2263 Tertullianus
2823 2208 2918 2265 lib.
2951 2208 3018 2264 de
3046 2208 3259 2265 veland.
3307 2208 3455 2280 Virg.
3488 2208 3612 2263 dum
3654 2206 3825 2279 digitis
3850 2208 3941 2262 de-

2345 2302 2730 2355 monstrantium
2763 2300 3018 2355 titillatur.
3051 2302 3148 2356 Est
3176 2302 3409 2372 potentis
3430 2341 3446 2368 ,
3493 2301 3677 2373 digitis
3703 2302 3943 2358 deuotari

2349 2400 2404 2448 et
2431 2393 2738 2448 monstrari.
2769 2393 2955 2448 Horat.
2983 2392 3084 2449 Od.
3113 2393 3167 2449 3.
3196 2394 3289 2450 lib.
3320 2394 3392 2448 4:

2598 2503 2736 2568 Quod
2758 2511 2999 2568 monstror
3021 2505 3172 2568 digito
3197 2506 3602 2568 prtetereuutium
3619 2539 3633 2567 ,

2594 2565 2824 2617 Romanae
2846 2566 3025 2617 ﬁdicen
3046 2565 3179 2630 liras.

2423 2669 2489 2724 Et
2514 2669 2610 2726 lib.
2642 2671 2738 2742 Ep.
2770 2670 2871 2727 Od.
2901 2673 2955 2726 4.
2983 2670 3214 2742 explicat
3240 2680 3481 2728 nostrum
3510 2672 3849 2749 proverbium
3880 2688 3949 2730 cx

2350 2764 2574 2822 Tertull.
2607 2765 2869 2821 sententia
2895 2807 2909 2832 ,

2598 2879 2815 2929 Videsne
2840 2892 3024 2929 sacram
3048 2881 3295 2930 metiente
3317 2888 3369 2931 te
3395 2883 3523 2931 viam

2599 2940 2716 3010 Cum
2735 2942 2810 2990 bis
2833 2949 2912 2991 ter
2931 2942 3155 3010 ulnarum
3177 2948 3326 3010 toga,

2600 3002 2665 3053 Ut
2687 3016 2770 3053 ora
2797 3011 2956 3054 vertat
2980 3016 3031 3056 et
3051 3007 3147 3056 huc
3170 3002 3393 3055 euntium

2598 3065 2871 3115 Liberrima
2894 3067 3195 3132 indignatio?

2274 3190 2319 3253 ρ
2353 3173 2441 3229 44.
2470 3173 2747 3228 Dimicare
2766 3172 2831 3227 ad
2857 3180 3084 3228 certum.
3118 3171 3266 3226 Tant.
3286 3170 3371 3227 lli.
3410 3169 3495 3224 lib.
3526 3168 3609 3224 ill.
3635 3168 3751 3223 adv.
3776 3167 3951 3225 Marc.

2844 3322 2845 3325 η
2917 3281 3034 3335 cap.
3057 3263 3111 3320 5.
3145 3278 3284 3317 nam.
3322 3262 3409 3318 14.

2428 3376 2614 3433 Solent
2643 3374 2965 3447 gladiatores
2993 3383 3049 3429 ct
3077 3374 3282 3446 pugiles
3313 3373 3451 3429 inter
3480 3386 3539 3428 se
3567 3373 3950 3443 congressuri,

2356 3476 2639 3538 antequam
2700 3466 2766 3520 ad
2823 3481 3011 3521 manus
3069 3466 3314 3537 ictusque
3378 3464 3634 3530 veniant,
3683 3462 3954 3532 quoddam

2356 3540 2507 3632 quasi
2540 3558 2779 3634 praeludii
2808 3558 3079 3627 specimen
3107 3556 3269 3612 edere
3292 3598 3309 3625 ,
3330 3566 3385 3611 et
3408 3596 3423 3623 ,
3455 3565 3514 3610 ut
3541 3555 3603 3611 Β.
3637 3554 3833 3611 Paulus
3848 3554 3945 3623 ait,

2358 3668 2538 3711 aerem
2560 3650 2874 3709 verberare.
2906 3649 3084 3720 Virgil.
3116 3649 3255 3705 iib.V
3292 3667 3305 3702 :

2484 3767 2616 3832 Talis
2640 3768 2796 3832 prima
2820 3766 2979 3832 Dares
3000 3772 3147 3832 caput
3170 3763 3319 3832 altum
3344 3765 3393 3815 in
3418 3762 3588 3832 praelia
3611 3762 3737 3813 tollit
3752 3800 3767 3825 ,

2483 3826 2685 3898 Qstendi
2692 3838 2810 3894 tque
2834 3826 3237 3898 ltumeros'latos,
3252 3826 3541 3898 alternaque
3559 3826 3710 3888 jactat

2482 3891 2686 3943 Brachia
2710 3890 3033 3955 protendens,
3063 3902 3115 3941 et
3138 3892 3368 3941 verberat
3386 3890 3568 3941 ictibus
3589 3901 3746 3941 auras.

2431 3999 2567 4055 Tum
2595 3998 2879 4070 postmodo
2900 4040 2917 4067 ,

2483 4112 2861 4175 Immiscentque
2885 4123 3056 4162 manus
3087 4090 3309 4161 manibus
3347 4117 3658 4174 pugnamque
3676 4109 3959 4159 lacessunt.

2434 4220 2501 4275 Et
2530 4220 2623 4276 lib.
2656 4219 2756 4275 i2:
3100 4235 3153 4266 α

2948 4310 3237 4373 Ventosque
3261 4308 3465 4373 lacessit

2486 4374 2686 4436 Ictibus,
2712 4381 2765 4424 et
2786 4385 2950 4436 sparsa
2967 4373 3027 4422 ad
3050 4370 3262 4436 pugnam
3285 4370 3497 4435 proludit
3519 4381 3681 4420 arena.
3733 4382 3742 4389 ·

2416 4472 2622 4538 Potest
2646 4489 2700 4536 et
2728 4479 2896 4535 videri
2929 4486 3198 4548 sumptum
3226 4491 3256 4531 a
3280 4475 3687 4547 jacuiatoribus,
3708 4471 3798 4544 qui
3828 4486 3963 4529 sco-

2285 4550 2341 4611 Β
2367 4589 2515 4647 pum,
2544 4573 2614 4630 ad
2644 4588 2805 4644 quem
2835 4571 3128 4638 colliment,
3148 4569 3261 4625 sibi
3291 4575 3612 4640 preponunt.
3647 4566 3759 4621 iiuc
3788 4565 3962 4634 perti-

2368 4675 2460 4724 net
2483 4666 2543 4720 Β.
2576 4664 2723 4721 Pauli
2751 4662 2902 4728 iilud,
2933 4662 2976 4718 i.
3007 4661 3129 4716 Cor.
3170 4659 3265 4715 ιχ.
3300 4661 3412 4731 Ego
3466 4660 3626 4730 igitur
3667 4658 3746 4713 sic
3774 4670 3959 4725 curro,

2367 4771 2472 4811 non
2501 4756 2649 4825 quasi
2696 4756 2747 4809 in
2797 4755 3097 4819 incertum;
3138 4751 3216 4808 sic
3236 4759 3433 4823 pugno;
3462 4765 3569 4807 non
3596 4748 3747 4821 quasi
3776 4762 3964 4805 aerem

2368 4845 2681 4905 verberans.

2365 4962 2460 5018 45.
2492 4961 2754 5016 Dimicare
2781 4959 3045 5016 cominus.
3073 4957 3289 5013 Ibidem.
3319 4955 3445 5012 Vide
3467 4953 3673 5013 Cedere
3693 4952 3966 5020 cominus,

2544 5105 2551 5111 .
3038 5050 3290 5121 superius.

2366 5164 2457 5224 46.
2489 5164 2860 5236 Epicitarisma
2890 5171 3011 5235 post
3035 5162 3290 5225 fabulam.
3322 5158 3575 5217 Tertulli.
3597 5158 3685 5214 lib.
3709 5156 3823 5211 adv.
3857 5153 3973 5210 να..

2808 5254 2931 5313 leut.
2960 5274 3078 5328 cap.
3105 5257 3197 5313 53.
3225 5271 3370 5310 nunc.
3401 5254 3529 5309 567.

2394 5422 2399 5427 .
2440 5375 2755 5432 Busuanus.
2795 5372 2969 5440 Quum
3008 5370 3203 5427 fabulae
3238 5367 3659 5425 recensebantur
3699 5363 3826 5420 olim
3860 5377 3972 5432 pu-

2367 5472 2529 5540 blice,
2557 5469 2625 5524 ad
2645 5466 3026 5526 demulcendos
3045 5472 3407 5537 spectatorum
3429 5461 3659 5525 animos,
3687 5458 3774 5531 qui
3803 5454 3973 5511 tmdio

2370 5565 2542 5637 longae
2567 5559 2890 5618 narrationis
2913 5559 3024 5631 jam
3053 5558 3379 5627 languebant
3407 5556 3458 5610 in
3490 5552 3618 5619 line,
3653 5553 3970 5622 priusquam

2370 5650 2786 5720 dimitterentur,
2817 5650 3149 5707 citharmdus
3180 5649 3373 5721 aliquis
3402 5645 3667 5720 prodibat.
3695 5643 3886 5700 Solent
3911 5655 3974 5699 et

2370 5758 2493 5804 ante
2512 5757 2576 5819 et
2603 5757 2723 5819 post
2753 5747 2951 5817 justam
2988 5744 3216 5804 fabulam
3244 5742 3488 5815 quaedam
3517 5742 3638 5796 cani
3672 5741 3725 5795 in
3769 5738 3907 5794 adeo
3937 5754 3971 5794 ιι

2371 5858 2431 5906 rc
2468 5816 2660 5911 ﬁni,
2680 5839 2748 5897 ad
2782 5838 3082 5897 auditorum
3103 5839 3312 5896 fastidia
3334 5835 3660 5910 dispellenda
3687 5833 3974 5891 duntaxat.
