4242 6264
357 360 461 420 221

1526 352 2058 431 PROVERBIALES
2101 363 2475 427 FORMULE.

3570 371 3682 435 222

361 475 522 534 Unde
551 475 641 533 illa
667 478 1007 549 prommium,
1038 477 1187 550 quasi
1213 477 1528 549 prrccenlio,
1552 488 1663 552 πρὸς
1691 495 1775 541 τῆς
1806 490 1951 547 οἵμου.

2072 502 2162 558 51.
2195 502 2413 561 Fluctus
2443 512 2727 576 utrumque
2770 512 2820 563 tc
2857 503 3150 565 involvunt.
3190 506 3335 563 Tant.
3379 506 3469 575 Ill.
3504 508 3590 565 lib.
3625 507 3670 566 1.

364 580 491 628 ante
520 579 735 635 cantum
767 571 1096 631 ordinarium
1121 613 1135 637 ,
1159 571 1298 642 quod
1330 571 1581 626 rhetores
1608 587 1704 642 per
1734 572 1966 627 transla-

363 666 565 722 tionem
601 681 712 721 suce
754 666 1033 737 orationis;
1059 666 1323 720 exordium
1364 665 1637 721 dixerunt.
1684 665 1740 719 lu
1777 665 1921 735 poesi
1947 707 1962 734 ,

359 757 647 829 prologus,
674 766 728 812 et
751 766 936 812 contra
954 800 967 825 ,
996 757 1255 829 epilogus.
1281 757 1337 811 In
1365 756 1612 814 tibiarum
1637 756 1962 822 incentione,
2010 768 2018 777 '

370 847 678 903 Proaulion.
727 848 936 904 Poterit
983 847 1086 903 dici
1118 890 1133 915 ,
1184 848 1526 903 corollarium
1575 848 1694 901 vani
1743 847 1966 919 alicujus

364 940 562 1010 ccepti,
592 948 686 995 aut
710 950 1072 997 commentum
1104 940 1363 996 additum.

360 1052 452 1108 47.
482 1053 660 1111 Favos
682 1065 808 1138 post
835 1055 956 1111 fella
983 1064 1219 1127 gustare.
1248 1056 1396 1111 Tom.
1420 1054 1485 1111 ll.
1512 1055 1600 1112 lib.
1624 1056 1687 1110 de
1709 1056 1825 1113 Cor.
1850 1057 1959 1112 mil.

878 1167 995 1219 cap.
1027 1151 1116 1206 14.
1146 1168 1289 1205 num.
1318 1150 1442 1208 196.

435 1260 747 1318 ΒιιεΝΑκυε.
793 1261 1063 1318 Proverbii
1113 1262 1347 1332 speciem
1396 1262 1584 1329 habet,
1616 1261 1686 1318 de
1714 1277 1778 1318 eo
1804 1262 1961 1333 vnlgo

360 1354 461 1409 dici
484 1356 699 1410 solitum
720 1356 831 1427 qui,
858 1355 1096 1411 toleratis
1127 1355 1383 1421 adversis,
1416 1355 1708 1411 laetioribus
1741 1356 1953 1412 tandem

356 1447 520 1503 rebus
576 1448 800 1518 potitur.
847 1448 959 1503 llue
1008 1447 1208 1503 faciunt
1250 1447 1335 1501 illa
1372 1464 1383 1499 :
1420 1445 1498 1500 Ex
1542 1455 1857 1516 tempestate
1901 1447 1953 1501 in

358 1549 597 1609 portum,
624 1540 751 1594 Post
776 1554 997 1611 agonem
1017 1554 1233 1593 corona.
1268 1528 1495 1606 Vulgare
1522 1556 1534 1591 :
1558 1536 1641 1591 Ab
1665 1546 1782 1591 atro
1814 1552 1952 1606 pano

351 1631 423 1685 ad
470 1630 786 1697 candidum;
828 1614 1049 1684 Virtutis
1078 1628 1285 1683 radices
1324 1643 1555 1694 amarcc,
1585 1628 1785 1684 fructus
1826 1644 1954 1684 sua-

352 1720 585 1781 rissimi.

354 1857 442 1915 48.
466 1857 707 1913 tribulam
740 1858 921 1913 laxare
946 1874 1039 1913 seu
1067 1858 1329 1914 relaxare.
1355 1819 1506 1914 Tom.
1528 1857 1592 1912 ll.
1626 1858 1711 1912 lib.
1746 1858 1950 1914 de‘Cor.
1988 1844 2036 1913 Β

788 1952 938 2005 milii.
969 1968 1085 2020 cap.
1122 1952 1209 2006 11.
1240 1967 1379 2005 ttttnt.
1413 1950 1534 2005 1H.

372 2042 381 2056 l
426 2065 736 2125 anaaus.
766 2064 1180 2120 Proverbialiter
1200 2065 1543 2141 dictnm~pro
1570 2067 1779 2136 aperire
1806 2066 1953 2124 fene-

352 2165 520 2213 stram
540 2200 557 2229 ,
582 2168 634 2214 et
657 2172 840 2233 ansam
871 2158 1002 2217 dare
1031 2158 1242 2213 delictis
1272 2176 1284 2222 ;
1318 2173 1436 2228 qua:
1464 2170 1517 2212 ct
1547 2159 1656 2228 ipsa
1685 2160 1950 2229 proverbii

354 2249 573 2307 schema
606 2249 839 2306 habent.
887 2250 1021 2305 Huic
1063 2250 1349 2321 opponitur
1379 2249 1523 2321 quod
1576 2251 1716 2306 idem
1747 2251 1839 2307 ιη».
1884 2251 1951 2308 de

352 2341 683 2414 Monogamia
710 2342 844 2399 dixit
877 2361 889 2397 :
921 2345 1133 2407 ﬁbulam
1158 2345 1415 2415 imponere
1440 2386 1453 2408 ,
1486 2344 1626 2414 quod
1654 2354 1737 2400 est
1760 2386 1774 2409 ,
1805 2359 1953 2407 com-

352 2449 573 2506 pescere
606 2445 661 2491 et
699 2436 973 2493 cohibere.
1003 2432 1197 2491 Natum
1232 2438 1443 2492 videtur
1466 2452 1496 2491 a
1532 2437 1688 2505 ﬁbula
1715 2437 1909 2508 cinguli
1934 2479 1949 2504 ,

351 2542 451 2598 qua
481 2529 645 2584 vestis
675 2529 816 2583 fluxa
844 2528 1214 2599 adstringitur,
1239 2529 1323 2583 vel
1352 2528 1605 2583 adstricta
1639 2528 1949 2585 remittitur.

352 2620 573 2694 Virgil.:

562 2736 732 2789 Aurea
758 2751 1067 2806 purpuream
1094 2733 1341 2819 subnectit
1382 2734 1540 2803 ﬁbula
1569 2744 1771 2790 vestem.

419 2850 523 2907 Sed
553 2850 805 2922 quoniam
833 2850 900 2906 ad
922 2850 1097 2907 carnis
1120 2850 1351 2906 lubricas
1377 2850 1672 2922 voluptates
1704 2851 1949 2922 plerum-

348 2958 449 3015 que
479 2942 839 2999 Tertullianus
886 2942 1081 3007 refert,
1130 2941 1320 2998 referri
1355 2944 1548 3013 poterit
1573 2944 1636 2998 ad
1663 2943 1835 3011 ﬁbula:
1857 2943 1953 2999 ad-

349 3037 745 3108 strigmcntum,
776 3051 877 3107 qua
891 3035 1021 3090 olim
1038 3034 1448 3090 adolescentulis
1474 3035 1525 3089 in
1543 3050 1796 3091 venerem
1825 3050 1949 3108 pru-

346 3127 605 3182 rientibus
626 3126 912 3197 pronisque
931 3136 1110 3197 partes
1140 3126 1396 3197 genitales
1416 3126 1770 3196 trajiciebant,
1801 3126 1944 3197 quod

2458 599 2574 653 adv.
2609 598 2777 665 Marc.
2805 615 2917 672 cap.
2946 601 3000 654 7.
3034 616 3172 654 nunt.
3201 600 3290 656 50.

2144 711 2189 764 Α
2239 719 2554 782 tempestate
2599 715 2795 781 maris,
2826 722 2882 770 et
2926 712 3241 770 decumanis
3283 714 3567 780 ﬂuetibus;
3603 714 3671 772 ad

2070 817 2386 875 argumenta
2427 806 2696 877 utrimque
2721 800 3087 864 adversarium
3119 809 3382 879 capientia
3405 825 3424 873 ;
3451 808 3583 865 Nam
3618 818 3674 866 et

2069 897 2380 955 dilemmate
2430 901 2598 956 utitur
2644 902 2957 959 Tertullian.
3008 903 3168 973 Quasi
3208 903 3391 968 dicat;
3424 902 3547 958 Non
3591 912 3674 959 est

2065 990 2263 1061 elfugio
2309 992 2495 1059 locus,
2529 994 2799 1065 utrimque
2839 996 2952 1051 sive
2987 1011 3058 1051 ex
3100 1005 3326 1068 utraque
3368 998 3671 1067 argumenti

2066 1090 2219 1152 parte
2248 1085 2571 1142 constrictus
2598 1096 2652 1142 et
2681 1087 2919 1143 irretitus
2950 1088 3171 1144 teneris.
3208 1083 3391 1144 Potest
3430 1097 3485 1144 et
3513 1104 3670 1145 usur-

2066 1174 2181 1243 pari
2212 1175 2265 1229 in
2294 1191 2417 1231 eum
2467 1178 2558 1247 qui
2582 1179 2810 1250 geminis
2838 1167 2892 1236 et
2912 1181 3232 1251 ancipitibus
3262 1163 3419 1237 malis
3442 1182 3671 1238 circum-

2064 1266 2318 1323 cluditur.
2346 1269 2557 1341 Virgil.:

2557 1383 2703 1435 Vario
2723 1397 2949 1448 curarum
2975 1389 3177 1439 ﬂuctuat
3200 1398 3339 1441 aestu.

2061 1483 2151 1540 52.
2200 1485 2455 1543 Frcnare.
2504 1487 2652 1543 Tom.
2695 1490 2753 1544 V.
2802 1491 2890 1545 lib.
2942 1492 2984 1547 l.
3023 1493 3086 1547 de
3130 1493 3358 1551 Pudicit.
3407 1515 3520 1569 cap.
3573 1500 3662 1555 16.

2716 1598 2854 1636 nam.
2890 1583 3015 1638 156.

2132 1716 2511 1782 Tertullianus,
2545 1716 2813 1772 Tenebitnr
2842 1721 3104 1790 frenandis
3133 1725 3455 1781 continentia:
3480 1729 3658 1799 conjn-

2063 1809 2177 1879 giis.
2206 1808 2560 1865 Usitatissima
2587 1812 2653 1865 ab
2680 1812 2835 1881 equis
2856 1812 3185 1883 Metaphora.
3216 1815 3407 1889 Virgil.
3434 1838 3445 1873 :

2183 1920 2481 1983 Iustitiaque
2503 1922 2642 1972 dedit
2665 1932 2845 1985 gentes
2867 1922 3065 1987 frenare
3086 1928 3341 1991 superbas.

2130 2002 2314 2057 Horat.
2348 2020 2363 2057 :

2182 2094 2323 2143 Hunc
2353 2094 2604 2160 (animum)
2635 2095 2803 2156 frenis,
2832 2099 2962 2155 hunc
2984 2107 3038 2150 tu
3064 2113 3324 2166 compesce
3348 2107 3565 2156 catenis:

2128 2199 2241 2255 Hoc
2263 2209 2364 2266 est,
2392 2187 2583 2256 coerce
2613 2212 2663 2256 et
2688 2204 2985 2273 comprime
3017 2205 3180 2259 animi
3208 2209 3655 2276 perturbationes.

2057 2293 2152 2348 Cui
2197 2308 2469 2365 opponere
2497 2311 2563 2349 cx
2593 2280 2823 2352 Tertull.
2858 2298 3067 2366 ﬁbulam
3101 2299 3278 2355 laxare
3306 2303 3383 2357 vel
3425 2304 3660 2360 relaxare

2058 2386 2221 2441 carni.
2252 2385 2441 2441 Cicero
2466 2429 2482 2454 ,
2512 2388 2668 2443 alicui
2695 2389 2873 2444 frenos
2910 2389 3077 2445 furios
3107 2393 3327 2463 injicere
3352 2403 3409 2450 et
3436 2396 3663 2469 alicujus

2056 2476 2292 2533 furorem
2322 2479 2544 2548 frenare.

2058 2592 2147 2648 55.
2180 2592 2439 2649 Frenatos
2466 2594 2729 2661 relaxare,
2753 2597 2829 2651 vel
2859 2596 3057 2653 laxare.
3085 2598 3232 2653 Tom.
3257 2598 3322 2654 γ.
3350 2601 3437 2657 lib.
3470 2602 3533 2656 de
3553 2600 3664 2655 Pu-

2023 2718 2031 2726 ε
2094 2686 2236 2742 dicit.
2263 2704 2378 2752 cap.
2407 2686 2461 2741 2.
2487 2688 2733 2743 nantes.
2754 2700 2798 2743 et
2817 2690 3022 2746 Frcuos
3048 2694 3392 2765 restringere.
3417 2693 3630 2752 Ibidem.

2127 2799 2411 2873 Contraria,
2433 2812 2577 2859 sunt.
2611 2801 2797 2873 Virgil.
2834 2804 2929 2860 lib.
2962 2805 3002 2859 Ι,
3033 2805 3247 2863 Ᾱὲηθῑό.
3287 2828 3299 2863 :

2797 2915 2891 2976 Qui
2914 2916 3103 2969 {cedere
3123 2927 3263 2969 certo

2179 2973 2242 3024 Et
2265 2988 2497 3038 premere
2522 2981 2576 3027 et
2599 2976 2733 3027 laxas
2756 2973 2905 3028 sciret
2927 2978 3047 3029 dare
3064 2980 3233 3051 jussus
3255 2981 3489 3063 habenas.

2126 3081 2315 3138 Cicero
2342 3102 2355 3138 :
2383 3085 2531 3140 Alter
2562 3088 2717 3157 frenis
2737 3097 2876 3157 eget,
2909 3088 3045 3143 alter
3073 3090 3393 3146 calcaribus.
3425 3092 3653 3147 Tertull.

346 3172 1944 3288 anxit.';.;;;;:.;;‘.:.ra;;.:;;;;1.1;;:g;':.;,;;."a.;.;;
1975 3203 2021 3266 ρ
2054 3172 2902 3288 ξιξξ,ἐξέεῖςιίιξξίιρ,ξέεξειξειςξξιιξιξ
2913 3180 3224 3288 signa:
3245 3182 3357 3288 χει,
3570 3182 3656 3288 εει-

348 3311 585 3374 Celsum,
608 3311 804 3366 mentio
822 3311 959 3381 apud
983 3310 1458 3366 Sfartial..|uvenal.
1476 3320 1535 3364 ut
1555 3310 1606 3364 in
1631 3324 1725 3364 cos
1744 3310 1949 3367 dicatur

348 3402 469 3472 qui,
496 3402 662 3471 ruptis
684 3402 898 3471 pudoris
920 3402 1205 3473 repagulis,
1243 3403 1294 3455 in
1325 3401 1599 3456 libidinem
1647 3402 1948 3473 praccipites

344 3494 613 3562 feruntur,
647 3502 699 3551 et
725 3494 966 3550 dissoluti
994 3498 1047 3549 iu
1072 3510 1232 3550 omne
1260 3494 1488 3549 licentia:
1518 3507 1705 3563 genus.

342 3606 433 3662 49.
465 3607 637 3663 Filum
690 3609 1058 3664 tenuissimum
1130 3607 1397 3677 pendente
1438 3606 1661 3678 vestigio
1703 3607 1939 3678 aggredi.

367 3780 371 3784 ἢ
415 3703 668 3773 fortassis,
699 3702 925 3771 ingredi.
955 3701 1103 3756 Tant.
1140 3700 1204 3756 V.
1236 3702 1325 3755 lib.
1359 3702 1422 3755 de
1453 3699 1675 3783 Pudicil.
1704 3716 1818 3770 cap.
1851 3700 1939 3754 10.

342 3824 343 3831 η
415 3809 556 3846 nam.
589 3792 679 3848 85.

414 3903 777 3960 Tcrtullianus
830 3918 954 3961 sese
998 3904 1249 3981 explicat,
1296 3888 1369 3959 et‘
1397 3917 1427 3957 a
1476 3902 1787 3974 funambulis
1836 3901 1939 3958 hoc

340 3999 622 4055 locutionis
668 4012 837 4070 genus
867 4040 881 4063 ,
926 3998 1242 4053 translatum
1286 3997 1589 4066 signiﬁcat,
1624 3996 1746 4051 dum
1797 4012 1941 4067 prce-

339 4092 503 4147 mittit
527 4108 542 4148 :
568 4090 884 4163 [unambulw
909 4091 1183 4162 pudicitiae.
1212 4089 1544 4156 Funambuli,
1567 4099 1865 4160 νευρςϐεῑται,
1882 4098 1941 4169 et

340 4190 667 4252 σχοινοεάται,
700 4198 796 4253 per
839 4191 1114 4238 extentum
1158 4184 1334 4238 funem
1382 4183 1721 4249 incedebant,
1751 4185 1939 4254 cujus-

338 4276 483 4332 modi
529 4278 770 4333 incessus
804 4278 856 4332 in
891 4278 1148 4347 imperitis
1170 4277 1408 4348 periculo
1440 4276 1618 4346 lapsus
1646 4291 1750 4331 non
1783 4292 1938 4333 carc-

342 4369 473 4434 bat;
515 4378 570 4423 et
596 4368 722 4423 hinc
762 4370 969 4440 vestigio
999 4368 1248 4438 pendente
1278 4367 1421 4441 (nam
1462 4369 1514 4423 in
1551 4382 1677 4424 aere
1706 4367 1940 4438 pendere

344 4461 620 4531 videntur)
646 4463 901 4536 opponit:
928 4460 993 4515 In
1025 4462 1189 4532 gradu
1218 4471 1377 4515 totum
1403 4478 1526 4525 esse,
1554 4464 1604 4515 in
1626 4462 1791 4516 solido
1811 4478 1935 4517 esse.

330 4554 403 4607 'ln
435 4568 531 4609 eos
558 4568 688 4623 ergo
714 4564 1020 4622 competet,
1055 4554 1141 4623 qui
1173 4569 1286 4607 rem
1328 4554 1565 4622 periculo
1610 4554 1818 4623 plenam
1847 4569 1939 4624 ag-
1965 4565 2020 4626 1)

336 4647 671 4717 grediu'ntur.
693 4645 875 4713 0vid.,
905 4645 973 4701 de
996 4662 1214 4701 casuum
1245 4647 1600 4702 humanorum
1629 4647 1888 4702 varietate
1916 4662 1932 4704 :

462 4783 635 4835 Omnia
656 4758 770 4834 sunt
786 4783 1034 4839 hominum
1058 4782 1195 4832 tenui
1220 4782 1484 4845 pendentia
1508 4780 1605 4831 ﬁlo.

338 4910 427 4966 50.
459 4911 680 4966 Fossam
706 4909 1083 4965 determinare.
1117 4908 1261 4963 Tant.
1295 4906 1385 4962 III.
1420 4906 1509 4962 lib.
1543 4907 1607 4961 de
1638 4906 1936 4977 Prwccript.

695 5001 811 5056 adu.
848 5003 1022 5056 lueret.
1053 5017 1167 5072 cap.
1199 5000 1285 5055 10.
1316 5016 1458 5053 nunt.
1488 4998 1575 5054 68.

410 5114 721 5170 Rnemrws.
753 5114 904 5171 Ultra
933 5129 1093 5185 quam
1125 5114 1392 5170 transilire
1418 5127 1525 5169 non
1550 5112 1710 5169 liceat
1731 5130 1744 5167 :
1763 5122 1931 5168 meta-

337 5203 556 5275 phorica
593 5206 813 5261 locutio.
846 5206 1053 5265 Vallum
1084 5216 1382 5261 castrorum
1412 5206 1724 5271 consuevit,
1755 5205 1838 5259 vel
1867 5220 1933 5259 cx

337 5300 537 5369 cespite
563 5309 779 5370 aggesta
814 5299 1001 5365 humo,
1027 5299 1109 5353 vel
1146 5298 1304 5354 ducta
1341 5299 1544 5369 ingenti
1579 5297 1742 5361 fossa,
1772 5312 1933 5366 quam

334 5404 457 5445 eum
510 5390 900 5447 munitionibus
943 5406 1101 5446 nemo
1133 5390 1557 5453 transcenderet,
1590 5388 1930 5453 communiri,

333 5482 473 5538 intra
509 5498 668 5561 quam
699 5484 897 5540 milites
936 5483 1347 5539 continebantur
1371 5525 1386 5550 ,
1411 5482 1494 5537 vel
1523 5480 1625 5561 huc
1656 5480 1930 5552 pertinet,

332 5573 475 5645 quod
492 5558 651 5645 supra
678 5574 746 5633 de
763 5574 1054 5631 Scammate
1077 5575 1277 5630 dictum
1299 5573 1541 5644 est.{Erit
1558 5558 1737 5643 igitur,
1760 5580 1932 5628 certas

329 5663 491 5720 alicui
508 5665 656 5735 leges
672 5680 791 5723 esse
812 5667 1161 5738 praestitutas,
1183 5666 1376 5738 quibus
1396 5663 1548 5720 nefas
1569 5665 1637 5719 sit
1653 5664 1927 5721 recedere.

329 5753 537 5827 Graecis
580 5770 687 5812 non
737 5757 1016 5830 absimile,
1048 5764 1161 5831 ὑπερ
1200 5766 1263 5815 τὰ
1292 5764 1563 5828 ἐσκαμμένα
1589 5759 1764 5833 πηδῷ,
1797 5755 1931 5813 ultra

322 5844 530 5905 fossam
566 5847 750 5907 salire.

2054 3264 2345 3336 dulgentia,
2382 3267 2465 3321 vel
2496 3267 2779 3324 immodica
2810 3270 3116 3339 severitate,
3146 3272 3525 3344 in'disciplince
3555 3275 3655 3331 ob~

2051 3357 2355 3412 servatione
2386 3358 2481 3412 uti.

2052 3468 2142 3525 54.
2172 3469 2371 3531 Fronte
2399 3485 2492 3527 sua
2522 3474 2766 3543 proponi.
2800 3474 2950 3531 Tom.
2981 3477 3047 3533 ν.
3082 3478 3171 3535 lib.
3202 3479 3265 3533 de
3295 3478 3506 3552 Menog.
3533 3495 3650 3549 cap.

2641 3568 2727 3622 12.
2757 3586 2901 3624 aunt.
2920 3571 3056 3628 ⁸100.

2121 3679 2431 3736 Rana/mus.
2466 3680 2619 3750 Quod
2651 3682 2821 3740 libere
2858 3694 2911 3740 ct
2937 3695 3121 3756 aperte
3148 3687 3343 3744 debeat
3375 3692 3599 3761 proponi
3626 3729 3641 3756 ,

2050 3787 2157 3828 non
2198 3784 2383 3829 coaete
2429 3785 2484 3829 et
2529 3784 2692 3832 recte.
2741 3778 2879 3832 Vera
2912 3777 3108 3834 Fronte
3147 3781 3288 3851 apud
3318 3781 3427 3838 Cic.
3462 3798 3561 3853 pro
3586 3783 3648 3840 C.

2048 3863 2232 3927 Rabir.
2262 3880 2331 3922 ex
2375 3868 2555 3922 animo
2592 3876 2648 3923 et
2687 3870 2819 3924 citra
2859 3869 3038 3926 fucum
3072 3872 3248 3928 facere
3290 3874 3416 3944 quid
3449 3876 3532 3929 vel
3565 3875 3650 3931 di-

2047 3970 2193 4023 cere,
2222 3967 2275 4013 et
2300 3969 2486 4017 contra
2511 3960 2789 4016 :mendaci
2820 3962 2998 4018 fronte
3022 3973 3078 4018 et
3104 3964 3272 4031 vultu,
3308 3980 3405 4035 per
3426 3966 3648 4020 simula.

2048 4043 2269 4097 tionem.
2307 4043 2439 4099 llinc
2469 4043 2596 4099 illud
2623 4062 2634 4098 :
2659 4044 2843 4100 Fronti
2872 4048 3012 4102 nulla
3038 4047 3187 4103 ﬁdes.
3224 4048 3396 4105 Frons
3422 4050 3565 4105 enim
3596 4060 3651 4106 et

2045 4136 2183 4190 oculi
2212 4136 2486 4192 declarant
2521 4140 2755 4194 maxime
2784 4140 3033 4196 affectum
3058 4142 3241 4197 animi.
3266 4142 3333 4197 Et
3378 4143 3516 4213 apud
3543 4142 3648 4198 Te-

2046 4230 2281 4286 rentium
2309 4229 2560 4286 :Vultum
2588 4232 2807 4302 lingere,
2842 4241 2925 4288 est
2945 4248 3273 4304 componere
3301 4235 3368 4290 ad
3395 4235 3649 4291 simulan-

2045 4321 2173 4381 dum
2200 4322 2284 4378 vel
2308 4322 2750 4381 dissimulandum
2796 4326 3019 4398 aliquid.
3047 4326 3251 4399 Opinor
3298 4340 3476 4386 tamen
3505 4327 3647 4384 veri-

2045 4416 2273 4472 similius
2294 4417 2359 4472 ad
2391 4418 2495 4473 hoc
2524 4420 2825 4489 respexisse
2858 4420 3131 4476 Proverbii
3156 4423 3421 4477 Auctores
3469 4421 3646 4490 Quum

2045 4506 2097 4562 in
2131 4510 2298 4578 fronte
2326 4509 2515 4580 pudori
2546 4512 2613 4565 sit
2644 4510 2800 4567 sedes
2831 4510 2997 4586 (unde
3028 4506 3296 4582 perfrictis:
3328 4511 3517 4565 frontis
3544 4509 3647 4563 ho-

2047 4601 2291 4674 minem),
2318 4620 2481 4676 quum
2518 4592 2661 4675 quid
2712 4607 2779 4660 ab
2823 4605 3102 4659 honestate
3153 4618 3257 4656 non
3308 4603 3642 4670 discrepans,

2046 4693 2294 4764 quodque
2341 4711 2446 4750 non
2498 4705 2702 4751 temere
2738 4705 2909 4750 vertat
2950 4694 3161 4765 pudori,
3194 4694 3278 4748 vel
3308 4692 3533 4749 facimus
3557 4693 3643 4750 vel

2047 4785 2272 4841 dicimus
2306 4802 2318 4838 :
2355 4796 2537 4840 nostra
2564 4792 2731 4855 fronte
2761 4787 2811 4840 id
2845 4802 2941 4840 nos
2974 4785 3150 4839 facere
3180 4784 3265 4840 vel
3292 4783 3646 4856 dicere,.pos-

2044 4891 2231 4933 sumus
2259 4893 2538 4948 usurpare.
2575 4879 2752 4944 Quum
2797 4879 2841 4933 si
2872 4878 2996 4949 quid
3033 4887 3216 4933 contra
3257 4878 3342 4935 vel
3374 4889 3529 4950 turpe
3556 4879 3643 4936 vel

2046 4969 2355 5038 indecorum
2378 4969 2679 5025 faciendum
2700 4970 2786 5037 sit,
2818 4969 2989 5025 aliena
3018 4974 3202 5041 fronte,
3226 4971 3342 5029 sive
3371 4988 3467 5044 per
3497 4971 3635 5026 sub-

2046 5072 2264 5119 ornatos
2291 5105 2305 5130 ,
2347 5062 2398 5118 id
2453 5062 2711 5120 faciamus
2740 5063 3087 5137 dicamusque
3111 5107 3126 5135 ,
3154 5074 3208 5122 et
3238 5075 3422 5123 nostro
3449 5078 3640 5136 parca-

2040 5172 2159 5213 mus
2190 5156 2398 5229 pudori.

2049 5272 2138 5328 55.
2160 5270 2262 5339 Qui
2290 5270 2541 5341 fugiebat,
2567 5286 2754 5328 rursus
2782 5271 3131 5343 praeliabitur.
3160 5269 3381 5325 Tom.V.
3404 5267 3467 5324 de
3489 5265 3639 5341 Fuga

2324 5365 2771 5436 inpersecult'one,
2805 5381 2921 5436 cap.
2951 5364 3038 5419 10.
3072 5379 3208 5417 num.
3260 5362 3349 5416 7‘2.

2110 5479 2424 5537 RBENANUS.
2482 5478 2873 5537 Demosthenes
2923 5476 3052 5529 olim
3098 5474 3306 5544 fugiens
3345 5489 3413 5535 ex
3453 5472 3639 5543 praelio

2038 5574 2404 5638 Chmronensi,
2435 5573 2486 5627 in
2514 5586 2620 5641 quo
2646 5570 3046 5626 succubuerunt
3072 5568 3428 5624 Athenienses
3448 5567 3639 5623 adver-

2036 5681 2127 5723 sus
2159 5667 2457 5737 Philippum
2487 5666 2836 5723 Macedonum
2861 5666 3059 5737 Regem
3085 5674 3401 5738 pugnantes,
3433 5663 3635 5720 foedam

2036 5773 2156 5814 eam
2202 5758 2412 5829 fugam,
2460 5759 2529 5815 ob
2574 5758 2838 5829 abjectum
2880 5758 3127 5830 clypeum
3178 5756 3635 5827 exprobrantibus

1932 5888 1941 5901 υ
2035 5851 2222 5909 solitus
2262 5859 2346 5909 est
2395 5851 2495 5909 hoc
2519 5851 2783 5912 versiculo
2830 5849 3156 5922 respondere
3187 5869 3200 5907 :
3234 5838 3361 5922 Amp
3395 5854 3421 5904 ὁ
3455 5854 3633 5920 φεύγων
