4250 6266
625 414 732 472 225

626 633 706 678 set
732 622 1305 691 prmlia.Tcrtullianus
1324 624 1482 694 paulo
1504 633 1627 679 ante
1647 624 1763 680 haec
1782 627 2004 702 opponit
2029 644 2040 680 :
2067 626 2220 682 Stare

623 711 902 766 immobiles
933 714 1161 784 prwcipil
1193 715 1363 784 utique
1392 730 1481 769 nec
1509 717 1683 787 fugant
1712 757 1726 781 ,
1757 716 1962 772 mobiles
1981 759 1996 785 ,
2033 727 2078 771 et
2125 735 2216 771 ac-

620 806 812 860 cinctos
839 805 893 859 in
922 808 1133 877 fugam,
1165 825 1233 863 an
1260 809 1314 863 in
1341 825 1607 864 accursum
1649 809 1959 882 Evangelii?
1999 811 2215 866 Hastam

621 893 878 964 abjicere,
913 906 968 952 et
994 897 1197 954 Grtecis
1226 911 1539 970 ρίφασπιςοιι
1576 905 1965 970 ἀσπιδαποϐλὴς,
1999 907 2096 968 ἀπὸ
2131 914 2216 958 τοῦ

619 995 801 1059 ῥίπτειν
825 1000 905 1044 και
921 995 1208 1048 ἀποϐάλλειν
1233 1007 1318 1056 τὴν
1337 1000 1548 1050 ἁσπίδαζ
1570 995 1826 1052 Proverb.
1854 1012 1949 1067 pro
1971 997 2214 1054 diffidere

521 1143 528 1148 _
598 1093 844 1145 caussae,
889 1083 972 1138 vel
1016 1099 1220 1140 caussa:
1260 1086 1630 1144 defensionem
1675 1089 1947 1146 deserere.
1987 1091 2212 1147 Tertull.

622 1169 911 1228 Proverbia
945 1173 1116 1244 (quod
1138 1190 1168 1230 a
1198 1175 1401 1233 Graecis
1427 1179 1747 1250 profectum)
1780 1182 1986 1236 moneri
2021 1197 2213 1251 possu-

618 1276 760 1328 mus,
791 1277 895 1317 non
925 1265 1168 1333 protinus
1191 1266 1524 1337 despondere
1552 1272 1812 1338 animum,
1844 1271 1888 1326 Si
1919 1274 2045 1343 qttid
2074 1273 2212 1329 infe-

621 1350 776 1406 licius
802 1356 1124 1411 successerit
1149 1397 1163 1421 ,
1190 1367 1244 1412 et
1272 1375 1436 1428 quum
1467 1359 1567 1416 hac
1601 1377 1706 1417 non
1734 1364 2026 1430 successit,
2058 1375 2111 1418 ut
2141 1365 2216 1419 ait

619 1441 885 1512 Comicus,
919 1445 1022 1501 alia
1046 1449 1264 1519 aggredi
1291 1451 1393 1506 via.

617 1576 704 1634 56.
736 1578 937 1654 Funem
960 1585 1317 1640 contentionis
1343 1587 1559 1643 ducere.
1591 1589 1736 1644 Tant.
1763 1591 1951 1646 lll.lib.
1977 1592 2068 1648 1V.
2091 1593 2210 1647 adv.

1081 1675 1248 1752 .‘lfarc.
1282 1696 1397 1749 cap.
1423 1682 1473 1736 4.
1501 1699 1640 1736 nunt.
1671 1683 1762 1738 28.

684 1781 960 1851 Frequens
993 1795 1075 1839 est
1104 1787 1240 1857 apud
1275 1790 1443 1846 bonos
1470 1803 1718 1850 auctores
1743 1835 1757 1861 ,
1789 1794 1985 1852 Ducere
2012 1802 2206 1869 funem,

613 1875 754 1945 quod
782 1886 1049 1947 sumptum
1081 1896 1401 1955 μεταφορικῶς
1431 1902 1461 1940 a
1491 1889 1693 1943 comica
1717 1890 2019 1956 saltatioue,
2045 1907 2203 1962 quam
2236 1893 2285 1954 B

613 1969 817 2037 κόρδακα
865 1977 916 2023 ct
954 1977 1266 2042 κορδακισμὸν
1294 1979 1584 2048 appellant.
1609 1981 1826 2037 Terent.
1868 1983 2099 2054 Adelph.
2131 1985 2210 2041 Tu

612 2057 751 2114 inter
771 2075 866 2115 eos
890 2063 1072 2118 restim
1100 2065 1351 2122 dictitans
1373 2069 1635 2128 saltitabis
1655 2093 1668 2137 ;
1692 2082 1747 2128 et
1771 2074 1908 2144 apud
1932 2075 2206 2146 AristOph.

613 2159 830 2221 νεφέλαῲ
867 2157 971 2208 οὐδὲ
1009 2161 1208 2227 κόρδακι
1253 2147 1470 2222 stium-2.
1518 2162 1573 2217 ln
1619 2165 1813 2234 quibus
1855 2165 2071 2222 choreis
2116 2167 2205 2236 qui

612 2243 898 2311 prtcsultor
924 2258 1034 2314 est,
1064 2258 1116 2302 et
1139 2249 1463 2320 moderator,
1490 2259 1664 2324 funem
1691 2257 1866 2326 ducit,
1896 2275 2053 2329 quem
2086 2261 2202 2328 alii,

610 2333 944 2402 apprehenso
986 2337 1129 2403 fune,
1163 2354 1488 2408 praeeuntem
1536 2358 1852 2417 sequuntur.
1888 2349 2024 2405 Hinc
2065 2352 2204 2422 apud

609 2424 722 2480 Cic.
753 2425 1005 2483 familiam
1028 2431 1211 2488 ducere
1234 2444 1314 2490 est
1341 2478 1355 2502 ,
1380 2453 1502 2493 esse
1535 2440 1828 2511 principem
1857 2452 1912 2498 et
1931 2455 2205 2501 auctorem

609 2517 834 2589 alicujus
861 2533 1042 2590 sectte,
1071 2534 1124 2580 ct
1154 2525 1338 2582 Horat.
1368 2528 1436 2584 de
1463 2530 1716 2599 Pecunia,
1749 2536 1906 2604 epist.
1929 2533 1949 2588 l
1976 2553 1988 2588 :

734 2618 911 2683 Totum
935 2635 1083 2698 digna
1107 2642 1249 2702 sequi
1273 2644 1458 2703 potius,
1487 2657 1632 2706 quam
1653 2645 1840 2696 ducere
1867 2646 2046 2697 funem.

681 2737 786 2792 Sed
814 2739 938 2810 quid
986 2741 1100 2797 lure
1137 2743 1203 2798 ad
1252 2749 1648 2807 contentionem
1689 2764 1744 2805 et
1784 2753 2205 2809 certamen?Ad

612 2828 941 2897 pertinacem
992 2833 1302 2902 opinionum
1335 2837 1741 2896 defensionem?
1767 2844 2020 2900 Alludere
2047 2846 2208 2912 igitur

610 2920 822 2976 videtur
845 2923 910 2977 ad
941 2924 1083 2980 aliud
1116 2927 1262 2983 lusus
1285 2946 1474 2999 genus,
1509 2933 1560 2986 in
1590 2951 1696 3004 quo
1727 2935 1861 2991 forte
1889 2941 2061 3007 funem
2088 2953 2204 2992 me-

541 3084 552 3089 _
607 3012 754 3068 dittm
799 3024 1021 3087 utraque
1049 3036 1170 3087 pars
1209 3023 1258 3077 in
1301 3024 1509 3079 diversa
1539 3027 1787 3083 obnitens
1816 3044 1878 3084 ac
1904 3047 1963 3085 se
1995 3043 2204 3102 pertra-

610 3107 740 3165 here
771 3110 1062 3181 nitebatur,
1090 3125 1143 3170 et
1171 3115 1358 3172 alteris
1389 3129 1728 3188 extorquere.
1762 3122 1876 3190 Qua
1905 3124 1956 3178 in
1988 3140 2043 3180 re
2076 3141 2202 3196 pro-

608 3203 840 3269 positum
890 3213 1006 3259 erat
1052 3206 1288 3263 victoria:
1331 3212 1607 3278 praemium
1641 3229 1652 3264 :
1683 3214 1824 3284 quod
1870 3231 1977 3270 non
2023 3219 2205 3287 paucis

609 3290 740 3348 locis
770 3307 799 3346 a
832 3283 1358 3363 pueris'observatur
1387 3300 1567 3366 hodie,
1593 3321 1750 3374 quem
1784 3311 1958 3377 funem
1983 3319 2206 3366 conten-

610 3384 770 3438 tionis
813 3386 896 3440 vel
938 3391 1335 3446 contentiosum
1381 3409 1411 3447 a
1456 3398 1683 3464 partium
1733 3403 2089 3457 contentione
2126 3404 2208 3476 (ut

609 3472 815 3544 Kyfbaf
844 3476 1082 3549 Flandri)
1111 3481 1163 3534 in
1192 3482 1310 3536 lusu
1343 3483 1464 3553 pilae
1495 3487 1785 3562 palmarian,
1813 3507 1977 3560 quum
2005 3472 2208 3550 luditur

608 3563 829 3618 datatim
857 3567 1338 3634 appellat'l‘ertull.
1380 3573 1470 3642 qui
1509 3576 1701 3630 addit:
1756 3581 1869 3648 pari
1921 3582 2039 3635 hinc
2087 3585 2206 3640 inde

609 3655 724 3709 nisu
763 3657 1080 3726 ﬂuctuante;
1111 3660 1336 3717 fortasse
1371 3665 1760 3722 :fluctuantem
1795 3671 1895 3725 sub
1918 3672 2118 3728 funem.
2217 3703 2232 3718 σ

611 3768 700 3823 57.
755 3767 906 3823 Fune
951 3772 1290 3828 contentiosa
1339 3774 1482 3830 diem
1527 3778 1593 3832 ad
1647 3794 1924 3850 vesperam
1984 3784 2234 3842 ducere.’

686 3859 830 3914 Tant.
863 3861 906 3915 l.
955 3860 1044 3914 lib.
1077 3863 1194 3917 adv.
1226 3864 1357 3920 Iud.
1401 3885 1516 3937 cap.
1553 3872 1602 3924 1.
1637 3888 1776 3926 nunt.
1812 3875 1863 3928 1.
1893 3886 1939 3930 et
1963 3886 2082 3931 tant.
2112 3877 2198 3934 ΙΙΙ.

682 3955 834 4025 Ιίᾱάε
860 3954 1072 4010 Resurr.
1099 3959 1287 4012 carnis.
1319 3976 1436 4031 cap.
1466 3963 1553 4017 54.
1581 3981 1720 4018 nunt.
1743 3965 1870 4022 251.

692 4067 785 4123 Vel
812 4070 864 4125 in
895 4086 1152 4142 vesperam
1181 4075 1400 4130 (ra/tere.
1441 4076 1536 4132 Cui
1565 4078 1712 4133 addit
1735 4080 1960 4138 Tertull.
1991 4085 2202 4142 alternis

609 4159 797 4213 uicibus
817 4202 833 4228 ,
868 4171 926 4215 ut
955 4177 1113 4236 supra
1146 4183 1158 4218 :
1186 4167 1300 4235 pari
1327 4167 1445 4220 hinc
1474 4168 1592 4222 inde
1623 4171 1757 4224 nisu.
1793 4172 1903 4227 Cic.
1943 4174 1996 4228 2.
2044 4179 2199 4248 epist.

609 4248 649 4304 l.
704 4250 796 4305 lib.
847 4250 1039 4306 Famil.
1091 4254 1198 4310 Hac
1247 4260 1610 4314 controversia
1666 4255 1832 4333 uSqtte
1871 4265 1937 4319 ad
1988 4280 2199 4324 noctem

610 4342 766 4398 ducta
790 4363 805 4398 :
828 4345 950 4426 et}.
976 4347 1132 4416 epist.
1159 4348 1248 4402 IV.
1273 4349 1364 4404 lib.
1385 4351 1450 4406 ad
1479 4353 1643 4408 Attic.
1667 4355 1840 4422 Quum
1866 4357 1934 4412 ad
1953 4358 2202 4417 Clodium

608 4448 828 4492 ventum
848 4448 950 4504 est,
973 4444 1120 4512 cupit
1139 4441 1279 4498 diem
1306 4459 1642 4504 consumere.
1664 4450 1864 4506 Plinius
1885 4471 1896 4506 :
1921 4455 2201 4513 Actionem

506 4550 513 4559 -
609 4545 784 4584 meam
809 4571 825 4598 ,
859 4540 916 4585 ut
960 4533 1140 4601 prwlia
1180 4550 1282 4590 nox
1315 4536 1534 4604 dirimit,
1578 4551 1668 4595 et:
1694 4542 1838 4597 Dixit
1870 4545 1920 4599 in
1954 4557 2164 4604 noctem
2186 4593 2200 4617 ,

610 4631 771 4691 atque
797 4624 956 4678 etiam
983 4624 1143 4681 illatis
1167 4627 1416 4683 lucernis.
1450 4632 1603 4700 Apud
1637 4633 1863 4690 Roman.
1889 4654 2051 4707 quum
2073 4642 2203 4712 quid

611 4713 854 4783 differri,
884 4717 967 4772 vel
1010 4718 1063 4772 in
1113 4720 1252 4774 diem
1302 4722 1511 4778 diffindi
1557 4725 1755 4782 vellent
1796 4730 2200 4804 intercessores,

581 4797 583 4799 ’
611 4805 841 4861 dicendo
868 4807 1008 4863 diem
1037 4809 1424 4880 duccb:tnt,.ne
1449 4816 1576 4885 quid
1600 4835 1666 4873 eo
1692 4819 1777 4876 die
1803 4821 1922 4891 ipso
1941 4839 1968 4876 a
2003 4797 2203 4883 Senatu

610 4896 989 4954 decerneretur
1013 4920 1026 4956 :
1050 4903 1468 4977 dicebanturque
1491 4908 1629 4963 diem
1657 4912 1962 4981 extrahere,
1993 4925 2201 4984 tempus

610 4987 823 5043 trahere
838 4998 894 5044 et
925 4991 1191 5058 prolatare
1215 4998 1656 5068 consultationes,
1691 5003 1830 5072 apud
1859 5005 2055 5061 Salust.
2092 5007 2198 5064 lla-

609 5096 715 5150 que
753 5081 1144 5152 significabitur
1170 5091 1536 5146 contentionis
1576 5092 1842 5150 diuturnae
1883 5101 2195 5167 pertinacia.

606 5171 666 5228 lu
694 5173 785 5228 lib.
809 5175 878 5230 de
901 5174 1122 5232 Resurr.
1147 5193 1290 5233 earn.
1322 5184 1632 5240 contentiosa
1660 5187 1782 5255 fune
1810 5189 2074 5261 deducere,
2095 5205 2198 5264 est,

605 5267 937 5336 argumentis
967 5267 1193 5338 prolixis
1216 5270 1588 5344 perplexisque
1616 5292 1728 5342 rem
1760 5281 1984 5350 agitare.

608 5380 700 5437 58.
734 5381 937 5438 Funem
981 5386 1375 5443 contentiosum
1421 5391 1630 5447 alterno
1674 5393 1835 5451 ductu
1884 5398 1938 5453 in
1989 5400 2197 5460 diversa

675 5475 999 5532 distendere.
1064 5477 1208 5534 Tom.
1270 5479 1334 5536 ν.
1405 5482 1493 5539 lib.
1560 5484 1624 5541 de
1690 5475 1876 5547 Pudic.
1948 5509 2068 5566 cap.
2137 5495 2191 5550 2.

676 5585 816 5622 num.
847 5568 937 5622 22.

677 5679 879 5735 Praeter
922 5696 982 5736 ea
1025 5697 1145 5753 qua:
1191 5699 1348 5757 supra
1379 5689 1537 5746 allata
1584 5703 1743 5761 sunt,
1777 5697 1876 5752 hoc
1909 5699 2194 5770 proverbio

602 5769 913 5834 admoneor,
945 5773 1244 5830 Ductor-iuni
1274 5781 1451 5850 funem
1481 5783 1582 5838 dici
1605 5827 1619 5852 ,
1652 5788 1742 5856 qui
1790 5803 1882 5858 per
1915 5769 2193 5849 orbiculos

598 5861 853 5921 trocltlea:
897 5865 1039 5940 (qua:
1083 5878 1164 5926 est
1221 5873 1462 5932 machina
1511 5882 1812 5937 tractatorio
1837 5923 1854 5953 ,
1886 5897 2005 5940 cum
2050 5900 2192 5944 wreo

1720 412 1815 473 EX
1851 415 2316 476 TERTULLIANI
2356 417 2833 479 APOLOGETICO

626 538 770 586 πάλιν
795 543 1089 601 μαχήσεται,
1107 531 1209 586 hoc
1225 537 1317 587 est
1343 548 1354 585 :
1381 530 1474 586 Vir
1502 531 1590 602 qui
1622 530 1774 603 fugit,
1795 547 2004 589 rursum
2028 548 2212 604 capes-

2324 533 2570 605 ligneove
2617 537 2860 593 orbiculo
2909 541 3000 610 qui
3053 539 3254 596 circum
3305 539 3578 601 axiculum
3627 558 3916 616 versatur.
4008 560 4020 568 '

3817 431 3920 496 224

2320 625 2434 680 sive
2472 627 2643 682 rotula
2669 629 2853 685 striata
2884 646 3043 699 quam
3072 631 3275 688 Caterol
3298 642 3353 689 et
3380 633 3575 707 Matt/lc
3602 637 3781 711 Belgae
3819 657 3918 714 ap-

2319 717 2557 789 pellant)
2586 719 2866 790 trajicitur.
2898 723 3012 790 Qua
3045 723 3285 780 Machina
3318 726 3518 783 utimur
3549 714 3608 785 in.
3629 733 3916 804 oneribus,

2321 806 2556 864 fascibus
2577 851 2591 876 ,
2621 811 2792 867 saccis
2821 813 3189 880 frumentariis
3214 817 3266 872 itt
3299 817 3466 873 altum
3492 821 3833 891 attollendis,
3863 835 3920 883 et

2322 917 2418 972 per
2444 902 2705 959 fenestras
2743 905 3116 964 inttttittcndis.
3161 908 3263 978 Qui
3308 909 3450 967 funis
3493 912 3688 971 dicitur
3730 925 3914 974 contra

2319 993 2544 1052 demitti.
2578 997 2722 1068 Virg.
2755 1017 2766 1052 :
3530 1003 3546 1014 ‘

2442 1111 2719 1162 Demissum
2741 1114 2862 1176 lapsi
2887 1128 2978 1178 per
2997 1116 3180 1178 funem.

2359 1212 2606 1295 'IElerno
2631 1215 2805 1281 ductu,
2841 1227 2899 1270 ttt
2921 1232 3081 1288 supra
3102 1260 3118 1285 ,
3149 1220 3372 1276 Alternis
3401 1222 3621 1289 uicibus,
3657 1226 3770 1290 pari
3801 1228 3916 1284 nisu

2318 1302 2435 1356 hinc
2473 1304 2611 1358 inde.
2665 1305 2919 1378 Idemque
2979 1310 3300 1379 significabit
3339 1332 3352 1366 :
3399 1313 3676 1386 Utrimque
3722 1334 3912 1390 magna

2317 1409 2437 1449 cum
2469 1396 2754 1465 pertinacia
2783 1415 2896 1454 rem
2935 1399 3258 1471 diSputando
3287 1407 3507 1475 agitare.

2317 1506 2404 1564 59.
2430 1507 2630 1564 Funem
2662 1510 2876 1580 Iungunt
2914 1513 3206 1571 attrahere.
3229 1515 3374 1572 Tom.
3417 1517 3482 1572 ll.
3507 1490 3595 1576 lib.
3621 1521 3684 1576 de
3707 1523 3904 1580 Ireland.

2749 1602 2891 1691 Virg.
2921 1621 3035 1676 cap.
3068 1608 3157 1662 14.
3184 1626 3324 1682 num.
3361 1611 3488 1668 115.

2387 1737 2583 1793 Nolunt
2617 1749 2700 1795 est
2741 1741 2870 1796 illud
2906 1743 2966 1797 Β.
2993 1736 3236 1817 Gregorii
3269 1748 3556 1806 Moralibus
3586 1769 3600 1806 :
3638 1752 3821 1811 Oritur
3843 1772 3908 1814 ex

2317 1831 2656 1901 suggestione
2685 1835 2957 1904 cogitatio,
2983 1852 3050 1892 ex
3075 1839 3398 1909 cogitatione
3425 1841 3660 1912 affectio,
3693 1861 3760 1901 ex
3791 1847 3910 1904 affe-

2313 1921 2493 1976 ctione
2552 1923 2870 2004 delectatio,
2917 1942 2982 1982 ex
3022 1922 3386 1987 delectatione.
3423 1947 3753 2004 consensus,
3799 1949 3906 1995 etc.

2316 2027 2484 2086 usque
2513 1996 2578 2070 ad
2604 2026 2807 2072 certant
2836 2018 3255 2077 damnationem.
3287 2025 3416 2090 Quae
3445 2035 3531 2080 est
3559 2026 3717 2097 longa
3744 2028 3829 2084 illa
3849 2039 3908 2087 et

2317 2104 2580 2161 horrenda
2615 2119 2950 2178 peccatorum
2976 2122 3186 2169 Catena.
3215 2115 3314 2183 Qui
3341 2115 3495 2173 funes
3517 2127 3680 2190 atque
3699 2135 3907 2193 compe-
3975 2130 3986 2138 '

2313 2187 2428 2266 d'es,
2461 2201 2654 2270 quibus
2679 2206 3030 2260 constrictum
3060 2207 3332 2264 hominem
3354 2209 3582 2266 Satanas
3603 2229 3708 2268 non
3734 2215 3904 2272 solunt

2313 2291 2365 2345 in
2389 2305 2550 2347 omne
2572 2309 2740 2364 genus
2762 2297 3045 2362 malorum,
3070 2299 3163 2353 sed
3185 2301 3345 2354 etiam
3369 2301 3423 2356 in
3446 2311 3730 2360 tartaream
3750 2308 3906 2378 abys-

2313 2397 2429 2437 sum
2496 2385 2810 2456 przrcipitat.
2890 2390 3042 2458 Apud
3101 2391 3353 2460 profanos
3397 2403 3642 2450 auctores
3673 2397 3903 2455 :Catena

2313 2476 2680 2546 negotiorum,
2709 2479 2952 2536 Catenati
3001 2481 3230 2539 labores.
3275 2485 3429 2540 Pind.
3472 2491 3700 2560 δυσφόρων
3727 2503 3902 2558 χοινίον

2313 2582 2565 2639 μεριμνῶν.

2217 2730 2224 2732 .
2313 2679 2401 2736 60.
2429 2680 2610 2738 Glacie
2633 2641 3058 2754 fragilioriTom.
3084 2685 3168 2741 Ill.
3189 2689 3276 2742 lib.
3304 2689 3343 2744 Ι.
3368 2691 3483 2746 adu.
3512 2691 3679 2748 Marc.
3707 2710 3822 2764 cap.
3846 2695 3898 2762 l_.

2971 2795 3111 2834 nunt.
3146 2780 3233 2835 14.

2383 2885 2536 2952 Aliis,
2574 2887 2703 2942 Gelu
2730 2891 2988 2962 fragilior.
3021 2891 3098 2947 De
3129 2893 3345 2949 homine
3372 2896 3709 2954 inconstante
3730 2908 3783 2954 et
3808 2898 3902 2956 fce-

2309 2976 2534 3048 dif‘rago.
2559 2978 2691 3034 Nam
2715 2981 2901 3053 fragile
2927 2985 3215 3055 Opponitur
3241 2987 3396 3042 firmo
3415 2997 3468 3043 et
3492 2989 3690 3045 stabili.
3721 2992 3905 3064 Fragi-

2308 3067 2471 3122 litatis
2502 3071 2555 3124 in
2582 3071 2750 3141 glacie
2771 3088 2957 3129 caussa
2989 3085 3104 3141 est,
3143 3079 3392 3147 partium,
3426 3090 3642 3136 excrcto
3685 3083 3898 3153 colore,
3995 3152 4005 3159 _

2307 3161 2448 3232 quod
2477 3164 2831 3236 coniungendi
2859 3169 3128 3223 vinculum
3155 3180 3255 3236 est,
3285 3174 3491 3227 raritas.

2231 3246 2275 3309 (ἶ
2310 3274 2398 3329 61.
2429 3273 2608 3330 Gradu
2639 3267 2851 3344 cedere,
2881 3281 2946 3334 de
2969 3281 3135 3351 gradu
3162 3283 3494 3354 cedere,sive
3517 3287 3784 3358 paulisper
3809 3288 3902 3346 de-

2380 3367 2592 3423 cedere.
2643 3368 2787 3424 Tom.
2823 3371 2911 3426 Ill.
2953 3373 3040 3426 lib.
3075 3377 3138 3429 de
3168 3375 3363 3433 Prazsc.
3390 3379 3508 3432 adv.
3547 3379 3674 3434 Ithl‘.
3706 3382 3890 3449 cap.9.

2382 3474 2521 3512 num.
2556 3460 2643 3513 64.
2690 3471 2737 3514 el
2778 3461 2866 3514 lib.
2901 3463 2962 3517 V.
3009 3465 3126 3520 udo.
3172 3465 3341 3523 Marc.
3384 3484 3430 3522 c.
3468 3469 3556 3524 16.
3599 3488 3740 3526 nunt.
3771 3471 3898 3528 256.

2380 3567 2458 3604 ac.
2493 3549 2637 3608 Tom.
2668 3551 2728 3607 V.
2761 3553 2846 3610 lib.
2880 3556 2943 3610 de
2975 3556 3157 3612 Pudic.
3189 3575 3236 3613 c.
3270 3560 3321 3613 7.
3351 3577 3491 3616 num.
3524 3564 3616 3620 55.

2381 3662 2580 3719 Omnes
2624 3667 2954 3738 metaphora:
2995 3671 3063 3727 ab
3107 3673 3324 3730 athletis
3361 3687 3588 3747 sumptae
3624 3678 3734 3748 jam
3769 3693 3898 3734 con-

2309 3755 2676 3827 gredientibus
2695 3799 2710 3825 ,
2738 3761 2852 3816 sive
2874 3763 3096 3834 gradum
3123 3807 3139 3832 ,
3173 3766 3362 3836 pedem
3383 3809 3398 3835 ,
3426 3785 3643 3826 manum
3672 3786 3898 3841 congre-

2309 3849 2600 3905 dientibus.
2620 3851 2738 3906 Lib.
2784 3854 2852 3910 de
2902 3856 3202 3928 Prmscript.
3255 3860 3376 3913 adv.
3423 3861 3557 3918 haec.
3597 3862 3731 3917 Cedo
3770 3881 3902 3919 nunc

2309 3953 2489 4012 sponte
2535 3944 2597 3998 de
2625 3946 2788 4015 gradu
2831 3947 2946 4002 isto.
2987 3950 3141 4014 Quod
3168 3961 3272 4018 est,
3308 3951 3420 4006 Non
3467 3947 3765 4024 impulsus,
3803 3970 3900 4010 nec

2309 4037 2638 4104 argumentis
2664 4039 2891 4105 evictus,
2921 4041 3129 4112 dejure
3162 4061 3282 4100 meo
3312 4047 3550 4102 concedo
3583 4065 3596 4100 :
3629 4048 3731 4104 hoc
3755 4047 3898 4104 dono

2308 4125 2647 4196 adversario,
2699 4131 2840 4200 quod
2888 4133 3179 4190 defendere
3202 4136 3332 4190 ntihi
3363 4137 3430 4192 sit
3463 4139 3719 4209 proclive,
3749 4150 3802 4196 ct
3831 4139 3898 4197 ad

2311 4221 2575 4276 firmiores
2604 4223 2835 4279 rationes
2865 4242 3103 4282 recurro.
3455 4220 3460 4224 ’

2311 4331 2399 4387 62.
2429 4334 2607 4390 Gradu
2659 4338 2850 4392 eodem
2881 4354 3184 4396 occurrere.
3212 4340 3358 4396 Tant.
3406 4342 3496 4398 Ill.
3529 4344 3617 4398 tib.
3650 4343 3740 4398 IV.
3773 4345 3894 4400 adu.

2483 4432 2485 4436 ’
2719 4430 2887 4487 Marc.
2916 4449 3030 4504 cap.
3061 4435 3150 4490 29.
3185 4452 3324 4490 num.
3358 4436 3485 4492 492.

2382 4540 2662 4614 Sumptum
2707 4559 2737 4598 a
2779 4545 3201 4616 gladiatoribus,
3253 4551 3342 4621 qui
3395 4543 3518 4608 cuni
3561 4553 3898 4624 antagonista

2308 4631 2629 4689 decertaturi
2651 4636 2876 4705 gradum
2896 4636 3092 4708 ﬁgunt,
3122 4650 3175 4697 et
3211 4641 3349 4698 ictus
3378 4643 3678 4700 declinandi
3705 4660 3896 4701 caussa

2307 4726 2563 4783 cedentes
2586 4769 2600 4792 ,
2634 4729 2826 4784 iterum
2858 4733 3192 4801 procedunt,
3219 4744 3273 4790 ct
3299 4735 3490 4792 eodem
3517 4735 3684 4808 gradu
3712 4739 3896 4794 consi-

2307 4827 2487 4886 stunt,
2516 4818 2726 4907 obviam
2757 4832 2944 4881 euntes
2972 4827 3293 4882 renituntur.
3326 4827 3444 4884 Erit
3465 4870 3481 4898 ,
3509 4829 3702 4886 eodem
3733 4846 3898 4903 argu-

2305 4921 2487 4966 mento
2515 4920 2570 4966 et
2595 4913 2700 4969 telo
2729 4915 2821 4970 uti.

2305 5024 2394 5080 65.
2447 5005 2626 5082 Gradu
2669 5029 2956 5086 excludere
2980 5073 2994 5096 ,
3025 5033 3296 5102 expellere
3319 5075 3334 5100 ,
3367 5034 3434 5091 de
3470 5037 3638 5108 gradu
3669 5036 3896 5108 pellere.

2381 5118 2526 5173 Tant.
2559 5119 2648 5176 Ill.
2691 5121 2779 5175 lib.
2811 5125 2874 5178 de
2900 5125 3072 5180 Anim.
3106 5142 3223 5197 cap.
3256 5128 3310 5183 6.
3337 5145 3475 5182 nunt.
3504 5129 3592 5184 82.
3643 5140 3687 5183 cl
3727 5129 3817 5184 lib.
3853 5130 3898 5187 I.

2374 5210 2506 5266 Adv.
2537 5213 2703 5269 Marc.
2732 5232 2850 5285 cap.
2879 5218 3225 5274 15.nunt.71.
3251 5236 3312 5274 ac
3338 5221 3425 5276 tib.
3454 5222 3545 5278 iV.
3576 5221 3695 5277 adv.
3724 5221 3898 5280 Marc.

2373 5321 2488 5377 cap.
2517 5305 2571 5361 9.
2601 5323 2741 5361 nunt.
2768 5309 2890 5365 194.

2377 5421 2538 5478 Libro
2560 5423 2626 5478 de
2669 5423 2846 5478 anima
2883 5441 2896 5480 :
2935 5424 3102 5496 Hujus
3128 5427 3441 5496 deﬁnitionis
3469 5429 3684 5500 gradum
3709 5428 3900 5482 exclu~

2303 5531 2414 5569 sero
2440 5531 2458 5580 ;
2486 5514 2588 5572 hoc
2613 5525 2716 5584 est,
2746 5517 3046 5573 Ostendero
3070 5518 3436 5576 definitionem
3465 5521 3760 5579 consistere
3783 5535 3896 5576 non

2303 5622 2458 5676 posse
2481 5651 2495 5674 ,
2522 5623 2696 5679 neque
2731 5624 2842 5664 rem
2870 5651 2884 5676 ,
2915 5609 3284 5667 definitionem
3323 5627 3444 5668 cum
3473 5627 3538 5668 ea
3569 5619 3712 5668 retro
3733 5626 3894 5668 com-

2299 5714 2501 5767 meare,
2533 5701 2673 5771 quod
2733 5706 2821 5756 est"
2858 5701 3042 5756 vitium
3089 5704 3142 5758 in
3186 5703 3265 5759 rei
3311 5703 3629 5759 definienda:
3683 5705 3898 5762 ratione

2301 5793 2631 5862 primarium.
2674 5793 2801 5849 Cum
2827 5792 2936 5849 Dea
2967 5796 3061 5849 hoc
3088 5795 3252 5868 gradu
3279 5796 3580 5867 expellimur
3603 5837 3617 5861 ,
3645 5795 3746 5850 hoc
3769 5806 3852 5850 est
3870 5838 3889 5864 ,

2296 5904 2461 5961 quum
2527 5888 2637 5948 Deo
2692 5889 2828 5947 hanc
2871 5898 3210 5961 potestatem,
3269 5891 3720 5964 przcrogativatn,
3779 5891 3893 5950 vim
