4242 6264
301 206 407 314 ’938

1481 259 2016 325 PROVERBIALES
2054 267 2405 329 FORMUL/E
2418 313 2430 327 .

3499 285 3608 342 2‘26

215 369 221 373 ’
302 366 521 424 creandi
565 367 866 424 adimimus.
905 368 975 424 Te
1015 370 1181 442 gradu
1221 371 1410 442 pellant
1436 415 1451 441 ,
1484 375 1586 430 hoc
1616 385 1700 431 cst
1723 418 1736 442 ,
1773 393 1899 433 con-
1930 381 1982 440 Λ
2008 381 2174 435 dendo
2194 383 2538 448 traditionem,
2567 401 2721 455 gnum
2742 403 2854 458 qua:
2878 405 2975 445 non
2995 399 3108 447 sunt
3130 395 3418 463 constituta,
3436 397 3604 454 abitis.

301 461 512 517 vineam
541 472 592 516 te
613 461 748 527 falsi,
769 470 821 517 et
848 472 963 518 tuas
981 464 1217 520 rationes
1239 465 1544 523 intirtnabo.
1574 469 1698 524 llaec
1723 471 1900 526 omnia

304 565 334 606 a
388 552 822 608 colluetatoribus
873 536 1126 625 sumpta,
1178 555 1472 627 significant
1531 560 1899 618 adversarium

305 641 583 698 confutare
606 684 622 708 ,
653 652 707 698 et
737 643 790 698 in
821 647 1116 702 certamine
1142 646 1516 717 disputationis
1550 665 1823 721 superare.

304 752 391 809 61.
436 753 512 810 De
551 754 720 825 gradu
770 755 948 827 dejiei,
997 766 1090 812 aut
1120 760 1360 821 ,tnoveri.
1407 758 1556 816 Tant.
1591 761 1675 818 Ill.
1708 765 1796 819 tib.
1838 766 1902 821 de

663 848 878 903 Resurr.
911 852 1178 918 carttis,.c.
1204 852 1258 905 2.
1283 869 1423 907 nunt.
1456 856 1544 909 18.

378 963 529 1036 Apud
550 963 725 1022 Cicer.
751 964 843 1020 lib.
871 965 910 1019 l.
951 963 1106 1020 Offic.
1132 965 1211 1020 De
1226 967 1390 1037 gradu
1415 968 1586 1038 defici,
1613 980 1696 1026 est
1719 972 1900 1029 animo

299 1057 633 1112 consternari
659 1099 675 1126 ,
707 1069 762 1113 et
793 1059 938 1118 velut
967 1074 995 1113 a
1023 1055 1164 1115 statu
1211 1063 1408 1116 mentis
1455 1063 1728 1121 demoveri
1758 1109 1770 1130 ,
1797 1084 1898 1123 nec

297 1149 581 1219 prmsentis
624 1149 788 1204 animi
831 1150 905 1205 uti
942 1151 1190 1206 consilio.
1223 1151 1666 1223 llumpertinent,
1696 1156 1896 1213 Movcri

300 1238 447 1308 loco,
482 1241 762 1297 Deturbari
809 1242 998 1311 gradu.
1044 1241 1141 1298 Cui
1197 1247 1463 1300 contraria
1513 1265 1528 1302 :
1582 1247 1784 1318 Reponi
1843 1251 1895 1306 in

293 1331 522 1404 gradum
549 1376 563 1400 ,
595 1344 649 1389 et
693 1334 925 1390 Restitui
954 1335 1006 1389 in
1035 1335 1234 1391 locum.
1268 1337 1522 1406 Tertull.,
1555 1339 1794 1411 Dejectus
1818 1343 1898 1396 vel

292 1434 466 1479 motus
494 1426 556 1480 de
584 1426 748 1496 gradu
788 1427 900 1496 ejus
928 1426 1072 1496 spei,
1105 1426 1204 1483 hoc
1229 1437 1334 1497 est,
1367 1430 1453 1500 qui
1476 1429 1588 1499 jam
1618 1426 1767 1502 spem
1797 1433 1895 1487 ab-

281 1515 446 1587 jecit,
489 1518 545 1572 in
591 1533 694 1589 qua
743 1518 1087 1587 innitebatur,
1124 1519 1316 1577 alienis
1337 1523 1774 1592 persuasionibus
1815 1527 1896 1580 in-

289 1610 517 1666 ductus.

2005 472 2102 526 Est
2150 473 2305 544 igitur
2351 474 2605 559 recedere
2649 481 2716 534 ab
2763 481 3035 549 instituto,
3084 487 3195 541 sive
3224 502 3252 540 a
3295 492 3605 562 praescripta

2005 578 2214 632 norma,
2237 566 2431 623 cedere
2449 557 2756 627 adversario
2786 575 3004 629 victum.
3038 575 3250 647 Virgil.,
3282 579 3375 636 lib.
3402 579 3446 636 II
3477 600 3490 636 :

2130 669 2384 743 Retroque
2411 683 2586 746 pedem
2607 699 2718 735 cum
2742 701 2862 738 voce
2890 692 3147 753 repressit.

2003 781 2095 835 71.
2138 782 2372 839 Gradum
2404 789 2704 847 obstruere.
2748 791 2894 847 Tant.
2950 794 2991 846 l.
3034 795 3253 868 Apalog.
3283 815 3399 870 cap.
3427 801 3519 869 27,
3547 819 3600 860 tt.

2080 872 2210 927 424.
2264 875 2412 931 Tant.
2439 879 2502 932 ll.
2527 881 2614 934 lib.
2647 882 2710 936 tle
2731 885 2930 939 vcland.
2971 885 3112 957 Virg.
3137 905 3251 959 cap.
3279 892 3366 946 15.
3394 909 3447 946 tt.
3478 893 3603 950 120.

2076 964 2224 1021 Tant.
2250 966 2336 1023 Ill.
2361 971 2447 1024 lib.
2475 973 2538 1026 de
2561 972 2858 1044 Prwscript.
2881 977 2997 1031 adv.
3024 979 3147 1033 ltwr.
3174 997 3292 1051 cap.
3319 983 3408 1039 15.
3433 1001 3485 1039 η.
3510 985 3602 1043 99.

2077 1068 2122 1113 et
2155 1060 2243 1117 lib.
2271 1062 2334 1117 de
2364 1063 2575 1120 Resurr.
2607 1083 2747 1123 carn.
2781 1086 2896 1140 cap.
2929 1071 3103 1143 48._n.
3134 1074 3263 1129 544.

2079 1173 2230 1228 Hunc
2258 1177 2412 1246 igitur
2436 1181 2650 1251 gradum
2678 1184 2993 1252 potissimum
3023 1187 3344 1257 obstruimus,
3377 1208 3477 1247 non
3498 1195 3596 1248 ad-

1999 1269 2232 1324 mittendi
2260 1288 2342 1326 eos
2369 1275 2438 1326 ad
2467 1276 2625 1329 ullam
2658 1278 2722 1331 de
2749 1277 3032 1349 Scripturis
3060 1281 3470 1352 disputationem,
3501 1287 3602 1344 hoc

2003 1371 2124 1418 est:
2157 1363 2269 1418 lloc
2308 1367 2539 1434 primum
2583 1371 2903 1439 apponintus
2923 1413 2939 1438 ,
2973 1389 3001 1429 a
3032 1389 3321 1446 congressu
3353 1394 3600 1436 remove-

2000 1467 2143 1508 mus.
2170 1454 2224 1508 In
2250 1457 2471 1529 Apolog.
2501 1459 2772 1516 Provocati
2793 1464 2861 1516 ad
2884 1468 3277 1535 sacriﬁcandum
3298 1470 3600 1528 obstruimus

1999 1544 2217 1614 gradum
2247 1548 2479 1616 perﬁdia:
2509 1550 2602 1622 (al.
2638 1568 2733 1621 pro
2762 1554 2887 1626 fide)
2918 1559 3236 1612 conscientia:
3260 1571 3465 1628 nostris,
3499 1564 3600 1620 ltoc

2005 1644 2107 1700 est,
2127 1638 2540 1706 Antevertitnus,
2562 1644 2857 1712 nepcrlidta
2880 1649 3354 1716 irrepattnentibus
3377 1655 3594 1710 nostris.

284 1722 382 1778 65.
425 1723 662 1781 Gradum
693 1727 852 1782 alium
885 1727 1040 1782 inire.
1071 1727 1218 1781 Tam.
1253 1727 1342 1783 Ill.
1365 1729 1453 1784 lib.
1485 1729 1554 1786 IV
1582 1730 1698 1785 adv.
1728 1731 1892 1786 Marc.
1927 1741 1973 1801 Β
2003 1726 2192 1782 Cicero
2217 1746 2228 1782 :
2254 1729 2534 1788 obstruere
2567 1734 2800 1804 perfugia
2834 1737 3215 1806 improborum.
3247 1741 3364 1796 Lib.
3397 1743 3464 1799 de
3492 1744 3598 1802 ne-

827 1870 834 1872 _.
881 1834 994 1886 cap.
1027 1818 1079 1873 6.
1114 1836 1254 1874 nunt.
1288 1820 1377 1875 52.

365 1927 476 2003 EstA
485 1928 586 1984 alia
615 1930 832 2000 aggredi
864 1931 972 1999 via,
1001 1941 1056 1987 et
1081 1946 1278 1988 novum
1310 1933 1449 1989 inire
1478 1926 1750 1991 certamen
1768 1978 1783 2003 ,
1813 1937 1896 1992 vel

283 1993 478 2074 saltem
510 2035 648 2075 novo
676 2019 858 2089 modo,
890 2015 999 2090 vel,
1033 2039 1092 2079 re
1121 2040 1224 2079 una
1249 2025 1361 2095 jam
1403 2027 1697 2096 improbata
1727 2037 1780 2085 et
1809 2029 1887 2084 la-

286 2112 574 2182 befactata,
605 2113 670 2170 ad
701 2115 918 2170 alterius
949 2119 1284 2173 eversionem
1317 2133 1437 2175 sese
1466 2122 1766 2192 accingere.

285 2225 383 2282 66.
427 2226 652 2283 Gradum
680 2230 950 2288 conferre.
993 2231 1137 2287 Tant.
1176 2233 1216 2288 1.
1261 2235 1348 2288 lib.
1371 2237 1487 2292 adv.
1516 2235 1669 2305 Jttd.,
1693 2255 1806 2309 cap.
1830 2239 1887 2293 2.

368 2336 512 2374 num.
543 2321 577 2376 6
602 2332 648 2376 et
674 2339 788 2395 cap.
809 2326 862 2380 7.
890 2343 1029 2380 nunt.
1053 2325 1142 2381 37.
1184 2337 1231 2383 et
1283 2327 1370 2386 lib.
1417 2328 1505 2396 Ill,
1552 2332 1667 2385 adv.
1723 2332 1888 2416 Marc.

361 2428 475 2482 cap.
502 2409 551 2466 2.
589 2430 726 2468 num.
757 2417 814 2470 4.

359 2522 601 2580 Militaris
638 2526 891 2598 phrasis:
945 2539 1002 2584 ut
1060 2530 1168 2598 illa,
1210 2532 1418 2588 Collato
1461 2535 1594 2606 pede
1625 2537 1886 2607 prmliari;

283 2615 532 2672 conferre
572 2633 788 2673 manum
833 2621 914 2675 vel
957 2621 1176 2690 pedem;
1225 2623 1474 2680 conferre
1512 2628 1736 2697 gradum
1761 2645 1881 2684 cum

284 2699 458 2763 ltoste.
490 2715 835 2780 Κατάρχεσθαι
856 2729 938 2774 τῆς
968 2720 1150 2783 μάχης,
1179 2716 1454 2785 Auspicari
1473 2727 1738 2775 certamen
1770 2721 1882 2776 dis-

284 2800 576 2870 putationis
601 2819 614 2856 :
640 2801 720 2856 Ad
746 2818 858 2858 rem
883 2805 1102 2875 prapius
1130 2805 1410 2875 accedere,
1443 2807 1552 2864 line
1572 2814 1880 2881 ἐγγὺςῖοντις,

284 2889 528 2960 cominus
548 2895 846 2963 congressi.

321 3001 409 3058 67.
442 3003 677 3060 Gradum
709 3006 958 3078 dirigere.
987 3007 1131 3065 Tom.
1167 3009 1252 3065 IlI.
1286 3012 1374 3067 lib.
1409 3013 1495 3069 IV.
1527 3016 1642 3070 adv.
1679 3016 1842 3072 Marc.

795 3117 914 3172 cap.
947 3103 1036 3158 57‘.
1073 3120 1215 3172 num.
1251 3105 1380 3161 601.

355 3209 446 3264 Est
492 3211 673 3283 aliquo
717 3213 917 3270 referre
945 3216 1043 3270 vim
1073 3217 1303 3288 ingenii,
1341 3219 1407 3274 ad
1439 3221 1636 3291 aliquid
1676 3238 1882 3294 expen-

279 3298 516 3356 dendum
545 3318 604 3358 se
631 3319 966 3376 comparare.

282 3409 378 3465 68.
423 3412 655 3468 Gradunt
678 3416 860 3488 ﬁgere.
899 3418 1042 3474 Tant.
1075 3421 1138 3477 11.
1166 3423 1254 3479 lib.
1278 3425 1341 3479 de
1361 3426 1560 3481 veland.
1599 3427 1737 3498 Virg.
1760 3446 1807 3483 c.
1828 3430 1879 3485 1.

355 3519 410 3556 tt.
431 3503 523 3558 86.
559 3515 607 3559 et
626 3504 767 3563 Tom.
797 3508 886 3564 Ill.
907 3510 996 3564 lib.
1040 3510 1265 3568 lV.adv.
1292 3515 1456 3570 Marc.
1481 3534 1593 3590 cap.
1620 3518 1676 3574 2.
1699 3536 1753 3572 n.
1787 3520 1876 3576 18.

356 3595 447 3649 lib.
481 3595 546 3652 V.
587 3598 704 3654 adv.
740 3598 906 3656 Marc.
937 3617 1053 3674 cap.
1095 3604 1182 3660 10.
1216 3623 1354 3662 num.
1386 3609 1513 3686 154.
1546 3610 1635 3667 lib.
1677 3611 1874 3666 advers.

352 3686 613 3744 Premit.
646 3706 762 3763 cap.
803 3693 856 3748 8.
887 3711 1030 3751 nunt.
1078 3697 1169 3752 56.
1223 3709 1268 3753 et
1298 3708 1412 3770 eap.
1445 3699 1533 3757 22.
1571 3720 1714 3758 num.
1745 3705 1871 3760 155.

351 3777 602 3839 Τοηιμν.
635 3783 722 3838 lib.
754 3785 816 3840 de
844 3785 1022 3857 Jejun.
1057 3805 1172 3860 cap.
1207 3791 1297 3845 11.
1332 3809 1474 3848 attat.
1508 3795 1596 3848 71.

355 3891 666 3951 BHENANUS.
700 3895 1000 3954 Translatio
1028 3901 1094 3955 ab
1121 3903 1409 3958 athletisin
1433 3907 1724 3964 certamine
1750 3924 1878 3963 con-

278 3985 673 4054 gredientibus,
733 4005 912 4046 sermo
961 3994 1332 4062 proverbialis.
1407 3997 1714 4056 Consistcre
1754 4017 1874 4057 eum

276 4081 579 4134 constantia
601 4122 616 4146 ,
667 4092 720 4137 et
763 4085 900 4154 apud
934 4085 1156 4142 Tertull.
1187 4098 1262 4143 ιυι
1290 4089 1421 4145 locis
1451 4103 1535 4147 est
1563 4097 1874 4151 sententiam

274 4170 444 4225 semel
489 4182 802 4243 conceptam
843 4177 1038 4232 acriter
1081 4178 1390 4247 defendere,
1425 4184 1477 4237 in
1505 4200 1674 4264 eaque
1704 4189 1873 4257 persi-

277 4268 423 4316 stere
453 4281 464 4316 ε
494 4273 586 4317 ξιιιῑ
625 4280 869 4334 premere
919 4282 1288 4340 argumentum
1321 4289 1498 4344 Sillim,
1547 4287 1603 4332 ιιι
1644 4278 1876 4349 loquitur

275 4351 466 4409 Cicero
495 4374 508 4409 :
540 4355 624 4410 vel
657 4357 708 4411 in
743 4360 897 4415 unius
926 4363 1003 4416 rei
1037 4363 1272 4434 diligenti
1299 4371 1653 4438 pensitatione
1679 4374 1872 4429 immo-

277 4445 406 4514 rari,
437 4456 492 4502 et
516 4449 674 4504 nullis
702 4451 774 4530 uti
803 4454 1206 4512 excursionibus
1231 4474 1260 4512 a
1290 4475 1349 4515 re
1376 4462 1585 4517 alienis.

278 4557 368 4615 69.
410 4561 646 4622 Gradum
689 4569 743 4624 in
782 4571 897 4626 acie
926 4573 1107 4644 figere.
1150 4573 1295 4629 Tom.
1328 4575 1394 4630 ν.
1428 4576 1517 4630 lib.
1551 4577 1614 4633 de
1645 4578 1794 4651 Fuga
1823 4582 1875 4634 in

686 4672 936 4729 persecut.
969 4681 1084 4735 cap.
1118 4667 1203 4721 11.
1230 4684 1370 4721 num.
1403 4668 1492 4723 80.

348 4744 502 4814 Apud
531 4747 810 4819 Virgilium
853 4754 1140 4827 frequens,
1193 4757 1340 4816 State
1383 4762 1506 4830 viri,
1548 4761 1877 4820 adhortantis

275 4843 335 4887 ut
374 4849 438 4890 ex
483 4835 604 4908 fuga
645 4841 852 4910 sistant,
904 4846 1044 4903 unde
1086 4847 1234 4905 Jovis
1274 4851 1500 4908 Statoris
1547 4869 1763 4912 nomen.
1811 4856 1878 4910 Et

275 4923 513 4994 IEneid.,
549 4929 640 4985 lib.
669 4932 738 4988 10
756 4950 778 4988 :

396 5015 873 5132 ﬁgitfieancpedibus
889 5027 1046 5101 :ferro
1062 5033 1328 5096 rumpenda
1353 5047 1444 5097 per
1459 5033 1627 5086 hostes

273 5161 606 5223 Proverbial.
654 5174 982 5242 argumentis
1020 5176 1449 5235 adversariorum
1492 5195 1599 5236 non
1645 5183 1870 5250 moveri,

274 5259 618 5327 pertinaciter
663 5264 716 5318 in
765 5270 1029 5325 sententia
1076 5273 1380 5343 persistere,
1425 5289 1578 5342 suam
1629 5290 1872 5330 caussam

275 5350 473 5406 acriter
498 5355 811 5415 defendere.
857 5360 1070 5432 Lib._de
1099 5363 1274 5434 Jejun.
1308 5367 1455 5423 State
1482 5370 1535 5422 in
1565 5369 1662 5425 ista
1691 5369 1872 5439 gradu,

273 5443 318 5496 si
345 5449 572 5514 potestis.

278 5533 370 5590 70.
413 5536 647 5596 Gradum
678 5557 916 5604 movere.
941 5546 1085 5604 Tant.
1121 5550 1186 5607 V.
1230 5552 1317 5607 lib.
1349 5553 1412 5607 de
1437 5551 1614 5624 Jejutt.
1644 5567 1759 5622 cap.
1787 5553 1873 5609 15.

931 5657 1074 5696 nunt.
1106 5641 1196 5698 78.

337 5720 699 5786 Tertullianus
719 5731 797 5789 sic
818 5733 1229 5806 interpretatur:
1251 5737 1481 5797 Mavistis
1496 5741 1712 5824 gradum
1732 5746 1878 5798 exce-

1896 4457 1950 4517 D

2001 1829 2238 1874 surrect.
2269 1835 2444 1889 carn.,
2478 1832 2535 1877 ut
2557 1828 2694 1894 quod
2724 1827 2999 1882 adversarii
3024 1831 3075 1883 itt
3103 1832 3268 1901 prima
3296 1835 3462 1890 statim
3490 1838 3599 1891 acie

2005 1911 2369 1980 obstruttnt,‘in
2394 1913 2577 1968 ultima
2604 1920 2956 1988 congressione
2980 1933 3430 1990 prastertterenttts.

2001 2025 2089 2079 72.
2120 2025 2356 2081 Gradutn
2389 2029 2672 2085 sustinere.
2705 2029 2852 2086 Tant.
2884 2032 2971 2088 ill.
3003 2036 3090 2091 lib.
3125 2037 3166 2092 l.
3195 2039 3393 2095 advers.
3426 2041 3592 2102 Marc.

2549 2134 2664 2198 cap.
2700 2126 2754 2179 1.
2788 2144 2927 2182 nunt.
2957 2128 3046 2184 ‘25.
3626 2129 3633 2135 ’

2067 2229 2166 2296 Qui
2213 2241 2609 2304 oppugnantur,
2653 2235 2901 2294 dicuntur
2947 2243 3052 2295 vim
3093 2252 3148 2297 et
3186 2245 3594 2314 impressionem

1998 2319 2248 2377 hostilem
2281 2325 2566 2392 sustinere,
2592 2328 2704 2383 sive
2731 2329 2975 2386 sufferre.
3010 2331 3143 2388 llinc
3165 2337 3590 2408 proverbialiter,

1996 2427 2126 2483 pro,
2167 2414 2452 2486 Suscipere
2483 2419 2710 2489 alicujus
2743 2422 2818 2476 rei
2844 2422 3244 2493 defensionem,
3291 2429 3405 2485 sive
3436 2433 3595 2487 susti-

1995 2521 2144 2562 nere.
2177 2507 2532 2566 Tertullianus
2563 2514 2639 2568 sic
2669 2516 2939 2570 transtulit
2967 2517 3032 2572 ad
3066 2519 3377 2578 litterariam
3404 2525 3591 2596 dispu-

1994 2603 2248 2658 tationem
2273 2626 2283 2659 :
2307 2605 2450 2661 Alius
2474 2607 2670 2662 libellus
2687 2611 2821 2664 [tunc
2841 2613 3056 2680 gradum
3073 2615 3332 2670 sustinebit
3351 2619 3593 2677 adversus

1987 2692 2267 2749 Itazreticos.

1988 2805 2076 2860 75.
2097 2806 2330 2864 Gradum
2360 2826 2521 2866 unum
2551 2813 2818 2872 insistere.
2858 2816 3002 2873 Tant.
3029 2818 3114 2874 III.
3142 2822 3231 2878 lib.
3259 2824 3444 2898 Scarp.
3469 2828 3587 2884 adv.

2442 2903 2619 2960 Gnast.
2661 2924 2780 2978 cap.
2809 2910 2863 2964 8.
2895 2928 3035 2966 num.
3069 2913 3160 2970 52.

2063 3013 2225 3069 Addit
2270 2990 2658 3089 Tertullianus,
2705 3031 2760 3078 et
2803 3025 3033 3093 explicat
3076 3043 3134 3084 se
3165 3047 3178 3083 ε
3208 3029 3273 3084 In
3301 3031 3395 3086 ltoc
3424 3035 3589 3088 solum

1911 3099 1955 3161 C
1990 3122 2337 3176 provocamus.
2387 3111 2664 3182 lnsistere,
2715 3124 2767 3170 et
2793 3117 2994 3173 referre
3027 3120 3252 3189 pedem,
3301 3132 3355 3178 et
3381 3124 3588 3195 longius

1955 3201 2300 3270 procedere,
2334 3207 2601 3260 contraria
2634 3217 2778 3264 sunt.
2809 3208 3002 3266 Cicero
3032 3231 3044 3267 :
3106 3213 3369 3283 Insistere,
3404 3217 3458 3271 in
3486 3218 3587 3274 ali-

1987 3307 2095 3362 quo
2147 3287 2286 3349 statu
2316 3304 2398 3350 est
2428 3301 2772 3354 commorari.
2823 3300 3081 3359 Proverb.
3113 3307 3181 3361 ab
3213 3307 3447 3364 instituta
3474 3309 3587 3365 dis-

1988 3387 2257 3455 putatione
2288 3404 2392 3444 non
2442 3392 2646 3461 egredi,
2676 3402 2730 3448 et
2759 3395 2811 3450 in
2853 3396 3010 3454 unius
3047 3401 3122 3456 rei
3160 3401 3586 3473 disquisitionem

1992 3475 2324 3534 incumbere.
2351 3489 2354 3492 '

1985 3588 2073 3643 7-1.
2119 3590 2327 3648 Gradus
2354 3592 2442 3650 hic
2468 3595 2650 3651 stabit.
2697 3591 2957 3658 Tant.lli.
2991 3604 3078 3658 lib.
3107 3606 3170 3661 de
3195 3606 3399 3676 Anima,
3431 3626 3546 3682 cap.

1981 3707 1984 3710 λ
2652 3709 2792 3749 nam.
2825 3695 2915 3751 85.

2054 3797 2550 3858 Tertullia’nus.Sed
2573 3821 2666 3859 nec
2688 3806 2768 3859 Itic
2787 3809 2979 3878 gradus
2997 3812 3164 3879 stabit,
3195 3811 3295 3869 hoc
3311 3822 3393 3892 est
3416 3831 3430 3869 :
3460 3815 3587 3874 11ωο

1982 3891 2138 3958 ratio,
2171 3891 2283 3948 haec
2305 3893 2564 3961 definitio,
2594 3898 2695 3955 hoc
2717 3913 3088 3971 argumentum
3117 3906 3330 3964 lit-mum
3355 3891 3461 3965 non
3486 3914 3587 3969 erit

1982 3998 2157 4053 neque
2199 3989 2487 4053 consistet;
2537 3990 2692 4048 facile
2735 3997 2932 4064 poterit
2973 3998 3144 4055 refelli
3185 4012 3242 4056 et
3280 4002 3580 4061 infirmari:

1981 4075 2280 4143 Affirmatc,
2326 4080 2427 4134 ltoc
2451 4095 2552 4152 ego
2577 4083 2974 4143 defendendum
3001 4090 3260 4148 adversus
3289 4109 3475 4152 omnes
3501 4113 3586 4153 ra-

1981 4167 2158 4224 tiones
2186 4159 2509 4241 suscipiam;
2543 4173 2698 4244 bujus
2729 4181 3050 4246 pronuntiati
3082 4183 3369 4247 veritatem
3394 4203 3586 4260 propu-

1979 4261 2174 4329 gnabo.

1979 4371 2070 4426 75.
2112 4373 2190 4427 Ad
2211 4375 2434 4444 gradum
2458 4388 2778 4446 przesentcm
2801 4397 3104 4443 occurrere.
3138 4386 3284 4444 Tant.
3309 4389 3398 4447 III.
3421 4392 3509 4448 lib.
3534 4395 3578 4450 Ι.

2201 4466 2396 4520 advers.
2433 4466 2684 4524 Marcion.
2715 4487 2828 4541 cap.
2862 4473 2953 4529 19.
2988 4493 3128 4532 num.
3160 4478 3286 4534 125.

2052 4575 2241 4632 Cicero
2273 4597 2284 4631 :
2315 4580 2565 4636 Consiliis
2587 4582 2812 4653 alicujus
2843 4573 3107 4643 accut’rere
3135 4600 3284 4658 atque
3318 4590 3576 4650 absistere.

1982 4665 2308 4721 Tertulliano
2344 4679 2458 4734 est,
2511 4683 2883 4742 argumentum
2928 4693 3026 4744 pro
3070 4695 3128 4733 re
3170 4689 3326 4748 nata,
3358 4681 3579 4740 eludere

1981 4772 2240 4829 restionso
2267 4769 2319 4812 ct
2346 4765 2613 4817 contraria
2646 4767 2870 4821 ratione.
3148 4766 3164 4779 ’

1982 4876 2069 4933 76.
2107 4878 2180 4933 Dc
2203 4879 2367 4949 gradu
2403 4882 2575 4948 primo
2601 4882 3083 4952 prteludcre.Tom.
3117 4888 3204 4945 Ill.
3239 4890 3328 4950 lib.
3347 4893 3434 4953 ΙΙΙ.
3456 4897 3576 4954 adv.

2461 4971 2630 5027 Marc.
2665 4991 2782 5046 cap.
2815 4976 2865 5033 5.
2899 4994 2951 5031 η.
2984 4980 3071 5035 14.
3112 5013 3116 5018 ι

2059 5084 2313 5156 Adjungit
2338 5085 2657 5143 Tertullian.
2693 5089 2873 5144 Adhuc
2917 5103 2963 5146 et
3003 5097 3149 5164 quasi
3186 5097 3250 5153 de
3284 5100 3578 5172 longinquo,

1979 5178 2064 5233 cui
2093 5179 2272 5233 statim
2297 5180 2600 5249 oppositum
2625 5181 2901 5254 subjungit
2928 5202 2940 5238 :
2970 5185 3052 5240 Ad
3073 5197 3261 5242 certum
3283 5199 3329 5244 et
3351 5193 3581 5246 caminus

1981 5271 2253 5338 dimicare,
2308 5287 2427 5341 quze
2456 5287 2614 5344 supra
2664 5275 2932 5345 explicata
2981 5277 3084 5333 ltuc
3123 5280 3342 5336 faciunt.
3393 5282 3583 5340 Solent

1980 5361 2322 5432 gladiatores,
2372 5372 2495 5419 ante
2517 5365 2717 5436 justum
2749 5384 2868 5423 eum
2905 5371 3235 5440 antagenista
3288 5383 3578 5445 certamen,

1981 5454 2313 5510 ostentandae
2336 5457 2466 5511 artis
2489 5467 2543 5512 et
2566 5457 2865 5514 oblectandi
2891 5463 3210 5530 spectatoris
3232 5478 3419 5522 caussa
3447 5484 3583 5539 pra:-

1981 5546 2187 5614 ludere,
2222 5555 2280 5601 ut
2304 5546 2447 5617 apud
2470 5547 2749 5619 Virgilium
2775 5555 2997 5606 Acestes
3027 5571 3040 5608 :

2107 5658 2371 5709 Ostentans
2393 5665 2550 5714 artem
2583 5660 2784 5724 pariter,
2810 5672 3076 5724 arcumque
3099 5673 3371 5718 sonantem.

1991 5742 2088 5799 Est
2113 5742 2272 5815 igitur
2300 5745 2435 5802 levia
2461 5754 2514 5803 et
2539 5745 2690 5818 quasi
2718 5745 2922 5803 ludicra
2963 5745 3159 5807 afferre
3185 5761 3499 5824 argumenta
3532 5766 3586 5814 et
