  <div class='ocr_page' id='page_1' title='image "/cluster/home/n/w/nwhite01/storage/ocr_20150623/1/hvd.32044054128335/135.png"; bbox 0 0 4250 6266; ppageno 0'>
   <div class='ocr_carea' id='block_1_1' title="bbox 607 304 713 367">
    <p class='ocr_par' dir='ltr' id='par_1_1' title="bbox 607 304 713 367">
     <span class='ocr_line' id='line_1_1' title="bbox 607 304 713 367; baseline -0.028 0"><span class='ocrx_word' id='word_1_1' title='bbox 607 304 713 367; x_wconf 63' lang='grc' dir='ltr'><strong>ΞΞῚ</strong></span> 
     </span>
    </p>
   </div>
   <div class='ocr_carea' id='block_1_2' title="bbox 607 416 2323 492">
    <p class='ocr_par' dir='ltr' id='par_1_2' title="bbox 607 416 2323 492">
     <span class='ocr_line' id='line_1_2' title="bbox 607 416 2323 492; baseline -0.003 -10"><span class='ocrx_word' id='word_1_2' title='bbox 607 423 976 492; x_wconf 86' lang='lat' dir='ltr'><strong>imbecilliora,</strong></span> <span class='ocrx_word' id='word_1_3' title='bbox 1003 424 1172 490; x_wconf 88' lang='lat' dir='ltr'><strong>initio,</strong></span> <span class='ocrx_word' id='word_1_4' title='bbox 1200 427 1490 492; x_wconf 84' lang='lat' dir='ltr'><strong>antequam</strong></span> <span class='ocrx_word' id='word_1_5' title='bbox 1536 420 1708 492; x_wconf 90' lang='lat' dir='ltr'><strong>ipsum</strong></span> <span class='ocrx_word' id='word_1_6' title='bbox 1734 420 1898 477; x_wconf 89' lang='lat' dir='ltr'><strong>robur</strong></span> <span class='ocrx_word' id='word_1_7' title='bbox 1918 435 2208 492; x_wconf 82' lang='lat' dir='ltr'><strong>argumen-</strong></span> <span class='ocrx_word' id='word_1_8' title='bbox 2237 426 2290 487; x_wconf 87' lang='grc' dir='ltr'><strong>Α</strong></span> <span class='ocrx_word' id='word_1_9' title='bbox 2308 416 2323 423; x_wconf 81' lang='grc'><em>’</em></span> 
     </span>
    </p>
   </div>
   <div class='ocr_carea' id='block_1_3' title="bbox 609 515 1171 586">
    <p class='ocr_par' dir='ltr' id='par_1_3' title="bbox 609 515 1171 586">
     <span class='ocr_line' id='line_1_3' title="bbox 609 515 1171 586; baseline -0.011 -14"><span class='ocrx_word' id='word_1_10' title='bbox 609 525 783 572; x_wconf 89' lang='lat' dir='ltr'><strong>torum</strong></span> <span class='ocrx_word' id='word_1_11' title='bbox 809 515 1171 586; x_wconf 85' lang='lat' dir='ltr'><strong>depromatur.</strong></span> 
     </span>
    </p>
   </div>
   <div class='ocr_carea' id='block_1_4' title="bbox 610 622 2208 696">
    <p class='ocr_par' dir='ltr' id='par_1_4' title="bbox 610 622 2208 696">
     <span class='ocr_line' id='line_1_4' title="bbox 610 622 2208 696; baseline -0.001 -13"><span class='ocrx_word' id='word_1_12' title='bbox 610 628 697 684; x_wconf 85' lang='lat'><strong>77.</strong></span> <span class='ocrx_word' id='word_1_13' title='bbox 739 624 799 682; x_wconf 91' lang='lat' dir='ltr'><strong>In</strong></span> <span class='ocrx_word' id='word_1_14' title='bbox 842 622 1009 696; x_wconf 82' lang='lat' dir='ltr'><strong>gradu</strong></span> <span class='ocrx_word' id='word_1_15' title='bbox 1048 622 1383 682; x_wconf 54' lang='lat' dir='ltr'><strong>essen-Tom.</strong></span> <span class='ocrx_word' id='word_1_16' title='bbox 1418 625 1485 681; x_wconf 73' lang='grc' dir='ltr'><strong>ν.</strong></span> <span class='ocrx_word' id='word_1_17' title='bbox 1520 626 1610 681; x_wconf 89' lang='lat' dir='ltr'><strong>lib.</strong></span> <span class='ocrx_word' id='word_1_18' title='bbox 1657 625 1718 682; x_wconf 89' lang='lat' dir='ltr'><strong>de</strong></span> <span class='ocrx_word' id='word_1_19' title='bbox 1770 625 1997 681; x_wconf 84' lang='lat' dir='ltr'><strong>Pudicit.</strong></span> <span class='ocrx_word' id='word_1_20' title='bbox 2031 626 2085 683; x_wconf 89' lang='lat'><strong>6.</strong></span> <span class='ocrx_word' id='word_1_21' title='bbox 2117 625 2208 682; x_wconf 90' lang='lat'><strong>10.</strong></span> 
     </span>
    </p>
   </div>
   <div class='ocr_carea' id='block_1_5' title="bbox 1278 706 1743 776">
    <p class='ocr_par' dir='ltr' id='par_1_5' title="bbox 1278 706 1743 776">
     <span class='ocr_line' id='line_1_5' title="bbox 1278 706 1743 776; baseline 0.002 -1"><span class='ocrx_word' id='word_1_22' title='bbox 1278 735 1420 775; x_wconf 88' lang='lat' dir='ltr'><strong>num.</strong></span> <span class='ocrx_word' id='word_1_23' title='bbox 1455 706 1544 776; x_wconf 75' lang='lat'><strong>85.</strong></span> <span class='ocrx_word' id='word_1_24' title='bbox 1718 723 1743 744; x_wconf 55' lang='grc' dir='ltr'>θ</span> 
     </span>
    </p>
   </div>
   <div class='ocr_carea' id='block_1_6' title="bbox 681 798 2208 889">
    <p class='ocr_par' dir='ltr' id='par_1_6' title="bbox 681 798 2208 889">
     <span class='ocr_line' id='line_1_6' title="bbox 681 798 2208 889; baseline -0.001 -20"><span class='ocrx_word' id='word_1_25' title='bbox 681 813 739 869; x_wconf 88' lang='lat' dir='ltr'><strong>1n</strong></span> <span class='ocrx_word' id='word_1_26' title='bbox 771 826 878 870; x_wconf 93' lang='lat' dir='ltr'><strong>uno</strong></span> <span class='ocrx_word' id='word_1_27' title='bbox 916 816 1231 889; x_wconf 84' lang='lat' dir='ltr'><strong>argumento</strong></span> <span class='ocrx_word' id='word_1_28' title='bbox 1273 813 1543 870; x_wconf 76' lang='lat' dir='ltr'><strong>insistere.</strong></span> <span class='ocrx_word' id='word_1_29' title='bbox 1587 812 1686 870; x_wconf 87' lang='lat' dir='ltr'><strong>Cui</strong></span> <span class='ocrx_word' id='word_1_30' title='bbox 1727 814 1950 886; x_wconf 88' lang='lat' dir='ltr'><strong>opponit</strong></span> <span class='ocrx_word' id='word_1_31' title='bbox 1984 798 2208 870; x_wconf 78' lang='lat' dir='ltr'><strong>Tertull.</strong></span> 
     </span>
    </p>
   </div>
   <div class='ocr_carea' id='block_1_7' title="bbox 611 904 2210 977">
    <p class='ocr_par' dir='ltr' id='par_1_7' title="bbox 611 904 2210 977">
     <span class='ocr_line' id='line_1_7' title="bbox 611 904 2210 977; baseline 0.001 -19"><span class='ocrx_word' id='word_1_32' title='bbox 611 920 837 977; x_wconf 75' lang='lat' dir='ltr'><strong>pergere.</strong></span> <span class='ocrx_word' id='word_1_33' title='bbox 888 904 1043 972; x_wconf 85' lang='lat' dir='ltr'><strong>Quod</strong></span> <span class='ocrx_word' id='word_1_34' title='bbox 1087 905 1431 976; x_wconf 84' lang='lat' dir='ltr'><strong>interpretari</strong></span> <span class='ocrx_word' id='word_1_35' title='bbox 1479 920 1784 976; x_wconf 83' lang='lat' dir='ltr'><strong>possumus,</strong></span> <span class='ocrx_word' id='word_1_36' title='bbox 1832 904 1913 960; x_wconf 82' lang='lat' dir='ltr'><strong>Ex</strong></span> <span class='ocrx_word' id='word_1_37' title='bbox 1953 906 2210 975; x_wconf 89' lang='lat' dir='ltr'><strong>sumptio-</strong></span> 
     </span>
    </p>
   </div>
   <div class='ocr_carea' id='block_1_8' title="bbox 609 995 2211 1066">
    <p class='ocr_par' dir='ltr' id='par_1_8' title="bbox 609 995 2211 1066">
     <span class='ocr_line' id='line_1_8' title="bbox 609 995 2211 1066; baseline -0.002 -13"><span class='ocrx_word' id='word_1_38' title='bbox 609 997 766 1053; x_wconf 82' lang='lat' dir='ltr'><strong>nibus</strong></span> <span class='ocrx_word' id='word_1_39' title='bbox 796 996 909 1051; x_wconf 85' lang='lat' dir='ltr'><strong>sive</strong></span> <span class='ocrx_word' id='word_1_40' title='bbox 939 995 1294 1066; x_wconf 73' lang='lat' dir='ltr'><strong>pronuntiatis</strong></span> <span class='ocrx_word' id='word_1_41' title='bbox 1335 996 1763 1066; x_wconf 78' lang='lat' dir='ltr'><strong>complexionem</strong></span> <span class='ocrx_word' id='word_1_42' title='bbox 1791 996 2018 1063; x_wconf 84' lang='lat' dir='ltr'><strong>elicere,</strong></span> <span class='ocrx_word' id='word_1_43' title='bbox 2061 1006 2117 1051; x_wconf 90' lang='lat' dir='ltr'><strong>et</strong></span> <span class='ocrx_word' id='word_1_44' title='bbox 2143 995 2211 1050; x_wconf 89' lang='lat' dir='ltr'><strong>ad</strong></span> 
     </span>
    </p>
   </div>
   <div class='ocr_carea' id='block_1_9' title="bbox 609 1088 2208 1160">
    <p class='ocr_par' dir='ltr' id='par_1_9' title="bbox 609 1088 2208 1160">
     <span class='ocr_line' id='line_1_9' title="bbox 609 1088 2208 1160; baseline -0.002 -15"><span class='ocrx_word' id='word_1_45' title='bbox 609 1090 687 1145; x_wconf 90' lang='lat' dir='ltr'><strong>rei</strong></span> <span class='ocrx_word' id='word_1_46' title='bbox 713 1089 1002 1160; x_wconf 83' lang='lat' dir='ltr'><strong>probandae</strong></span> <span class='ocrx_word' id='word_1_47' title='bbox 1025 1104 1288 1144; x_wconf 88' lang='lat' dir='ltr'><strong>summam</strong></span> <span class='ocrx_word' id='word_1_48' title='bbox 1311 1088 1615 1160; x_wconf 83' lang='lat' dir='ltr'><strong>pervenire.</strong></span> <span class='ocrx_word' id='word_1_49' title='bbox 1642 1088 1706 1143; x_wconf 87' lang='lat' dir='ltr'><strong>In</strong></span> <span class='ocrx_word' id='word_1_50' title='bbox 1730 1089 1896 1160; x_wconf 84' lang='lat' dir='ltr'><strong>gradu</strong></span> <span class='ocrx_word' id='word_1_51' title='bbox 1919 1097 2060 1144; x_wconf 87' lang='lat' dir='ltr'><strong>totus</strong></span> <span class='ocrx_word' id='word_1_52' title='bbox 2079 1104 2208 1155; x_wconf 79' lang='lat' dir='ltr'><strong>esse,</strong></span> 
     </span>
    </p>
   </div>
   <div class='ocr_carea' id='block_1_10' title="bbox 611 1181 2211 1253">
    <p class='ocr_par' dir='ltr' id='par_1_10' title="bbox 611 1181 2211 1253">
     <span class='ocr_line' id='line_1_10' title="bbox 611 1181 2211 1253; baseline -0.001 -17"><span class='ocrx_word' id='word_1_53' title='bbox 611 1182 704 1237; x_wconf 84' lang='lat' dir='ltr'><strong>ille</strong></span> <span class='ocrx_word' id='word_1_54' title='bbox 730 1181 835 1237; x_wconf 90' lang='lat' dir='ltr'><strong>dici</strong></span> <span class='ocrx_word' id='word_1_55' title='bbox 869 1190 1085 1252; x_wconf 86' lang='lat' dir='ltr'><strong>potest,</strong></span> <span class='ocrx_word' id='word_1_56' title='bbox 1133 1182 1221 1251; x_wconf 87' lang='lat' dir='ltr'><strong>qui</strong></span> <span class='ocrx_word' id='word_1_57' title='bbox 1252 1182 1502 1253; x_wconf 86' lang='lat' dir='ltr'><strong>proponit</strong></span> <span class='ocrx_word' id='word_1_58' title='bbox 1528 1183 1764 1252; x_wconf 81' lang='lat' dir='ltr'><strong>quidem,</strong></span> <span class='ocrx_word' id='word_1_59' title='bbox 1796 1182 1888 1236; x_wconf 88' lang='lat' dir='ltr'><strong>sed</strong></span> <span class='ocrx_word' id='word_1_60' title='bbox 1922 1182 2050 1236; x_wconf 85' lang='lat' dir='ltr'><strong>nihil</strong></span> <span class='ocrx_word' id='word_1_61' title='bbox 2077 1197 2211 1237; x_wconf 90' lang='lat' dir='ltr'><strong>con-</strong></span> 
     </span>
    </p>
   </div>
   <div class='ocr_carea' id='block_1_11' title="bbox 614 1272 2215 1345">
    <p class='ocr_par' dir='ltr' id='par_1_11' title="bbox 614 1272 2215 1345">
     <span class='ocr_line' id='line_1_11' title="bbox 614 1272 2215 1345; baseline 0.001 -16"><span class='ocrx_word' id='word_1_62' title='bbox 614 1274 798 1329; x_wconf 84' lang='lat' dir='ltr'><strong>cludit.</strong></span> <span class='ocrx_word' id='word_1_63' title='bbox 827 1272 931 1341; x_wconf 81' lang='lat' dir='ltr'><strong>Qui</strong></span> <span class='ocrx_word' id='word_1_64' title='bbox 957 1274 1140 1337; x_wconf 87' lang='lat' dir='ltr'><strong>sorite,</strong></span> <span class='ocrx_word' id='word_1_65' title='bbox 1169 1274 1282 1328; x_wconf 86' lang='lat' dir='ltr'><strong>sive</strong></span> <span class='ocrx_word' id='word_1_66' title='bbox 1310 1272 1775 1345; x_wconf 80' lang='lat' dir='ltr'><strong>argumentatione</strong></span> <span class='ocrx_word' id='word_1_67' title='bbox 1798 1276 2029 1331; x_wconf 78' lang='lat' dir='ltr'><strong>acervali</strong></span> <span class='ocrx_word' id='word_1_68' title='bbox 2056 1284 2215 1331; x_wconf 75' lang='lat' dir='ltr'><strong>utens</strong></span> 
     </span>
    </p>
   </div>
   <div class='ocr_carea' id='block_1_12' title="bbox 615 1352 2215 1444">
    <p class='ocr_par' dir='ltr' id='par_1_12' title="bbox 615 1352 2215 1444">
     <span class='ocr_line' id='line_1_12' title="bbox 615 1352 2215 1444; baseline 0.003 -22"><span class='ocrx_word' id='word_1_69' title='bbox 615 1367 780 1422; x_wconf 90' lang='lat' dir='ltr'><strong>initiis</strong></span> <span class='ocrx_word' id='word_1_70' title='bbox 804 1352 1154 1433; x_wconf 74' lang='lat' dir='ltr'><strong>immoratur,</strong></span> <span class='ocrx_word' id='word_1_71' title='bbox 1174 1366 1440 1444; x_wconf 75' lang='lat' dir='ltr'><strong>longeque</strong></span> <span class='ocrx_word' id='word_1_72' title='bbox 1465 1369 1617 1426; x_wconf 82' lang='lat' dir='ltr'><strong>abest</strong></span> <span class='ocrx_word' id='word_1_73' title='bbox 1635 1370 1702 1426; x_wconf 86' lang='lat' dir='ltr'><strong>ab</strong></span> <span class='ocrx_word' id='word_1_74' title='bbox 1728 1377 1968 1426; x_wconf 81' lang='lat' dir='ltr'><strong>extremo</strong></span> <span class='ocrx_word' id='word_1_75' title='bbox 1993 1370 2215 1426; x_wconf 84' lang='lat' dir='ltr'><strong>conclu-</strong></span> 
     </span>
    </p>
   </div>
   <div class='ocr_carea' id='block_1_13' title="bbox 610 1473 793 1517">
    <p class='ocr_par' dir='ltr' id='par_1_13' title="bbox 610 1473 793 1517">
     <span class='ocr_line' id='line_1_13' title="bbox 610 1473 793 1517; baseline -0.016 0"><span class='ocrx_word' id='word_1_76' title='bbox 610 1473 793 1517; x_wconf 72' lang='grc'><strong>8101118.</strong></span> 
     </span>
    </p>
   </div>
   <div class='ocr_carea' id='block_1_14' title="bbox 706 1571 2136 1644">
    <p class='ocr_par' dir='ltr' id='par_1_14' title="bbox 706 1571 2136 1644">
     <span class='ocr_line' id='line_1_14' title="bbox 706 1571 2136 1644; baseline 0.003 -19"><span class='ocrx_word' id='word_1_77' title='bbox 706 1573 794 1626; x_wconf 88' lang='lat'><strong>78.</strong></span> <span class='ocrx_word' id='word_1_78' title='bbox 838 1573 892 1627; x_wconf 91' lang='lat' dir='ltr'><strong>ln</strong></span> <span class='ocrx_word' id='word_1_79' title='bbox 913 1572 1076 1644; x_wconf 85' lang='lat' dir='ltr'><strong>gradu</strong></span> <span class='ocrx_word' id='word_1_80' title='bbox 1099 1571 1388 1628; x_wconf 81' lang='lat' dir='ltr'><strong>deducere.</strong></span> <span class='ocrx_word' id='word_1_81' title='bbox 1430 1571 1568 1627; x_wconf 87' lang='lat' dir='ltr'><strong>Ibid.</strong></span> <span class='ocrx_word' id='word_1_82' title='bbox 1595 1590 1711 1644; x_wconf 85' lang='lat' dir='ltr'><strong>cap.</strong></span> <span class='ocrx_word' id='word_1_83' title='bbox 1735 1572 1825 1629; x_wconf 69' lang='lat'><strong>21.</strong></span> <span class='ocrx_word' id='word_1_84' title='bbox 1851 1572 2136 1631; x_wconf 77' lang='lat' dir='ltr'><strong>num.183.</strong></span> 
     </span>
    </p>
   </div>
   <div class='ocr_carea' id='block_1_15' title="bbox 684 1662 2212 1737">
    <p class='ocr_par' dir='ltr' id='par_1_15' title="bbox 684 1662 2212 1737">
     <span class='ocr_line' id='line_1_15' title="bbox 684 1662 2212 1737; baseline 0.004 -20"><span class='ocrx_word' id='word_1_85' title='bbox 684 1662 765 1718; x_wconf 84' lang='lat' dir='ltr'><strong>Ad</strong></span> <span class='ocrx_word' id='word_1_86' title='bbox 807 1679 999 1718; x_wconf 83' lang='lat' dir='ltr'><strong>novam</strong></span> <span class='ocrx_word' id='word_1_87' title='bbox 1046 1664 1123 1719; x_wconf 88' lang='lat' dir='ltr'><strong>rei</strong></span> <span class='ocrx_word' id='word_1_88' title='bbox 1168 1664 1595 1735; x_wconf 82' lang='lat' dir='ltr'><strong>disquisitionem</strong></span> <span class='ocrx_word' id='word_1_89' title='bbox 1617 1681 1675 1721; x_wconf 90' lang='lat' dir='ltr'><strong>se</strong></span> <span class='ocrx_word' id='word_1_90' title='bbox 1715 1681 2069 1737; x_wconf 86' lang='lat' dir='ltr'><strong>comparare;</strong></span> <span class='ocrx_word' id='word_1_91' title='bbox 2104 1680 2212 1723; x_wconf 84' lang='lat' dir='ltr'><strong>una</strong></span> 
     </span>
    </p>
   </div>
   <div class='ocr_carea' id='block_1_16' title="bbox 610 1755 1514 1829">
    <p class='ocr_par' dir='ltr' id='par_1_16' title="bbox 610 1755 1514 1829">
     <span class='ocr_line' id='line_1_16' title="bbox 610 1755 1514 1829; baseline 0.002 -18"><span class='ocrx_word' id='word_1_92' title='bbox 610 1757 890 1827; x_wconf 78' lang='lat' dir='ltr'><strong>explicata,</strong></span> <span class='ocrx_word' id='word_1_93' title='bbox 921 1755 987 1811; x_wconf 87' lang='lat' dir='ltr'><strong>ad</strong></span> <span class='ocrx_word' id='word_1_94' title='bbox 1017 1756 1157 1812; x_wconf 80' lang='lat' dir='ltr'><strong>aliud</strong></span> <span class='ocrx_word' id='word_1_95' title='bbox 1186 1758 1453 1829; x_wconf 80' lang='lat' dir='ltr'><strong>progredi.</strong></span> <span class='ocrx_word' id='word_1_96' title='bbox 1506 1806 1514 1814; x_wconf 93' lang='lat'><strong>.</strong></span> 
     </span>
    </p>
   </div>
   <div class='ocr_carea' id='block_1_17' title="bbox 611 1868 2209 1942">
    <p class='ocr_par' dir='ltr' id='par_1_17' title="bbox 611 1868 2209 1942">
     <span class='ocr_line' id='line_1_17' title="bbox 611 1868 2209 1942; baseline 0.003 -18"><span class='ocrx_word' id='word_1_97' title='bbox 611 1868 698 1925; x_wconf 83' lang='lat'><strong>79.</strong></span> <span class='ocrx_word' id='word_1_98' title='bbox 739 1869 793 1924; x_wconf 90' lang='lat' dir='ltr'><strong>In</strong></span> <span class='ocrx_word' id='word_1_99' title='bbox 822 1869 1045 1942; x_wconf 85' lang='lat' dir='ltr'><strong>gradum</strong></span> <span class='ocrx_word' id='word_1_100' title='bbox 1077 1886 1310 1926; x_wconf 81' lang='lat' dir='ltr'><strong>rursum.</strong></span> <span class='ocrx_word' id='word_1_101' title='bbox 1352 1869 1500 1926; x_wconf 87' lang='lat' dir='ltr'><strong>Tom.</strong></span> <span class='ocrx_word' id='word_1_102' title='bbox 1544 1870 1633 1925; x_wconf 90' lang='lat' dir='ltr'><strong>IIl.</strong></span> <span class='ocrx_word' id='word_1_103' title='bbox 1681 1868 1769 1928; x_wconf 87' lang='lat' dir='ltr'><strong>lib.</strong></span> <span class='ocrx_word' id='word_1_104' title='bbox 1802 1869 1841 1927; x_wconf 90' lang='grc'><strong>1.</strong></span> <span class='ocrx_word' id='word_1_105' title='bbox 1877 1872 1992 1927; x_wconf 81' lang='lat' dir='ltr'><strong>adv.</strong></span> <span class='ocrx_word' id='word_1_106' title='bbox 2043 1870 2209 1928; x_wconf 85' lang='lat' dir='ltr'><strong>Marc.</strong></span> 
     </span>
    </p>
   </div>
   <div class='ocr_carea' id='block_1_18' title="bbox 1172 1962 1709 2032">
    <p class='ocr_par' dir='ltr' id='par_1_18' title="bbox 1172 1962 1709 2032">
     <span class='ocr_line' id='line_1_18' title="bbox 1172 1962 1709 2032; baseline 0.007 -17"><span class='ocrx_word' id='word_1_107' title='bbox 1172 1979 1287 2032; x_wconf 86' lang='lat' dir='ltr'><strong>cup.</strong></span> <span class='ocrx_word' id='word_1_108' title='bbox 1320 1962 1374 2018; x_wconf 87' lang='lat'><strong>9.</strong></span> <span class='ocrx_word' id='word_1_109' title='bbox 1408 1964 1549 2017; x_wconf 83' lang='lat' dir='ltr'><strong>num.</strong></span> <span class='ocrx_word' id='word_1_110' title='bbox 1586 1964 1709 2019; x_wconf 79' lang='lat'><strong>155.</strong></span> 
     </span>
    </p>
   </div>
   <div class='ocr_carea' id='block_1_19' title="bbox 681 2054 2208 2127">
    <p class='ocr_par' dir='ltr' id='par_1_19' title="bbox 681 2054 2208 2127">
     <span class='ocr_line' id='line_1_19' title="bbox 681 2054 2208 2127; baseline 0.001 -18"><span class='ocrx_word' id='word_1_111' title='bbox 681 2055 856 2123; x_wconf 85' lang='lat' dir='ltr'><strong>Quum</strong></span> <span class='ocrx_word' id='word_1_112' title='bbox 892 2054 967 2109; x_wconf 75' lang='lat' dir='ltr'><strong>alr</strong></span> <span class='ocrx_word' id='word_1_113' title='bbox 989 2055 1232 2111; x_wconf 89' lang='lat' dir='ltr'><strong>instituto</strong></span> <span class='ocrx_word' id='word_1_114' title='bbox 1264 2070 1361 2126; x_wconf 86' lang='lat' dir='ltr'><strong>per</strong></span> <span class='ocrx_word' id='word_1_115' title='bbox 1389 2054 1799 2126; x_wconf 79' lang='lat' dir='ltr'><strong>digressionem,</strong></span> <span class='ocrx_word' id='word_1_116' title='bbox 1832 2058 1946 2112; x_wconf 86' lang='lat' dir='ltr'><strong>sive</strong></span> <span class='ocrx_word' id='word_1_117' title='bbox 2000 2062 2208 2127; x_wconf 77' lang='grc' dir='ltr'><strong>ἔκϐασιν,</strong></span> 
     </span>
    </p>
   </div>
   <div class='ocr_carea' id='block_1_20' title="bbox 610 2149 2249 2219">
    <p class='ocr_par' dir='ltr' id='par_1_20' title="bbox 610 2149 2249 2219">
     <span class='ocr_line' id='line_1_20' title="bbox 610 2149 2249 2219; baseline 0.001 -15"><span class='ocrx_word' id='word_1_118' title='bbox 610 2149 817 2218; x_wconf 79' lang='lat' dir='ltr'><strong>abrepti</strong></span> <span class='ocrx_word' id='word_1_119' title='bbox 845 2149 1167 2219; x_wconf 86' lang='lat' dir='ltr'><strong>abductique</strong></span> <span class='ocrx_word' id='word_1_120' title='bbox 1198 2150 1440 2219; x_wconf 82' lang='lat' dir='ltr'><strong>longius,</strong></span> <span class='ocrx_word' id='word_1_121' title='bbox 1480 2149 1668 2206; x_wconf 89' lang='lat' dir='ltr'><strong>eodem</strong></span> <span class='ocrx_word' id='word_1_122' title='bbox 1699 2150 1842 2205; x_wconf 89' lang='lat' dir='ltr'><strong>unde</strong></span> <span class='ocrx_word' id='word_1_123' title='bbox 1891 2151 2207 2205; x_wconf 83' lang='lat' dir='ltr'><strong>divertimus</strong></span> <span class='ocrx_word' id='word_1_124' title='bbox 2242 2200 2249 2205; x_wconf 74' lang='grc'><strong>.</strong></span> 
     </span>
    </p>
   </div>
   <div class='ocr_carea' id='block_1_21' title="bbox 609 2242 2211 2315">
    <p class='ocr_par' dir='ltr' id='par_1_21' title="bbox 609 2242 2211 2315">
     <span class='ocr_line' id='line_1_21' title="bbox 609 2242 2211 2315; baseline 0.001 -18"><span class='ocrx_word' id='word_1_125' title='bbox 609 2243 958 2313; x_wconf 81' lang='lat' dir='ltr'><strong>regredimur,</strong></span> <span class='ocrx_word' id='word_1_126' title='bbox 1006 2250 1061 2299; x_wconf 90' lang='lat' dir='ltr'><strong>et</strong></span> <span class='ocrx_word' id='word_1_127' title='bbox 1089 2243 1334 2300; x_wconf 83' lang='lat' dir='ltr'><strong>eamdem</strong></span> <span class='ocrx_word' id='word_1_128' title='bbox 1372 2259 1488 2299; x_wconf 89' lang='lat' dir='ltr'><strong>rem</strong></span> <span class='ocrx_word' id='word_1_129' title='bbox 1514 2242 1692 2300; x_wconf 84' lang='lat' dir='ltr'><strong>denuo</strong></span> <span class='ocrx_word' id='word_1_130' title='bbox 1719 2243 1913 2315; x_wconf 78' lang='lat' dir='ltr'><strong>agitant</strong></span> <span class='ocrx_word' id='word_1_131' title='bbox 1925 2257 1986 2299; x_wconf 95' lang='lat' dir='ltr'><strong>us</strong></span> <span class='ocrx_word' id='word_1_132' title='bbox 2012 2258 2211 2314; x_wconf 86' lang='lat' dir='ltr'><strong>expen-</strong></span> 
     </span>
    </p>
   </div>
   <div class='ocr_carea' id='block_1_22' title="bbox 610 2334 910 2406">
    <p class='ocr_par' dir='ltr' id='par_1_22' title="bbox 610 2334 910 2406">
     <span class='ocr_line' id='line_1_22' title="bbox 610 2334 910 2406; baseline -0.003 -16"><span class='ocrx_word' id='word_1_133' title='bbox 610 2334 910 2406; x_wconf 87' lang='lat' dir='ltr'><strong>dintnsque.</strong></span> 
     </span>
    </p>
   </div>
   <div class='ocr_carea' id='block_1_23' title="bbox 609 2447 2206 2521">
    <p class='ocr_par' dir='ltr' id='par_1_23' title="bbox 609 2447 2206 2521">
     <span class='ocr_line' id='line_1_23' title="bbox 609 2447 2206 2521; baseline 0 -15"><span class='ocrx_word' id='word_1_134' title='bbox 609 2448 776 2506; x_wconf 81' lang='lat' dir='ltr'><strong>80.1n</strong></span> <span class='ocrx_word' id='word_1_135' title='bbox 808 2447 972 2521; x_wconf 83' lang='lat' dir='ltr'><strong>gradu</strong></span> <span class='ocrx_word' id='word_1_136' title='bbox 1002 2450 1117 2519; x_wconf 88' lang='lat' dir='ltr'><strong>ipso</strong></span> <span class='ocrx_word' id='word_1_137' title='bbox 1145 2464 1453 2519; x_wconf 81' lang='lat' dir='ltr'><strong>provocare.</strong></span> <span class='ocrx_word' id='word_1_138' title='bbox 1483 2449 1633 2505; x_wconf 87' lang='lat' dir='ltr'><strong>Tom.</strong></span> <span class='ocrx_word' id='word_1_139' title='bbox 1664 2448 1754 2504; x_wconf 87' lang='lat' dir='ltr'><strong>Ill.</strong></span> <span class='ocrx_word' id='word_1_140' title='bbox 1790 2450 1877 2507; x_wconf 85' lang='lat' dir='ltr'><strong>lib.</strong></span> <span class='ocrx_word' id='word_1_141' title='bbox 1912 2449 1977 2506; x_wconf 85' lang='lat' dir='ltr'><strong>V.</strong></span> <span class='ocrx_word' id='word_1_142' title='bbox 2009 2451 2206 2506; x_wconf 82' lang='lat' dir='ltr'><strong>advers.</strong></span> 
     </span>
    </p>
   </div>
   <div class='ocr_carea' id='block_1_24' title="bbox 1056 2539 2193 2614">
    <p class='ocr_par' dir='ltr' id='par_1_24' title="bbox 1056 2539 2193 2614">
     <span class='ocr_line' id='line_1_24' title="bbox 1056 2539 2193 2614; baseline 0.002 -18"><span class='ocrx_word' id='word_1_143' title='bbox 1056 2539 1221 2597; x_wconf 82' lang='lat' dir='ltr'><strong>Marc.</strong></span> <span class='ocrx_word' id='word_1_144' title='bbox 1253 2558 1368 2614; x_wconf 83' lang='lat' dir='ltr'><strong>cap.</strong></span> <span class='ocrx_word' id='word_1_145' title='bbox 1401 2543 1452 2598; x_wconf 92' lang='lat'><strong>1.</strong></span> <span class='ocrx_word' id='word_1_146' title='bbox 1481 2559 1625 2597; x_wconf 86' lang='lat' dir='ltr'><strong>num.</strong></span> <span class='ocrx_word' id='word_1_147' title='bbox 1657 2543 1746 2598; x_wconf 78' lang='lat'><strong>12.</strong></span> <span class='ocrx_word' id='word_1_148' title='bbox 2188 2572 2193 2575; x_wconf 90' lang='lat'><strong><em>-</em></strong></span> 
     </span>
    </p>
   </div>
   <div class='ocr_carea' id='block_1_25' title="bbox 679 2653 2207 2728">
    <p class='ocr_par' dir='ltr' id='par_1_25' title="bbox 679 2653 2207 2728">
     <span class='ocr_line' id='line_1_25' title="bbox 679 2653 2207 2728; baseline 0.001 -18"><span class='ocrx_word' id='word_1_149' title='bbox 679 2653 958 2725; x_wconf 89' lang='lat' dir='ltr'><strong>Sumptum</strong></span> <span class='ocrx_word' id='word_1_150' title='bbox 991 2672 1021 2711; x_wconf 90' lang='lat' dir='ltr'><strong>a</strong></span> <span class='ocrx_word' id='word_1_151' title='bbox 1055 2655 1472 2726; x_wconf 77' lang='lat' dir='ltr'><strong>provocantibus</strong></span> <span class='ocrx_word' id='word_1_152' title='bbox 1500 2656 1827 2728; x_wconf 82' lang='lat' dir='ltr'><strong>adpugnam</strong></span> <span class='ocrx_word' id='word_1_153' title='bbox 1849 2699 1864 2724; x_wconf 98' lang='lat'><strong>,</strong></span> <span class='ocrx_word' id='word_1_154' title='bbox 1911 2657 1999 2728; x_wconf 87' lang='lat' dir='ltr'><strong>qui</strong></span> <span class='ocrx_word' id='word_1_155' title='bbox 2043 2672 2207 2727; x_wconf 86' lang='lat' dir='ltr'><strong>quum</strong></span> 
     </span>
    </p>
   </div>
   <div class='ocr_carea' id='block_1_26' title="bbox 608 2748 2209 2820">
    <p class='ocr_par' dir='ltr' id='par_1_26' title="bbox 608 2748 2209 2820">
     <span class='ocr_line' id='line_1_26' title="bbox 608 2748 2209 2820; baseline 0 -17"><span class='ocrx_word' id='word_1_156' title='bbox 608 2748 831 2820; x_wconf 82' lang='lat' dir='ltr'><strong>gradum</strong></span> <span class='ocrx_word' id='word_1_157' title='bbox 857 2748 1163 2812; x_wconf 85' lang='lat' dir='ltr'><strong>institerint,</strong></span> <span class='ocrx_word' id='word_1_158' title='bbox 1191 2748 1558 2803; x_wconf 84' lang='lat' dir='ltr'><strong>adversarium</strong></span> <span class='ocrx_word' id='word_1_159' title='bbox 1587 2750 1937 2820; x_wconf 86' lang='lat' dir='ltr'><strong>opperiuntur</strong></span> <span class='ocrx_word' id='word_1_160' title='bbox 1958 2760 2010 2803; x_wconf 85' lang='lat' dir='ltr'><strong>et</strong></span> <span class='ocrx_word' id='word_1_161' title='bbox 2034 2748 2209 2809; x_wconf 90' lang='lat' dir='ltr'><strong>inten-</strong></span> 
     </span>
    </p>
   </div>
   <div class='ocr_carea' id='block_1_27' title="bbox 610 2838 2209 2911">
    <p class='ocr_par' dir='ltr' id='par_1_27' title="bbox 610 2838 2209 2911">
     <span class='ocr_line' id='line_1_27' title="bbox 610 2838 2209 2911; baseline 0.001 -17"><span class='ocrx_word' id='word_1_162' title='bbox 610 2846 721 2894; x_wconf 78' lang='lat' dir='ltr'><strong>tato</strong></span> <span class='ocrx_word' id='word_1_163' title='bbox 749 2839 854 2893; x_wconf 90' lang='lat' dir='ltr'><strong>telo</strong></span> <span class='ocrx_word' id='word_1_164' title='bbox 883 2838 1171 2895; x_wconf 81' lang='lat' dir='ltr'><strong>lacessunt.</strong></span> <span class='ocrx_word' id='word_1_165' title='bbox 1201 2838 1478 2910; x_wconf 78' lang='lat' dir='ltr'><strong>Signiﬁcat</strong></span> <span class='ocrx_word' id='word_1_166' title='bbox 1505 2839 1704 2910; x_wconf 86' lang='lat' dir='ltr'><strong>itaque,</strong></span> <span class='ocrx_word' id='word_1_167' title='bbox 1732 2847 1890 2910; x_wconf 89' lang='lat' dir='ltr'><strong>caput</strong></span> <span class='ocrx_word' id='word_1_168' title='bbox 1916 2840 1993 2894; x_wconf 86' lang='lat' dir='ltr'><strong>rei</strong></span> <span class='ocrx_word' id='word_1_169' title='bbox 2018 2843 2209 2911; x_wconf 82' lang='lat' dir='ltr'><strong>aggre-</strong></span> 
     </span>
    </p>
   </div>
   <div class='ocr_carea' id='block_1_28' title="bbox 610 2931 2207 3003">
    <p class='ocr_par' dir='ltr' id='par_1_28' title="bbox 610 2931 2207 3003">
     <span class='ocr_line' id='line_1_28' title="bbox 610 2931 2207 3003; baseline -0.001 -16"><span class='ocrx_word' id='word_1_170' title='bbox 610 2931 663 2987; x_wconf 90' lang='lat' dir='ltr'><strong>di</strong></span> <span class='ocrx_word' id='word_1_171' title='bbox 685 2973 698 2998; x_wconf 97' lang='lat'><strong>,</strong></span> <span class='ocrx_word' id='word_1_172' title='bbox 743 2940 794 2985; x_wconf 89' lang='lat' dir='ltr'><strong>et</strong></span> <span class='ocrx_word' id='word_1_173' title='bbox 818 2946 929 2989; x_wconf 86' lang='lat' dir='ltr'><strong>rem</strong></span> <span class='ocrx_word' id='word_1_174' title='bbox 955 2931 1111 2986; x_wconf 85' lang='lat' dir='ltr'><strong>altius</strong></span> <span class='ocrx_word' id='word_1_175' title='bbox 1138 2946 1245 2986; x_wconf 90' lang='lat' dir='ltr'><strong>non</strong></span> <span class='ocrx_word' id='word_1_176' title='bbox 1268 2939 1513 3002; x_wconf 80' lang='lat' dir='ltr'><strong>repetere</strong></span> <span class='ocrx_word' id='word_1_177' title='bbox 1536 2944 1707 3002; x_wconf 88' lang='lat' dir='ltr'><strong>neque</strong></span> <span class='ocrx_word' id='word_1_178' title='bbox 1732 2932 1888 3003; x_wconf 88' lang='lat' dir='ltr'><strong>longe</strong></span> <span class='ocrx_word' id='word_1_179' title='bbox 1910 2946 2207 2997; x_wconf 82' lang='lat' dir='ltr'><strong>arcessere,</strong></span> 
     </span>
    </p>
   </div>
   <div class='ocr_carea' id='block_1_29' title="bbox 607 3020 2211 3096">
    <p class='ocr_par' dir='ltr' id='par_1_29' title="bbox 607 3020 2211 3096">
     <span class='ocr_line' id='line_1_29' title="bbox 607 3020 2211 3096; baseline -0.001 -15"><span class='ocrx_word' id='word_1_180' title='bbox 607 3026 700 3081; x_wconf 86' lang='lat' dir='ltr'><strong>sed</strong></span> <span class='ocrx_word' id='word_1_181' title='bbox 731 3041 794 3081; x_wconf 88' lang='lat' dir='ltr'><strong>ea</strong></span> <span class='ocrx_word' id='word_1_182' title='bbox 825 3041 991 3096; x_wconf 85' lang='lat' dir='ltr'><strong>super</strong></span> <span class='ocrx_word' id='word_1_183' title='bbox 1015 3025 1208 3096; x_wconf 83' lang='lat' dir='ltr'><strong>quibus</strong></span> <span class='ocrx_word' id='word_1_184' title='bbox 1234 3039 1414 3096; x_wconf 86' lang='lat' dir='ltr'><strong>pugna</strong></span> <span class='ocrx_word' id='word_1_185' title='bbox 1446 3032 1531 3083; x_wconf 79' lang='lat' dir='ltr'><strong>est</strong></span> <span class='ocrx_word' id='word_1_186' title='bbox 1550 3068 1563 3092; x_wconf 92' lang='lat'><strong>,</strong></span> <span class='ocrx_word' id='word_1_187' title='bbox 1616 3024 1767 3080; x_wconf 85' lang='lat' dir='ltr'><strong>initio</strong></span> <span class='ocrx_word' id='word_1_188' title='bbox 1794 3020 2097 3096; x_wconf 85' lang='lat' dir='ltr'><strong>inquirere,</strong></span> <span class='ocrx_word' id='word_1_189' title='bbox 2143 3025 2211 3080; x_wconf 87' lang='lat' dir='ltr'><strong>ab</strong></span> 
     </span>
    </p>
   </div>
   <div class='ocr_carea' id='block_1_30' title="bbox 582 3116 1709 3188">
    <p class='ocr_par' dir='ltr' id='par_1_30' title="bbox 582 3116 1709 3188">
     <span class='ocr_line' id='line_1_30' title="bbox 582 3116 1709 3188; baseline -0.001 -15"><span class='ocrx_word' id='word_1_190' title='bbox 582 3127 898 3188; x_wconf 82' lang='lat' dir='ltr'><strong>’eorumque</strong></span> <span class='ocrx_word' id='word_1_191' title='bbox 927 3118 1270 3188; x_wconf 82' lang='lat' dir='ltr'><strong>inquisitione</strong></span> <span class='ocrx_word' id='word_1_192' title='bbox 1297 3132 1404 3173; x_wconf 88' lang='lat' dir='ltr'><strong>non</strong></span> <span class='ocrx_word' id='word_1_193' title='bbox 1434 3116 1709 3173; x_wconf 85' lang='lat' dir='ltr'><strong>recedere.</strong></span> 
     </span>
    </p>
   </div>
   <div class='ocr_carea' id='block_1_31' title="bbox 1171 3343 1673 3414">
    <p class='ocr_par' dir='ltr' id='par_1_31' title="bbox 1171 3343 1673 3414">
     <span class='ocr_line' id='line_1_31' title="bbox 1171 3343 1673 3414; baseline -0.002 -16"><span class='ocrx_word' id='word_1_194' title='bbox 1171 3359 1291 3414; x_wconf 85' lang='lat' dir='ltr'><strong>cap.</strong></span> <span class='ocrx_word' id='word_1_195' title='bbox 1322 3343 1375 3411; x_wconf 62' lang='grc' dir='ltr'><strong>ὁ,</strong></span> <span class='ocrx_word' id='word_1_196' title='bbox 1408 3361 1549 3398; x_wconf 87' lang='lat' dir='ltr'><strong>num.</strong></span> <span class='ocrx_word' id='word_1_197' title='bbox 1586 3344 1673 3400; x_wconf 72' lang='grc'><strong>14.</strong></span> 
     </span>
    </p>
   </div>
   <div class='ocr_carea' id='block_1_32' title="bbox 678 3456 2213 3531">
    <p class='ocr_par' dir='ltr' id='par_1_32' title="bbox 678 3456 2213 3531">
     <span class='ocr_line' id='line_1_32' title="bbox 678 3456 2213 3531; baseline 0.003 -19"><span class='ocrx_word' id='word_1_198' title='bbox 678 3456 913 3514; x_wconf 84' lang='lat' dir='ltr'><strong>llabenae</strong></span> <span class='ocrx_word' id='word_1_199' title='bbox 943 3459 1055 3514; x_wconf 88' lang='lat' dir='ltr'><strong>lora</strong></span> <span class='ocrx_word' id='word_1_200' title='bbox 1085 3468 1227 3520; x_wconf 87' lang='lat' dir='ltr'><strong>sunt.</strong></span> <span class='ocrx_word' id='word_1_201' title='bbox 1259 3474 1379 3528; x_wconf 67' lang='lat' dir='ltr'><strong>quae</strong></span> <span class='ocrx_word' id='word_1_202' title='bbox 1432 3458 1593 3514; x_wconf 77' lang='lat' dir='ltr'><strong>freno</strong></span> <span class='ocrx_word' id='word_1_203' title='bbox 1618 3461 1886 3531; x_wconf 88' lang='lat' dir='ltr'><strong>utrimque</strong></span> <span class='ocrx_word' id='word_1_204' title='bbox 1926 3460 2213 3531; x_wconf 79' lang='lat' dir='ltr'><strong>alligantur</strong></span> 
     </span>
    </p>
   </div>
   <div class='ocr_carea' id='block_1_33' title="bbox 606 3547 2212 3618">
    <p class='ocr_par' dir='ltr' id='par_1_33' title="bbox 606 3547 2212 3618">
     <span class='ocr_line' id='line_1_33' title="bbox 606 3547 2212 3618; baseline 0.004 -18"><span class='ocrx_word' id='word_1_205' title='bbox 606 3547 672 3601; x_wconf 89' lang='lat' dir='ltr'><strong>ad</strong></span> <span class='ocrx_word' id='word_1_206' title='bbox 691 3562 884 3617; x_wconf 85' lang='lat' dir='ltr'><strong>equum</strong></span> <span class='ocrx_word' id='word_1_207' title='bbox 914 3548 1229 3616; x_wconf 86' lang='lat' dir='ltr'><strong>regendum.</strong></span> <span class='ocrx_word' id='word_1_208' title='bbox 1261 3548 1393 3602; x_wconf 85' lang='lat' dir='ltr'><strong>Hinc</strong></span> <span class='ocrx_word' id='word_1_209' title='bbox 1416 3548 1520 3601; x_wconf 67' lang='lat' dir='ltr'><strong>illa:</strong></span> <span class='ocrx_word' id='word_1_210' title='bbox 1537 3549 1860 3618; x_wconf 69' lang='lat' dir='ltr'><strong>Mctaphorze</strong></span> <span class='ocrx_word' id='word_1_211' title='bbox 1882 3549 2212 3607; x_wconf 80' lang='lat' dir='ltr'><strong>:laxissimas</strong></span> 
     </span>
    </p>
   </div>
   <div class='ocr_carea' id='block_1_34' title="bbox 608 3635 1983 3713">
    <p class='ocr_par' dir='ltr' id='par_1_34' title="bbox 608 3635 1983 3713">
     <span class='ocr_line' id='line_1_34' title="bbox 608 3635 1983 3713; baseline 0.001 -22"><span class='ocrx_word' id='word_1_212' title='bbox 608 3638 830 3692; x_wconf 78' lang='lat' dir='ltr'><strong>habenas</strong></span> <span class='ocrx_word' id='word_1_213' title='bbox 861 3638 989 3691; x_wconf 81' lang='lat' dir='ltr'><strong>dare</strong></span> <span class='ocrx_word' id='word_1_214' title='bbox 1016 3637 1282 3713; x_wconf 63' lang='lat' dir='ltr'><strong>amicitiae.</strong></span> <span class='ocrx_word' id='word_1_215' title='bbox 1316 3637 1428 3691; x_wconf 90' lang='lat' dir='ltr'><strong>Cic.</strong></span> <span class='ocrx_word' id='word_1_216' title='bbox 1462 3635 1735 3708; x_wconf 75' lang='lat' dir='ltr'><strong>Virgilius,</strong></span> <span class='ocrx_word' id='word_1_217' title='bbox 1766 3638 1860 3694; x_wconf 85' lang='lat' dir='ltr'><strong>lib.</strong></span> <span class='ocrx_word' id='word_1_218' title='bbox 1895 3636 1939 3693; x_wconf 71' lang='grc' dir='ltr'><strong>ν</strong></span> <span class='ocrx_word' id='word_1_219' title='bbox 1968 3657 1983 3693; x_wconf 90' lang='lat'><strong>:</strong></span> 
     </span>
    </p>
   </div>
   <div class='ocr_carea' id='block_1_35' title="bbox 1354 3747 1891 3809">
    <p class='ocr_par' dir='ltr' id='par_1_35' title="bbox 1354 3747 1891 3809">
     <span class='ocr_line' id='line_1_35' title="bbox 1354 3747 1891 3809; baseline 0.004 -13"><span class='ocrx_word' id='word_1_220' title='bbox 1354 3747 1891 3809; x_wconf 83' lang='lat' dir='ltr'><strong>Spumantiaqueaddit</strong></span> 
     </span>
    </p>
   </div>
   <div class='ocr_carea' id='block_1_36' title="bbox 662 3807 2207 3875">
    <p class='ocr_par' dir='ltr' id='par_1_36' title="bbox 662 3807 2207 3875">
     <span class='ocr_line' id='line_1_36' title="bbox 662 3807 2207 3875; baseline 0.004 -17"><span class='ocrx_word' id='word_1_221' title='bbox 662 3807 826 3875; x_wconf 81' lang='lat' dir='ltr'><strong>Frena</strong></span> <span class='ocrx_word' id='word_1_222' title='bbox 846 3808 979 3869; x_wconf 78' lang='lat' dir='ltr'><strong>feris,</strong></span> <span class='ocrx_word' id='word_1_223' title='bbox 990 3808 1312 3871; x_wconf 80' lang='lat' dir='ltr'><strong>manibusque</strong></span> <span class='ocrx_word' id='word_1_224' title='bbox 1322 3807 1495 3860; x_wconf 78' lang='lat' dir='ltr'><strong>omnes</strong></span> <span class='ocrx_word' id='word_1_225' title='bbox 1511 3807 1716 3861; x_wconf 64' lang='lat' dir='ltr'><strong>edundit</strong></span> <span class='ocrx_word' id='word_1_226' title='bbox 1732 3808 1961 3862; x_wconf 75' lang='lat' dir='ltr'><strong>habenas.</strong></span> <span class='ocrx_word' id='word_1_227' title='bbox 1986 3810 2207 3875; x_wconf 76' lang='lat' dir='ltr'><strong>(Proprie</strong></span> 
     </span>
    </p>
   </div>
   <div class='ocr_carea' id='block_1_37' title="bbox 607 3870 834 3937">
    <p class='ocr_par' dir='ltr' id='par_1_37' title="bbox 607 3870 834 3937">
     <span class='ocr_line' id='line_1_37' title="bbox 607 3870 834 3937; baseline 0 -16"><span class='ocrx_word' id='word_1_228' title='bbox 607 3870 688 3921; x_wconf 78' lang='lat' dir='ltr'><strong>uo.</strong></span> <span class='ocrx_word' id='word_1_229' title='bbox 717 3870 834 3937; x_wconf 75' lang='lat' dir='ltr'><strong>xu.)</strong></span> 
     </span>
    </p>
   </div>
   <div class='ocr_carea' id='block_1_38' title="bbox 1098 3924 1769 3984">
    <p class='ocr_par' dir='ltr' id='par_1_38' title="bbox 1098 3924 1769 3984">
     <span class='ocr_line' id='line_1_38' title="bbox 1098 3924 1769 3984; baseline 0 -2"><span class='ocrx_word' id='word_1_230' title='bbox 1098 3924 1249 3982; x_wconf 81' lang='lat' dir='ltr'><strong>Nullo</strong></span> <span class='ocrx_word' id='word_1_231' title='bbox 1274 3931 1563 3983; x_wconf 83' lang='lat' dir='ltr'><strong>discrimine</strong></span> <span class='ocrx_word' id='word_1_232' title='bbox 1582 3934 1769 3984; x_wconf 55' lang='lat' dir='ltr'><strong>caedem</strong></span> 
     </span>
    </p>
   </div>
   <div class='ocr_carea' id='block_1_39' title="bbox 662 3994 2209 4061">
    <p class='ocr_par' dir='ltr' id='par_1_39' title="bbox 662 3994 2209 4061">
     <span class='ocr_line' id='line_1_39' title="bbox 662 3994 2209 4061; baseline 0.003 -17"><span class='ocrx_word' id='word_1_233' title='bbox 662 3995 895 4054; x_wconf 79' lang='lat' dir='ltr'><strong>Suscitat,</strong></span> <span class='ocrx_word' id='word_1_234' title='bbox 919 3996 1200 4057; x_wconf 83' lang='lat' dir='ltr'><strong>irarumque</strong></span> <span class='ocrx_word' id='word_1_235' title='bbox 1221 4006 1394 4046; x_wconf 77' lang='lat' dir='ltr'><strong>eomes</strong></span> <span class='ocrx_word' id='word_1_236' title='bbox 1417 3994 1624 4046; x_wconf 74' lang='lat' dir='ltr'><strong>elfundit</strong></span> <span class='ocrx_word' id='word_1_237' title='bbox 1644 3995 1872 4049; x_wconf 76' lang='lat' dir='ltr'><strong>habenas.</strong></span> <span class='ocrx_word' id='word_1_238' title='bbox 1886 3995 2209 4061; x_wconf 78' lang='lat' dir='ltr'><strong>(&#39;l‘ranslate.)</strong></span> 
     </span>
    </p>
   </div>
   <div class='ocr_carea' id='block_1_40' title="bbox 604 4079 2207 4159">
    <p class='ocr_par' dir='ltr' id='par_1_40' title="bbox 604 4079 2207 4159">
     <span class='ocr_line' id='line_1_40' title="bbox 604 4079 2207 4159; baseline 0.001 -22"><span class='ocrx_word' id='word_1_239' title='bbox 604 4079 677 4159; x_wconf 87' lang='lat' dir='ltr'><strong>Et</strong></span> <span class='ocrx_word' id='word_1_240' title='bbox 728 4080 919 4136; x_wconf 88' lang='lat' dir='ltr'><strong>Orator</strong></span> <span class='ocrx_word' id='word_1_241' title='bbox 970 4079 1162 4136; x_wconf 87' lang='lat' dir='ltr'><strong>dicitur</strong></span> <span class='ocrx_word' id='word_1_242' title='bbox 1215 4081 1269 4136; x_wconf 90' lang='lat' dir='ltr'><strong>in</strong></span> <span class='ocrx_word' id='word_1_243' title='bbox 1314 4082 1650 4151; x_wconf 86' lang='lat' dir='ltr'><strong>peroratione</strong></span> <span class='ocrx_word' id='word_1_244' title='bbox 1700 4090 1842 4141; x_wconf 81' lang='lat' dir='ltr'><strong>totos</strong></span> <span class='ocrx_word' id='word_1_245' title='bbox 1888 4084 2207 4155; x_wconf 69' lang='lat' dir='ltr'><strong>eloquentia</strong></span> 
     </span>
    </p>
   </div>
   <div class='ocr_carea' id='block_1_41' title="bbox 605 4176 2208 4246">
    <p class='ocr_par' dir='ltr' id='par_1_41' title="bbox 605 4176 2208 4246">
     <span class='ocr_line' id='line_1_41' title="bbox 605 4176 2208 4246; baseline 0.001 -16"><span class='ocrx_word' id='word_1_246' title='bbox 605 4176 815 4246; x_wconf 86' lang='lat' dir='ltr'><strong>aperire</strong></span> <span class='ocrx_word' id='word_1_247' title='bbox 853 4176 1048 4243; x_wconf 75' lang='lat' dir='ltr'><strong>fontes,</strong></span> <span class='ocrx_word' id='word_1_248' title='bbox 1084 4185 1140 4233; x_wconf 90' lang='lat' dir='ltr'><strong>et</strong></span> <span class='ocrx_word' id='word_1_249' title='bbox 1171 4191 1361 4233; x_wconf 85' lang='lat' dir='ltr'><strong>omnes</strong></span> <span class='ocrx_word' id='word_1_250' title='bbox 1417 4176 1700 4234; x_wconf 83' lang='lat' dir='ltr'><strong>all&#39;ectuum</strong></span> <span class='ocrx_word' id='word_1_251' title='bbox 1762 4177 2001 4234; x_wconf 82' lang='lat' dir='ltr'><strong>habenas</strong></span> <span class='ocrx_word' id='word_1_252' title='bbox 2037 4176 2208 4233; x_wconf 80' lang='lat' dir='ltr'><strong>eﬂ‘un-</strong></span> 
     </span>
    </p>
   </div>
   <div class='ocr_carea' id='block_1_42' title="bbox 604 4268 2208 4341">
    <p class='ocr_par' dir='ltr' id='par_1_42' title="bbox 604 4268 2208 4341">
     <span class='ocr_line' id='line_1_42' title="bbox 604 4268 2208 4341; baseline 0.001 -17"><span class='ocrx_word' id='word_1_253' title='bbox 604 4268 753 4325; x_wconf 89' lang='lat' dir='ltr'><strong>dere.</strong></span> <span class='ocrx_word' id='word_1_254' title='bbox 779 4269 1117 4328; x_wconf 73' lang='lat' dir='ltr'><strong>Contrarium</strong></span> <span class='ocrx_word' id='word_1_255' title='bbox 1162 4276 1243 4325; x_wconf 89' lang='lat' dir='ltr'><strong>est</strong></span> <span class='ocrx_word' id='word_1_256' title='bbox 1297 4286 1311 4323; x_wconf 88' lang='lat'><strong>:</strong></span> <span class='ocrx_word' id='word_1_257' title='bbox 1361 4269 1584 4341; x_wconf 84' lang='lat' dir='ltr'><strong>Injicere</strong></span> <span class='ocrx_word' id='word_1_258' title='bbox 1617 4270 1874 4337; x_wconf 88' lang='lat' dir='ltr'><strong>habenas,</strong></span> <span class='ocrx_word' id='word_1_259' title='bbox 1909 4284 2026 4341; x_wconf 89' lang='lat' dir='ltr'><strong>pro,</strong></span> <span class='ocrx_word' id='word_1_260' title='bbox 2049 4270 2208 4326; x_wconf 85' lang='lat' dir='ltr'><strong>Com-</strong></span> 
     </span>
    </p>
   </div>
   <div class='ocr_carea' id='block_1_43' title="bbox 605 4360 2202 4438">
    <p class='ocr_par' dir='ltr' id='par_1_43' title="bbox 605 4360 2202 4438">
     <span class='ocr_line' id='line_1_43' title="bbox 605 4360 2202 4438; baseline 0.001 -21"><span class='ocrx_word' id='word_1_261' title='bbox 605 4374 848 4432; x_wconf 85' lang='lat' dir='ltr'><strong>pescere,</strong></span> <span class='ocrx_word' id='word_1_262' title='bbox 876 4369 929 4438; x_wconf 80' lang='lat' dir='ltr'><strong>et</strong></span> <span class='ocrx_word' id='word_1_263' title='bbox 950 4362 1204 4432; x_wconf 85' lang='lat' dir='ltr'><strong>impetum</strong></span> <span class='ocrx_word' id='word_1_264' title='bbox 1231 4363 1442 4419; x_wconf 81' lang='lat' dir='ltr'><strong>sistere.</strong></span> <span class='ocrx_word' id='word_1_265' title='bbox 1473 4360 1715 4417; x_wconf 77' lang='lat' dir='ltr'><strong>Hebenus</strong></span> <span class='ocrx_word' id='word_1_266' title='bbox 1743 4362 2025 4430; x_wconf 68' lang='lat' dir='ltr'><strong>effundere,</strong></span> <span class='ocrx_word' id='word_1_267' title='bbox 2049 4363 2202 4432; x_wconf 89' lang='lat' dir='ltr'><strong>dare,</strong></span> 
     </span>
    </p>
   </div>
   <div class='ocr_carea' id='block_1_44' title="bbox 603 4454 2205 4529">
    <p class='ocr_par' dir='ltr' id='par_1_44' title="bbox 603 4454 2205 4529">
     <span class='ocr_line' id='line_1_44' title="bbox 603 4454 2205 4529; baseline 0 -19"><span class='ocrx_word' id='word_1_268' title='bbox 603 4454 1014 4522; x_wconf 70' lang='lat' dir='ltr'><strong>laxarc,Gruecls</strong></span> <span class='ocrx_word' id='word_1_269' title='bbox 1032 4460 1191 4511; x_wconf 67' lang='grc' dir='ltr'><strong>δοῦνειι</strong></span> <span class='ocrx_word' id='word_1_270' title='bbox 1208 4461 1425 4525; x_wconf 76' lang='grc' dir='ltr'><strong>χαλινοὺς</strong></span> <span class='ocrx_word' id='word_1_271' title='bbox 1449 4464 1602 4510; x_wconf 74' lang='grc' dir='ltr'>πᾶσαν</span> <span class='ocrx_word' id='word_1_272' title='bbox 1619 4460 1828 4529; x_wconf 67' lang='grc' dir='ltr'><strong>ἀφιέναι,</strong></span> <span class='ocrx_word' id='word_1_273' title='bbox 1849 4468 1878 4518; x_wconf 70' lang='grc' dir='ltr'><strong><em>ἦ</em></strong></span> <span class='ocrx_word' id='word_1_274' title='bbox 1895 4464 2007 4518; x_wconf 80' lang='grc' dir='ltr'><strong>ὃλην</strong></span> <span class='ocrx_word' id='word_1_275' title='bbox 2026 4461 2205 4526; x_wconf 59' lang='lat' dir='ltr'><strong>lenium</strong></span> 
     </span>
    </p>
   </div>
   <div class='ocr_carea' id='block_1_45' title="bbox 602 4546 2203 4618">
    <p class='ocr_par' dir='ltr' id='par_1_45' title="bbox 602 4546 2203 4618">
     <span class='ocr_line' id='line_1_45' title="bbox 602 4546 2203 4618; baseline 0.001 -16"><span class='ocrx_word' id='word_1_276' title='bbox 602 4559 692 4607; x_wconf 71' lang='grc' dir='ltr'><strong>τὴν</strong></span> <span class='ocrx_word' id='word_1_277' title='bbox 722 4556 874 4615; x_wconf 56' lang='lat' dir='ltr'><strong>ﬁuit),</strong></span> <span class='ocrx_word' id='word_1_278' title='bbox 902 4561 1022 4617; x_wconf 86' lang='lat' dir='ltr'><strong>pro,</strong></span> <span class='ocrx_word' id='word_1_279' title='bbox 1060 4546 1295 4602; x_wconf 85' lang='lat' dir='ltr'><strong>Nimium</strong></span> <span class='ocrx_word' id='word_1_280' title='bbox 1320 4547 1615 4618; x_wconf 87' lang='lat' dir='ltr'><strong>indulgere,</strong></span> <span class='ocrx_word' id='word_1_281' title='bbox 1635 4548 1961 4618; x_wconf 89' lang='lat' dir='ltr'><strong>nimiamque</strong></span> <span class='ocrx_word' id='word_1_282' title='bbox 1987 4549 2203 4618; x_wconf 84' lang='lat' dir='ltr'><strong>permit-</strong></span> 
     </span>
    </p>
   </div>
   <div class='ocr_carea' id='block_1_46' title="bbox 603 4638 2206 4709">
    <p class='ocr_par' dir='ltr' id='par_1_46' title="bbox 603 4638 2206 4709">
     <span class='ocr_line' id='line_1_46' title="bbox 603 4638 2206 4709; baseline -0.001 -13"><span class='ocrx_word' id='word_1_283' title='bbox 603 4649 716 4697; x_wconf 90' lang='lat' dir='ltr'><strong>tere</strong></span> <span class='ocrx_word' id='word_1_284' title='bbox 734 4640 1052 4697; x_wconf 87' lang='lat' dir='ltr'><strong>libertatent.</strong></span> <span class='ocrx_word' id='word_1_285' title='bbox 1076 4639 1300 4697; x_wconf 76' lang='lat' dir='ltr'><strong>Habenis</strong></span> <span class='ocrx_word' id='word_1_286' title='bbox 1318 4638 1518 4709; x_wconf 68' lang='lat' dir='ltr'><strong>effusis,</strong></span> <span class='ocrx_word' id='word_1_287' title='bbox 1545 4650 1627 4697; x_wconf 85' lang='lat' dir='ltr'><strong>est</strong></span> <span class='ocrx_word' id='word_1_288' title='bbox 1651 4641 2016 4706; x_wconf 88' lang='lat' dir='ltr'><strong>licentissime,</strong></span> <span class='ocrx_word' id='word_1_289' title='bbox 2042 4640 2206 4697; x_wconf 82' lang='lat' dir='ltr'><strong>liber-</strong></span> 
     </span>
    </p>
   </div>
   <div class='ocr_carea' id='block_1_47' title="bbox 603 4733 2200 4805">
    <p class='ocr_par' dir='ltr' id='par_1_47' title="bbox 603 4733 2200 4805">
     <span class='ocr_line' id='line_1_47' title="bbox 603 4733 2200 4805; baseline 0.001 -16"><span class='ocrx_word' id='word_1_290' title='bbox 603 4734 740 4789; x_wconf 87' lang='lat' dir='ltr'><strong>rime</strong></span> <span class='ocrx_word' id='word_1_291' title='bbox 767 4742 818 4790; x_wconf 89' lang='lat' dir='ltr'><strong>et</strong></span> <span class='ocrx_word' id='word_1_292' title='bbox 840 4735 1402 4805; x_wconf 82' lang='lat' dir='ltr'><strong>intemperantissime,</strong></span> <span class='ocrx_word' id='word_1_293' title='bbox 1423 4734 1509 4791; x_wconf 87' lang='lat' dir='ltr'><strong>vel</strong></span> <span class='ocrx_word' id='word_1_294' title='bbox 1540 4733 1848 4791; x_wconf 86' lang='lat' dir='ltr'><strong>immodice.</strong></span> <span class='ocrx_word' id='word_1_295' title='bbox 1865 4734 2008 4790; x_wconf 87' lang='lat' dir='ltr'><strong>Idem</strong></span> <span class='ocrx_word' id='word_1_296' title='bbox 2021 4734 2200 4791; x_wconf 85' lang='lat' dir='ltr'><strong>Nova-</strong></span> 
     </span>
    </p>
   </div>
   <div class='ocr_carea' id='block_1_48' title="bbox 602 4826 2203 4901">
    <p class='ocr_par' dir='ltr' id='par_1_48' title="bbox 602 4826 2203 4901">
     <span class='ocr_line' id='line_1_48' title="bbox 602 4826 2203 4901; baseline 0.005 -23"><span class='ocrx_word' id='word_1_297' title='bbox 602 4826 800 4893; x_wconf 87' lang='lat' dir='ltr'><strong>tianus,</strong></span> <span class='ocrx_word' id='word_1_298' title='bbox 820 4827 910 4882; x_wconf 88' lang='lat' dir='ltr'><strong>lib.</strong></span> <span class='ocrx_word' id='word_1_299' title='bbox 935 4828 1003 4883; x_wconf 90' lang='lat' dir='ltr'><strong>de</strong></span> <span class='ocrx_word' id='word_1_300' title='bbox 1038 4827 1295 4884; x_wconf 89' lang='lat' dir='ltr'><strong>Trinitate</strong></span> <span class='ocrx_word' id='word_1_301' title='bbox 1325 4847 1338 4883; x_wconf 87' lang='lat'><strong>:</strong></span> <span class='ocrx_word' id='word_1_302' title='bbox 1368 4827 1712 4900; x_wconf 75' lang='lat' dir='ltr'><strong>Indulgentia:</strong></span> <span class='ocrx_word' id='word_1_303' title='bbox 1736 4843 1841 4884; x_wconf 78' lang='lat' dir='ltr'><strong>sua:</strong></span> <span class='ocrx_word' id='word_1_304' title='bbox 1865 4829 2004 4883; x_wconf 82' lang='lat' dir='ltr'><strong>sinus</strong></span> <span class='ocrx_word' id='word_1_305' title='bbox 2030 4831 2203 4901; x_wconf 77' lang='lat' dir='ltr'><strong>largos</strong></span> 
     </span>
    </p>
   </div>
   <div class='ocr_carea' id='block_1_49' title="bbox 604 4916 2201 4992">
    <p class='ocr_par' dir='ltr' id='par_1_49' title="bbox 604 4916 2201 4992">
     <span class='ocr_line' id='line_1_49' title="bbox 604 4916 2201 4992; baseline 0.005 -23"><span class='ocrx_word' id='word_1_306' title='bbox 604 4916 869 4989; x_wconf 80' lang='lat' dir='ltr'><strong>profudit;</strong></span> <span class='ocrx_word' id='word_1_307' title='bbox 918 4924 1013 4973; x_wconf 90' lang='lat' dir='ltr'><strong>et:</strong></span> <span class='ocrx_word' id='word_1_308' title='bbox 1049 4918 1158 4975; x_wconf 85' lang='lat' dir='ltr'><strong>Sub</strong></span> <span class='ocrx_word' id='word_1_309' title='bbox 1187 4923 1316 4992; x_wconf 80' lang='lat' dir='ltr'><strong>jugo</strong></span> <span class='ocrx_word' id='word_1_310' title='bbox 1356 4921 1489 4976; x_wconf 85' lang='lat' dir='ltr'><strong>enim</strong></span> <span class='ocrx_word' id='word_1_311' title='bbox 1519 4918 1770 4976; x_wconf 79' lang='lat' dir='ltr'><strong>naturalis</strong></span> <span class='ocrx_word' id='word_1_312' title='bbox 1811 4921 1934 4991; x_wconf 82' lang='lat' dir='ltr'><strong>legis</strong></span> <span class='ocrx_word' id='word_1_313' title='bbox 1970 4922 2201 4977; x_wconf 75' lang='lat' dir='ltr'><strong>omnibus</strong></span> 
     </span>
    </p>
   </div>
   <div class='ocr_carea' id='block_1_50' title="bbox 604 5010 2203 5086">
    <p class='ocr_par' dir='ltr' id='par_1_50' title="bbox 604 5010 2203 5086">
     <span class='ocr_line' id='line_1_50' title="bbox 604 5010 2203 5086; baseline 0.005 -23"><span class='ocrx_word' id='word_1_314' title='bbox 604 5011 759 5076; x_wconf 81' lang='lat' dir='ltr'><strong>dalw,</strong></span> <span class='ocrx_word' id='word_1_315' title='bbox 790 5010 894 5065; x_wconf 87' lang='lat' dir='ltr'><strong>alia</strong></span> <span class='ocrx_word' id='word_1_316' title='bbox 918 5013 1064 5082; x_wconf 77' lang='lat' dir='ltr'><strong>quasi</strong></span> <span class='ocrx_word' id='word_1_317' title='bbox 1091 5014 1247 5082; x_wconf 78' lang='lat' dir='ltr'><strong>frenis</strong></span> <span class='ocrx_word' id='word_1_318' title='bbox 1270 5023 1504 5069; x_wconf 85' lang='lat' dir='ltr'><strong>revocata</strong></span> <span class='ocrx_word' id='word_1_319' title='bbox 1552 5014 1901 5083; x_wconf 80' lang='lat' dir='ltr'><strong>retrahuntur,</strong></span> <span class='ocrx_word' id='word_1_320' title='bbox 1928 5016 2033 5071; x_wconf 84' lang='lat' dir='ltr'><strong>alia</strong></span> <span class='ocrx_word' id='word_1_321' title='bbox 2056 5016 2203 5086; x_wconf 78' lang='lat' dir='ltr'><strong>quasi</strong></span> 
     </span>
    </p>
   </div>
   <div class='ocr_carea' id='block_1_51' title="bbox 602 5101 1626 5184">
    <p class='ocr_par' dir='ltr' id='par_1_51' title="bbox 602 5101 1626 5184">
     <span class='ocr_line' id='line_1_51' title="bbox 602 5101 1626 5184; baseline 0.001 -26"><span class='ocrx_word' id='word_1_322' title='bbox 602 5101 777 5184; x_wconf 61' lang='lat' dir='ltr'><strong>effusis</strong></span> <span class='ocrx_word' id='word_1_323' title='bbox 804 5102 1010 5157; x_wconf 74' lang='lat' dir='ltr'><strong>habenis</strong></span> <span class='ocrx_word' id='word_1_324' title='bbox 1036 5104 1251 5159; x_wconf 78' lang='lat' dir='ltr'><strong>excitata</strong></span> <span class='ocrx_word' id='word_1_325' title='bbox 1276 5105 1626 5177; x_wconf 85' lang='lat' dir='ltr'><strong>impelluntur.</strong></span> 
     </span>
    </p>
   </div>
   <div class='ocr_carea' id='block_1_52' title="bbox 690 5214 2145 5279">
    <p class='ocr_par' dir='ltr' id='par_1_52' title="bbox 690 5214 2145 5279">
     <span class='ocr_line' id='line_1_52' title="bbox 690 5214 2145 5279; baseline 0.001 -2"><span class='ocrx_word' id='word_1_326' title='bbox 690 5218 777 5277; x_wconf 76' lang='lat'><strong>8‘2.</strong></span> <span class='ocrx_word' id='word_1_327' title='bbox 819 5214 1150 5275; x_wconf 75' lang='lat' dir='ltr'><strong>ﬂamaxobio</strong></span> <span class='ocrx_word' id='word_1_328' title='bbox 1177 5216 1497 5274; x_wconf 84' lang='lat' dir='ltr'><strong>inslabilior.</strong></span> <span class='ocrx_word' id='word_1_329' title='bbox 1542 5219 1686 5276; x_wconf 87' lang='lat' dir='ltr'><strong>Tom.</strong></span> <span class='ocrx_word' id='word_1_330' title='bbox 1717 5219 1805 5276; x_wconf 86' lang='lat'><strong>111.</strong></span> <span class='ocrx_word' id='word_1_331' title='bbox 1836 5221 1924 5277; x_wconf 83' lang='lat' dir='ltr'><strong>lib.</strong></span> <span class='ocrx_word' id='word_1_332' title='bbox 1954 5220 1995 5278; x_wconf 93' lang='lat' dir='ltr'><strong>I.</strong></span> <span class='ocrx_word' id='word_1_333' title='bbox 2029 5223 2145 5279; x_wconf 84' lang='lat' dir='ltr'><strong>adv.</strong></span> 
     </span>
    </p>
   </div>
   <div class='ocr_carea' id='block_1_53' title="bbox 1057 5310 1748 5384">
    <p class='ocr_par' dir='ltr' id='par_1_53' title="bbox 1057 5310 1748 5384">
     <span class='ocr_line' id='line_1_53' title="bbox 1057 5310 1748 5384; baseline 0.003 -18"><span class='ocrx_word' id='word_1_334' title='bbox 1057 5310 1222 5367; x_wconf 80' lang='lat' dir='ltr'><strong>Marc.</strong></span> <span class='ocrx_word' id='word_1_335' title='bbox 1254 5328 1369 5384; x_wconf 87' lang='lat' dir='ltr'><strong>cap.</strong></span> <span class='ocrx_word' id='word_1_336' title='bbox 1401 5311 1451 5366; x_wconf 91' lang='lat'><strong>1.</strong></span> <span class='ocrx_word' id='word_1_337' title='bbox 1483 5329 1625 5367; x_wconf 89' lang='lat' dir='ltr'><strong>num.</strong></span> <span class='ocrx_word' id='word_1_338' title='bbox 1662 5312 1748 5368; x_wconf 76' lang='grc'><strong>12.</strong></span> 
     </span>
    </p>
   </div>
   <div class='ocr_carea' id='block_1_54' title="bbox 677 5424 2197 5490">
    <p class='ocr_par' dir='ltr' id='par_1_54' title="bbox 677 5424 2197 5490">
     <span class='ocr_line' id='line_1_54' title="bbox 677 5424 2197 5490; baseline 0.005 -8"><span class='ocrx_word' id='word_1_339' title='bbox 677 5424 972 5483; x_wconf 86' lang='lat' dir='ltr'><strong>Videantur</strong></span> <span class='ocrx_word' id='word_1_340' title='bbox 1002 5428 1199 5484; x_wconf 79' lang='lat' dir='ltr'><strong>Annot.</strong></span> <span class='ocrx_word' id='word_1_341' title='bbox 1243 5428 1484 5485; x_wconf 88' lang='lat' dir='ltr'><strong>Pamelii.</strong></span> <span class='ocrx_word' id='word_1_342' title='bbox 1518 5428 1795 5486; x_wconf 86' lang='lat' dir='ltr'><strong>Historicis</strong></span> <span class='ocrx_word' id='word_1_343' title='bbox 1820 5438 1872 5486; x_wconf 92' lang='lat' dir='ltr'><strong>et</strong></span> <span class='ocrx_word' id='word_1_344' title='bbox 1900 5429 2078 5487; x_wconf 91' lang='lat' dir='ltr'><strong>Poetis</strong></span> <span class='ocrx_word' id='word_1_345' title='bbox 2106 5446 2197 5490; x_wconf 86' lang='lat' dir='ltr'><strong>ce-</strong></span> 
     </span>
    </p>
   </div>
   <div class='ocr_carea' id='block_1_55' title="bbox 603 5522 2197 5600">
    <p class='ocr_par' dir='ltr' id='par_1_55' title="bbox 603 5522 2197 5600">
     <span class='ocr_line' id='line_1_55' title="bbox 603 5522 2197 5600; baseline 0.007 -23"><span class='ocrx_word' id='word_1_346' title='bbox 603 5522 790 5578; x_wconf 88' lang='lat' dir='ltr'><strong>lebrati</strong></span> <span class='ocrx_word' id='word_1_347' title='bbox 830 5522 1170 5590; x_wconf 75' lang='grc' dir='ltr'><strong>Ηαηιαωοὺίἱ,</strong></span> <span class='ocrx_word' id='word_1_348' title='bbox 1211 5524 1293 5581; x_wconf 85' lang='lat' dir='ltr'><strong>vel</strong></span> <span class='ocrx_word' id='word_1_349' title='bbox 1320 5524 1705 5593; x_wconf 69' lang='lat' dir='ltr'><strong>ilamaxobitte,</strong></span> <span class='ocrx_word' id='word_1_350' title='bbox 1739 5525 2015 5584; x_wconf 63' lang='lat' dir='ltr'><strong>Sarmatiae</strong></span> <span class='ocrx_word' id='word_1_351' title='bbox 2043 5543 2197 5600; x_wconf 86' lang='lat' dir='ltr'><strong>gens.</strong></span> 
     </span>
    </p>
   </div>
   <div class='ocr_carea' id='block_1_56' title="bbox 602 5616 1885 5693">
    <p class='ocr_par' dir='ltr' id='par_1_56' title="bbox 602 5616 1885 5693">
     <span class='ocr_line' id='line_1_56' title="bbox 602 5616 1885 5693; baseline 0.002 -20"><span class='ocrx_word' id='word_1_352' title='bbox 602 5616 747 5685; x_wconf 87' lang='lat' dir='ltr'><strong>Quos</strong></span> <span class='ocrx_word' id='word_1_353' title='bbox 775 5618 853 5674; x_wconf 91' lang='lat' dir='ltr'><strong>sic</strong></span> <span class='ocrx_word' id='word_1_354' title='bbox 879 5617 1142 5693; x_wconf 38' lang='lat' dir='ltr'><strong>describit.</strong></span> <span class='ocrx_word' id='word_1_355' title='bbox 1168 5619 1376 5685; x_wconf 85' lang='lat' dir='ltr'><strong>llorat.,</strong></span> <span class='ocrx_word' id='word_1_356' title='bbox 1408 5620 1499 5674; x_wconf 92' lang='lat' dir='ltr'><strong>lib.</strong></span> <span class='ocrx_word' id='word_1_357' title='bbox 1529 5618 1617 5676; x_wconf 86' lang='grc' dir='ltr'><strong>ΙΙΙ.</strong></span> <span class='ocrx_word' id='word_1_358' title='bbox 1644 5619 1746 5675; x_wconf 93' lang='lat' dir='ltr'><strong>0d.</strong></span> <span class='ocrx_word' id='word_1_359' title='bbox 1772 5620 1843 5684; x_wconf 56' lang='lat'><strong>2,4</strong></span> <span class='ocrx_word' id='word_1_360' title='bbox 1873 5639 1885 5675; x_wconf 91' lang='lat'>:</span> 
     </span>
    </p>
   </div>
   <div class='ocr_carea' id='block_1_57' title="bbox 850 5702 1605 5775">
    <p class='ocr_par' dir='ltr' id='par_1_57' title="bbox 850 5702 1605 5775">
     <span class='ocr_line' id='line_1_57' title="bbox 850 5702 1605 5775; baseline 0.004 -17"><span class='ocrx_word' id='word_1_361' title='bbox 850 5707 1163 5775; x_wconf 62' lang='lat' dir='ltr'><strong>Campestres</strong></span> <span class='ocrx_word' id='word_1_362' title='bbox 1183 5702 1359 5759; x_wconf 85' lang='lat' dir='ltr'><strong>melius</strong></span> <span class='ocrx_word' id='word_1_363' title='bbox 1382 5708 1573 5775; x_wconf 63' lang='lat' dir='ltr'><strong>Scythae</strong></span> <span class='ocrx_word' id='word_1_364' title='bbox 1593 5746 1605 5772; x_wconf 93' lang='lat'><strong>,</strong></span> 
     </span>
    </p>
   </div>
   <div class='ocr_carea' id='block_1_58' title="bbox 847 5768 2038 5837">
    <p class='ocr_par' dir='ltr' id='par_1_58' title="bbox 847 5768 2038 5837">
     <span class='ocr_line' id='line_1_58' title="bbox 847 5768 2038 5837; baseline 0.004 -18"><span class='ocrx_word' id='word_1_365' title='bbox 847 5768 1061 5837; x_wconf 72' lang='lat' dir='ltr'><strong>Quorum</strong></span> <span class='ocrx_word' id='word_1_366' title='bbox 1083 5768 1293 5837; x_wconf 74' lang='lat' dir='ltr'><strong>plaustra</strong></span> <span class='ocrx_word' id='word_1_367' title='bbox 1315 5768 1464 5837; x_wconf 53' lang='lat' dir='ltr'><strong>[agas</strong></span> <span class='ocrx_word' id='word_1_368' title='bbox 1486 5773 1580 5823; x_wconf 88' lang='lat' dir='ltr'><strong>rite</strong></span> <span class='ocrx_word' id='word_1_369' title='bbox 1593 5768 1803 5827; x_wconf 76' lang='lat' dir='ltr'><strong>trahunt</strong></span> <span class='ocrx_word' id='word_1_370' title='bbox 1835 5771 2005 5829; x_wconf 83' lang='lat' dir='ltr'><strong>domos</strong></span> <span class='ocrx_word' id='word_1_371' title='bbox 2023 5809 2038 5837; x_wconf 90' lang='lat'><strong>,</strong></span> 
     </span>
    </p>
   </div>
   <div class='ocr_carea' id='block_1_59' title="bbox 848 5828 1476 5897">
    <p class='ocr_par' dir='ltr' id='par_1_59' title="bbox 848 5828 1476 5897">
     <span class='ocr_line' id='line_1_59' title="bbox 848 5828 1476 5897; baseline 0.003 -12"><span class='ocrx_word' id='word_1_372' title='bbox 848 5828 1051 5895; x_wconf 70' lang='lat' dir='ltr'><strong>Vivum,</strong></span> <span class='ocrx_word' id='word_1_373' title='bbox 1078 5828 1130 5883; x_wconf 81' lang='lat' dir='ltr'><strong>et</strong></span> <span class='ocrx_word' id='word_1_374' title='bbox 1147 5831 1294 5897; x_wconf 76' lang='lat' dir='ltr'><strong>rigidi</strong></span> <span class='ocrx_word' id='word_1_375' title='bbox 1318 5828 1476 5895; x_wconf 69' lang='grc' dir='ltr'>ῡέιω,</span> 
     </span>
    </p>
   </div>
   <div class='ocr_carea' id='block_1_60' title="bbox 1716 302 2825 365">
    <p class='ocr_par' dir='ltr' id='par_1_60' title="bbox 1716 302 2825 365">
     <span class='ocr_line' id='line_1_60' title="bbox 1716 302 2825 365; baseline 0.001 -2"><span class='ocrx_word' id='word_1_376' title='bbox 1716 306 1811 363; x_wconf 85' lang='lat' dir='ltr'><strong>EX</strong></span> <span class='ocrx_word' id='word_1_377' title='bbox 1847 302 2306 365; x_wconf 78' lang='lat' dir='ltr'><strong>TERTULLIANI</strong></span> <span class='ocrx_word' id='word_1_378' title='bbox 2345 303 2825 364; x_wconf 85' lang='lat' dir='ltr'><strong>APOLOGETICO</strong></span> 
     </span>
    </p>
   </div>
   <div class='ocr_carea' id='block_1_61' title="bbox 2243 1792 2292 1854">
    <p class='ocr_par' dir='ltr' id='par_1_61' title="bbox 2243 1792 2292 1854">
     <span class='ocr_line' id='line_1_61' title="bbox 2243 1792 2292 1854; baseline 0 0"><span class='ocrx_word' id='word_1_379' title='bbox 2243 1792 2292 1854; x_wconf 83' lang='lat' dir='ltr'><strong>B</strong></span> 
     </span>
    </p>
   </div>
   <div class='ocr_carea' id='block_1_62' title="bbox 3788 290 4034 400">
    <p class='ocr_par' dir='ltr' id='par_1_62' title="bbox 3788 290 4034 400">
     <span class='ocr_line' id='line_1_62' title="bbox 3788 290 4034 400; baseline -0.004 -36"><span class='ocrx_word' id='word_1_380' title='bbox 3788 290 3919 400; x_wconf 69' lang='lat' dir='ltr'><strong>ess</strong></span> <span class='ocrx_word' id='word_1_381' title='bbox 4022 367 4034 379; x_wconf 71' lang='grc'>,</span> 
     </span>
    </p>
   </div>
   <div class='ocr_carea' id='block_1_63' title="bbox 2560 417 3424 483">
    <p class='ocr_par' dir='ltr' id='par_1_63' title="bbox 2560 417 3424 483">
     <span class='ocr_line' id='line_1_63' title="bbox 2560 417 3424 483; baseline -0.001 -14"><span class='ocrx_word' id='word_1_382' title='bbox 2560 420 2819 483; x_wconf 62' lang='lat' dir='ltr'><strong>[mmetata</strong></span> <span class='ocrx_word' id='word_1_383' title='bbox 2842 418 3023 483; x_wconf 81' lang='lat' dir='ltr'><strong>quibus</strong></span> <span class='ocrx_word' id='word_1_384' title='bbox 3039 420 3218 483; x_wconf 80' lang='lat' dir='ltr'><strong>jugera</strong></span> <span class='ocrx_word' id='word_1_385' title='bbox 3239 417 3424 470; x_wconf 84' lang='lat' dir='ltr'><strong>liberas</strong></span> 
     </span>
    </p>
   </div>
   <div class='ocr_carea' id='block_1_64' title="bbox 2562 480 3324 545">
    <p class='ocr_par' dir='ltr' id='par_1_64' title="bbox 2562 480 3324 545">
     <span class='ocr_line' id='line_1_64' title="bbox 2562 480 3324 545; baseline -0.001 -15"><span class='ocrx_word' id='word_1_386' title='bbox 2562 481 2772 545; x_wconf 66' lang='lat' dir='ltr'><strong>Fruges,</strong></span> <span class='ocrx_word' id='word_1_387' title='bbox 2800 480 3119 545; x_wconf 45' lang='lat' dir='ltr'><strong>et‘Cerereni</strong></span> <span class='ocrx_word' id='word_1_388' title='bbox 3141 480 3324 543; x_wconf 82' lang='lat' dir='ltr'><strong>ferunt,</strong></span> 
     </span>
    </p>
   </div>
   <div class='ocr_carea' id='block_1_65' title="bbox 2561 543 3477 608">
    <p class='ocr_par' dir='ltr' id='par_1_65' title="bbox 2561 543 3477 608">
     <span class='ocr_line' id='line_1_65' title="bbox 2561 543 3477 608; baseline -0.003 -12"><span class='ocrx_word' id='word_1_389' title='bbox 2561 543 2881 596; x_wconf 49' lang='lat' dir='ltr'><strong>Nec&#39;cultura</strong></span> <span class='ocrx_word' id='word_1_390' title='bbox 2902 545 3063 608; x_wconf 87' lang='lat' dir='ltr'><strong>placet</strong></span> <span class='ocrx_word' id='word_1_391' title='bbox 3084 543 3275 608; x_wconf 78' lang='lat' dir='ltr'><strong>longior</strong></span> <span class='ocrx_word' id='word_1_392' title='bbox 3299 556 3477 594; x_wconf 86' lang='lat' dir='ltr'><strong>annua.</strong></span> 
     </span>
    </p>
   </div>
   <div class='ocr_carea' id='block_1_66' title="bbox 2317 647 3921 729">
    <p class='ocr_par' dir='ltr' id='par_1_66' title="bbox 2317 647 3921 729">
     <span class='ocr_line' id='line_1_66' title="bbox 2317 647 3921 729; baseline 0 -24"><span class='ocrx_word' id='word_1_393' title='bbox 2317 650 2459 721; x_wconf 85' lang='lat' dir='ltr'><strong>Ergo</strong></span> <span class='ocrx_word' id='word_1_394' title='bbox 2491 664 2598 705; x_wconf 90' lang='lat' dir='ltr'><strong>non</strong></span> <span class='ocrx_word' id='word_1_395' title='bbox 2641 647 2805 705; x_wconf 90' lang='lat' dir='ltr'><strong>modo</strong></span> <span class='ocrx_word' id='word_1_396' title='bbox 2833 649 2887 704; x_wconf 92' lang='lat' dir='ltr'><strong>in</strong></span> <span class='ocrx_word' id='word_1_397' title='bbox 2917 661 3041 705; x_wconf 90' lang='lat' dir='ltr'><strong>eum</strong></span> <span class='ocrx_word' id='word_1_398' title='bbox 3081 647 3313 715; x_wconf 89' lang='lat' dir='ltr'><strong>dicetur,</strong></span> <span class='ocrx_word' id='word_1_399' title='bbox 3361 648 3450 719; x_wconf 91' lang='lat' dir='ltr'><strong>qui</strong></span> <span class='ocrx_word' id='word_1_400' title='bbox 3493 647 3652 729; x_wconf 79' lang='lat' dir='ltr'><strong>sedes</strong></span> <span class='ocrx_word' id='word_1_401' title='bbox 3692 647 3921 705; x_wconf 84' lang='lat' dir='ltr'><strong>subinde</strong></span> 
     </span>
    </p>
   </div>
   <div class='ocr_carea' id='block_1_67' title="bbox 2316 738 3920 813">
    <p class='ocr_par' dir='ltr' id='par_1_67' title="bbox 2316 738 3920 813">
     <span class='ocr_line' id='line_1_67' title="bbox 2316 738 3920 813; baseline 0 -17"><span class='ocrx_word' id='word_1_402' title='bbox 2316 749 2504 807; x_wconf 86' lang='lat' dir='ltr'><strong>mutat,</strong></span> <span class='ocrx_word' id='word_1_403' title='bbox 2550 752 2605 796; x_wconf 91' lang='lat' dir='ltr'><strong>et</strong></span> <span class='ocrx_word' id='word_1_404' title='bbox 2649 740 2884 795; x_wconf 82' lang='lat' dir='ltr'><strong>fabulam</strong></span> <span class='ocrx_word' id='word_1_405' title='bbox 2928 740 3303 810; x_wconf 87' lang='lat' dir='ltr'><strong>undecumque</strong></span> <span class='ocrx_word' id='word_1_406' title='bbox 3329 740 3613 795; x_wconf 83' lang='lat' dir='ltr'><strong>motoriam</strong></span> <span class='ocrx_word' id='word_1_407' title='bbox 3643 741 3751 813; x_wconf 86' lang='lat' dir='ltr'><strong>agit</strong></span> <span class='ocrx_word' id='word_1_408' title='bbox 3782 759 3795 797; x_wconf 92' lang='lat'><strong>:</strong></span> <span class='ocrx_word' id='word_1_409' title='bbox 3822 738 3920 797; x_wconf 86' lang='lat' dir='ltr'><strong>sed</strong></span> 
     </span>
    </p>
   </div>
   <div class='ocr_carea' id='block_1_68' title="bbox 2316 832 3625 909">
    <p class='ocr_par' dir='ltr' id='par_1_68' title="bbox 2316 832 3625 909">
     <span class='ocr_line' id='line_1_68' title="bbox 2316 832 3625 909; baseline 0 -21"><span class='ocrx_word' id='word_1_410' title='bbox 2316 834 2408 905; x_wconf 90' lang='lat' dir='ltr'><strong>qui</strong></span> <span class='ocrx_word' id='word_1_411' title='bbox 2435 833 2670 889; x_wconf 89' lang='lat' dir='ltr'><strong>versatili</strong></span> <span class='ocrx_word' id='word_1_412' title='bbox 2696 842 2780 888; x_wconf 89' lang='lat' dir='ltr'><strong>est</strong></span> <span class='ocrx_word' id='word_1_413' title='bbox 2806 833 2971 888; x_wconf 90' lang='lat' dir='ltr'><strong>animi</strong></span> <span class='ocrx_word' id='word_1_414' title='bbox 2997 833 3264 909; x_wconf 79' lang='lat' dir='ltr'><strong>sententia</strong></span> <span class='ocrx_word' id='word_1_415' title='bbox 3296 832 3625 888; x_wconf 88' lang='lat' dir='ltr'><strong>inconstans.</strong></span> 
     </span>
    </p>
   </div>
   <div class='ocr_carea' id='block_1_69' title="bbox 2389 945 3847 1018">
    <p class='ocr_par' dir='ltr' id='par_1_69' title="bbox 2389 945 3847 1018">
     <span class='ocr_line' id='line_1_69' title="bbox 2389 945 3847 1018; baseline 0 -16"><span class='ocrx_word' id='word_1_416' title='bbox 2389 946 2474 1002; x_wconf 77' lang='grc'><strong>85.</strong></span> <span class='ocrx_word' id='word_1_417' title='bbox 2520 947 2708 1002; x_wconf 84' lang='lat' dir='ltr'><strong>Hieme</strong></span> <span class='ocrx_word' id='word_1_418' title='bbox 2733 946 2994 1018; x_wconf 79' lang='lat' dir='ltr'><strong>frigidior.</strong></span> <span class='ocrx_word' id='word_1_419' title='bbox 3033 946 3185 1002; x_wconf 89' lang='lat' dir='ltr'><strong>Tom.</strong></span> <span class='ocrx_word' id='word_1_420' title='bbox 3217 945 3305 1000; x_wconf 82' lang='lat' dir='ltr'><strong>lli.</strong></span> <span class='ocrx_word' id='word_1_421' title='bbox 3339 947 3425 1003; x_wconf 86' lang='lat' dir='ltr'><strong>lib.</strong></span> <span class='ocrx_word' id='word_1_422' title='bbox 3457 946 3497 1001; x_wconf 89' lang='lat'><strong>1.</strong></span> <span class='ocrx_word' id='word_1_423' title='bbox 3528 946 3646 1001; x_wconf 78' lang='lat' dir='ltr'><strong>adu.</strong></span> <span class='ocrx_word' id='word_1_424' title='bbox 3677 945 3847 1002; x_wconf 76' lang='lat' dir='ltr'><strong>Marc.</strong></span> 
     </span>
    </p>
   </div>
   <div class='ocr_carea' id='block_1_70' title="bbox 2810 1040 3363 1111">
    <p class='ocr_par' dir='ltr' id='par_1_70' title="bbox 2810 1040 3363 1111">
     <span class='ocr_line' id='line_1_70' title="bbox 2810 1040 3363 1111; baseline 0.005 -19"><span class='ocrx_word' id='word_1_425' title='bbox 2810 1080 2815 1085; x_wconf 54' lang='grc' dir='ltr'><em>ι</em></span> <span class='ocrx_word' id='word_1_426' title='bbox 2867 1056 2982 1111; x_wconf 86' lang='lat' dir='ltr'><strong>cap.</strong></span> <span class='ocrx_word' id='word_1_427' title='bbox 3016 1041 3069 1095; x_wconf 71' lang='lat' dir='ltr'><strong>1L</strong></span> <span class='ocrx_word' id='word_1_428' title='bbox 3104 1056 3255 1094; x_wconf 57' lang='lat' dir='ltr'><strong>num.</strong></span> <span class='ocrx_word' id='word_1_429' title='bbox 3279 1040 3363 1095; x_wconf 75' lang='grc'><strong>14.</strong></span> 
     </span>
    </p>
   </div>
   <div class='ocr_carea' id='block_1_71' title="bbox 2390 1151 3917 1225">
    <p class='ocr_par' dir='ltr' id='par_1_71' title="bbox 2390 1151 3917 1225">
     <span class='ocr_line' id='line_1_71' title="bbox 2390 1151 3917 1225; baseline 0.002 -18"><span class='ocrx_word' id='word_1_430' title='bbox 2390 1153 2587 1219; x_wconf 85' lang='lat' dir='ltr'><strong>Verba,</strong></span> <span class='ocrx_word' id='word_1_431' title='bbox 2614 1152 2838 1224; x_wconf 85' lang='lat' dir='ltr'><strong>judicia,</strong></span> <span class='ocrx_word' id='word_1_432' title='bbox 2868 1152 3116 1208; x_wconf 64' lang='lat' dir='ltr'><strong>homines</strong></span> <span class='ocrx_word' id='word_1_433' title='bbox 3140 1151 3336 1225; x_wconf 77' lang='lat' dir='ltr'><strong>frigere</strong></span> <span class='ocrx_word' id='word_1_434' title='bbox 3360 1152 3611 1209; x_wconf 87' lang='lat' dir='ltr'><strong>dicuntur</strong></span> <span class='ocrx_word' id='word_1_435' title='bbox 3627 1152 3917 1221; x_wconf 81' lang='lat' dir='ltr'><strong>Ciceroni;</strong></span> 
     </span>
    </p>
   </div>
   <div class='ocr_carea' id='block_1_72' title="bbox 2318 1245 3912 1318">
    <p class='ocr_par' dir='ltr' id='par_1_72' title="bbox 2318 1245 3912 1318">
     <span class='ocr_line' id='line_1_72' title="bbox 2318 1245 3912 1318; baseline 0.001 -17"><span class='ocrx_word' id='word_1_436' title='bbox 2318 1255 2373 1301; x_wconf 79' lang='lat' dir='ltr'><strong>et</strong></span> <span class='ocrx_word' id='word_1_437' title='bbox 2401 1266 2413 1301; x_wconf 87' lang='lat'>:</span> <span class='ocrx_word' id='word_1_438' title='bbox 2443 1247 2500 1301; x_wconf 89' lang='lat' dir='ltr'><strong>lu</strong></span> <span class='ocrx_word' id='word_1_439' title='bbox 2523 1261 2582 1301; x_wconf 88' lang='lat' dir='ltr'><strong>re</strong></span> <span class='ocrx_word' id='word_1_440' title='bbox 2603 1246 2942 1317; x_wconf 77' lang='lat' dir='ltr'><strong>frigidissima</strong></span> <span class='ocrx_word' id='word_1_441' title='bbox 2963 1247 3163 1312; x_wconf 88' lang='lat' dir='ltr'><strong>calere,</strong></span> <span class='ocrx_word' id='word_1_442' title='bbox 3193 1245 3669 1317; x_wconf 61' lang='lat' dir='ltr'><strong>inferventissima</strong></span> <span class='ocrx_word' id='word_1_443' title='bbox 3692 1246 3912 1318; x_wconf 81' lang='lat' dir='ltr'><strong>frigere,</strong></span> 
     </span>
    </p>
   </div>
   <div class='ocr_carea' id='block_1_73' title="bbox 2318 1340 3937 1411">
    <p class='ocr_par' dir='ltr' id='par_1_73' title="bbox 2318 1340 3937 1411">
     <span class='ocr_line' id='line_1_73' title="bbox 2318 1340 3937 1411; baseline 0 -15"><span class='ocrx_word' id='word_1_444' title='bbox 2318 1342 2543 1411; x_wconf 80' lang='lat' dir='ltr'><strong>Opponit</strong></span> <span class='ocrx_word' id='word_1_445' title='bbox 2569 1340 2995 1411; x_wconf 69' lang='lat' dir='ltr'><strong>metaphorices;</strong></span> <span class='ocrx_word' id='word_1_446' title='bbox 3023 1348 3110 1396; x_wconf 82' lang='lat' dir='ltr'><strong>et:</strong></span> <span class='ocrx_word' id='word_1_447' title='bbox 3135 1340 3336 1397; x_wconf 88' lang='lat' dir='ltr'><strong>Lentus</strong></span> <span class='ocrx_word' id='word_1_448' title='bbox 3357 1342 3409 1395; x_wconf 91' lang='lat' dir='ltr'><strong>in</strong></span> <span class='ocrx_word' id='word_1_449' title='bbox 3430 1340 3683 1408; x_wconf 88' lang='lat' dir='ltr'><strong>dicendo,</strong></span> <span class='ocrx_word' id='word_1_450' title='bbox 3706 1347 3759 1397; x_wconf 89' lang='lat' dir='ltr'><strong>et</strong></span> <span class='ocrx_word' id='word_1_451' title='bbox 3778 1354 3937 1411; x_wconf 55' lang='lat' dir='ltr'><strong>pene&#39;</strong></span> 
     </span>
    </p>
   </div>
   <div class='ocr_carea' id='block_1_74' title="bbox 2318 1432 3916 1507">
    <p class='ocr_par' dir='ltr' id='par_1_74' title="bbox 2318 1432 3916 1507">
     <span class='ocr_line' id='line_1_74' title="bbox 2318 1432 3916 1507; baseline -0.001 -19"><span class='ocrx_word' id='word_1_452' title='bbox 2318 1433 2539 1503; x_wconf 80' lang='lat' dir='ltr'><strong>frigidus</strong></span> <span class='ocrx_word' id='word_1_453' title='bbox 2564 1476 2578 1501; x_wconf 93' lang='lat'><strong>,</strong></span> <span class='ocrx_word' id='word_1_454' title='bbox 2611 1433 2680 1488; x_wconf 85' lang='lat' dir='ltr'><strong>de</strong></span> <span class='ocrx_word' id='word_1_455' title='bbox 2705 1432 2921 1507; x_wconf 84' lang='lat' dir='ltr'><strong>homine</strong></span> <span class='ocrx_word' id='word_1_456' title='bbox 2947 1433 3170 1500; x_wconf 87' lang='lat' dir='ltr'><strong>insulso,</strong></span> <span class='ocrx_word' id='word_1_457' title='bbox 3201 1432 3336 1489; x_wconf 85' lang='lat' dir='ltr'><strong>tardi</strong></span> <span class='ocrx_word' id='word_1_458' title='bbox 3364 1433 3666 1505; x_wconf 87' lang='lat' dir='ltr'><strong>stupidiqne</strong></span> <span class='ocrx_word' id='word_1_459' title='bbox 3697 1432 3916 1504; x_wconf 85' lang='lat' dir='ltr'><strong>ingenii;</strong></span> 
     </span>
    </p>
   </div>
   <div class='ocr_carea' id='block_1_75' title="bbox 2319 1523 3918 1591">
    <p class='ocr_par' dir='ltr' id='par_1_75' title="bbox 2319 1523 3918 1591">
     <span class='ocr_line' id='line_1_75' title="bbox 2319 1523 3918 1591; baseline -0.001 -10"><span class='ocrx_word' id='word_1_460' title='bbox 2319 1534 2378 1581; x_wconf 89' lang='lat' dir='ltr'><strong>ut</strong></span> <span class='ocrx_word' id='word_1_461' title='bbox 2412 1524 2647 1591; x_wconf 86' lang='lat' dir='ltr'><strong>Calidus,</strong></span> <span class='ocrx_word' id='word_1_462' title='bbox 2696 1526 2764 1581; x_wconf 90' lang='lat' dir='ltr'><strong>de</strong></span> <span class='ocrx_word' id='word_1_463' title='bbox 2793 1525 2959 1581; x_wconf 88' lang='lat' dir='ltr'><strong>alacri</strong></span> <span class='ocrx_word' id='word_1_464' title='bbox 2995 1534 3050 1581; x_wconf 89' lang='lat' dir='ltr'><strong>et</strong></span> <span class='ocrx_word' id='word_1_465' title='bbox 3083 1525 3317 1581; x_wconf 80' lang='lat' dir='ltr'><strong>excitato</strong></span> <span class='ocrx_word' id='word_1_466' title='bbox 3358 1525 3558 1581; x_wconf 89' lang='lat' dir='ltr'><strong>animo.</strong></span> <span class='ocrx_word' id='word_1_467' title='bbox 3589 1524 3660 1579; x_wconf 86' lang='lat' dir='ltr'><strong>Et</strong></span> <span class='ocrx_word' id='word_1_468' title='bbox 3690 1541 3705 1579; x_wconf 90' lang='lat'><strong>:</strong></span> <span class='ocrx_word' id='word_1_469' title='bbox 3733 1523 3918 1580; x_wconf 84' lang='lat' dir='ltr'><strong>Calida</strong></span> 
     </span>
    </p>
   </div>
   <div class='ocr_carea' id='block_1_76' title="bbox 2319 1619 3436 1690">
    <p class='ocr_par' dir='ltr' id='par_1_76' title="bbox 2319 1619 3436 1690">
     <span class='ocr_line' id='line_1_76' title="bbox 2319 1619 3436 1690; baseline -0.001 -16"><span class='ocrx_word' id='word_1_470' title='bbox 2319 1620 2563 1688; x_wconf 87' lang='lat' dir='ltr'><strong>consilia,</strong></span> <span class='ocrx_word' id='word_1_471' title='bbox 2595 1626 2700 1686; x_wconf 91' lang='lat' dir='ltr'><strong>est,</strong></span> <span class='ocrx_word' id='word_1_472' title='bbox 2729 1619 3023 1690; x_wconf 70' lang='lat' dir='ltr'><strong>prmcipitia</strong></span> <span class='ocrx_word' id='word_1_473' title='bbox 3049 1626 3103 1675; x_wconf 91' lang='lat' dir='ltr'><strong>et</strong></span> <span class='ocrx_word' id='word_1_474' title='bbox 3131 1620 3436 1676; x_wconf 86' lang='lat' dir='ltr'><strong>temeraria.</strong></span> 
     </span>
    </p>
   </div>
   <div class='ocr_carea' id='block_1_77' title="bbox 2360 1731 3935 1811">
    <p class='ocr_par' dir='ltr' id='par_1_77' title="bbox 2360 1731 3935 1811">
     <span class='ocr_line' id='line_1_77' title="bbox 2360 1731 3935 1811; baseline 0.001 -24"><span class='ocrx_word' id='word_1_475' title='bbox 2360 1733 2482 1809; x_wconf 34' lang='lat'><strong>‘84.</strong></span> <span class='ocrx_word' id='word_1_476' title='bbox 2516 1732 2950 1804; x_wconf 77' lang='lat' dir='ltr'><strong>llypobrychium</strong></span> <span class='ocrx_word' id='word_1_477' title='bbox 2980 1732 3357 1804; x_wconf 76' lang='lat' dir='ltr'><strong>irreSpirabile.</strong></span> <span class='ocrx_word' id='word_1_478' title='bbox 3389 1732 3534 1788; x_wconf 88' lang='lat' dir='ltr'><strong>Tom.</strong></span> <span class='ocrx_word' id='word_1_479' title='bbox 3565 1731 3633 1789; x_wconf 86' lang='lat' dir='ltr'><strong>Il.</strong></span> <span class='ocrx_word' id='word_1_480' title='bbox 3661 1731 3752 1788; x_wconf 88' lang='lat' dir='ltr'><strong>lib.</strong></span> <span class='ocrx_word' id='word_1_481' title='bbox 3783 1733 3846 1788; x_wconf 88' lang='lat' dir='ltr'><strong>de</strong></span> <span class='ocrx_word' id='word_1_482' title='bbox 3926 1806 3935 1811; x_wconf 17' lang='grc' dir='ltr'><em>ὓ</em></span> 
     </span>
    </p>
   </div>
   <div class='ocr_carea' id='block_1_78' title="bbox 2704 1827 3503 1899">
    <p class='ocr_par' dir='ltr' id='par_1_78' title="bbox 2704 1827 3503 1899">
     <span class='ocr_line' id='line_1_78' title="bbox 2704 1827 3503 1899; baseline -0.001 -19"><span class='ocrx_word' id='word_1_483' title='bbox 2704 1827 2897 1883; x_wconf 85' lang='lat' dir='ltr'><strong>Idolol.</strong></span> <span class='ocrx_word' id='word_1_484' title='bbox 2930 1845 3047 1899; x_wconf 85' lang='lat' dir='ltr'><strong>cap.</strong></span> <span class='ocrx_word' id='word_1_485' title='bbox 3076 1828 3173 1883; x_wconf 88' lang='lat' dir='ltr'><strong>ult.</strong></span> <span class='ocrx_word' id='word_1_486' title='bbox 3203 1843 3346 1883; x_wconf 86' lang='lat' dir='ltr'><strong>num.</strong></span> <span class='ocrx_word' id='word_1_487' title='bbox 3381 1828 3503 1882; x_wconf 88' lang='grc'><strong>170.</strong></span> 
     </span>
    </p>
   </div>
   <div class='ocr_carea' id='block_1_79' title="bbox 2396 1940 3920 2029">
    <p class='ocr_par' dir='ltr' id='par_1_79' title="bbox 2396 1940 3920 2029">
     <span class='ocr_line' id='line_1_79' title="bbox 2396 1940 3920 2029; baseline 0 -34"><span class='ocrx_word' id='word_1_488' title='bbox 2396 1940 2683 1999; x_wconf 67' lang='grc' dir='ltr'><strong>γίὸεθιιιιιιι</strong></span> <span class='ocrx_word' id='word_1_489' title='bbox 2721 1942 2969 1996; x_wconf 84' lang='lat' dir='ltr'><strong>Annotat.</strong></span> <span class='ocrx_word' id='word_1_490' title='bbox 3014 1941 3234 1998; x_wconf 85' lang='lat' dir='ltr'><strong>Pamelii</strong></span> <span class='ocrx_word' id='word_1_491' title='bbox 3267 1958 3281 1999; x_wconf 88' lang='lat'><strong>:</strong></span> <span class='ocrx_word' id='word_1_492' title='bbox 3311 1948 3612 2013; x_wconf 73' lang='grc' dir='ltr'><strong>ὑπσϐρὺχιον,</strong></span> <span class='ocrx_word' id='word_1_493' title='bbox 3644 1947 3818 2029; x_wconf 59' lang='grc' dir='ltr'><strong>τδνῦιό</strong></span> <span class='ocrx_word' id='word_1_494' title='bbox 3837 1950 3920 1995; x_wconf 72' lang='grc' dir='ltr'><strong>τοῦ</strong></span> 
     </span>
    </p>
   </div>
   <div class='ocr_carea' id='block_1_80' title="bbox 2322 2032 3917 2105">
    <p class='ocr_par' dir='ltr' id='par_1_80' title="bbox 2322 2032 3917 2105">
     <span class='ocr_line' id='line_1_80' title="bbox 2322 2032 3917 2105; baseline -0.002 -16"><span class='ocrx_word' id='word_1_495' title='bbox 2322 2043 2543 2104; x_wconf 67' lang='grc' dir='ltr'><strong>κυμάτων</strong></span> <span class='ocrx_word' id='word_1_496' title='bbox 2600 2044 2964 2104; x_wconf 52' lang='lat' dir='ltr'><strong>actionemve),</strong></span> <span class='ocrx_word' id='word_1_497' title='bbox 3005 2034 3149 2105; x_wconf 88' lang='lat' dir='ltr'><strong>quod</strong></span> <span class='ocrx_word' id='word_1_498' title='bbox 3186 2033 3434 2091; x_wconf 84' lang='lat' dir='ltr'><strong>ﬂuctibus</strong></span> <span class='ocrx_word' id='word_1_499' title='bbox 3485 2043 3568 2091; x_wconf 86' lang='lat' dir='ltr'><strong>est</strong></span> <span class='ocrx_word' id='word_1_500' title='bbox 3629 2032 3917 2090; x_wconf 84' lang='lat' dir='ltr'><strong>obtectum.</strong></span> 
     </span>
    </p>
   </div>
   <div class='ocr_carea' id='block_1_81' title="bbox 2321 2126 2813 2198">
    <p class='ocr_par' dir='ltr' id='par_1_81' title="bbox 2321 2126 2813 2198">
     <span class='ocr_line' id='line_1_81' title="bbox 2321 2126 2813 2198; baseline -0.002 -17"><span class='ocrx_word' id='word_1_501' title='bbox 2321 2127 2543 2184; x_wconf 88' lang='lat' dir='ltr'><strong>Homer.</strong></span> <span class='ocrx_word' id='word_1_502' title='bbox 2570 2126 2766 2198; x_wconf 84' lang='lat' dir='ltr'><strong>Odyss.</strong></span> <span class='ocrx_word' id='word_1_503' title='bbox 2798 2143 2813 2181; x_wconf 92' lang='lat'><strong>:</strong></span> 
     </span>
    </p>
   </div>
   <div class='ocr_carea' id='block_1_82' title="bbox 2586 2248 3296 2315">
    <p class='ocr_par' dir='ltr' id='par_1_82' title="bbox 2586 2248 3296 2315">
     <span class='ocr_line' id='line_1_82' title="bbox 2586 2248 3296 2315; baseline -0.003 -24"><span class='ocrx_word' id='word_1_504' title='bbox 2586 2248 2693 2291; x_wconf 71' lang='lat' dir='ltr'><strong>&#39;l‘ov8&#39;</strong></span> <span class='ocrx_word' id='word_1_505' title='bbox 2710 2250 2897 2303; x_wconf 65' lang='grc' dir='ltr'><strong>ὓπὸερυχσ.</strong></span> <span class='ocrx_word' id='word_1_506' title='bbox 2915 2251 3000 2299; x_wconf 61' lang='lat' dir='ltr'><strong>ﬂat</strong></span> <span class='ocrx_word' id='word_1_507' title='bbox 3021 2252 3133 2289; x_wconf 69' lang='grc' dir='ltr'>πολὺν</span> <span class='ocrx_word' id='word_1_508' title='bbox 3156 2251 3296 2315; x_wconf 49' lang='lat' dir='ltr'><strong>motor.</strong></span> 
     </span>
    </p>
   </div>
   <div class='ocr_carea' id='block_1_83' title="bbox 2319 2340 3919 2417">
    <p class='ocr_par' dir='ltr' id='par_1_83' title="bbox 2319 2340 3919 2417">
     <span class='ocr_line' id='line_1_83' title="bbox 2319 2340 3919 2417; baseline -0.006 -17"><span class='ocrx_word' id='word_1_509' title='bbox 2319 2346 2409 2401; x_wconf 86' lang='lat' dir='ltr'><strong>ubi</strong></span> <span class='ocrx_word' id='word_1_510' title='bbox 2439 2351 2684 2417; x_wconf 76' lang='grc' dir='ltr'><strong>ὖπόϐρυχα</strong></span> <span class='ocrx_word' id='word_1_511' title='bbox 2711 2345 2858 2400; x_wconf 87' lang='lat' dir='ltr'><strong>Poet.</strong></span> <span class='ocrx_word' id='word_1_512' title='bbox 2892 2359 2988 2414; x_wconf 87' lang='lat' dir='ltr'><strong>pro</strong></span> <span class='ocrx_word' id='word_1_513' title='bbox 3016 2349 3327 2413; x_wconf 70' lang='grc' dir='ltr'><strong>ὑποϐρύχιον,</strong></span> <span class='ocrx_word' id='word_1_514' title='bbox 3356 2340 3434 2395; x_wconf 54' lang='grc' dir='ltr'><strong>τὸλδ</strong></span> <span class='ocrx_word' id='word_1_515' title='bbox 3467 2343 3829 2395; x_wconf 70' lang='grc' dir='ltr'>καταδεδυκότα</span> <span class='ocrx_word' id='word_1_516' title='bbox 3854 2345 3919 2401; x_wconf 76' lang='grc' dir='ltr'><strong>εἰς</strong></span> 
     </span>
    </p>
   </div>
   <div class='ocr_carea' id='block_1_84' title="bbox 2320 2430 3916 2510">
    <p class='ocr_par' dir='ltr' id='par_1_84' title="bbox 2320 2430 3916 2510">
     <span class='ocr_line' id='line_1_84' title="bbox 2320 2430 3916 2510; baseline -0.005 -18"><span class='ocrx_word' id='word_1_517' title='bbox 2320 2448 2374 2493; x_wconf 82' lang='grc' dir='ltr'><strong>τὸ</strong></span> <span class='ocrx_word' id='word_1_518' title='bbox 2393 2438 2629 2510; x_wconf 67' lang='grc' dir='ltr'><strong>ὕδωρ,‹ιιιὶ</strong></span> <span class='ocrx_word' id='word_1_519' title='bbox 2649 2438 2746 2492; x_wconf 91' lang='lat' dir='ltr'><strong>sub</strong></span> <span class='ocrx_word' id='word_1_520' title='bbox 2766 2451 2902 2506; x_wconf 87' lang='lat' dir='ltr'><strong>aqua</strong></span> <span class='ocrx_word' id='word_1_521' title='bbox 2918 2434 3357 2495; x_wconf 68' lang='lat' dir='ltr'><strong>subiitJlarcfere</strong></span> <span class='ocrx_word' id='word_1_522' title='bbox 3373 2434 3524 2488; x_wconf 79' lang='lat' dir='ltr'><strong>Paul.</strong></span> <span class='ocrx_word' id='word_1_523' title='bbox 3546 2430 3916 2502; x_wconf 82' lang='lat' dir='ltr'><strong>Le0p.,l.Vlll.</strong></span> 
     </span>
    </p>
   </div>
   <div class='ocr_carea' id='block_1_85' title="bbox 2319 2523 3920 2598">
    <p class='ocr_par' dir='ltr' id='par_1_85' title="bbox 2319 2523 3920 2598">
     <span class='ocr_line' id='line_1_85' title="bbox 2319 2523 3920 2598; baseline -0.004 -14"><span class='ocrx_word' id='word_1_524' title='bbox 2319 2529 2566 2594; x_wconf 84' lang='lat' dir='ltr'><strong>Miscell.,</strong></span> <span class='ocrx_word' id='word_1_525' title='bbox 2594 2544 2644 2584; x_wconf 88' lang='lat' dir='ltr'><strong>c.</strong></span> <span class='ocrx_word' id='word_1_526' title='bbox 2670 2530 2759 2584; x_wconf 66' lang='grc'><strong>25.</strong></span> <span class='ocrx_word' id='word_1_527' title='bbox 2789 2527 2893 2583; x_wconf 87' lang='lat' dir='ltr'><strong>Sed</strong></span> <span class='ocrx_word' id='word_1_528' title='bbox 2920 2542 3085 2598; x_wconf 89' lang='lat' dir='ltr'><strong>quum</strong></span> <span class='ocrx_word' id='word_1_529' title='bbox 3122 2526 3348 2581; x_wconf 86' lang='lat' dir='ltr'><strong>Tertull.</strong></span> <span class='ocrx_word' id='word_1_530' title='bbox 3373 2524 3516 2581; x_wconf 87' lang='lat' dir='ltr'><strong>dicat</strong></span> <span class='ocrx_word' id='word_1_531' title='bbox 3537 2547 3551 2583; x_wconf 86' lang='lat'><strong>:</strong></span> <span class='ocrx_word' id='word_1_532' title='bbox 3573 2523 3920 2580; x_wconf 76' lang='lat' dir='ltr'><strong>lnonarrabile</strong></span> 
     </span>
    </p>
   </div>
   <div class='ocr_carea' id='block_1_86' title="bbox 2321 2619 3917 2692">
    <p class='ocr_par' dir='ltr' id='par_1_86' title="bbox 2321 2619 3917 2692">
     <span class='ocr_line' id='line_1_86' title="bbox 2321 2619 3917 2692; baseline -0.004 -15"><span class='ocrx_word' id='word_1_533' title='bbox 2321 2623 2547 2677; x_wconf 71' lang='lat' dir='ltr'><strong>excussis</strong></span> <span class='ocrx_word' id='word_1_534' title='bbox 2572 2621 2904 2692; x_wconf 77' lang='lat' dir='ltr'><strong>profundum,</strong></span> <span class='ocrx_word' id='word_1_535' title='bbox 2932 2620 3278 2675; x_wconf 76' lang='lat' dir='ltr'><strong>inextricabile</strong></span> <span class='ocrx_word' id='word_1_536' title='bbox 3305 2620 3537 2691; x_wconf 64' lang='lat' dir='ltr'><strong>impacti:</strong></span> <span class='ocrx_word' id='word_1_537' title='bbox 3576 2619 3917 2690; x_wconf 75' lang='lat' dir='ltr'><strong>naufragim,</strong></span> 
     </span>
    </p>
   </div>
   <div class='ocr_carea' id='block_1_87' title="bbox 2314 2711 3917 2785">
    <p class='ocr_par' dir='ltr' id='par_1_87' title="bbox 2314 2711 3917 2785">
     <span class='ocr_line' id='line_1_87' title="bbox 2314 2711 3917 2785; baseline -0.004 -16"><span class='ocrx_word' id='word_1_538' title='bbox 2314 2714 2660 2785; x_wconf 77' lang='lat' dir='ltr'><strong>irrespirabile</strong></span> <span class='ocrx_word' id='word_1_539' title='bbox 2703 2714 2953 2769; x_wconf 74' lang='lat' dir='ltr'><strong>devoratis</strong></span> <span class='ocrx_word' id='word_1_540' title='bbox 2998 2712 3433 2784; x_wconf 78' lang='lat' dir='ltr'><strong>hypobryehium,</strong></span> <span class='ocrx_word' id='word_1_541' title='bbox 3482 2712 3694 2767; x_wconf 85' lang='lat' dir='ltr'><strong>videtur</strong></span> <span class='ocrx_word' id='word_1_542' title='bbox 3740 2711 3917 2765; x_wconf 86' lang='lat' dir='ltr'><strong>locum</strong></span> 
     </span>
    </p>
   </div>
   <div class='ocr_carea' id='block_1_88' title="bbox 2317 2803 3951 2878">
    <p class='ocr_par' dir='ltr' id='par_1_88' title="bbox 2317 2803 3951 2878">
     <span class='ocr_line' id='line_1_88' title="bbox 2317 2803 3951 2878; baseline -0.003 -16"><span class='ocrx_word' id='word_1_543' title='bbox 2317 2807 2639 2878; x_wconf 82' lang='lat' dir='ltr'><strong>signiﬁcare,</strong></span> <span class='ocrx_word' id='word_1_544' title='bbox 2684 2805 2853 2860; x_wconf 91' lang='lat' dir='ltr'><strong>imum</strong></span> <span class='ocrx_word' id='word_1_545' title='bbox 2880 2804 3084 2861; x_wconf 87' lang='lat' dir='ltr'><strong>scilicet</strong></span> <span class='ocrx_word' id='word_1_546' title='bbox 3119 2805 3282 2858; x_wconf 84' lang='lat' dir='ltr'><strong>maris</strong></span> <span class='ocrx_word' id='word_1_547' title='bbox 3312 2803 3565 2869; x_wconf 75' lang='lat' dir='ltr'><strong>fundum,</strong></span> <span class='ocrx_word' id='word_1_548' title='bbox 3597 2804 3648 2858; x_wconf 90' lang='lat' dir='ltr'><strong>in</strong></span> <span class='ocrx_word' id='word_1_549' title='bbox 3676 2816 3833 2873; x_wconf 88' lang='lat' dir='ltr'><strong>quem</strong></span> <span class='ocrx_word' id='word_1_550' title='bbox 3862 2809 3919 2857; x_wconf 85' lang='lat' dir='ltr'><strong>et</strong></span> <span class='ocrx_word' id='word_1_551' title='bbox 3946 2830 3951 2834; x_wconf 82' lang='lat'><strong><em>~</em></strong></span> 
     </span>
    </p>
   </div>
   <div class='ocr_carea' id='block_1_89' title="bbox 2318 2896 3918 2968">
    <p class='ocr_par' dir='ltr' id='par_1_89' title="bbox 2318 2896 3918 2968">
     <span class='ocr_line' id='line_1_89' title="bbox 2318 2896 3918 2968; baseline -0.004 -13"><span class='ocrx_word' id='word_1_552' title='bbox 2318 2899 2532 2956; x_wconf 81' lang='lat' dir='ltr'><strong>excussi</strong></span> <span class='ocrx_word' id='word_1_553' title='bbox 2560 2898 2778 2953; x_wconf 89' lang='lat' dir='ltr'><strong>natandi</strong></span> <span class='ocrx_word' id='word_1_554' title='bbox 2802 2898 3033 2968; x_wconf 90' lang='lat' dir='ltr'><strong>imperiti</strong></span> <span class='ocrx_word' id='word_1_555' title='bbox 3061 2905 3115 2953; x_wconf 92' lang='lat' dir='ltr'><strong>et</strong></span> <span class='ocrx_word' id='word_1_556' title='bbox 3139 2897 3388 2967; x_wconf 88' lang='lat' dir='ltr'><strong>impacti,</strong></span> <span class='ocrx_word' id='word_1_557' title='bbox 3436 2911 3537 2953; x_wconf 87' lang='lat' dir='ltr'><strong>nec</strong></span> <span class='ocrx_word' id='word_1_558' title='bbox 3579 2896 3773 2951; x_wconf 86' lang='lat' dir='ltr'><strong>tabulis</strong></span> <span class='ocrx_word' id='word_1_559' title='bbox 3817 2906 3918 2950; x_wconf 82' lang='lat' dir='ltr'><strong>nec</strong></span> 
     </span>
    </p>
   </div>
   <div class='ocr_carea' id='block_1_90' title="bbox 2317 2981 3916 3060">
    <p class='ocr_par' dir='ltr' id='par_1_90' title="bbox 2317 2981 3916 3060">
     <span class='ocr_line' id='line_1_90' title="bbox 2317 2981 3916 3060; baseline -0.003 -14"><span class='ocrx_word' id='word_1_560' title='bbox 2317 2990 2553 3060; x_wconf 89' lang='lat' dir='ltr'><strong>scopulis</strong></span> <span class='ocrx_word' id='word_1_561' title='bbox 2583 2988 3016 3044; x_wconf 71' lang='lat' dir='ltr'><strong>adhmrescentes</strong></span> <span class='ocrx_word' id='word_1_562' title='bbox 3043 2981 3376 3044; x_wconf 76' lang='lat' dir='ltr'><strong>deferantur.</strong></span> <span class='ocrx_word' id='word_1_563' title='bbox 3431 2988 3760 3057; x_wconf 80' lang='lat' dir='ltr'><strong>Sig‘nilicabit</strong></span> <span class='ocrx_word' id='word_1_564' title='bbox 3785 3000 3916 3057; x_wconf 78' lang='lat' dir='ltr'><strong>ergo</strong></span> 
     </span>
    </p>
   </div>
   <div class='ocr_carea' id='block_1_91' title="bbox 2324 3077 3919 3150">
    <p class='ocr_par' dir='ltr' id='par_1_91' title="bbox 2324 3077 3919 3150">
     <span class='ocr_line' id='line_1_91' title="bbox 2324 3077 3919 3150; baseline -0.003 -13"><span class='ocrx_word' id='word_1_565' title='bbox 2324 3082 2578 3138; x_wconf 79' lang='lat' dir='ltr'><strong>Proverb.</strong></span> <span class='ocrx_word' id='word_1_566' title='bbox 2598 3082 2919 3142; x_wconf 82' lang='lat' dir='ltr'><strong>Extremum</strong></span> <span class='ocrx_word' id='word_1_567' title='bbox 2931 3080 3249 3150; x_wconf 88' lang='lat' dir='ltr'><strong>periculum,</strong></span> <span class='ocrx_word' id='word_1_568' title='bbox 3269 3088 3330 3134; x_wconf 92' lang='lat' dir='ltr'><strong>ut</strong></span> <span class='ocrx_word' id='word_1_569' title='bbox 3350 3078 3519 3133; x_wconf 87' lang='lat' dir='ltr'><strong>omnis</strong></span> <span class='ocrx_word' id='word_1_570' title='bbox 3540 3077 3725 3133; x_wconf 88' lang='lat' dir='ltr'><strong>salutis</strong></span> <span class='ocrx_word' id='word_1_571' title='bbox 3741 3091 3919 3134; x_wconf 88' lang='lat' dir='ltr'><strong>emer-</strong></span> 
     </span>
    </p>
   </div>
   <div class='ocr_carea' id='block_1_92' title="bbox 2238 3155 3371 3245">
    <p class='ocr_par' dir='ltr' id='par_1_92' title="bbox 2238 3155 3371 3245">
     <span class='ocr_line' id='line_1_92' title="bbox 2238 3155 3371 3245; baseline -0.006 -14"><span class='ocrx_word' id='word_1_572' title='bbox 2238 3155 2285 3218; x_wconf 79' lang='lat' dir='ltr'><strong>C</strong></span> <span class='ocrx_word' id='word_1_573' title='bbox 2318 3173 2583 3245; x_wconf 79' lang='lat' dir='ltr'><strong>gelidique</strong></span> <span class='ocrx_word' id='word_1_574' title='bbox 2612 3188 2642 3226; x_wconf 94' lang='lat' dir='ltr'><strong>c</strong></span> <span class='ocrx_word' id='word_1_575' title='bbox 2672 3171 2829 3226; x_wconf 87' lang='lat' dir='ltr'><strong>malis</strong></span> <span class='ocrx_word' id='word_1_576' title='bbox 2858 3185 2985 3241; x_wconf 81' lang='lat' dir='ltr'><strong>Spes</strong></span> <span class='ocrx_word' id='word_1_577' title='bbox 3012 3169 3261 3239; x_wconf 86' lang='lat' dir='ltr'><strong>adempta</strong></span> <span class='ocrx_word' id='word_1_578' title='bbox 3287 3171 3371 3225; x_wconf 88' lang='lat' dir='ltr'><strong>sit.</strong></span> 
     </span>
    </p>
   </div>
   <div class='ocr_carea' id='block_1_93' title="bbox 606 3244 2255 3323">
    <p class='ocr_par' dir='ltr' id='par_1_93' title="bbox 606 3244 2255 3323">
     <span class='ocr_line' id='line_1_93' title="bbox 606 3244 2255 3323; baseline 0.001 -15"><span class='ocrx_word' id='word_1_579' title='bbox 606 3251 695 3308; x_wconf 88' lang='grc'><strong>81.</strong></span> <span class='ocrx_word' id='word_1_580' title='bbox 737 3248 969 3309; x_wconf 83' lang='lat' dir='ltr'><strong>llabenis</strong></span> <span class='ocrx_word' id='word_1_581' title='bbox 998 3244 1202 3308; x_wconf 73' lang='lat' dir='ltr'><strong>effusis.</strong></span> <span class='ocrx_word' id='word_1_582' title='bbox 1240 3248 1386 3306; x_wconf 87' lang='lat' dir='ltr'><strong>Tom.</strong></span> <span class='ocrx_word' id='word_1_583' title='bbox 1424 3248 1487 3305; x_wconf 71' lang='grc' dir='ltr'><strong>ν.</strong></span> <span class='ocrx_word' id='word_1_584' title='bbox 1518 3250 1692 3322; x_wconf 84' lang='lat' dir='ltr'><strong>Epist.</strong></span> <span class='ocrx_word' id='word_1_585' title='bbox 1726 3253 1788 3308; x_wconf 89' lang='lat' dir='ltr'><strong>de</strong></span> <span class='ocrx_word' id='word_1_586' title='bbox 1813 3252 1935 3309; x_wconf 81' lang='lat' dir='ltr'><strong>cibis</strong></span> <span class='ocrx_word' id='word_1_587' title='bbox 1955 3250 2210 3323; x_wconf 76' lang='lat' dir='ltr'><strong>Judaicis,</strong></span> <span class='ocrx_word' id='word_1_588' title='bbox 2248 3268 2255 3273; x_wconf 83' lang='lat'><em>‘</em></span> 
     </span>
    </p>
   </div>
   <div class='ocr_carea' id='block_1_94' title="bbox 2358 3299 3875 3373">
    <p class='ocr_par' dir='ltr' id='par_1_94' title="bbox 2358 3299 3875 3373">
     <span class='ocr_line' id='line_1_94' title="bbox 2358 3299 3875 3373; baseline -0.004 -11"><span class='ocrx_word' id='word_1_589' title='bbox 2358 3306 2448 3362; x_wconf 84' lang='lat'><strong>85.</strong></span> <span class='ocrx_word' id='word_1_590' title='bbox 2489 3303 2548 3360; x_wconf 89' lang='lat' dir='ltr'><strong>In</strong></span> <span class='ocrx_word' id='word_1_591' title='bbox 2576 3304 2737 3360; x_wconf 89' lang='lat' dir='ltr'><strong>alium</strong></span> <span class='ocrx_word' id='word_1_592' title='bbox 2783 3304 2947 3358; x_wconf 90' lang='lat' dir='ltr'><strong>ictum</strong></span> <span class='ocrx_word' id='word_1_593' title='bbox 2977 3302 3339 3358; x_wconf 89' lang='lat' dir='ltr'><strong>considerare.</strong></span> <span class='ocrx_word' id='word_1_594' title='bbox 3384 3299 3529 3357; x_wconf 86' lang='lat' dir='ltr'><strong>Tom.</strong></span> <span class='ocrx_word' id='word_1_595' title='bbox 3560 3299 3651 3357; x_wconf 85' lang='grc' dir='ltr'><strong>ιιι.</strong></span> <span class='ocrx_word' id='word_1_596' title='bbox 3684 3299 3875 3373; x_wconf 85' lang='lat' dir='ltr'><strong>Scorp.</strong></span> 
     </span>
    </p>
   </div>
   <div class='ocr_carea' id='block_1_95' title="bbox 2660 3392 3573 3465">
    <p class='ocr_par' dir='ltr' id='par_1_95' title="bbox 2660 3392 3573 3465">
     <span class='ocr_line' id='line_1_95' title="bbox 2660 3392 3573 3465; baseline -0.003 -16"><span class='ocrx_word' id='word_1_597' title='bbox 2660 3395 2775 3449; x_wconf 85' lang='lat' dir='ltr'><strong>adv.</strong></span> <span class='ocrx_word' id='word_1_598' title='bbox 2806 3392 3060 3463; x_wconf 83' lang='lat' dir='ltr'><strong>Gnostic.,</strong></span> <span class='ocrx_word' id='word_1_599' title='bbox 3089 3410 3202 3465; x_wconf 85' lang='lat' dir='ltr'><strong>cap.</strong></span> <span class='ocrx_word' id='word_1_600' title='bbox 3232 3393 3287 3460; x_wconf 82' lang='lat'><strong>5,</strong></span> <span class='ocrx_word' id='word_1_601' title='bbox 3317 3409 3458 3447; x_wconf 84' lang='lat' dir='ltr'><strong>num.</strong></span> <span class='ocrx_word' id='word_1_602' title='bbox 3483 3392 3573 3448; x_wconf 78' lang='lat'><strong>35.</strong></span> 
     </span>
    </p>
   </div>
   <div class='ocr_carea' id='block_1_96' title="bbox 2392 3504 3911 3580">
    <p class='ocr_par' dir='ltr' id='par_1_96' title="bbox 2392 3504 3911 3580">
     <span class='ocr_line' id='line_1_96' title="bbox 2392 3504 3911 3580; baseline -0.005 -12"><span class='ocrx_word' id='word_1_603' title='bbox 2392 3512 2675 3568; x_wconf 85' lang='lat' dir='ltr'><strong>Occursum</strong></span> <span class='ocrx_word' id='word_1_604' title='bbox 2703 3520 2774 3567; x_wconf 75' lang='lat' dir='ltr'><strong>est</strong></span> <span class='ocrx_word' id='word_1_605' title='bbox 2804 3510 2921 3565; x_wconf 83' lang='lat' dir='ltr'><strong>huic</strong></span> <span class='ocrx_word' id='word_1_606' title='bbox 2953 3510 3143 3580; x_wconf 75' lang='lat' dir='ltr'><strong>plagaz,</strong></span> <span class='ocrx_word' id='word_1_607' title='bbox 3172 3509 3225 3562; x_wconf 84' lang='lat' dir='ltr'><strong>in</strong></span> <span class='ocrx_word' id='word_1_608' title='bbox 3252 3509 3411 3563; x_wconf 85' lang='lat' dir='ltr'><strong>alium</strong></span> <span class='ocrx_word' id='word_1_609' title='bbox 3437 3507 3594 3562; x_wconf 83' lang='lat' dir='ltr'><strong>ictum</strong></span> <span class='ocrx_word' id='word_1_610' title='bbox 3617 3504 3911 3562; x_wconf 71' lang='lat' dir='ltr'><strong>considere-</strong></span> 
     </span>
    </p>
   </div>
   <div class='ocr_carea' id='block_1_97' title="bbox 2319 3598 3914 3674">
    <p class='ocr_par' dir='ltr' id='par_1_97' title="bbox 2319 3598 3914 3674">
     <span class='ocr_line' id='line_1_97' title="bbox 2319 3598 3914 3674; baseline -0.006 -11"><span class='ocrx_word' id='word_1_611' title='bbox 2319 3624 2452 3674; x_wconf 76' lang='lat' dir='ltr'><strong>mus,</strong></span> <span class='ocrx_word' id='word_1_612' title='bbox 2479 3617 2586 3662; x_wconf 88' lang='lat' dir='ltr'><strong>etc.</strong></span> <span class='ocrx_word' id='word_1_613' title='bbox 2611 3604 2714 3661; x_wconf 84' lang='lat' dir='ltr'><strong>Alii</strong></span> <span class='ocrx_word' id='word_1_614' title='bbox 2737 3605 2891 3674; x_wconf 86' lang='lat' dir='ltr'><strong>longe</strong></span> <span class='ocrx_word' id='word_1_615' title='bbox 2907 3602 3063 3658; x_wconf 85' lang='lat' dir='ltr'><strong>aliter</strong></span> <span class='ocrx_word' id='word_1_616' title='bbox 3084 3602 3432 3672; x_wconf 80' lang='lat' dir='ltr'><strong>diStinguunt.</strong></span> <span class='ocrx_word' id='word_1_617' title='bbox 3464 3605 3505 3656; x_wconf 80' lang='grc' dir='ltr'>Α</span> <span class='ocrx_word' id='word_1_618' title='bbox 3532 3598 3914 3671; x_wconf 79' lang='lat' dir='ltr'><strong>gladiatoribus</strong></span> 
     </span>
    </p>
   </div>
   <div class='ocr_carea' id='block_1_98' title="bbox 2312 3692 3910 3769">
    <p class='ocr_par' dir='ltr' id='par_1_98' title="bbox 2312 3692 3910 3769">
     <span class='ocr_line' id='line_1_98' title="bbox 2312 3692 3910 3769; baseline -0.008 -12"><span class='ocrx_word' id='word_1_619' title='bbox 2312 3694 2607 3769; x_wconf 73' lang='lat' dir='ltr'><strong>sumptum.</strong></span> <span class='ocrx_word' id='word_1_620' title='bbox 2654 3694 3113 3762; x_wconf 67' lang='lat' dir='ltr'><strong>Cicer.,l.&#39;Catil.</strong></span> <span class='ocrx_word' id='word_1_621' title='bbox 3161 3694 3302 3762; x_wconf 83' lang='lat' dir='ltr'><strong>Quot</strong></span> <span class='ocrx_word' id='word_1_622' title='bbox 3330 3704 3430 3763; x_wconf 84' lang='lat' dir='ltr'><strong>ego</strong></span> <span class='ocrx_word' id='word_1_623' title='bbox 3457 3700 3576 3747; x_wconf 85' lang='lat' dir='ltr'><strong>tuas</strong></span> <span class='ocrx_word' id='word_1_624' title='bbox 3608 3692 3910 3761; x_wconf 87' lang='lat' dir='ltr'><strong>petitiones,</strong></span> 
     </span>
    </p>
   </div>
   <div class='ocr_carea' id='block_1_99' title="bbox 2316 3782 3913 3860">
    <p class='ocr_par' dir='ltr' id='par_1_99' title="bbox 2316 3782 3913 3860">
     <span class='ocr_line' id='line_1_99' title="bbox 2316 3782 3913 3860; baseline -0.007 -14"><span class='ocrx_word' id='word_1_625' title='bbox 2316 3792 2389 3846; x_wconf 89' lang='lat' dir='ltr'><strong>ita</strong></span> <span class='ocrx_word' id='word_1_626' title='bbox 2432 3789 2706 3860; x_wconf 74' lang='lat' dir='ltr'><strong>coniectas</strong></span> <span class='ocrx_word' id='word_1_627' title='bbox 2736 3796 2793 3842; x_wconf 91' lang='lat' dir='ltr'><strong>ut</strong></span> <span class='ocrx_word' id='word_1_628' title='bbox 2836 3787 2993 3843; x_wconf 86' lang='lat' dir='ltr'><strong>vitari</strong></span> <span class='ocrx_word' id='word_1_629' title='bbox 3041 3800 3200 3856; x_wconf 84' lang='lat' dir='ltr'><strong>posse</strong></span> <span class='ocrx_word' id='word_1_630' title='bbox 3242 3799 3348 3839; x_wconf 88' lang='lat' dir='ltr'><strong>non</strong></span> <span class='ocrx_word' id='word_1_631' title='bbox 3378 3782 3708 3849; x_wconf 82' lang='lat' dir='ltr'><strong>viderentur,</strong></span> <span class='ocrx_word' id='word_1_632' title='bbox 3754 3795 3913 3853; x_wconf 80' lang='lat' dir='ltr'><strong>parva</strong></span> 
     </span>
    </p>
   </div>
   <div class='ocr_carea' id='block_1_100' title="bbox 2311 3874 3907 3954">
    <p class='ocr_par' dir='ltr' id='par_1_100' title="bbox 2311 3874 3907 3954">
     <span class='ocr_line' id='line_1_100' title="bbox 2311 3874 3907 3954; baseline -0.005 -17"><span class='ocrx_word' id='word_1_633' title='bbox 2311 3881 2541 3954; x_wconf 90' lang='lat' dir='ltr'><strong>quadam</strong></span> <span class='ocrx_word' id='word_1_634' title='bbox 2569 3879 2944 3944; x_wconf 81' lang='lat' dir='ltr'><strong>declinatione,</strong></span> <span class='ocrx_word' id='word_1_635' title='bbox 2990 3887 3045 3934; x_wconf 91' lang='lat' dir='ltr'><strong>et</strong></span> <span class='ocrx_word' id='word_1_636' title='bbox 3083 3885 3139 3933; x_wconf 86' lang='grc' dir='ltr'><strong>ιιι</strong></span> <span class='ocrx_word' id='word_1_637' title='bbox 3165 3877 3334 3945; x_wconf 88' lang='lat' dir='ltr'><strong>aiunt,</strong></span> <span class='ocrx_word' id='word_1_638' title='bbox 3363 3890 3589 3948; x_wconf 83' lang='lat' dir='ltr'><strong>corpore</strong></span> <span class='ocrx_word' id='word_1_639' title='bbox 3612 3874 3809 3947; x_wconf 70' lang='lat' dir='ltr'><strong>ell’ugi;</strong></span> <span class='ocrx_word' id='word_1_640' title='bbox 3850 3880 3907 3930; x_wconf 82' lang='lat' dir='ltr'><strong>et</strong></span> 
     </span>
    </p>
   </div>
   <div class='ocr_carea' id='block_1_101' title="bbox 2311 3971 3928 4055">
    <p class='ocr_par' dir='ltr' id='par_1_101' title="bbox 2311 3971 3928 4055">
     <span class='ocr_line' id='line_1_101' title="bbox 2311 3971 3928 4055; baseline -0.008 -22"><span class='ocrx_word' id='word_1_641' title='bbox 2311 3975 2523 4055; x_wconf 77' lang='lat' dir='ltr'><strong>Virgil.,</strong></span> <span class='ocrx_word' id='word_1_642' title='bbox 2554 3974 2646 4029; x_wconf 77' lang='lat' dir='ltr'><strong>lib&#39;.</strong></span> <span class='ocrx_word' id='word_1_643' title='bbox 2675 3973 2721 4028; x_wconf 69' lang='grc' dir='ltr'><strong>ν</strong></span> <span class='ocrx_word' id='word_1_644' title='bbox 2742 3972 2808 4028; x_wconf 91' lang='lat' dir='ltr'><strong>de</strong></span> <span class='ocrx_word' id='word_1_645' title='bbox 2837 3971 3008 4042; x_wconf 86' lang='lat' dir='ltr'><strong>Pngil.</strong></span> <span class='ocrx_word' id='word_1_646' title='bbox 3037 3987 3051 4026; x_wconf 86' lang='lat'><strong>:</strong></span> <span class='ocrx_word' id='word_1_647' title='bbox 3922 3975 3928 3983; x_wconf 89' lang='lat'><strong>&#39;</strong></span> 
     </span>
    </p>
   </div>
   <div class='ocr_carea' id='block_1_102' title="bbox 2437 4083 3771 4147">
    <p class='ocr_par' dir='ltr' id='par_1_102' title="bbox 2437 4083 3771 4147">
     <span class='ocr_line' id='line_1_102' title="bbox 2437 4083 3771 4147; baseline -0.003 -8"><span class='ocrx_word' id='word_1_648' title='bbox 2437 4088 2580 4139; x_wconf 82' lang='lat' dir='ltr'><strong>Nune</strong></span> <span class='ocrx_word' id='word_1_649' title='bbox 2600 4087 2707 4147; x_wconf 89' lang='lat' dir='ltr'><strong>hos,</strong></span> <span class='ocrx_word' id='word_1_650' title='bbox 2732 4099 2865 4136; x_wconf 89' lang='lat' dir='ltr'><strong>nunc</strong></span> <span class='ocrx_word' id='word_1_651' title='bbox 2888 4084 2999 4134; x_wconf 85' lang='lat' dir='ltr'><strong>illos</strong></span> <span class='ocrx_word' id='word_1_652' title='bbox 3020 4083 3197 4147; x_wconf 87' lang='lat' dir='ltr'><strong>aditus,</strong></span> <span class='ocrx_word' id='word_1_653' title='bbox 3221 4097 3517 4147; x_wconf 86' lang='lat' dir='ltr'><strong>omnemque</strong></span> <span class='ocrx_word' id='word_1_654' title='bbox 3542 4090 3771 4147; x_wconf 86' lang='lat' dir='ltr'><strong>pererrat</strong></span> 
     </span>
    </p>
   </div>
   <div class='ocr_carea' id='block_1_103' title="bbox 2436 4147 3726 4211">
    <p class='ocr_par' dir='ltr' id='par_1_103' title="bbox 2436 4147 3726 4211">
     <span class='ocr_line' id='line_1_103' title="bbox 2436 4147 3726 4211; baseline -0.005 -11"><span class='ocrx_word' id='word_1_655' title='bbox 2436 4154 2558 4201; x_wconf 80' lang='lat' dir='ltr'><strong>Arte</strong></span> <span class='ocrx_word' id='word_1_656' title='bbox 2594 4150 2753 4198; x_wconf 87' lang='lat' dir='ltr'><strong>locum</strong></span> <span class='ocrx_word' id='word_1_657' title='bbox 2768 4186 2782 4211; x_wconf 85' lang='lat'><strong>,</strong></span> <span class='ocrx_word' id='word_1_658' title='bbox 2824 4154 2876 4198; x_wconf 90' lang='lat' dir='ltr'><strong>et</strong></span> <span class='ocrx_word' id='word_1_659' title='bbox 2895 4148 3044 4205; x_wconf 75' lang='lat' dir='ltr'><strong>variis</strong></span> <span class='ocrx_word' id='word_1_660' title='bbox 3066 4147 3330 4211; x_wconf 73' lang='lat' dir='ltr'><strong>assultibus</strong></span> <span class='ocrx_word' id='word_1_661' title='bbox 3344 4147 3517 4211; x_wconf 79' lang='lat' dir='ltr'><strong>irritus</strong></span> <span class='ocrx_word' id='word_1_662' title='bbox 3536 4155 3686 4211; x_wconf 70' lang='lat' dir='ltr'><strong>urget</strong></span> <span class='ocrx_word' id='word_1_663' title='bbox 3714 4162 3726 4193; x_wconf 92' lang='lat'><strong>:</strong></span> 
     </span>
    </p>
   </div>
   <div class='ocr_carea' id='block_1_104' title="bbox 2438 4207 3659 4273">
    <p class='ocr_par' dir='ltr' id='par_1_104' title="bbox 2438 4207 3659 4273">
     <span class='ocr_line' id='line_1_104' title="bbox 2438 4207 3659 4273; baseline -0.004 -10"><span class='ocrx_word' id='word_1_664' title='bbox 2438 4211 2666 4263; x_wconf 85' lang='lat' dir='ltr'><strong>Ostendit</strong></span> <span class='ocrx_word' id='word_1_665' title='bbox 2685 4207 2911 4273; x_wconf 67' lang='lat' dir='ltr'><strong>deitram</strong></span> <span class='ocrx_word' id='word_1_666' title='bbox 2933 4211 3194 4273; x_wconf 83' lang='lat' dir='ltr'><strong>insurgens</strong></span> <span class='ocrx_word' id='word_1_667' title='bbox 3214 4207 3455 4273; x_wconf 86' lang='lat' dir='ltr'><strong>Entellus,</strong></span> <span class='ocrx_word' id='word_1_668' title='bbox 3483 4215 3535 4259; x_wconf 86' lang='lat' dir='ltr'><strong>et</strong></span> <span class='ocrx_word' id='word_1_669' title='bbox 3557 4207 3659 4273; x_wconf 78' lang='lat' dir='ltr'><strong>alte</strong></span> 
     </span>
    </p>
   </div>
   <div class='ocr_carea' id='block_1_105' title="bbox 2434 4270 3661 4335">
    <p class='ocr_par' dir='ltr' id='par_1_105' title="bbox 2434 4270 3661 4335">
     <span class='ocr_line' id='line_1_105' title="bbox 2434 4270 3661 4335; baseline -0.006 -10"><span class='ocrx_word' id='word_1_670' title='bbox 2434 4274 2641 4335; x_wconf 77' lang='lat' dir='ltr'><strong>Extulit,</strong></span> <span class='ocrx_word' id='word_1_671' title='bbox 2664 4272 2749 4323; x_wconf 89' lang='lat' dir='ltr'><strong>ille</strong></span> <span class='ocrx_word' id='word_1_672' title='bbox 2775 4274 2922 4322; x_wconf 86' lang='lat' dir='ltr'><strong>ictum</strong></span> <span class='ocrx_word' id='word_1_673' title='bbox 2946 4270 3231 4335; x_wconf 78' lang='lat' dir='ltr'><strong>venientem</strong></span> <span class='ocrx_word' id='word_1_674' title='bbox 3253 4283 3281 4319; x_wconf 87' lang='lat' dir='ltr'><strong>a</strong></span> <span class='ocrx_word' id='word_1_675' title='bbox 3307 4272 3492 4321; x_wconf 84' lang='lat' dir='ltr'><strong>vertice</strong></span> <span class='ocrx_word' id='word_1_676' title='bbox 3516 4270 3661 4335; x_wconf 73' lang='lat' dir='ltr'><strong>velox</strong></span> 
     </span>
    </p>
   </div>
   <div class='ocr_carea' id='block_1_106' title="bbox 2435 4333 3598 4398">
    <p class='ocr_par' dir='ltr' id='par_1_106' title="bbox 2435 4333 3598 4398">
     <span class='ocr_line' id='line_1_106' title="bbox 2435 4333 3598 4398; baseline -0.004 -12"><span class='ocrx_word' id='word_1_677' title='bbox 2435 4333 2686 4396; x_wconf 68' lang='lat' dir='ltr'><strong>Praevidit,</strong></span> <span class='ocrx_word' id='word_1_678' title='bbox 2710 4334 2965 4398; x_wconf 89' lang='lat' dir='ltr'><strong>celerique</strong></span> <span class='ocrx_word' id='word_1_679' title='bbox 2992 4333 3188 4397; x_wconf 85' lang='lat' dir='ltr'><strong>elapsus</strong></span> <span class='ocrx_word' id='word_1_680' title='bbox 3208 4346 3414 4396; x_wconf 88' lang='lat' dir='ltr'><strong>corpore</strong></span> <span class='ocrx_word' id='word_1_681' title='bbox 3434 4334 3598 4382; x_wconf 87' lang='lat' dir='ltr'><strong>cessit.</strong></span> 
     </span>
    </p>
   </div>
   <div class='ocr_carea' id='block_1_107' title="bbox 2311 4431 3927 4509">
    <p class='ocr_par' dir='ltr' id='par_1_107' title="bbox 2311 4431 3927 4509">
     <span class='ocr_line' id='line_1_107' title="bbox 2311 4431 3927 4509; baseline -0.007 -13"><span class='ocrx_word' id='word_1_682' title='bbox 2311 4440 2384 4497; x_wconf 90' lang='lat' dir='ltr'><strong>Ut</strong></span> <span class='ocrx_word' id='word_1_683' title='bbox 2420 4441 2486 4495; x_wconf 89' lang='lat' dir='ltr'><strong>sit</strong></span> <span class='ocrx_word' id='word_1_684' title='bbox 2516 4458 2527 4494; x_wconf 89' lang='lat'><strong>:</strong></span> <span class='ocrx_word' id='word_1_685' title='bbox 2561 4455 2667 4495; x_wconf 92' lang='lat' dir='ltr'><strong>uno</strong></span> <span class='ocrx_word' id='word_1_686' title='bbox 2692 4444 3008 4509; x_wconf 85' lang='lat' dir='ltr'><strong>argumento</strong></span> <span class='ocrx_word' id='word_1_687' title='bbox 3036 4433 3293 4503; x_wconf 82' lang='lat' dir='ltr'><strong>refutato,</strong></span> <span class='ocrx_word' id='word_1_688' title='bbox 3324 4436 3462 4490; x_wconf 90' lang='lat' dir='ltr'><strong>alius</strong></span> <span class='ocrx_word' id='word_1_689' title='bbox 3490 4431 3927 4495; x_wconf 67' lang='lat' dir='ltr'><strong>inlirmationemr</strong></span> 
     </span>
    </p>
   </div>
   <div class='ocr_carea' id='block_1_108' title="bbox 2229 4514 3909 4603">
    <p class='ocr_par' dir='ltr' id='par_1_108' title="bbox 2229 4514 3909 4603">
     <span class='ocr_line' id='line_1_108' title="bbox 2229 4514 3909 4603; baseline -0.004 -15"><span class='ocrx_word' id='word_1_690' title='bbox 2229 4514 2284 4576; x_wconf 77' lang='grc' dir='ltr'><strong>Β</strong></span> <span class='ocrx_word' id='word_1_691' title='bbox 2312 4533 2603 4603; x_wconf 88' lang='lat' dir='ltr'><strong>inquirere,</strong></span> <span class='ocrx_word' id='word_1_692' title='bbox 2651 4541 2707 4588; x_wconf 92' lang='lat' dir='ltr'><strong>et</strong></span> <span class='ocrx_word' id='word_1_693' title='bbox 2754 4530 3014 4587; x_wconf 86' lang='lat' dir='ltr'><strong>rationem</strong></span> <span class='ocrx_word' id='word_1_694' title='bbox 3060 4542 3244 4587; x_wconf 89' lang='lat' dir='ltr'><strong>secum</strong></span> <span class='ocrx_word' id='word_1_695' title='bbox 3289 4528 3426 4584; x_wconf 89' lang='lat' dir='ltr'><strong>inire</strong></span> <span class='ocrx_word' id='word_1_696' title='bbox 3473 4542 3577 4601; x_wconf 85' lang='lat' dir='ltr'><strong>qua</strong></span> <span class='ocrx_word' id='word_1_697' title='bbox 3614 4525 3909 4597; x_wconf 86' lang='lat' dir='ltr'><strong>improbari</strong></span> 
     </span>
    </p>
   </div>
   <div class='ocr_carea' id='block_1_109' title="bbox 2307 4623 2502 4698">
    <p class='ocr_par' dir='ltr' id='par_1_109' title="bbox 2307 4623 2502 4698">
     <span class='ocr_line' id='line_1_109' title="bbox 2307 4623 2502 4698; baseline -0.015 -17"><span class='ocrx_word' id='word_1_698' title='bbox 2307 4623 2502 4698; x_wconf 86' lang='lat' dir='ltr'><strong>possit.</strong></span> 
     </span>
    </p>
   </div>
   <div class='ocr_carea' id='block_1_110' title="bbox 2368 4712 3873 4813">
    <p class='ocr_par' dir='ltr' id='par_1_110' title="bbox 2368 4712 3873 4813">
     <span class='ocr_line' id='line_1_110' title="bbox 2368 4712 3873 4813; baseline -0.006 0"><span class='ocrx_word' id='word_1_699' title='bbox 2368 4757 2458 4813; x_wconf 82' lang='lat'><strong>86.</strong></span> <span class='ocrx_word' id='word_1_700' title='bbox 2498 4755 2636 4813; x_wconf 80' lang='lat' dir='ltr'><strong>Istro</strong></span> <span class='ocrx_word' id='word_1_701' title='bbox 2665 4753 2921 4810; x_wconf 79' lang='lat' dir='ltr'><strong>fallacior.</strong></span> <span class='ocrx_word' id='word_1_702' title='bbox 2965 4712 3110 4807; x_wconf 74' lang='lat' dir='ltr'><strong>ram.</strong></span> <span class='ocrx_word' id='word_1_703' title='bbox 3149 4750 3237 4806; x_wconf 91' lang='lat' dir='ltr'><strong>tn.</strong></span> <span class='ocrx_word' id='word_1_704' title='bbox 3271 4752 3361 4808; x_wconf 82' lang='lat' dir='ltr'><strong>lib.</strong></span> <span class='ocrx_word' id='word_1_705' title='bbox 3390 4750 3436 4807; x_wconf 82' lang='lat'><strong>1.</strong></span> <span class='ocrx_word' id='word_1_706' title='bbox 3465 4749 3666 4808; x_wconf 76' lang='lat' dir='ltr'><strong>advers.</strong></span> <span class='ocrx_word' id='word_1_707' title='bbox 3700 4747 3873 4805; x_wconf 75' lang='lat' dir='ltr'><strong>Marc.</strong></span> 
     </span>
    </p>
   </div>
   <div class='ocr_carea' id='block_1_111' title="bbox 2861 4844 3359 4917">
    <p class='ocr_par' dir='ltr' id='par_1_111' title="bbox 2861 4844 3359 4917">
     <span class='ocr_line' id='line_1_111' title="bbox 2861 4844 3359 4917; baseline -0.002 -17"><span class='ocrx_word' id='word_1_708' title='bbox 2861 4862 2977 4917; x_wconf 85' lang='lat' dir='ltr'><strong>cap.</strong></span> <span class='ocrx_word' id='word_1_709' title='bbox 3010 4847 3062 4901; x_wconf 85' lang='lat'><strong>1.</strong></span> <span class='ocrx_word' id='word_1_710' title='bbox 3089 4860 3230 4901; x_wconf 80' lang='lat' dir='ltr'><strong>mnu.</strong></span> <span class='ocrx_word' id='word_1_711' title='bbox 3260 4844 3359 4917; x_wconf 25' lang='lat'><strong>15.,</strong></span> 
     </span>
    </p>
   </div>
   <div class='ocr_carea' id='block_1_112' title="bbox 2382 4978 3913 5050">
    <p class='ocr_par' dir='ltr' id='par_1_112' title="bbox 2382 4978 3913 5050">
     <span class='ocr_line' id='line_1_112' title="bbox 2382 4978 3913 5050; baseline -0.006 -7"><span class='ocrx_word' id='word_1_712' title='bbox 2382 4986 2673 5043; x_wconf 85' lang='lat' dir='ltr'><strong>Videantur</strong></span> <span class='ocrx_word' id='word_1_713' title='bbox 2703 4984 2956 5040; x_wconf 87' lang='lat' dir='ltr'><strong>Annotat.</strong></span> <span class='ocrx_word' id='word_1_714' title='bbox 2990 4981 3233 5038; x_wconf 88' lang='lat' dir='ltr'><strong>Pamelii.</strong></span> <span class='ocrx_word' id='word_1_715' title='bbox 3272 4981 3402 5050; x_wconf 85' lang='lat' dir='ltr'><strong>Quis</strong></span> <span class='ocrx_word' id='word_1_716' title='bbox 3442 4981 3509 5037; x_wconf 88' lang='lat' dir='ltr'><strong>ab</strong></span> <span class='ocrx_word' id='word_1_717' title='bbox 3539 4978 3761 5036; x_wconf 80' lang='lat' dir='ltr'><strong>liistriCe</strong></span> <span class='ocrx_word' id='word_1_718' title='bbox 3787 4979 3913 5034; x_wconf 83' lang='lat' dir='ltr'><strong>ani-</strong></span> 
     </span>
    </p>
   </div>
   <div class='ocr_carea' id='block_1_113' title="bbox 2309 5058 3913 5147">
    <p class='ocr_par' dir='ltr' id='par_1_113' title="bbox 2309 5058 3913 5147">
     <span class='ocr_line' id='line_1_113' title="bbox 2309 5058 3913 5147; baseline -0.004 -13"><span class='ocrx_word' id='word_1_719' title='bbox 2309 5058 2488 5135; x_wconf 83' lang='lat' dir='ltr'><strong>mante</strong></span> <span class='ocrx_word' id='word_1_720' title='bbox 2510 5077 2611 5132; x_wconf 85' lang='lat' dir='ltr'><strong>ltoe</strong></span> <span class='ocrx_word' id='word_1_721' title='bbox 2634 5088 2906 5147; x_wconf 87' lang='lat' dir='ltr'><strong>sumptum</strong></span> <span class='ocrx_word' id='word_1_722' title='bbox 2929 5072 3096 5131; x_wconf 81' lang='lat' dir='ltr'><strong>dicat?</strong></span> <span class='ocrx_word' id='word_1_723' title='bbox 3118 5072 3289 5128; x_wconf 82' lang='lat' dir='ltr'><strong>Istria:</strong></span> <span class='ocrx_word' id='word_1_724' title='bbox 3309 5073 3542 5143; x_wconf 84' lang='lat' dir='ltr'><strong>regionis</strong></span> <span class='ocrx_word' id='word_1_725' title='bbox 3563 5072 3913 5143; x_wconf 32' lang='lat' dir='ltr'><strong>incolae,-non</strong></span> 
     </span>
    </p>
   </div>
   <div class='ocr_carea' id='block_1_114' title="bbox 2308 5161 3915 5236">
    <p class='ocr_par' dir='ltr' id='par_1_114' title="bbox 2308 5161 3915 5236">
     <span class='ocr_line' id='line_1_114' title="bbox 2308 5161 3915 5236; baseline -0.007 -11"><span class='ocrx_word' id='word_1_726' title='bbox 2308 5171 2433 5226; x_wconf 79' lang='lat' dir='ltr'><strong>Istri</strong></span> <span class='ocrx_word' id='word_1_727' title='bbox 2459 5178 2550 5225; x_wconf 85' lang='lat' dir='ltr'><strong>aut</strong></span> <span class='ocrx_word' id='word_1_728' title='bbox 2577 5169 2738 5224; x_wconf 83' lang='lat' dir='ltr'><strong>llistri</strong></span> <span class='ocrx_word' id='word_1_729' title='bbox 2758 5210 2772 5236; x_wconf 93' lang='lat'><strong>,</strong></span> <span class='ocrx_word' id='word_1_730' title='bbox 2816 5167 2911 5222; x_wconf 88' lang='lat' dir='ltr'><strong>sed</strong></span> <span class='ocrx_word' id='word_1_731' title='bbox 2941 5166 3080 5221; x_wconf 90' lang='lat' dir='ltr'><strong>Istrii</strong></span> <span class='ocrx_word' id='word_1_732' title='bbox 3107 5165 3358 5220; x_wconf 78' lang='lat' dir='ltr'><strong>dicuntur</strong></span> <span class='ocrx_word' id='word_1_733' title='bbox 3388 5182 3401 5218; x_wconf 91' lang='lat'><strong>:</strong></span> <span class='ocrx_word' id='word_1_734' title='bbox 3434 5163 3628 5235; x_wconf 87' lang='lat' dir='ltr'><strong>quibus</strong></span> <span class='ocrx_word' id='word_1_735' title='bbox 3655 5162 3776 5232; x_wconf 85' lang='lat' dir='ltr'><strong>quis</strong></span> <span class='ocrx_word' id='word_1_736' title='bbox 3802 5161 3915 5215; x_wconf 76' lang='lat' dir='ltr'><strong>lal-</strong></span> 
     </span>
    </p>
   </div>
   <div class='ocr_carea' id='block_1_115' title="bbox 2305 5256 3941 5330">
    <p class='ocr_par' dir='ltr' id='par_1_115' title="bbox 2305 5256 3941 5330">
     <span class='ocr_line' id='line_1_115' title="bbox 2305 5256 3941 5330; baseline -0.005 -10"><span class='ocrx_word' id='word_1_737' title='bbox 2305 5265 2499 5321; x_wconf 78' lang='lat' dir='ltr'><strong>laciam</strong></span> <span class='ocrx_word' id='word_1_738' title='bbox 2543 5263 2762 5327; x_wconf 87' lang='lat' dir='ltr'><strong>tribuat,</strong></span> <span class='ocrx_word' id='word_1_739' title='bbox 2810 5275 2914 5315; x_wconf 91' lang='lat' dir='ltr'><strong>non</strong></span> <span class='ocrx_word' id='word_1_740' title='bbox 2948 5259 3180 5330; x_wconf 84' lang='lat' dir='ltr'><strong>reperio.</strong></span> <span class='ocrx_word' id='word_1_741' title='bbox 3212 5258 3498 5329; x_wconf 81' lang='lat' dir='ltr'><strong>Reliquum</strong></span> <span class='ocrx_word' id='word_1_742' title='bbox 3529 5266 3613 5314; x_wconf 87' lang='lat' dir='ltr'><strong>est</strong></span> <span class='ocrx_word' id='word_1_743' title='bbox 3636 5256 3819 5327; x_wconf 87' lang='lat' dir='ltr'><strong>igitur,</strong></span> <span class='ocrx_word' id='word_1_744' title='bbox 3854 5264 3941 5312; x_wconf 78' lang='grc' dir='ltr'><strong>ιιι·</strong></span> 
     </span>
    </p>
   </div>
   <div class='ocr_carea' id='block_1_116' title="bbox 2306 5344 3919 5424">
    <p class='ocr_par' dir='ltr' id='par_1_116' title="bbox 2306 5344 3919 5424">
     <span class='ocr_line' id='line_1_116' title="bbox 2306 5344 3919 5424; baseline -0.004 -12"><span class='ocrx_word' id='word_1_745' title='bbox 2306 5358 2442 5414; x_wconf 91' lang='lat' dir='ltr'><strong>Ister</strong></span> <span class='ocrx_word' id='word_1_746' title='bbox 2480 5356 2694 5424; x_wconf 86' lang='lat' dir='ltr'><strong>ﬂuvius,</strong></span> <span class='ocrx_word' id='word_1_747' title='bbox 2717 5354 2824 5409; x_wconf 85' lang='lat' dir='ltr'><strong>alio</strong></span> <span class='ocrx_word' id='word_1_748' title='bbox 2865 5344 3079 5408; x_wconf 90' lang='lat' dir='ltr'><strong>nomine</strong></span> <span class='ocrx_word' id='word_1_749' title='bbox 3118 5352 3410 5416; x_wconf 86' lang='lat' dir='ltr'><strong>Danubius,</strong></span> <span class='ocrx_word' id='word_1_750' title='bbox 3457 5350 3582 5405; x_wconf 84' lang='lat' dir='ltr'><strong>huic</strong></span> <span class='ocrx_word' id='word_1_751' title='bbox 3622 5347 3919 5420; x_wconf 83' lang='lat' dir='ltr'><strong>proverbio</strong></span> 
     </span>
    </p>
   </div>
   <div class='ocr_carea' id='block_1_117' title="bbox 2303 5438 3918 5513">
    <p class='ocr_par' dir='ltr' id='par_1_117' title="bbox 2303 5438 3918 5513">
     <span class='ocr_line' id='line_1_117' title="bbox 2303 5438 3918 5513; baseline -0.006 -9"><span class='ocrx_word' id='word_1_752' title='bbox 2303 5450 2482 5505; x_wconf 90' lang='lat' dir='ltr'><strong>locum</strong></span> <span class='ocrx_word' id='word_1_753' title='bbox 2512 5447 2717 5504; x_wconf 82' lang='lat' dir='ltr'><strong>iecerit.</strong></span> <span class='ocrx_word' id='word_1_754' title='bbox 2748 5446 2924 5513; x_wconf 83' lang='lat' dir='ltr'><strong>Quum</strong></span> <span class='ocrx_word' id='word_1_755' title='bbox 2951 5442 3173 5499; x_wconf 91' lang='lat' dir='ltr'><strong>Tertull.</strong></span> <span class='ocrx_word' id='word_1_756' title='bbox 3202 5442 3460 5497; x_wconf 84' lang='lat' dir='ltr'><strong>Marcioni</strong></span> <span class='ocrx_word' id='word_1_757' title='bbox 3489 5450 3569 5497; x_wconf 91' lang='lat' dir='ltr'><strong>tot</strong></span> <span class='ocrx_word' id='word_1_758' title='bbox 3600 5441 3780 5495; x_wconf 88' lang='lat' dir='ltr'><strong>titulos</strong></span> <span class='ocrx_word' id='word_1_759' title='bbox 3809 5438 3918 5495; x_wconf 78' lang='lat' dir='ltr'><strong>bo-</strong></span> 
     </span>
    </p>
   </div>
   <div class='ocr_carea' id='block_1_118' title="bbox 2306 5532 3910 5612">
    <p class='ocr_par' dir='ltr' id='par_1_118' title="bbox 2306 5532 3910 5612">
     <span class='ocr_line' id='line_1_118' title="bbox 2306 5532 3910 5612; baseline -0.007 -14"><span class='ocrx_word' id='word_1_760' title='bbox 2306 5541 2664 5612; x_wconf 85' lang='lat' dir='ltr'><strong>noriﬁeasque</strong></span> <span class='ocrx_word' id='word_1_761' title='bbox 2691 5536 3076 5609; x_wconf 82' lang='lat' dir='ltr'><strong>appellationes</strong></span> <span class='ocrx_word' id='word_1_762' title='bbox 3104 5549 3135 5588; x_wconf 89' lang='lat' dir='ltr'><strong>a</strong></span> <span class='ocrx_word' id='word_1_763' title='bbox 3167 5534 3331 5601; x_wconf 89' lang='lat' dir='ltr'><strong>locis,</strong></span> <span class='ocrx_word' id='word_1_764' title='bbox 3367 5534 3657 5605; x_wconf 82' lang='lat' dir='ltr'><strong>gentibus,</strong></span> <span class='ocrx_word' id='word_1_765' title='bbox 3709 5532 3910 5599; x_wconf 76' lang='lat' dir='ltr'><strong>Ponto,</strong></span> 
     </span>
    </p>
   </div>
   <div class='ocr_carea' id='block_1_119' title="bbox 2300 5623 3910 5701">
    <p class='ocr_par' dir='ltr' id='par_1_119' title="bbox 2300 5623 3910 5701">
     <span class='ocr_line' id='line_1_119' title="bbox 2300 5623 3910 5701; baseline -0.009 -7"><span class='ocrx_word' id='word_1_766' title='bbox 2300 5638 2497 5694; x_wconf 76' lang='lat' dir='ltr'><strong>Patria:</strong></span> <span class='ocrx_word' id='word_1_767' title='bbox 2519 5634 2729 5701; x_wconf 84' lang='lat' dir='ltr'><strong>vicinis,</strong></span> <span class='ocrx_word' id='word_1_768' title='bbox 2762 5641 2816 5689; x_wconf 90' lang='lat' dir='ltr'><strong>et</strong></span> <span class='ocrx_word' id='word_1_769' title='bbox 2843 5623 3006 5686; x_wconf 76' lang='lat' dir='ltr'><strong>rebus</strong></span> <span class='ocrx_word' id='word_1_770' title='bbox 3028 5627 3203 5683; x_wconf 86' lang='lat' dir='ltr'><strong>eidem</strong></span> <span class='ocrx_word' id='word_1_771' title='bbox 3228 5629 3608 5699; x_wconf 89' lang='lat' dir='ltr'><strong>peculiaribus,</strong></span> <span class='ocrx_word' id='word_1_772' title='bbox 3647 5625 3910 5695; x_wconf 86' lang='lat' dir='ltr'><strong>assignet.</strong></span> 
     </span>
    </p>
   </div>
   <div class='ocr_carea' id='block_1_120' title="bbox 2302 5716 3909 5796">
    <p class='ocr_par' dir='ltr' id='par_1_120' title="bbox 2302 5716 3909 5796">
     <span class='ocr_line' id='line_1_120' title="bbox 2302 5716 3909 5796; baseline -0.009 -9"><span class='ocrx_word' id='word_1_773' title='bbox 2302 5731 2522 5789; x_wconf 88' lang='lat' dir='ltr'><strong>Dicetur</strong></span> <span class='ocrx_word' id='word_1_774' title='bbox 2542 5738 2740 5796; x_wconf 89' lang='lat' dir='ltr'><strong>autem,</strong></span> <span class='ocrx_word' id='word_1_775' title='bbox 2765 5726 2924 5781; x_wconf 79' lang='lat' dir='ltr'><strong>fallax</strong></span> <span class='ocrx_word' id='word_1_776' title='bbox 2942 5721 3099 5789; x_wconf 58' lang='lat' dir='ltr'><strong>latter,</strong></span> <span class='ocrx_word' id='word_1_777' title='bbox 3119 5722 3202 5780; x_wconf 87' lang='lat' dir='ltr'><strong>vel</strong></span> <span class='ocrx_word' id='word_1_778' title='bbox 3223 5730 3442 5795; x_wconf 79' lang='lat' dir='ltr'><strong>prepter</strong></span> <span class='ocrx_word' id='word_1_779' title='bbox 3460 5722 3708 5778; x_wconf 87' lang='lat' dir='ltr'><strong>sinuosos</strong></span> <span class='ocrx_word' id='word_1_780' title='bbox 3729 5716 3909 5773; x_wconf 78' lang='lat' dir='ltr'><strong>tlequ</strong></span> 
     </span>
    </p>
   </div>
   <div class='ocr_carea' id='block_1_121' title="bbox 2305 5803 3911 5897">
    <p class='ocr_par' dir='ltr' id='par_1_121' title="bbox 2305 5803 3911 5897">
     <span class='ocr_line' id='line_1_121' title="bbox 2305 5803 3911 5897; baseline -0.009 -15"><span class='ocrx_word' id='word_1_781' title='bbox 2305 5820 2391 5897; x_wconf 89' lang='lat' dir='ltr'><strong>(ut</strong></span> <span class='ocrx_word' id='word_1_782' title='bbox 2404 5817 2877 5895; x_wconf 74' lang='lat' dir='ltr'><strong>Maeander),undo</strong></span> <span class='ocrx_word' id='word_1_783' title='bbox 2900 5827 2932 5877; x_wconf 71' lang='grc' dir='ltr'>α</span> <span class='ocrx_word' id='word_1_784' title='bbox 2959 5813 3135 5888; x_wconf 84' lang='lat' dir='ltr'><strong>poetis</strong></span> <span class='ocrx_word' id='word_1_785' title='bbox 3163 5823 3394 5875; x_wconf 84' lang='lat' dir='ltr'><strong>retortus</strong></span> <span class='ocrx_word' id='word_1_786' title='bbox 3419 5822 3474 5874; x_wconf 84' lang='lat' dir='ltr'><strong>et</strong></span> <span class='ocrx_word' id='word_1_787' title='bbox 3500 5812 3746 5875; x_wconf 73' lang='lat' dir='ltr'><strong>sinuatus</strong></span> <span class='ocrx_word' id='word_1_788' title='bbox 3771 5803 3911 5868; x_wconf 67' lang='grc' dir='ltr'><strong>αἰεὶ·</strong></span> 
     </span>
    </p>
   </div>
  </div>
