  <div class='ocr_page' id='page_1' title='image "/cluster/home/n/w/nwhite01/storage/ocr_20150623/1/hvd.32044054128335/136.png"; bbox 0 0 4242 6264; ppageno 0'>
   <div class='ocr_carea' id='block_1_1' title="bbox 281 272 435 376">
    <p class='ocr_par' dir='ltr' id='par_1_1' title="bbox 281 272 435 376">
     <span class='ocr_line' id='line_1_1' title="bbox 281 272 435 376; baseline 0 0"><span class='ocrx_word' id='word_1_1' title='bbox 281 272 435 376; x_wconf 46' lang='grc' dir='ltr'><strong>ἥθ’</strong></span> 
     </span>
    </p>
   </div>
   <div class='ocr_carea' id='block_1_2' title="bbox 1364 310 2398 377">
    <p class='ocr_par' dir='ltr' id='par_1_2' title="bbox 1364 310 2398 377">
     <span class='ocr_line' id='line_1_2' title="bbox 1364 310 2398 377; baseline 0.005 -7"><span class='ocrx_word' id='word_1_2' title='bbox 1364 342 1379 353; x_wconf 62' lang='grc' dir='ltr'><strong><em>υ</em></strong></span> <span class='ocrx_word' id='word_1_3' title='bbox 1460 310 1983 372; x_wconf 75' lang='lat' dir='ltr'><strong>PROVERBIALES</strong></span> <span class='ocrx_word' id='word_1_4' title='bbox 2019 313 2398 377; x_wconf 63' lang='lat' dir='ltr'><strong>FORMULIE.</strong></span> 
     </span>
    </p>
   </div>
   <div class='ocr_carea' id='block_1_3' title="bbox 3488 319 3597 378">
    <p class='ocr_par' dir='ltr' id='par_1_3' title="bbox 3488 319 3597 378">
     <span class='ocr_line' id='line_1_3' title="bbox 3488 319 3597 378; baseline 0 -1"><span class='ocrx_word' id='word_1_5' title='bbox 3488 319 3597 378; x_wconf 73' lang='lat'><strong>230</strong></span> 
     </span>
    </p>
   </div>
   <div class='ocr_carea' id='block_1_4' title="bbox 283 422 3582 518">
    <p class='ocr_par' dir='ltr' id='par_1_4' title="bbox 283 422 3582 518">
     <span class='ocr_line' id='line_1_4' title="bbox 283 422 3582 518; baseline 0.002 -30"><span class='ocrx_word' id='word_1_6' title='bbox 283 440 393 497; x_wconf 87' lang='lat' dir='ltr'><strong>tur,</strong></span> <span class='ocrx_word' id='word_1_7' title='bbox 444 429 528 487; x_wconf 84' lang='lat' dir='ltr'><strong>vel</strong></span> <span class='ocrx_word' id='word_1_8' title='bbox 575 438 793 518; x_wconf 71' lang='lat' dir='ltr'><strong>propter</strong></span> <span class='ocrx_word' id='word_1_9' title='bbox 838 430 1097 487; x_wconf 77' lang='lat' dir='ltr'><strong>ostiorum</strong></span> <span class='ocrx_word' id='word_1_10' title='bbox 1141 422 1538 486; x_wconf 76' lang='lat' dir='ltr'><strong>multitudinem</strong></span> <span class='ocrx_word' id='word_1_11' title='bbox 1582 428 1748 503; x_wconf 83' lang='lat' dir='ltr'><strong>(inter</strong></span> <span class='ocrx_word' id='word_1_12' title='bbox 1774 445 1891 499; x_wconf 81' lang='lat' dir='ltr'><strong>qua:</strong></span> <span class='ocrx_word' id='word_1_13' title='bbox 1919 433 2097 500; x_wconf 79' lang='lat' dir='ltr'><strong>Alis,</strong></span> <span class='ocrx_word' id='word_1_14' title='bbox 2143 434 2469 500; x_wconf 84' lang='lat' dir='ltr'><strong>rationibus,</strong></span> <span class='ocrx_word' id='word_1_15' title='bbox 2520 433 3024 508; x_wconf 83' lang='lat' dir='ltr'><strong>probationibusque</strong></span> <span class='ocrx_word' id='word_1_16' title='bbox 3064 434 3427 505; x_wconf 87' lang='lat' dir='ltr'><strong>constabiliri;</strong></span> <span class='ocrx_word' id='word_1_17' title='bbox 3475 453 3582 511; x_wconf 90' lang='lat' dir='ltr'><strong>quo</strong></span> 
     </span>
    </p>
   </div>
   <div class='ocr_carea' id='block_1_5' title="bbox 287 519 3578 594">
    <p class='ocr_par' dir='ltr' id='par_1_5' title="bbox 287 519 3578 594">
     <span class='ocr_line' id='line_1_5' title="bbox 287 519 3578 594; baseline 0.003 -16"><span class='ocrx_word' id='word_1_18' title='bbox 287 538 457 578; x_wconf 89' lang='lat' dir='ltr'><strong>unum</strong></span> <span class='ocrx_word' id='word_1_19' title='bbox 481 521 986 591; x_wconf 76' lang='lat' dir='ltr'><strong>esl‘l‘seudosloma,</strong></span> <span class='ocrx_word' id='word_1_20' title='bbox 1006 522 1157 593; x_wconf 88' lang='lat' dir='ltr'><strong>quasi</strong></span> <span class='ocrx_word' id='word_1_21' title='bbox 1180 521 1366 577; x_wconf 88' lang='lat' dir='ltr'><strong>falsum</strong></span> <span class='ocrx_word' id='word_1_22' title='bbox 1390 521 1473 577; x_wconf 85' lang='lat' dir='ltr'><strong>vel</strong></span> <span class='ocrx_word' id='word_1_23' title='bbox 1493 520 1654 577; x_wconf 81' lang='lat' dir='ltr'><strong>fallax</strong></span> <span class='ocrx_word' id='word_1_24' title='bbox 1674 519 1893 594; x_wconf 78' lang='lat' dir='ltr'><strong>ostium)</strong></span> <span class='ocrx_word' id='word_1_25' title='bbox 1995 523 2182 592; x_wconf 87' lang='lat' dir='ltr'><strong>verbo,</strong></span> <span class='ocrx_word' id='word_1_26' title='bbox 2214 525 2287 580; x_wconf 91' lang='lat' dir='ltr'><strong>uti</strong></span> <span class='ocrx_word' id='word_1_27' title='bbox 2316 535 2368 581; x_wconf 89' lang='lat' dir='ltr'><strong>et</strong></span> <span class='ocrx_word' id='word_1_28' title='bbox 2394 526 2629 592; x_wconf 90' lang='lat' dir='ltr'><strong>militari,</strong></span> <span class='ocrx_word' id='word_1_29' title='bbox 2660 527 2865 594; x_wconf 86' lang='lat' dir='ltr'><strong>muniri,</strong></span> <span class='ocrx_word' id='word_1_30' title='bbox 2894 526 3085 593; x_wconf 77' lang='lat' dir='ltr'><strong>eodem</strong></span> <span class='ocrx_word' id='word_1_31' title='bbox 3114 528 3233 585; x_wconf 88' lang='lat' dir='ltr'><strong>loco</strong></span> <span class='ocrx_word' id='word_1_32' title='bbox 3259 530 3424 585; x_wconf 89' lang='lat' dir='ltr'><strong>utitur</strong></span> <span class='ocrx_word' id='word_1_33' title='bbox 3452 529 3578 588; x_wconf 91' lang='lat' dir='ltr'><strong>Ter.</strong></span> 
     </span>
    </p>
   </div>
   <div class='ocr_carea' id='block_1_6' title="bbox 288 613 3581 715">
    <p class='ocr_par' dir='ltr' id='par_1_6' title="bbox 288 613 3581 715">
     <span class='ocr_line' id='line_1_6' title="bbox 288 613 3581 715; baseline 0.001 -44"><span class='ocrx_word' id='word_1_34' title='bbox 288 614 587 715; x_wconf 68' lang='lat' dir='ltr'><strong>fallat</strong></span> <span class='ocrx_word' id='word_1_35' title='bbox 606 615 660 715; x_wconf 81' lang='lat' dir='ltr'><strong>in</strong></span> <span class='ocrx_word' id='word_1_36' title='bbox 692 615 935 715; x_wconf 74' lang='lat' dir='ltr'><strong>institpto</strong></span> <span class='ocrx_word' id='word_1_37' title='bbox 962 630 1126 671; x_wconf 84' lang='lat' dir='ltr'><strong>cursu</strong></span> <span class='ocrx_word' id='word_1_38' title='bbox 1158 615 1492 715; x_wconf 76' lang='lat' dir='ltr'><strong>navigantes,</strong></span> <span class='ocrx_word' id='word_1_39' title='bbox 1522 614 1608 715; x_wconf 77' lang='lat' dir='ltr'><strong>vel</strong></span> <span class='ocrx_word' id='word_1_40' title='bbox 1638 613 1781 685; x_wconf 90' lang='lat' dir='ltr'><strong>quod</strong></span> <span class='ocrx_word' id='word_1_41' title='bbox 1804 630 1894 715; x_wconf 78' lang='lat' dir='ltr'><strong>su-</strong></span> <span class='ocrx_word' id='word_1_42' title='bbox 1997 634 2085 692; x_wconf 52' lang='grc' dir='ltr'><strong>9ο,</strong></span> <span class='ocrx_word' id='word_1_43' title='bbox 2127 636 2207 692; x_wconf 65' lang='grc' dir='ltr'><strong>ΕΧ</strong></span> <span class='ocrx_word' id='word_1_44' title='bbox 2232 637 2401 696; x_wconf 54' lang='lat' dir='ltr'><strong>latere</strong></span> <span class='ocrx_word' id='word_1_45' title='bbox 2444 648 2687 711; x_wconf 47' lang='lat' dir='ltr'><strong>utroque.</strong></span> <span class='ocrx_word' id='word_1_46' title='bbox 2730 640 2877 696; x_wconf 48' lang='lat' dir='ltr'><strong>Tom.</strong></span> <span class='ocrx_word' id='word_1_47' title='bbox 2914 640 2980 695; x_wconf 69' lang='grc' dir='ltr'><strong>γ⁸</strong></span> <span class='ocrx_word' id='word_1_48' title='bbox 3012 640 3096 697; x_wconf 49' lang='lat' dir='ltr'><strong>ab.</strong></span> <span class='ocrx_word' id='word_1_49' title='bbox 3133 642 3195 697; x_wconf 68' lang='lat' dir='ltr'><strong>de</strong></span> <span class='ocrx_word' id='word_1_50' title='bbox 3219 640 3429 713; x_wconf 44' lang='lat' dir='ltr'><strong>Trium,</strong></span> <span class='ocrx_word' id='word_1_51' title='bbox 3460 613 3581 715; x_wconf 50' lang='grc' dir='ltr'><strong>ξαρ.</strong></span> 
     </span>
    </p>
   </div>
   <div class='ocr_carea' id='block_1_7' title="bbox 284 704 1888 778">
    <p class='ocr_par' dir='ltr' id='par_1_7' title="bbox 284 704 1888 778">
     <span class='ocr_line' id='line_1_7' title="bbox 284 704 1888 778; baseline -0.002 -16"><span class='ocrx_word' id='word_1_52' title='bbox 284 707 396 763; x_wconf 89' lang='lat' dir='ltr'><strong>bita</strong></span> <span class='ocrx_word' id='word_1_53' title='bbox 426 706 770 762; x_wconf 86' lang='lat' dir='ltr'><strong>inundatione</strong></span> <span class='ocrx_word' id='word_1_54' title='bbox 803 706 1118 778; x_wconf 87' lang='lat' dir='ltr'><strong>plerumque</strong></span> <span class='ocrx_word' id='word_1_55' title='bbox 1150 707 1361 763; x_wconf 84' lang='lat' dir='ltr'><strong>accolas</strong></span> <span class='ocrx_word' id='word_1_56' title='bbox 1390 704 1667 777; x_wconf 89' lang='lat' dir='ltr'><strong>inopinato</strong></span> <span class='ocrx_word' id='word_1_57' title='bbox 1702 704 1888 776; x_wconf 88' lang='lat' dir='ltr'><strong>oppri-</strong></span> 
     </span>
    </p>
   </div>
   <div class='ocr_carea' id='block_1_8' title="bbox 240 802 707 871">
    <p class='ocr_par' dir='ltr' id='par_1_8' title="bbox 240 802 707 871">
     <span class='ocr_line' id='line_1_8' title="bbox 240 802 707 871; baseline -0.015 -8"><span class='ocrx_word' id='word_1_58' title='bbox 240 854 251 863; x_wconf 85' lang='lat'><strong>.</strong></span> <span class='ocrx_word' id='word_1_59' title='bbox 284 813 416 871; x_wconf 85' lang='lat' dir='ltr'><strong>mat,</strong></span> <span class='ocrx_word' id='word_1_60' title='bbox 448 802 627 857; x_wconf 82' lang='lat' dir='ltr'><strong>Tibttl.</strong></span> <span class='ocrx_word' id='word_1_61' title='bbox 666 822 707 867; x_wconf 63' lang='lat'><strong>:~</strong></span> 
     </span>
    </p>
   </div>
   <div class='ocr_carea' id='block_1_9' title="bbox 531 892 1112 958">
    <p class='ocr_par' dir='ltr' id='par_1_9' title="bbox 531 892 1112 958">
     <span class='ocr_line' id='line_1_9' title="bbox 531 892 1112 958; baseline -0.002 -15"><span class='ocrx_word' id='word_1_62' title='bbox 531 892 697 943; x_wconf 81' lang='lat' dir='ltr'><strong>Fallax</strong></span> <span class='ocrx_word' id='word_1_63' title='bbox 723 908 920 958; x_wconf 77' lang='lat' dir='ltr'><strong>quoque</strong></span> <span class='ocrx_word' id='word_1_64' title='bbox 946 894 1112 958; x_wconf 77' lang='lat' dir='ltr'><strong>testis,</strong></span> 
     </span>
    </p>
   </div>
   <div class='ocr_carea' id='block_1_10' title="bbox 414 956 1142 1034">
    <p class='ocr_par' dir='ltr' id='par_1_10' title="bbox 414 956 1142 1034">
     <span class='ocr_line' id='line_1_10' title="bbox 414 956 1142 1034; baseline -0.001 -28"><span class='ocrx_word' id='word_1_65' title='bbox 414 956 698 1034; x_wconf 85' lang='lat' dir='ltr'><strong>Pannonius</strong></span> <span class='ocrx_word' id='word_1_66' title='bbox 718 956 803 1021; x_wconf 77' lang='lat' dir='ltr'><strong>qui</strong></span> <span class='ocrx_word' id='word_1_67' title='bbox 826 956 938 1006; x_wconf 77' lang='lat' dir='ltr'><strong>Istri</strong></span> <span class='ocrx_word' id='word_1_68' title='bbox 963 956 1142 1015; x_wconf 82' lang='lat' dir='ltr'><strong>accola,</strong></span> 
     </span>
    </p>
   </div>
   <div class='ocr_carea' id='block_1_11' title="bbox 301 1039 1365 1111">
    <p class='ocr_par' dir='ltr' id='par_1_11' title="bbox 301 1039 1365 1111">
     <span class='ocr_line' id='line_1_11' title="bbox 301 1039 1365 1111; baseline 0.002 -16"><span class='ocrx_word' id='word_1_69' title='bbox 301 1039 533 1095; x_wconf 54' lang='lat' dir='ltr'><strong>Ausona</strong></span> <span class='ocrx_word' id='word_1_70' title='bbox 1362 1110 1365 1111; x_wconf 17' lang='grc' dir='ltr'><em>ν</em></span> 
     </span>
    </p>
   </div>
   <div class='ocr_carea' id='block_1_12' title="bbox 319 1127 1548 1218">
    <p class='ocr_par' dir='ltr' id='par_1_12' title="bbox 319 1127 1548 1218">
     <span class='ocr_line' id='line_1_12' title="bbox 319 1127 1548 1218; baseline -0.004 -17"><span class='ocrx_word' id='word_1_71' title='bbox 319 1212 327 1218; x_wconf 34' lang='grc'><em>,</em></span> <span class='ocrx_word' id='word_1_72' title='bbox 407 1147 472 1201; x_wconf 82' lang='lat' dir='ltr'><strong>Et</strong></span> <span class='ocrx_word' id='word_1_73' title='bbox 494 1150 679 1202; x_wconf 88' lang='lat' dir='ltr'><strong>fontem</strong></span> <span class='ocrx_word' id='word_1_74' title='bbox 703 1147 831 1202; x_wconf 84' lang='lat' dir='ltr'><strong>latils</strong></span> <span class='ocrx_word' id='word_1_75' title='bbox 854 1153 1073 1215; x_wconf 82' lang='lat' dir='ltr'><strong>ignotum</strong></span> <span class='ocrx_word' id='word_1_76' title='bbox 1098 1127 1548 1201; x_wconf 62' lang='lat' dir='ltr'><strong>annalibusllistri.</strong></span> 
     </span>
    </p>
   </div>
   <div class='ocr_carea' id='block_1_13' title="bbox 283 1254 1702 1328">
    <p class='ocr_par' dir='ltr' id='par_1_13' title="bbox 283 1254 1702 1328">
     <span class='ocr_line' id='line_1_13' title="bbox 283 1254 1702 1328; baseline -0.003 -18"><span class='ocrx_word' id='word_1_77' title='bbox 283 1255 546 1328; x_wconf 77' lang='lat' dir='ltr'><strong>(adspirat</strong></span> <span class='ocrx_word' id='word_1_78' title='bbox 576 1258 830 1328; x_wconf 78' lang='lat' dir='ltr'><strong>namque)</strong></span> <span class='ocrx_word' id='word_1_79' title='bbox 859 1254 1123 1328; x_wconf 86' lang='lat' dir='ltr'><strong>Ignotum,</strong></span> <span class='ocrx_word' id='word_1_80' title='bbox 1156 1256 1278 1327; x_wconf 84' lang='lat' dir='ltr'><strong>quia</strong></span> <span class='ocrx_word' id='word_1_81' title='bbox 1311 1255 1448 1311; x_wconf 87' lang='lat' dir='ltr'><strong>fallit</strong></span> <span class='ocrx_word' id='word_1_82' title='bbox 1473 1263 1524 1310; x_wconf 90' lang='lat' dir='ltr'><strong>et</strong></span> <span class='ocrx_word' id='word_1_83' title='bbox 1550 1254 1702 1310; x_wconf 80' lang='lat' dir='ltr'><strong>latet.</strong></span> 
     </span>
    </p>
   </div>
   <div class='ocr_carea' id='block_1_14' title="bbox 284 1365 1884 1441">
    <p class='ocr_par' dir='ltr' id='par_1_14' title="bbox 284 1365 1884 1441">
     <span class='ocr_line' id='line_1_14' title="bbox 284 1365 1884 1441; baseline -0.001 -18"><span class='ocrx_word' id='word_1_84' title='bbox 284 1365 380 1423; x_wconf 71' lang='grc'><strong>87.</strong></span> <span class='ocrx_word' id='word_1_85' title='bbox 421 1368 613 1441; x_wconf 79' lang='lat' dir='ltr'><strong>Jugum</strong></span> <span class='ocrx_word' id='word_1_86' title='bbox 641 1380 926 1437; x_wconf 83' lang='lat' dir='ltr'><strong>excutere;</strong></span> <span class='ocrx_word' id='word_1_87' title='bbox 956 1380 1001 1425; x_wconf 87' lang='lat' dir='ltr'><strong>et</strong></span> <span class='ocrx_word' id='word_1_88' title='bbox 1034 1369 1348 1425; x_wconf 81' lang='lat' dir='ltr'><strong>:Cervicem</strong></span> <span class='ocrx_word' id='word_1_89' title='bbox 1387 1384 1414 1422; x_wconf 87' lang='lat' dir='ltr'><strong>a</strong></span> <span class='ocrx_word' id='word_1_90' title='bbox 1448 1369 1577 1438; x_wconf 85' lang='lat' dir='ltr'><strong>jugo</strong></span> <span class='ocrx_word' id='word_1_91' title='bbox 1603 1381 1884 1424; x_wconf 73' lang='lat' dir='ltr'><strong>excusare.</strong></span> 
     </span>
    </p>
   </div>
   <div class='ocr_carea' id='block_1_15' title="bbox 326 1481 1830 1556">
    <p class='ocr_par' dir='ltr' id='par_1_15' title="bbox 326 1481 1830 1556">
     <span class='ocr_line' id='line_1_15' title="bbox 326 1481 1830 1556; baseline -0.003 -17"><span class='ocrx_word' id='word_1_92' title='bbox 326 1484 475 1540; x_wconf 82' lang='lat' dir='ltr'><strong>Tant.</strong></span> <span class='ocrx_word' id='word_1_93' title='bbox 508 1487 572 1542; x_wconf 73' lang='grc' dir='ltr'><strong>γ.</strong></span> <span class='ocrx_word' id='word_1_94' title='bbox 604 1487 691 1541; x_wconf 93' lang='lat' dir='ltr'><strong>lib.</strong></span> <span class='ocrx_word' id='word_1_95' title='bbox 717 1486 779 1542; x_wconf 88' lang='lat' dir='ltr'><strong>de</strong></span> <span class='ocrx_word' id='word_1_96' title='bbox 805 1486 991 1541; x_wconf 86' lang='lat' dir='ltr'><strong>Pudic.</strong></span> <span class='ocrx_word' id='word_1_97' title='bbox 1022 1502 1134 1556; x_wconf 85' lang='lat' dir='ltr'><strong>cap.</strong></span> <span class='ocrx_word' id='word_1_98' title='bbox 1160 1487 1247 1540; x_wconf 82' lang='grc'><strong>10.</strong></span> <span class='ocrx_word' id='word_1_99' title='bbox 1277 1485 1525 1539; x_wconf 68' lang='lat' dir='ltr'><strong>12.1mm.</strong></span> <span class='ocrx_word' id='word_1_100' title='bbox 1557 1483 1648 1538; x_wconf 90' lang='grc'><strong>81.</strong></span> <span class='ocrx_word' id='word_1_101' title='bbox 1670 1492 1719 1537; x_wconf 75' lang='lat' dir='ltr'><strong>et</strong></span> <span class='ocrx_word' id='word_1_102' title='bbox 1741 1481 1830 1537; x_wconf 82' lang='lat'><strong>95.</strong></span> 
     </span>
    </p>
   </div>
   <div class='ocr_carea' id='block_1_16' title="bbox 359 1596 1889 1671">
    <p class='ocr_par' dir='ltr' id='par_1_16' title="bbox 359 1596 1889 1671">
     <span class='ocr_line' id='line_1_16' title="bbox 359 1596 1889 1671; baseline -0.002 -18"><span class='ocrx_word' id='word_1_103' title='bbox 359 1599 582 1670; x_wconf 87' lang='lat' dir='ltr'><strong>Jugum,</strong></span> <span class='ocrx_word' id='word_1_104' title='bbox 615 1600 754 1671; x_wconf 92' lang='lat' dir='ltr'><strong>quod</strong></span> <span class='ocrx_word' id='word_1_105' title='bbox 787 1600 949 1655; x_wconf 93' lang='lat' dir='ltr'><strong>boves</strong></span> <span class='ocrx_word' id='word_1_106' title='bbox 977 1600 1202 1654; x_wconf 88' lang='lat' dir='ltr'><strong>induunt</strong></span> <span class='ocrx_word' id='word_1_107' title='bbox 1240 1610 1361 1653; x_wconf 86' lang='lat' dir='ltr'><strong>cum</strong></span> <span class='ocrx_word' id='word_1_108' title='bbox 1411 1596 1629 1653; x_wconf 84' lang='lat' dir='ltr'><strong>trahunt</strong></span> <span class='ocrx_word' id='word_1_109' title='bbox 1650 1604 1889 1651; x_wconf 82' lang='lat' dir='ltr'><strong>aratrum</strong></span> 
     </span>
    </p>
   </div>
   <div class='ocr_carea' id='block_1_17' title="bbox 273 1690 1888 1760">
    <p class='ocr_par' dir='ltr' id='par_1_17' title="bbox 273 1690 1888 1760">
     <span class='ocr_line' id='line_1_17' title="bbox 273 1690 1888 1760; baseline -0.002 -14"><span class='ocrx_word' id='word_1_110' title='bbox 273 1693 371 1747; x_wconf 80' lang='lat' dir='ltr'><strong>vel</strong></span> <span class='ocrx_word' id='word_1_111' title='bbox 415 1708 653 1747; x_wconf 88' lang='lat' dir='ltr'><strong>currum.</strong></span> <span class='ocrx_word' id='word_1_112' title='bbox 686 1693 857 1747; x_wconf 88' lang='lat' dir='ltr'><strong>Cicer.</strong></span> <span class='ocrx_word' id='word_1_113' title='bbox 902 1693 1068 1747; x_wconf 89' lang='lat' dir='ltr'><strong>Boum</strong></span> <span class='ocrx_word' id='word_1_114' title='bbox 1110 1692 1351 1747; x_wconf 82' lang='lat' dir='ltr'><strong>cervices</strong></span> <span class='ocrx_word' id='word_1_115' title='bbox 1396 1700 1535 1746; x_wconf 78' lang='lat' dir='ltr'><strong>nata:</strong></span> <span class='ocrx_word' id='word_1_116' title='bbox 1580 1690 1647 1744; x_wconf 85' lang='lat' dir='ltr'><strong>ad</strong></span> <span class='ocrx_word' id='word_1_117' title='bbox 1680 1692 1888 1760; x_wconf 86' lang='lat' dir='ltr'><strong>jugum.</strong></span> 
     </span>
    </p>
   </div>
   <div class='ocr_carea' id='block_1_18' title="bbox 238 1770 1661 1859">
    <p class='ocr_par' dir='ltr' id='par_1_18' title="bbox 238 1770 1661 1859">
     <span class='ocr_line' id='line_1_18' title="bbox 238 1770 1661 1859; baseline -0.004 -19"><span class='ocrx_word' id='word_1_118' title='bbox 238 1784 682 1859; x_wconf 14' lang='lat' dir='ltr'><strong>’Metapboricas</strong></span> <span class='ocrx_word' id='word_1_119' title='bbox 714 1784 1025 1839; x_wconf 70' lang='lat' dir='ltr'><strong>servitutem</strong></span> <span class='ocrx_word' id='word_1_120' title='bbox 1072 1795 1165 1838; x_wconf 88' lang='lat' dir='ltr'><strong>aut</strong></span> <span class='ocrx_word' id='word_1_121' title='bbox 1208 1799 1345 1838; x_wconf 84' lang='lat' dir='ltr'><strong>onus</strong></span> <span class='ocrx_word' id='word_1_122' title='bbox 1394 1798 1557 1853; x_wconf 87' lang='lat' dir='ltr'><strong>grave</strong></span> <span class='ocrx_word' id='word_1_123' title='bbox 1601 1770 1661 1852; x_wconf 59' lang='lat' dir='ltr'><strong>sij</strong></span> 
     </span>
    </p>
   </div>
   <div class='ocr_carea' id='block_1_19' title="bbox 282 1867 1891 1947">
    <p class='ocr_par' dir='ltr' id='par_1_19' title="bbox 282 1867 1891 1947">
     <span class='ocr_line' id='line_1_19' title="bbox 282 1867 1891 1947; baseline -0.002 -17"><span class='ocrx_word' id='word_1_124' title='bbox 282 1876 422 1930; x_wconf 87' lang='lat' dir='ltr'><strong>lliuc</strong></span> <span class='ocrx_word' id='word_1_125' title='bbox 447 1877 531 1930; x_wconf 89' lang='lat' dir='ltr'><strong>illa</strong></span> <span class='ocrx_word' id='word_1_126' title='bbox 556 1894 567 1929; x_wconf 87' lang='lat'><strong>:</strong></span> <span class='ocrx_word' id='word_1_127' title='bbox 589 1877 680 1929; x_wconf 74' lang='lat' dir='ltr'><strong>sub</strong></span> <span class='ocrx_word' id='word_1_128' title='bbox 700 1877 887 1946; x_wconf 81' lang='lat' dir='ltr'><strong>jugum</strong></span> <span class='ocrx_word' id='word_1_129' title='bbox 914 1877 1125 1931; x_wconf 75' lang='lat' dir='ltr'><strong>mittere.</strong></span> <span class='ocrx_word' id='word_1_130' title='bbox 1157 1867 1351 1947; x_wconf 78' lang='lat' dir='ltr'><strong>Jug&#39;um</strong></span> <span class='ocrx_word' id='word_1_131' title='bbox 1379 1874 1615 1945; x_wconf 83' lang='lat' dir='ltr'><strong>dejicere</strong></span> <span class='ocrx_word' id='word_1_132' title='bbox 1643 1889 1674 1927; x_wconf 88' lang='lat' dir='ltr'><strong>a</strong></span> <span class='ocrx_word' id='word_1_133' title='bbox 1715 1873 1891 1928; x_wconf 53' lang='lat' dir='ltr'><strong>cervi.</strong></span> 
     </span>
    </p>
   </div>
   <div class='ocr_carea' id='block_1_20' title="bbox 282 1968 1891 2042">
    <p class='ocr_par' dir='ltr' id='par_1_20' title="bbox 282 1968 1891 2042">
     <span class='ocr_line' id='line_1_20' title="bbox 282 1968 1891 2042; baseline 0.001 -19"><span class='ocrx_word' id='word_1_134' title='bbox 282 1969 455 2033; x_wconf 84' lang='lat' dir='ltr'><strong>cibus,</strong></span> <span class='ocrx_word' id='word_1_135' title='bbox 481 1977 562 2023; x_wconf 89' lang='lat' dir='ltr'><strong>est</strong></span> <span class='ocrx_word' id='word_1_136' title='bbox 583 1986 597 2022; x_wconf 84' lang='lat'><strong>:</strong></span> <span class='ocrx_word' id='word_1_137' title='bbox 620 1968 850 2024; x_wconf 83' lang='lat' dir='ltr'><strong>liberare</strong></span> <span class='ocrx_word' id='word_1_138' title='bbox 872 1969 1106 2024; x_wconf 89' lang='lat' dir='ltr'><strong>violenta</strong></span> <span class='ocrx_word' id='word_1_139' title='bbox 1135 1968 1691 2042; x_wconf 84' lang='lat' dir='ltr'><strong>dominatione,_gravi</strong></span> <span class='ocrx_word' id='word_1_140' title='bbox 1726 1981 1891 2024; x_wconf 89' lang='lat' dir='ltr'><strong>onere</strong></span> 
     </span>
    </p>
   </div>
   <div class='ocr_carea' id='block_1_21' title="bbox 282 2060 1413 2133">
    <p class='ocr_par' dir='ltr' id='par_1_21' title="bbox 282 2060 1413 2133">
     <span class='ocr_line' id='line_1_21' title="bbox 282 2060 1413 2133; baseline -0.002 -17"><span class='ocrx_word' id='word_1_141' title='bbox 282 2062 576 2117; x_wconf 82' lang='lat' dir='ltr'><strong>servitutis.</strong></span> <span class='ocrx_word' id='word_1_142' title='bbox 605 2062 852 2118; x_wconf 87' lang='lat' dir='ltr'><strong>Coutrar.</strong></span> <span class='ocrx_word' id='word_1_143' title='bbox 882 2062 1027 2133; x_wconf 87' lang='lat' dir='ltr'><strong>apud</strong></span> <span class='ocrx_word' id='word_1_144' title='bbox 1052 2062 1237 2133; x_wconf 80' lang='lat' dir='ltr'><strong>Virgil.</strong></span> <span class='ocrx_word' id='word_1_145' title='bbox 1264 2060 1365 2116; x_wconf 81' lang='grc' dir='ltr'><strong>ΧΠ</strong></span> <span class='ocrx_word' id='word_1_146' title='bbox 1399 2079 1413 2114; x_wconf 86' lang='grc'>;</span> 
     </span>
    </p>
   </div>
   <div class='ocr_carea' id='block_1_22' title="bbox 422 2170 1633 2237">
    <p class='ocr_par' dir='ltr' id='par_1_22' title="bbox 422 2170 1633 2237">
     <span class='ocr_line' id='line_1_22' title="bbox 422 2170 1633 2237; baseline -0.001 -15"><span class='ocrx_word' id='word_1_147' title='bbox 422 2173 478 2222; x_wconf 84' lang='lat' dir='ltr'><strong>Ni</strong></span> <span class='ocrx_word' id='word_1_148' title='bbox 502 2173 693 2223; x_wconf 80' lang='lat' dir='ltr'><strong>frenum</strong></span> <span class='ocrx_word' id='word_1_149' title='bbox 713 2174 960 2236; x_wconf 87' lang='lat' dir='ltr'><strong>accipere,</strong></span> <span class='ocrx_word' id='word_1_150' title='bbox 990 2178 1043 2224; x_wconf 85' lang='lat' dir='ltr'><strong>ct</strong></span> <span class='ocrx_word' id='word_1_151' title='bbox 1066 2175 1178 2224; x_wconf 90' lang='lat' dir='ltr'><strong>victi</strong></span> <span class='ocrx_word' id='word_1_152' title='bbox 1203 2186 1379 2237; x_wconf 88' lang='lat' dir='ltr'><strong>parere</strong></span> <span class='ocrx_word' id='word_1_153' title='bbox 1403 2170 1633 2222; x_wconf 88' lang='lat' dir='ltr'><strong>fatentur.</strong></span> 
     </span>
    </p>
   </div>
   <div class='ocr_carea' id='block_1_23' title="bbox 299 2278 1891 2351">
    <p class='ocr_par' dir='ltr' id='par_1_23' title="bbox 299 2278 1891 2351">
     <span class='ocr_line' id='line_1_23' title="bbox 299 2278 1891 2351; baseline -0.001 -17"><span class='ocrx_word' id='word_1_154' title='bbox 299 2278 553 2347; x_wconf 67' lang='lat' dir='ltr'><strong>Tertull,</strong></span> <span class='ocrx_word' id='word_1_155' title='bbox 576 2278 647 2335; x_wconf 85' lang='lat' dir='ltr'><strong>lib</strong></span> <span class='ocrx_word' id='word_1_156' title='bbox 668 2281 733 2336; x_wconf 88' lang='lat' dir='ltr'><strong>de</strong></span> <span class='ocrx_word' id='word_1_157' title='bbox 754 2279 888 2335; x_wconf 89' lang='lat' dir='ltr'><strong>ldol.</strong></span> <span class='ocrx_word' id='word_1_158' title='bbox 906 2279 1177 2335; x_wconf 79' lang='lat' dir='ltr'><strong>Vinculum</strong></span> <span class='ocrx_word' id='word_1_159' title='bbox 1195 2291 1241 2333; x_wconf 87' lang='lat' dir='ltr'><strong>et</strong></span> <span class='ocrx_word' id='word_1_160' title='bbox 1256 2282 1446 2351; x_wconf 81' lang='lat' dir='ltr'><strong>jugttm</strong></span> <span class='ocrx_word' id='word_1_161' title='bbox 1466 2280 1606 2333; x_wconf 81' lang='lat' dir='ltr'><strong>nobis</strong></span> <span class='ocrx_word' id='word_1_162' title='bbox 1628 2279 1891 2345; x_wconf 76' lang='lat' dir='ltr'><strong>relaxavit,</strong></span> 
     </span>
    </p>
   </div>
   <div class='ocr_carea' id='block_1_24' title="bbox 222 2371 1896 2461">
    <p class='ocr_par' dir='ltr' id='par_1_24' title="bbox 222 2371 1896 2461">
     <span class='ocr_line' id='line_1_24' title="bbox 222 2371 1896 2461; baseline 0.001 -34"><span class='ocrx_word' id='word_1_163' title='bbox 222 2454 229 2461; x_wconf 27' lang='grc' dir='ltr'><strong><em>ο</em></strong></span> <span class='ocrx_word' id='word_1_164' title='bbox 286 2381 343 2427; x_wconf 87' lang='lat' dir='ltr'><strong>et</strong></span> <span class='ocrx_word' id='word_1_165' title='bbox 373 2372 468 2426; x_wconf 87' lang='lat' dir='ltr'><strong>lib.</strong></span> <span class='ocrx_word' id='word_1_166' title='bbox 498 2371 563 2427; x_wconf 91' lang='lat' dir='ltr'><strong>de</strong></span> <span class='ocrx_word' id='word_1_167' title='bbox 610 2372 795 2429; x_wconf 85' lang='lat' dir='ltr'><strong>Pudic.</strong></span> <span class='ocrx_word' id='word_1_168' title='bbox 828 2372 1052 2444; x_wconf 79' lang='lat' dir='ltr'><strong>Operam</strong></span> <span class='ocrx_word' id='word_1_169' title='bbox 1071 2376 1205 2445; x_wconf 83' lang='lat' dir='ltr'><strong>juga</strong></span> <span class='ocrx_word' id='word_1_170' title='bbox 1231 2374 1416 2445; x_wconf 81' lang='lat' dir='ltr'><strong>rejecta</strong></span> <span class='ocrx_word' id='word_1_171' title='bbox 1443 2383 1580 2439; x_wconf 82' lang='lat' dir='ltr'><strong>sunt,</strong></span> <span class='ocrx_word' id='word_1_172' title='bbox 1611 2390 1711 2428; x_wconf 88' lang='lat' dir='ltr'><strong>non</strong></span> <span class='ocrx_word' id='word_1_173' title='bbox 1739 2375 1896 2429; x_wconf 80' lang='lat' dir='ltr'><strong>disci-</strong></span> 
     </span>
    </p>
   </div>
   <div class='ocr_carea' id='block_1_25' title="bbox 287 2465 566 2535">
    <p class='ocr_par' dir='ltr' id='par_1_25' title="bbox 287 2465 566 2535">
     <span class='ocr_line' id='line_1_25' title="bbox 287 2465 566 2535; baseline 0 -17"><span class='ocrx_word' id='word_1_174' title='bbox 287 2465 566 2535; x_wconf 84' lang='lat' dir='ltr'><strong>plinarum.</strong></span> 
     </span>
    </p>
   </div>
   <div class='ocr_carea' id='block_1_26' title="bbox 287 2579 1890 2639">
    <p class='ocr_par' dir='ltr' id='par_1_26' title="bbox 287 2579 1890 2639">
     <span class='ocr_line' id='line_1_26' title="bbox 287 2579 1890 2639; baseline -0.001 -3"><span class='ocrx_word' id='word_1_175' title='bbox 287 2579 377 2637; x_wconf 90' lang='lat'><strong>88.</strong></span> <span class='ocrx_word' id='word_1_176' title='bbox 419 2580 618 2637; x_wconf 66' lang='lat' dir='ltr'><strong>Lamiae</strong></span> <span class='ocrx_word' id='word_1_177' title='bbox 654 2591 851 2638; x_wconf 84' lang='lat' dir='ltr'><strong>turres.</strong></span> <span class='ocrx_word' id='word_1_178' title='bbox 884 2581 1028 2637; x_wconf 87' lang='lat' dir='ltr'><strong>Tom.</strong></span> <span class='ocrx_word' id='word_1_179' title='bbox 1061 2582 1147 2637; x_wconf 91' lang='lat' dir='ltr'><strong>lII.</strong></span> <span class='ocrx_word' id='word_1_180' title='bbox 1177 2582 1266 2638; x_wconf 84' lang='lat' dir='ltr'><strong>lib.</strong></span> <span class='ocrx_word' id='word_1_181' title='bbox 1295 2582 1494 2637; x_wconf 77' lang='lat' dir='ltr'><strong>advers.</strong></span> <span class='ocrx_word' id='word_1_182' title='bbox 1535 2580 1729 2636; x_wconf 80' lang='lat' dir='ltr'><strong>Valent.</strong></span> <span class='ocrx_word' id='word_1_183' title='bbox 1761 2598 1807 2635; x_wconf 78' lang='grc' dir='ltr'><strong>ο.</strong></span> <span class='ocrx_word' id='word_1_184' title='bbox 1838 2583 1890 2639; x_wconf 82' lang='lat'><strong>3.</strong></span> 
     </span>
    </p>
   </div>
   <div class='ocr_carea' id='block_1_27' title="bbox 941 2678 1205 2732">
    <p class='ocr_par' dir='ltr' id='par_1_27' title="bbox 941 2678 1205 2732">
     <span class='ocr_line' id='line_1_27' title="bbox 941 2678 1205 2732; baseline 0 -3"><span class='ocrx_word' id='word_1_185' title='bbox 941 2694 1082 2731; x_wconf 81' lang='lat' dir='ltr'><strong>nam.</strong></span> <span class='ocrx_word' id='word_1_186' title='bbox 1114 2678 1205 2732; x_wconf 79' lang='lat'><strong>‘25.</strong></span> 
     </span>
    </p>
   </div>
   <div class='ocr_carea' id='block_1_28' title="bbox 360 2788 1892 2846">
    <p class='ocr_par' dir='ltr' id='par_1_28' title="bbox 360 2788 1892 2846">
     <span class='ocr_line' id='line_1_28' title="bbox 360 2788 1892 2846; baseline 0 -2"><span class='ocrx_word' id='word_1_187' title='bbox 360 2789 437 2846; x_wconf 88' lang='lat' dir='ltr'><strong>De</strong></span> <span class='ocrx_word' id='word_1_188' title='bbox 458 2790 651 2845; x_wconf 80' lang='lat' dir='ltr'><strong>Lamiis</strong></span> <span class='ocrx_word' id='word_1_189' title='bbox 673 2792 837 2845; x_wconf 88' lang='lat' dir='ltr'><strong>multa</strong></span> <span class='ocrx_word' id='word_1_190' title='bbox 857 2791 1148 2846; x_wconf 87' lang='lat' dir='ltr'><strong>Politianus</strong></span> <span class='ocrx_word' id='word_1_191' title='bbox 1170 2791 1222 2845; x_wconf 90' lang='lat' dir='ltr'><strong>in</strong></span> <span class='ocrx_word' id='word_1_192' title='bbox 1243 2790 1567 2845; x_wconf 71' lang='lat' dir='ltr'><strong>Prtefatione</strong></span> <span class='ocrx_word' id='word_1_193' title='bbox 1588 2788 1640 2845; x_wconf 86' lang='lat' dir='ltr'><strong>in</strong></span> <span class='ocrx_word' id='word_1_194' title='bbox 1671 2790 1892 2845; x_wconf 84' lang='lat' dir='ltr'><strong>Dlalect.</strong></span> 
     </span>
    </p>
   </div>
   <div class='ocr_carea' id='block_1_29' title="bbox 299 2880 1896 2952">
    <p class='ocr_par' dir='ltr' id='par_1_29' title="bbox 299 2880 1896 2952">
     <span class='ocr_line' id='line_1_29' title="bbox 299 2880 1896 2952; baseline -0.001 -16"><span class='ocrx_word' id='word_1_195' title='bbox 299 2891 355 2936; x_wconf 88' lang='lat' dir='ltr'><strong>et</strong></span> <span class='ocrx_word' id='word_1_196' title='bbox 398 2881 747 2937; x_wconf 85' lang='lat' dir='ltr'><strong>Brassicanus</strong></span> <span class='ocrx_word' id='word_1_197' title='bbox 791 2881 907 2952; x_wconf 84' lang='lat' dir='ltr'><strong>ejus</strong></span> <span class='ocrx_word' id='word_1_198' title='bbox 955 2889 1364 2946; x_wconf 81' lang='lat' dir='ltr'><strong>commentator,</strong></span> <span class='ocrx_word' id='word_1_199' title='bbox 1411 2881 1666 2936; x_wconf 84' lang='lat' dir='ltr'><strong>Hadrian.</strong></span> <span class='ocrx_word' id='word_1_200' title='bbox 1706 2880 1896 2936; x_wconf 88' lang='lat' dir='ltr'><strong>Junius</strong></span> 
     </span>
    </p>
   </div>
   <div class='ocr_carea' id='block_1_30' title="bbox 292 2971 1891 3045">
    <p class='ocr_par' dir='ltr' id='par_1_30' title="bbox 292 2971 1891 3045">
     <span class='ocr_line' id='line_1_30' title="bbox 292 2971 1891 3045; baseline -0.003 -17"><span class='ocrx_word' id='word_1_201' title='bbox 292 2972 496 3045; x_wconf 81' lang='lat' dir='ltr'><strong>Adagio</strong></span> <span class='ocrx_word' id='word_1_202' title='bbox 543 2974 631 3029; x_wconf 72' lang='grc'><strong>51.</strong></span> <span class='ocrx_word' id='word_1_203' title='bbox 683 2974 835 3029; x_wconf 88' lang='lat' dir='ltr'><strong>Cent.</strong></span> <span class='ocrx_word' id='word_1_204' title='bbox 863 2973 921 3027; x_wconf 74' lang='grc'><strong>2.</strong></span> <span class='ocrx_word' id='word_1_205' title='bbox 957 2984 1011 3028; x_wconf 90' lang='lat' dir='ltr'><strong>et</strong></span> <span class='ocrx_word' id='word_1_206' title='bbox 1035 2974 1166 3029; x_wconf 67' lang='lat' dir='ltr'><strong>thl.</strong></span> <span class='ocrx_word' id='word_1_207' title='bbox 1191 2972 1448 3044; x_wconf 83' lang='lat' dir='ltr'><strong>Rhodrig.</strong></span> <span class='ocrx_word' id='word_1_208' title='bbox 1476 2989 1525 3028; x_wconf 92' lang='lat' dir='ltr'><strong>c.</strong></span> <span class='ocrx_word' id='word_1_209' title='bbox 1552 2974 1603 3027; x_wconf 85' lang='grc'><strong>5.</strong></span> <span class='ocrx_word' id='word_1_210' title='bbox 1632 2973 1665 3026; x_wconf 93' lang='grc' dir='ltr'><strong>Ι.</strong></span> <span class='ocrx_word' id='word_1_211' title='bbox 1701 2971 1891 3027; x_wconf 70' lang='lat' dir='ltr'><strong>XXIX.</strong></span> 
     </span>
    </p>
   </div>
   <div class='ocr_carea' id='block_1_31' title="bbox 301 3063 1897 3135">
    <p class='ocr_par' dir='ltr' id='par_1_31' title="bbox 301 3063 1897 3135">
     <span class='ocr_line' id='line_1_31' title="bbox 301 3063 1897 3135; baseline 0.001 -17"><span class='ocrx_word' id='word_1_212' title='bbox 301 3065 389 3119; x_wconf 89' lang='lat' dir='ltr'><strong>ubi</strong></span> <span class='ocrx_word' id='word_1_213' title='bbox 418 3063 486 3120; x_wconf 90' lang='lat' dir='ltr'><strong>de</strong></span> <span class='ocrx_word' id='word_1_214' title='bbox 513 3064 747 3135; x_wconf 77' lang='lat' dir='ltr'><strong>Menippi</strong></span> <span class='ocrx_word' id='word_1_215' title='bbox 777 3064 924 3135; x_wconf 81' lang='lat' dir='ltr'><strong>Lycii</strong></span> <span class='ocrx_word' id='word_1_216' title='bbox 948 3066 1142 3129; x_wconf 88' lang='lat' dir='ltr'><strong>amica,</strong></span> <span class='ocrx_word' id='word_1_217' title='bbox 1172 3065 1223 3118; x_wconf 90' lang='lat' dir='ltr'><strong>in</strong></span> <span class='ocrx_word' id='word_1_218' title='bbox 1251 3064 1531 3134; x_wconf 85' lang='lat' dir='ltr'><strong>conjugem</strong></span> <span class='ocrx_word' id='word_1_219' title='bbox 1557 3064 1775 3133; x_wconf 83' lang='lat' dir='ltr'><strong>jamjam</strong></span> <span class='ocrx_word' id='word_1_220' title='bbox 1806 3063 1897 3119; x_wconf 86' lang='lat' dir='ltr'><strong>ad-</strong></span> 
     </span>
    </p>
   </div>
   <div class='ocr_carea' id='block_1_32' title="bbox 292 3150 1968 3238">
    <p class='ocr_par' dir='ltr' id='par_1_32' title="bbox 292 3150 1968 3238">
     <span class='ocr_line' id='line_1_32' title="bbox 292 3150 1968 3238; baseline -0.001 -28"><span class='ocrx_word' id='word_1_221' title='bbox 292 3155 573 3233; x_wconf 86' lang='lat' dir='ltr'><strong>sciscenda</strong></span> <span class='ocrx_word' id='word_1_222' title='bbox 603 3197 617 3220; x_wconf 90' lang='lat'><strong>,</strong></span> <span class='ocrx_word' id='word_1_223' title='bbox 650 3164 770 3225; x_wconf 89' lang='lat' dir='ltr'><strong>post</strong></span> <span class='ocrx_word' id='word_1_224' title='bbox 802 3155 969 3233; x_wconf 67' lang='lat' dir='ltr'><strong>multa</strong></span> <span class='ocrx_word' id='word_1_225' title='bbox 994 3157 1067 3238; x_wconf 78' lang='lat' dir='ltr'><strong>ait</strong></span> <span class='ocrx_word' id='word_1_226' title='bbox 1092 3155 1304 3226; x_wconf 87' lang='lat' dir='ltr'><strong>quidam</strong></span> <span class='ocrx_word' id='word_1_227' title='bbox 1338 3154 1685 3225; x_wconf 82' lang='lat' dir='ltr'><strong>philosophus</strong></span> <span class='ocrx_word' id='word_1_228' title='bbox 1711 3172 1723 3208; x_wconf 91' lang='lat'><strong>:</strong></span> <span class='ocrx_word' id='word_1_229' title='bbox 1752 3154 1893 3209; x_wconf 84' lang='lat' dir='ltr'><strong>Bella</strong></span> <span class='ocrx_word' id='word_1_230' title='bbox 1921 3150 1968 3220; x_wconf 55' lang='grc' dir='ltr'><strong>(Γ,</strong></span> 
     </span>
    </p>
   </div>
   <div class='ocr_carea' id='block_1_33' title="bbox 296 3237 1897 3317">
    <p class='ocr_par' dir='ltr' id='par_1_33' title="bbox 296 3237 1897 3317">
     <span class='ocr_line' id='line_1_33' title="bbox 296 3237 1897 3317; baseline 0 -17"><span class='ocrx_word' id='word_1_231' title='bbox 296 3245 415 3302; x_wconf 70' lang='lat' dir='ltr'><strong>lucc</strong></span> <span class='ocrx_word' id='word_1_232' title='bbox 437 3262 630 3317; x_wconf 85' lang='lat' dir='ltr'><strong>sponsa</strong></span> <span class='ocrx_word' id='word_1_233' title='bbox 655 3258 758 3301; x_wconf 92' lang='lat' dir='ltr'><strong>una</strong></span> <span class='ocrx_word' id='word_1_234' title='bbox 781 3255 861 3301; x_wconf 92' lang='lat' dir='ltr'><strong>est</strong></span> <span class='ocrx_word' id='word_1_235' title='bbox 873 3237 1255 3315; x_wconf 67' lang='grc' dir='ltr'><strong>τῶνέμπουσῶν,</strong></span> <span class='ocrx_word' id='word_1_236' title='bbox 1279 3249 1334 3308; x_wconf 83' lang='grc' dir='ltr'><strong>ἆς</strong></span> <span class='ocrx_word' id='word_1_237' title='bbox 1359 3256 1533 3315; x_wconf 61' lang='lat' dir='ltr'><strong>Impia;</strong></span> <span class='ocrx_word' id='word_1_238' title='bbox 1547 3271 1596 3301; x_wconf 76' lang='grc' dir='ltr'><strong>τι</strong></span> <span class='ocrx_word' id='word_1_239' title='bbox 1622 3254 1699 3301; x_wconf 80' lang='grc' dir='ltr'><strong>καὶ</strong></span> <span class='ocrx_word' id='word_1_240' title='bbox 1721 3270 1897 3317; x_wconf 75' lang='grc' dir='ltr'><strong>μορμο-</strong></span> 
     </span>
    </p>
   </div>
   <div class='ocr_carea' id='block_1_34' title="bbox 293 3339 1895 3409">
    <p class='ocr_par' dir='ltr' id='par_1_34' title="bbox 293 3339 1895 3409">
     <span class='ocr_line' id='line_1_34' title="bbox 293 3339 1895 3409; baseline 0.002 -18"><span class='ocrx_word' id='word_1_241' title='bbox 293 3346 458 3398; x_wconf 39' lang='grc' dir='ltr'><strong>ὶλυκίας</strong></span> <span class='ocrx_word' id='word_1_242' title='bbox 477 3346 522 3391; x_wconf 84' lang='lat' dir='ltr'><strong>ol</strong></span> <span class='ocrx_word' id='word_1_243' title='bbox 535 3346 696 3392; x_wconf 73' lang='grc' dir='ltr'><strong>πολλοὶ</strong></span> <span class='ocrx_word' id='word_1_244' title='bbox 710 3346 887 3394; x_wconf 71' lang='grc' dir='ltr'><strong>νοοῦσιν</strong></span> <span class='ocrx_word' id='word_1_245' title='bbox 902 3339 1050 3405; x_wconf 64' lang='grc' dir='ltr'><strong>εἶναι,</strong></span> <span class='ocrx_word' id='word_1_246' title='bbox 1066 3340 1168 3393; x_wconf 86' lang='lat' dir='ltr'><strong>hoc</strong></span> <span class='ocrx_word' id='word_1_247' title='bbox 1186 3350 1265 3395; x_wconf 88' lang='lat' dir='ltr'><strong>est</strong></span> <span class='ocrx_word' id='word_1_248' title='bbox 1284 3356 1298 3393; x_wconf 73' lang='grc' dir='ltr'>ε</span> <span class='ocrx_word' id='word_1_249' title='bbox 1316 3353 1384 3393; x_wconf 85' lang='lat' dir='ltr'><strong>ex</strong></span> <span class='ocrx_word' id='word_1_250' title='bbox 1401 3339 1670 3409; x_wconf 87' lang='lat' dir='ltr'><strong>Empusis,</strong></span> <span class='ocrx_word' id='word_1_251' title='bbox 1694 3352 1827 3409; x_wconf 85' lang='lat' dir='ltr'><strong>quas</strong></span> <span class='ocrx_word' id='word_1_252' title='bbox 1841 3348 1895 3395; x_wconf 90' lang='lat' dir='ltr'><strong>et</strong></span> 
     </span>
    </p>
   </div>
   <div class='ocr_carea' id='block_1_35' title="bbox 293 3427 1892 3503">
    <p class='ocr_par' dir='ltr' id='par_1_35' title="bbox 293 3427 1892 3503">
     <span class='ocr_line' id='line_1_35' title="bbox 293 3427 1892 3503; baseline 0.003 -21"><span class='ocrx_word' id='word_1_253' title='bbox 293 3427 509 3483; x_wconf 75' lang='lat' dir='ltr'><strong>Lamias</strong></span> <span class='ocrx_word' id='word_1_254' title='bbox 529 3438 583 3485; x_wconf 87' lang='lat' dir='ltr'><strong>et</strong></span> <span class='ocrx_word' id='word_1_255' title='bbox 605 3430 976 3503; x_wconf 77' lang='lat' dir='ltr'><strong>Mormulycias</strong></span> <span class='ocrx_word' id='word_1_256' title='bbox 996 3432 1236 3502; x_wconf 81' lang='lat' dir='ltr'><strong>plerique</strong></span> <span class='ocrx_word' id='word_1_257' title='bbox 1265 3439 1475 3502; x_wconf 82' lang='lat' dir='ltr'><strong>putant.</strong></span> <span class='ocrx_word' id='word_1_258' title='bbox 1498 3429 1686 3486; x_wconf 80' lang='lat' dir='ltr'><strong>Turres</strong></span> <span class='ocrx_word' id='word_1_259' title='bbox 1711 3439 1892 3488; x_wconf 67' lang='lat' dir='ltr'><strong>auitam</strong></span> 
     </span>
    </p>
   </div>
   <div class='ocr_carea' id='block_1_36' title="bbox 293 3522 1891 3595">
    <p class='ocr_par' dir='ltr' id='par_1_36' title="bbox 293 3522 1891 3595">
     <span class='ocr_line' id='line_1_36' title="bbox 293 3522 1891 3595; baseline 0.004 -21"><span class='ocrx_word' id='word_1_260' title='bbox 293 3530 698 3576; x_wconf 89' lang='lat' dir='ltr'><strong>commemorat.</strong></span> <span class='ocrx_word' id='word_1_261' title='bbox 758 3522 982 3578; x_wconf 78' lang='lat' dir='ltr'><strong>Tertull.</strong></span> <span class='ocrx_word' id='word_1_262' title='bbox 1035 3522 1181 3593; x_wconf 90' lang='lat' dir='ltr'><strong>quod</strong></span> <span class='ocrx_word' id='word_1_263' title='bbox 1236 3524 1507 3595; x_wconf 78' lang='lat' dir='ltr'><strong>ingentem</strong></span> <span class='ocrx_word' id='word_1_264' title='bbox 1552 3540 1771 3595; x_wconf 79' lang='lat' dir='ltr'><strong>specum</strong></span> <span class='ocrx_word' id='word_1_265' title='bbox 1821 3525 1891 3580; x_wconf 84' lang='lat' dir='ltr'><strong>ad</strong></span> 
     </span>
    </p>
   </div>
   <div class='ocr_carea' id='block_1_37' title="bbox 296 3611 1889 3687">
    <p class='ocr_par' dir='ltr' id='par_1_37' title="bbox 296 3611 1889 3687">
     <span class='ocr_line' id='line_1_37' title="bbox 296 3611 1889 3687; baseline 0.003 -21"><span class='ocrx_word' id='word_1_266' title='bbox 296 3612 444 3682; x_wconf 87' lang='lat' dir='ltr'><strong>rupis</strong></span> <span class='ocrx_word' id='word_1_267' title='bbox 486 3611 695 3668; x_wconf 81' lang='lat' dir='ltr'><strong>radices</strong></span> <span class='ocrx_word' id='word_1_268' title='bbox 734 3614 995 3670; x_wconf 86' lang='lat' dir='ltr'><strong>insedisse</strong></span> <span class='ocrx_word' id='word_1_269' title='bbox 1032 3615 1335 3670; x_wconf 83' lang='lat' dir='ltr'><strong>fabulantur</strong></span> <span class='ocrx_word' id='word_1_270' title='bbox 1366 3615 1598 3670; x_wconf 81' lang='lat' dir='ltr'><strong>Lamiam</strong></span> <span class='ocrx_word' id='word_1_271' title='bbox 1627 3618 1678 3671; x_wconf 92' lang='lat' dir='ltr'><strong>in</strong></span> <span class='ocrx_word' id='word_1_272' title='bbox 1708 3615 1889 3687; x_wconf 85' lang='lat' dir='ltr'><strong>Libyae</strong></span> 
     </span>
    </p>
   </div>
   <div class='ocr_carea' id='block_1_38' title="bbox 294 3703 1893 3780">
    <p class='ocr_par' dir='ltr' id='par_1_38' title="bbox 294 3703 1893 3780">
     <span class='ocr_line' id='line_1_38' title="bbox 294 3703 1893 3780; baseline 0.003 -22"><span class='ocrx_word' id='word_1_273' title='bbox 294 3703 431 3759; x_wconf 90' lang='lat' dir='ltr'><strong>locis</strong></span> <span class='ocrx_word' id='word_1_274' title='bbox 457 3706 718 3776; x_wconf 85' lang='lat' dir='ltr'><strong>reginam.</strong></span> <span class='ocrx_word' id='word_1_275' title='bbox 764 3706 977 3767; x_wconf 85' lang='lat' dir='ltr'><strong>Dicetur</strong></span> <span class='ocrx_word' id='word_1_276' title='bbox 1001 3708 1157 3777; x_wconf 82' lang='lat' dir='ltr'><strong>igitur</strong></span> <span class='ocrx_word' id='word_1_277' title='bbox 1181 3708 1248 3764; x_wconf 91' lang='lat' dir='ltr'><strong>de</strong></span> <span class='ocrx_word' id='word_1_278' title='bbox 1270 3710 1430 3764; x_wconf 89' lang='lat' dir='ltr'><strong>rebus</strong></span> <span class='ocrx_word' id='word_1_279' title='bbox 1452 3709 1504 3763; x_wconf 93' lang='lat' dir='ltr'><strong>in</strong></span> <span class='ocrx_word' id='word_1_280' title='bbox 1527 3710 1757 3780; x_wconf 89' lang='lat' dir='ltr'><strong>speciem</strong></span> <span class='ocrx_word' id='word_1_281' title='bbox 1782 3708 1893 3764; x_wconf 90' lang='lat' dir='ltr'><strong>for-</strong></span> 
     </span>
    </p>
   </div>
   <div class='ocr_carea' id='block_1_39' title="bbox 300 3792 1895 3870">
    <p class='ocr_par' dir='ltr' id='par_1_39' title="bbox 300 3792 1895 3870">
     <span class='ocr_line' id='line_1_39' title="bbox 300 3792 1895 3870; baseline 0.006 -22"><span class='ocrx_word' id='word_1_282' title='bbox 300 3792 677 3868; x_wconf 59' lang='lat' dir='ltr'><strong>midabilibus}</strong></span> <span class='ocrx_word' id='word_1_283' title='bbox 696 3794 749 3851; x_wconf 91' lang='lat' dir='ltr'><strong>in</strong></span> <span class='ocrx_word' id='word_1_284' title='bbox 778 3797 970 3867; x_wconf 86' lang='lat' dir='ltr'><strong>quibus</strong></span> <span class='ocrx_word' id='word_1_285' title='bbox 997 3797 1127 3852; x_wconf 90' lang='lat' dir='ltr'><strong>nihil</strong></span> <span class='ocrx_word' id='word_1_286' title='bbox 1156 3798 1283 3854; x_wconf 90' lang='lat' dir='ltr'><strong>insit</strong></span> <span class='ocrx_word' id='word_1_287' title='bbox 1306 3798 1551 3870; x_wconf 88' lang='lat' dir='ltr'><strong>periculi.</strong></span> <span class='ocrx_word' id='word_1_288' title='bbox 1580 3799 1804 3857; x_wconf 85' lang='lat' dir='ltr'><strong>Nomina</strong></span> <span class='ocrx_word' id='word_1_289' title='bbox 1828 3801 1895 3857; x_wconf 91' lang='lat' dir='ltr'><strong>ad</strong></span> 
     </span>
    </p>
   </div>
   <div class='ocr_carea' id='block_1_40' title="bbox 299 3886 1267 3956">
    <p class='ocr_par' dir='ltr' id='par_1_40' title="bbox 299 3886 1267 3956">
     <span class='ocr_line' id='line_1_40' title="bbox 299 3886 1267 3956; baseline 0.005 -16"><span class='ocrx_word' id='word_1_290' title='bbox 299 3893 562 3942; x_wconf 90' lang='lat' dir='ltr'><strong>terrorem</strong></span> <span class='ocrx_word' id='word_1_291' title='bbox 586 3888 824 3956; x_wconf 85' lang='lat' dir='ltr'><strong>inventa,</strong></span> <span class='ocrx_word' id='word_1_292' title='bbox 854 3886 1049 3945; x_wconf 85' lang='lat' dir='ltr'><strong>fabulae</strong></span> <span class='ocrx_word' id='word_1_293' title='bbox 1076 3889 1267 3947; x_wconf 90' lang='lat' dir='ltr'><strong>aniles.</strong></span> 
     </span>
    </p>
   </div>
   <div class='ocr_carea' id='block_1_41' title="bbox 334 3999 1861 4064">
    <p class='ocr_par' dir='ltr' id='par_1_41' title="bbox 334 3999 1861 4064">
     <span class='ocr_line' id='line_1_41' title="bbox 334 3999 1861 4064; baseline 0.005 -10"><span class='ocrx_word' id='word_1_294' title='bbox 334 3999 424 4057; x_wconf 89' lang='lat'><strong>89.</strong></span> <span class='ocrx_word' id='word_1_295' title='bbox 466 4000 659 4059; x_wconf 86' lang='lat' dir='ltr'><strong>Latere</strong></span> <span class='ocrx_word' id='word_1_296' title='bbox 701 4003 803 4060; x_wconf 91' lang='lat' dir='ltr'><strong>hoc</strong></span> <span class='ocrx_word' id='word_1_297' title='bbox 831 4004 1088 4061; x_wconf 83' lang='lat' dir='ltr'><strong>defendit.</strong></span> <span class='ocrx_word' id='word_1_298' title='bbox 1136 4004 1279 4062; x_wconf 83' lang='lat' dir='ltr'><strong>Tant.</strong></span> <span class='ocrx_word' id='word_1_299' title='bbox 1313 4004 1399 4061; x_wconf 88' lang='lat' dir='ltr'><strong>III.</strong></span> <span class='ocrx_word' id='word_1_300' title='bbox 1432 4004 1523 4062; x_wconf 85' lang='lat' dir='ltr'><strong>lib.</strong></span> <span class='ocrx_word' id='word_1_301' title='bbox 1558 4008 1621 4064; x_wconf 88' lang='lat' dir='ltr'><strong>de</strong></span> <span class='ocrx_word' id='word_1_302' title='bbox 1648 4004 1861 4064; x_wconf 81' lang='lat' dir='ltr'><strong>Resurr.</strong></span> 
     </span>
    </p>
   </div>
   <div class='ocr_carea' id='block_1_42' title="bbox 760 4097 1425 4168">
    <p class='ocr_par' dir='ltr' id='par_1_42' title="bbox 760 4097 1425 4168">
     <span class='ocr_line' id='line_1_42' title="bbox 760 4097 1425 4168; baseline 0.002 -17"><span class='ocrx_word' id='word_1_303' title='bbox 760 4115 900 4151; x_wconf 83' lang='lat' dir='ltr'><strong>earn.</strong></span> <span class='ocrx_word' id='word_1_304' title='bbox 926 4115 1040 4168; x_wconf 86' lang='lat' dir='ltr'><strong>cap.</strong></span> <span class='ocrx_word' id='word_1_305' title='bbox 1070 4097 1126 4153; x_wconf 71' lang='grc'><strong>2.</strong></span> <span class='ocrx_word' id='word_1_306' title='bbox 1160 4116 1303 4153; x_wconf 87' lang='lat' dir='ltr'><strong>num.</strong></span> <span class='ocrx_word' id='word_1_307' title='bbox 1334 4098 1425 4154; x_wconf 69' lang='grc'><strong>21.</strong></span> 
     </span>
    </p>
   </div>
   <div class='ocr_carea' id='block_1_43' title="bbox 368 4206 1901 4284">
    <p class='ocr_par' dir='ltr' id='par_1_43' title="bbox 368 4206 1901 4284">
     <span class='ocr_line' id='line_1_43' title="bbox 368 4206 1901 4284; baseline 0.004 -21"><span class='ocrx_word' id='word_1_308' title='bbox 368 4206 429 4264; x_wconf 85' lang='lat' dir='ltr'><strong>in</strong></span> <span class='ocrx_word' id='word_1_309' title='bbox 458 4206 593 4278; x_wconf 86' lang='lat' dir='ltr'><strong>acie,</strong></span> <span class='ocrx_word' id='word_1_310' title='bbox 627 4208 729 4266; x_wconf 90' lang='lat' dir='ltr'><strong>hoc</strong></span> <span class='ocrx_word' id='word_1_311' title='bbox 754 4217 855 4278; x_wconf 89' lang='lat' dir='ltr'><strong>est,</strong></span> <span class='ocrx_word' id='word_1_312' title='bbox 886 4212 1119 4267; x_wconf 84' lang='lat' dir='ltr'><strong>exercitu</strong></span> <span class='ocrx_word' id='word_1_313' title='bbox 1146 4211 1211 4267; x_wconf 90' lang='lat' dir='ltr'><strong>ad</strong></span> <span class='ocrx_word' id='word_1_314' title='bbox 1237 4228 1465 4284; x_wconf 79' lang='lat' dir='ltr'><strong>pugnam</strong></span> <span class='ocrx_word' id='word_1_315' title='bbox 1490 4212 1761 4283; x_wconf 88' lang='lat' dir='ltr'><strong>procincto</strong></span> <span class='ocrx_word' id='word_1_316' title='bbox 1784 4210 1901 4269; x_wconf 71' lang='lat' dir='ltr'><strong>lucc</strong></span> 
     </span>
    </p>
   </div>
   <div class='ocr_carea' id='block_1_44' title="bbox 300 4301 1897 4375">
    <p class='ocr_par' dir='ltr' id='par_1_44' title="bbox 300 4301 1897 4375">
     <span class='ocr_line' id='line_1_44' title="bbox 300 4301 1897 4375; baseline 0.003 -19"><span class='ocrx_word' id='word_1_317' title='bbox 300 4301 449 4359; x_wconf 89' lang='lat' dir='ltr'><strong>fuere</strong></span> <span class='ocrx_word' id='word_1_318' title='bbox 479 4320 492 4355; x_wconf 92' lang='lat'>:</span> <span class='ocrx_word' id='word_1_319' title='bbox 532 4301 700 4371; x_wconf 91' lang='lat' dir='ltr'><strong>frons,</strong></span> <span class='ocrx_word' id='word_1_320' title='bbox 737 4310 966 4374; x_wconf 85' lang='lat' dir='ltr'><strong>tergum,</strong></span> <span class='ocrx_word' id='word_1_321' title='bbox 998 4303 1106 4359; x_wconf 88' lang='lat' dir='ltr'><strong>duo</strong></span> <span class='ocrx_word' id='word_1_322' title='bbox 1134 4302 1323 4372; x_wconf 85' lang='lat' dir='ltr'><strong>latera,</strong></span> <span class='ocrx_word' id='word_1_323' title='bbox 1348 4319 1468 4375; x_wconf 76' lang='lat' dir='ltr'><strong>qua:</strong></span> <span class='ocrx_word' id='word_1_324' title='bbox 1496 4313 1549 4360; x_wconf 91' lang='lat' dir='ltr'><strong>ct</strong></span> <span class='ocrx_word' id='word_1_325' title='bbox 1573 4304 1672 4360; x_wconf 62' lang='lat' dir='ltr'><strong>alae</strong></span> <span class='ocrx_word' id='word_1_326' title='bbox 1694 4314 1749 4361; x_wconf 88' lang='lat' dir='ltr'><strong>et</strong></span> <span class='ocrx_word' id='word_1_327' title='bbox 1773 4321 1897 4361; x_wconf 89' lang='lat' dir='ltr'><strong>cor-</strong></span> 
     </span>
    </p>
   </div>
   <div class='ocr_carea' id='block_1_45' title="bbox 299 4394 1903 4469">
    <p class='ocr_par' dir='ltr' id='par_1_45' title="bbox 299 4394 1903 4469">
     <span class='ocr_line' id='line_1_45' title="bbox 299 4394 1903 4469; baseline 0.001 -17"><span class='ocrx_word' id='word_1_328' title='bbox 299 4412 406 4452; x_wconf 89' lang='lat' dir='ltr'><strong>nua</strong></span> <span class='ocrx_word' id='word_1_329' title='bbox 437 4394 769 4453; x_wconf 84' lang='lat' dir='ltr'><strong>dicebantur.</strong></span> <span class='ocrx_word' id='word_1_330' title='bbox 818 4396 1042 4452; x_wconf 85' lang='lat' dir='ltr'><strong>Tectum</strong></span> <span class='ocrx_word' id='word_1_331' title='bbox 1086 4397 1243 4465; x_wconf 89' lang='lat' dir='ltr'><strong>latus,</strong></span> <span class='ocrx_word' id='word_1_332' title='bbox 1288 4397 1356 4453; x_wconf 92' lang='lat' dir='ltr'><strong>de</strong></span> <span class='ocrx_word' id='word_1_333' title='bbox 1402 4397 1465 4452; x_wconf 93' lang='lat' dir='ltr'><strong>iis</strong></span> <span class='ocrx_word' id='word_1_334' title='bbox 1510 4399 1598 4469; x_wconf 90' lang='lat' dir='ltr'><strong>qui</strong></span> <span class='ocrx_word' id='word_1_335' title='bbox 1642 4397 1804 4453; x_wconf 88' lang='lat' dir='ltr'><strong>armis</strong></span> <span class='ocrx_word' id='word_1_336' title='bbox 1847 4405 1903 4453; x_wconf 88' lang='lat' dir='ltr'><strong>et</strong></span> 
     </span>
    </p>
   </div>
   <div class='ocr_carea' id='block_1_46' title="bbox 305 4480 1983 4581">
    <p class='ocr_par' dir='ltr' id='par_1_46' title="bbox 305 4480 1983 4581">
     <span class='ocr_line' id='line_1_46' title="bbox 305 4480 1983 4581; baseline 0.002 -38"><span class='ocrx_word' id='word_1_337' title='bbox 305 4488 555 4560; x_wconf 72' lang='lat' dir='ltr'><strong>prmsidio</strong></span> <span class='ocrx_word' id='word_1_338' title='bbox 579 4489 768 4545; x_wconf 89' lang='lat' dir='ltr'><strong>muniti</strong></span> <span class='ocrx_word' id='word_1_339' title='bbox 792 4498 950 4556; x_wconf 90' lang='lat' dir='ltr'><strong>sunt;</strong></span> <span class='ocrx_word' id='word_1_340' title='bbox 979 4498 1221 4560; x_wconf 87' lang='lat' dir='ltr'><strong>apertum</strong></span> <span class='ocrx_word' id='word_1_341' title='bbox 1249 4488 1317 4545; x_wconf 93' lang='lat' dir='ltr'><strong>de</strong></span> <span class='ocrx_word' id='word_1_342' title='bbox 1345 4480 1409 4545; x_wconf 88' lang='lat' dir='ltr'><strong>iis</strong></span> <span class='ocrx_word' id='word_1_343' title='bbox 1435 4486 1524 4562; x_wconf 90' lang='lat' dir='ltr'><strong>qui</strong></span> <span class='ocrx_word' id='word_1_344' title='bbox 1551 4490 1787 4562; x_wconf 76' lang='lat' dir='ltr'><strong>periculo</strong></span> <span class='ocrx_word' id='word_1_345' title='bbox 1812 4506 1905 4548; x_wconf 84' lang='lat' dir='ltr'><strong>ex-</strong></span> <span class='ocrx_word' id='word_1_346' title='bbox 1928 4520 1983 4581; x_wconf 80' lang='lat' dir='ltr'><strong>D</strong></span> 
     </span>
    </p>
   </div>
   <div class='ocr_carea' id='block_1_47' title="bbox 300 4580 1042 4657">
    <p class='ocr_par' dir='ltr' id='par_1_47' title="bbox 300 4580 1042 4657">
     <span class='ocr_line' id='line_1_47' title="bbox 300 4580 1042 4657; baseline 0 -22"><span class='ocrx_word' id='word_1_347' title='bbox 300 4581 482 4657; x_wconf 75' lang='lat' dir='ltr'><strong>positi.</strong></span> <span class='ocrx_word' id='word_1_348' title='bbox 516 4580 735 4637; x_wconf 88' lang='lat' dir='ltr'><strong>Terent.</strong></span> <span class='ocrx_word' id='word_1_349' title='bbox 772 4583 997 4637; x_wconf 89' lang='lat' dir='ltr'><strong>llauton.</strong></span> <span class='ocrx_word' id='word_1_350' title='bbox 1030 4599 1042 4635; x_wconf 90' lang='lat'>:</span> 
     </span>
    </p>
   </div>
   <div class='ocr_carea' id='block_1_48' title="bbox 425 4691 1689 4756">
    <p class='ocr_par' dir='ltr' id='par_1_48' title="bbox 425 4691 1689 4756">
     <span class='ocr_line' id='line_1_48' title="bbox 425 4691 1689 4756; baseline 0 -14"><span class='ocrx_word' id='word_1_351' title='bbox 425 4692 709 4756; x_wconf 76' lang='lat' dir='ltr'><strong>Triumpho,</strong></span> <span class='ocrx_word' id='word_1_352' title='bbox 739 4694 782 4743; x_wconf 92' lang='lat' dir='ltr'><strong>si</strong></span> <span class='ocrx_word' id='word_1_353' title='bbox 807 4692 925 4745; x_wconf 86' lang='lat' dir='ltr'><strong>licet</strong></span> <span class='ocrx_word' id='word_1_354' title='bbox 947 4706 1027 4744; x_wconf 87' lang='lat' dir='ltr'><strong>me</strong></span> <span class='ocrx_word' id='word_1_355' title='bbox 1050 4691 1211 4744; x_wconf 82' lang='lat' dir='ltr'><strong>latere</strong></span> <span class='ocrx_word' id='word_1_356' title='bbox 1236 4696 1369 4745; x_wconf 88' lang='lat' dir='ltr'><strong>tecto</strong></span> <span class='ocrx_word' id='word_1_357' title='bbox 1390 4693 1689 4745; x_wconf 88' lang='lat' dir='ltr'><strong>abscedere:</strong></span> 
     </span>
    </p>
   </div>
   <div class='ocr_carea' id='block_1_49' title="bbox 306 4798 1901 4873">
    <p class='ocr_par' dir='ltr' id='par_1_49' title="bbox 306 4798 1901 4873">
     <span class='ocr_line' id='line_1_49' title="bbox 306 4798 1901 4873; baseline 0.001 -21"><span class='ocrx_word' id='word_1_358' title='bbox 306 4799 409 4854; x_wconf 92' lang='lat' dir='ltr'><strong>hoc</strong></span> <span class='ocrx_word' id='word_1_359' title='bbox 446 4807 562 4873; x_wconf 88' lang='lat' dir='ltr'><strong>est,</strong></span> <span class='ocrx_word' id='word_1_360' title='bbox 594 4798 670 4855; x_wconf 90' lang='lat' dir='ltr'><strong>sic</strong></span> <span class='ocrx_word' id='word_1_361' title='bbox 696 4808 754 4853; x_wconf 95' lang='lat' dir='ltr'><strong>ut</strong></span> <span class='ocrx_word' id='word_1_362' title='bbox 782 4798 911 4853; x_wconf 91' lang='lat' dir='ltr'><strong>nihil</strong></span> <span class='ocrx_word' id='word_1_363' title='bbox 940 4798 1068 4853; x_wconf 90' lang='lat' dir='ltr'><strong>mihi</strong></span> <span class='ocrx_word' id='word_1_364' title='bbox 1096 4814 1370 4855; x_wconf 85' lang='lat' dir='ltr'><strong>accersam</strong></span> <span class='ocrx_word' id='word_1_365' title='bbox 1399 4800 1643 4869; x_wconf 83' lang='lat' dir='ltr'><strong>periculi.</strong></span> <span class='ocrx_word' id='word_1_366' title='bbox 1691 4798 1901 4867; x_wconf 88' lang='lat' dir='ltr'><strong>Cesar.,</strong></span> 
     </span>
    </p>
   </div>
   <div class='ocr_carea' id='block_1_50' title="bbox 304 4888 1903 4959">
    <p class='ocr_par' dir='ltr' id='par_1_50' title="bbox 304 4888 1903 4959">
     <span class='ocr_line' id='line_1_50' title="bbox 304 4888 1903 4959; baseline 0 -15"><span class='ocrx_word' id='word_1_367' title='bbox 304 4890 398 4947; x_wconf 92' lang='lat' dir='ltr'><strong>lib.</strong></span> <span class='ocrx_word' id='word_1_368' title='bbox 426 4888 495 4944; x_wconf 89' lang='lat' dir='ltr'><strong>Il.</strong></span> <span class='ocrx_word' id='word_1_369' title='bbox 532 4890 659 4946; x_wconf 89' lang='lat' dir='ltr'><strong>hell.</strong></span> <span class='ocrx_word' id='word_1_370' title='bbox 689 4888 828 4945; x_wconf 85' lang='lat' dir='ltr'><strong>Gali.</strong></span> <span class='ocrx_word' id='word_1_371' title='bbox 879 4889 1007 4959; x_wconf 63' lang='lat' dir='ltr'><strong>Quae</strong></span> <span class='ocrx_word' id='word_1_372' title='bbox 1036 4906 1122 4946; x_wconf 86' lang='lat' dir='ltr'><strong>res</strong></span> <span class='ocrx_word' id='word_1_373' title='bbox 1150 4900 1203 4947; x_wconf 93' lang='lat' dir='ltr'><strong>et</strong></span> <span class='ocrx_word' id='word_1_374' title='bbox 1229 4891 1385 4945; x_wconf 88' lang='lat' dir='ltr'><strong>latius</strong></span> <span class='ocrx_word' id='word_1_375' title='bbox 1410 4906 1574 4946; x_wconf 91' lang='lat' dir='ltr'><strong>unum</strong></span> <span class='ocrx_word' id='word_1_376' title='bbox 1604 4898 1903 4945; x_wconf 87' lang='lat' dir='ltr'><strong>castrorum</strong></span> 
     </span>
    </p>
   </div>
   <div class='ocr_carea' id='block_1_51' title="bbox 306 4981 1901 5051">
    <p class='ocr_par' dir='ltr' id='par_1_51' title="bbox 306 4981 1901 5051">
     <span class='ocr_line' id='line_1_51' title="bbox 306 4981 1901 5051; baseline 0.001 -14"><span class='ocrx_word' id='word_1_377' title='bbox 306 4982 435 5051; x_wconf 84' lang='lat' dir='ltr'><strong>ripis</strong></span> <span class='ocrx_word' id='word_1_378' title='bbox 457 4981 693 5038; x_wconf 86' lang='lat' dir='ltr'><strong>ﬂuminis</strong></span> <span class='ocrx_word' id='word_1_379' title='bbox 715 4982 1007 5050; x_wconf 88' lang='lat' dir='ltr'><strong>muniebat,</strong></span> <span class='ocrx_word' id='word_1_380' title='bbox 1032 4991 1115 5039; x_wconf 83' lang='lat' dir='ltr'><strong>et:</strong></span> <span class='ocrx_word' id='word_1_381' title='bbox 1140 4982 1290 5040; x_wconf 91' lang='lat' dir='ltr'><strong>Totis</strong></span> <span class='ocrx_word' id='word_1_382' title='bbox 1313 4983 1422 5039; x_wconf 85' lang='lat' dir='ltr'><strong>fere</strong></span> <span class='ocrx_word' id='word_1_383' title='bbox 1443 4982 1634 5037; x_wconf 90' lang='lat' dir='ltr'><strong>castris</strong></span> <span class='ocrx_word' id='word_1_384' title='bbox 1654 4998 1683 5037; x_wconf 92' lang='lat' dir='ltr'><strong>a</strong></span> <span class='ocrx_word' id='word_1_385' title='bbox 1705 4981 1901 5050; x_wconf 90' lang='lat' dir='ltr'><strong>fronte,</strong></span> 
     </span>
    </p>
   </div>
   <div class='ocr_carea' id='block_1_52' title="bbox 309 5074 1909 5148">
    <p class='ocr_par' dir='ltr' id='par_1_52' title="bbox 309 5074 1909 5148">
     <span class='ocr_line' id='line_1_52' title="bbox 309 5074 1909 5148; baseline 0.002 -20"><span class='ocrx_word' id='word_1_386' title='bbox 309 5082 359 5128; x_wconf 84' lang='lat' dir='ltr'><strong>ct</strong></span> <span class='ocrx_word' id='word_1_387' title='bbox 401 5088 438 5128; x_wconf 59' lang='grc' dir='ltr'>δ</span> <span class='ocrx_word' id='word_1_388' title='bbox 483 5074 700 5129; x_wconf 84' lang='lat' dir='ltr'><strong>sinistra</strong></span> <span class='ocrx_word' id='word_1_389' title='bbox 733 5084 882 5145; x_wconf 88' lang='lat' dir='ltr'><strong>parte</strong></span> <span class='ocrx_word' id='word_1_390' title='bbox 910 5076 1145 5143; x_wconf 84' lang='lat' dir='ltr'><strong>nudatis,</strong></span> <span class='ocrx_word' id='word_1_391' title='bbox 1197 5085 1286 5132; x_wconf 85' lang='lat' dir='ltr'><strong>et:</strong></span> <span class='ocrx_word' id='word_1_392' title='bbox 1314 5088 1543 5148; x_wconf 88' lang='lat' dir='ltr'><strong>quorum</strong></span> <span class='ocrx_word' id='word_1_393' title='bbox 1575 5089 1698 5145; x_wconf 86' lang='lat' dir='ltr'><strong>pars</strong></span> <span class='ocrx_word' id='word_1_394' title='bbox 1721 5082 1909 5145; x_wconf 83' lang='lat' dir='ltr'><strong>aperto</strong></span> 
     </span>
    </p>
   </div>
   <div class='ocr_carea' id='block_1_53' title="bbox 308 5164 1908 5239">
    <p class='ocr_par' dir='ltr' id='par_1_53' title="bbox 308 5164 1908 5239">
     <span class='ocr_line' id='line_1_53' title="bbox 308 5164 1908 5239; baseline 0.003 -19"><span class='ocrx_word' id='word_1_395' title='bbox 308 5166 477 5225; x_wconf 86' lang='lat' dir='ltr'><strong>latere</strong></span> <span class='ocrx_word' id='word_1_396' title='bbox 502 5167 741 5239; x_wconf 82' lang='lat' dir='ltr'><strong>legiones</strong></span> <span class='ocrx_word' id='word_1_397' title='bbox 767 5169 1177 5225; x_wconf 85' lang='lat' dir='ltr'><strong>circumvenire.</strong></span> <span class='ocrx_word' id='word_1_398' title='bbox 1226 5164 1468 5226; x_wconf 83' lang='lat' dir='ltr'><strong>Nennius</strong></span> <span class='ocrx_word' id='word_1_399' title='bbox 1497 5172 1548 5225; x_wconf 92' lang='lat' dir='ltr'><strong>in</strong></span> <span class='ocrx_word' id='word_1_400' title='bbox 1577 5167 1908 5225; x_wconf 79' lang='lat' dir='ltr'><strong>Miscellades</strong></span> 
     </span>
    </p>
   </div>
   <div class='ocr_carea' id='block_1_54' title="bbox 312 5260 1909 5333">
    <p class='ocr_par' dir='ltr' id='par_1_54' title="bbox 312 5260 1909 5333">
     <span class='ocr_line' id='line_1_54' title="bbox 312 5260 1909 5333; baseline 0.002 -19"><span class='ocrx_word' id='word_1_401' title='bbox 312 5260 378 5332; x_wconf 91' lang='lat' dir='ltr'><strong>(si</strong></span> <span class='ocrx_word' id='word_1_402' title='bbox 402 5262 510 5316; x_wconf 87' lang='lat' dir='ltr'><strong>rite</strong></span> <span class='ocrx_word' id='word_1_403' title='bbox 538 5260 801 5333; x_wconf 88' lang='lat' dir='ltr'><strong>memini)</strong></span> <span class='ocrx_word' id='word_1_404' title='bbox 841 5270 897 5317; x_wconf 91' lang='lat' dir='ltr'><strong>et</strong></span> <span class='ocrx_word' id='word_1_405' title='bbox 934 5278 1058 5318; x_wconf 91' lang='lat' dir='ltr'><strong>eum</strong></span> <span class='ocrx_word' id='word_1_406' title='bbox 1089 5273 1303 5319; x_wconf 86' lang='lat' dir='ltr'><strong>secutus</strong></span> <span class='ocrx_word' id='word_1_407' title='bbox 1326 5263 1521 5319; x_wconf 86' lang='lat' dir='ltr'><strong>Muret.</strong></span> <span class='ocrx_word' id='word_1_408' title='bbox 1557 5264 1607 5318; x_wconf 92' lang='lat' dir='ltr'><strong>in</strong></span> <span class='ocrx_word' id='word_1_409' title='bbox 1635 5263 1850 5317; x_wconf 85' lang='lat' dir='ltr'><strong>Terent.</strong></span> <span class='ocrx_word' id='word_1_410' title='bbox 1876 5276 1909 5317; x_wconf 85' lang='lat' dir='ltr'><strong>a</strong></span> 
     </span>
    </p>
   </div>
   <div class='ocr_carea' id='block_1_55' title="bbox 310 5351 1909 5426">
    <p class='ocr_par' dir='ltr' id='par_1_55' title="bbox 310 5351 1909 5426">
     <span class='ocr_line' id='line_1_55' title="bbox 310 5351 1909 5426; baseline 0.002 -21"><span class='ocrx_word' id='word_1_411' title='bbox 310 5351 693 5422; x_wconf 77' lang='lat' dir='ltr'><strong>gladiatoribus</strong></span> <span class='ocrx_word' id='word_1_412' title='bbox 713 5355 1407 5426; x_wconf 71' lang='lat' dir='ltr'><strong>sumptum,volunt,quihus</strong></span> <span class='ocrx_word' id='word_1_413' title='bbox 1432 5356 1475 5411; x_wconf 91' lang='lat' dir='ltr'><strong>si</strong></span> <span class='ocrx_word' id='word_1_414' title='bbox 1502 5356 1678 5409; x_wconf 89' lang='lat' dir='ltr'><strong>minus</strong></span> <span class='ocrx_word' id='word_1_415' title='bbox 1699 5353 1909 5424; x_wconf 78' lang='lat' dir='ltr'><strong>plagam</strong></span> 
     </span>
    </p>
   </div>
   <div class='ocr_carea' id='block_1_56' title="bbox 310 5443 1910 5518">
    <p class='ocr_par' dir='ltr' id='par_1_56' title="bbox 310 5443 1910 5518">
     <span class='ocr_line' id='line_1_56' title="bbox 310 5443 1910 5518; baseline 0.002 -21"><span class='ocrx_word' id='word_1_416' title='bbox 310 5448 559 5517; x_wconf 70' lang='grc' dir='ltr'><strong>ἀντιπίὶῳ</strong></span> <span class='ocrx_word' id='word_1_417' title='bbox 576 5447 784 5517; x_wconf 86' lang='lat' dir='ltr'><strong>possint</strong></span> <span class='ocrx_word' id='word_1_418' title='bbox 807 5447 1070 5518; x_wconf 82' lang='lat' dir='ltr'><strong>infligere,</strong></span> <span class='ocrx_word' id='word_1_419' title='bbox 1091 5447 1221 5503; x_wconf 86' lang='lat' dir='ltr'><strong>satis</strong></span> <span class='ocrx_word' id='word_1_420' title='bbox 1247 5447 1603 5502; x_wconf 87' lang='lat' dir='ltr'><strong>honorificum</strong></span> <span class='ocrx_word' id='word_1_421' title='bbox 1625 5453 1725 5509; x_wconf 87' lang='lat' dir='ltr'><strong>est,</strong></span> <span class='ocrx_word' id='word_1_422' title='bbox 1745 5443 1910 5500; x_wconf 81' lang='lat' dir='ltr'><strong>latere</strong></span> 
     </span>
    </p>
   </div>
   <div class='ocr_carea' id='block_1_57' title="bbox 311 5536 1911 5611">
    <p class='ocr_par' dir='ltr' id='par_1_57' title="bbox 311 5536 1911 5611">
     <span class='ocr_line' id='line_1_57' title="bbox 311 5536 1911 5611; baseline 0.002 -21"><span class='ocrx_word' id='word_1_423' title='bbox 311 5544 475 5603; x_wconf 86' lang='lat' dir='ltr'><strong>tecto,</strong></span> <span class='ocrx_word' id='word_1_424' title='bbox 516 5536 569 5591; x_wconf 93' lang='lat' dir='ltr'><strong>id</strong></span> <span class='ocrx_word' id='word_1_425' title='bbox 600 5548 698 5603; x_wconf 88' lang='lat' dir='ltr'><strong>est,</strong></span> <span class='ocrx_word' id='word_1_426' title='bbox 743 5539 978 5611; x_wconf 87' lang='lat' dir='ltr'><strong>integros</strong></span> <span class='ocrx_word' id='word_1_427' title='bbox 1021 5539 1326 5610; x_wconf 66' lang='lat' dir='ltr'><strong>illaesosque</strong></span> <span class='ocrx_word' id='word_1_428' title='bbox 1370 5539 1538 5594; x_wconf 82' lang='lat' dir='ltr'><strong>abire.</strong></span> <span class='ocrx_word' id='word_1_429' title='bbox 1589 5537 1911 5593; x_wconf 88' lang='lat' dir='ltr'><strong>Dicebantur</strong></span> 
     </span>
    </p>
   </div>
   <div class='ocr_carea' id='block_1_58' title="bbox 311 5630 1910 5702">
    <p class='ocr_par' dir='ltr' id='par_1_58' title="bbox 311 5630 1910 5702">
     <span class='ocr_line' id='line_1_58' title="bbox 311 5630 1910 5702; baseline 0.002 -20"><span class='ocrx_word' id='word_1_430' title='bbox 311 5636 570 5697; x_wconf 76' lang='lat' dir='ltr'><strong>przetcrea</strong></span> <span class='ocrx_word' id='word_1_431' title='bbox 600 5648 611 5684; x_wconf 93' lang='lat'>:</span> <span class='ocrx_word' id='word_1_432' title='bbox 640 5631 777 5686; x_wconf 87' lang='lat' dir='ltr'><strong>latus</strong></span> <span class='ocrx_word' id='word_1_433' title='bbox 803 5640 1047 5702; x_wconf 88' lang='lat' dir='ltr'><strong>apertum</strong></span> <span class='ocrx_word' id='word_1_434' title='bbox 1092 5631 1333 5702; x_wconf 62' lang='lat' dir='ltr'><strong>praebere</strong></span> <span class='ocrx_word' id='word_1_435' title='bbox 1355 5670 1370 5697; x_wconf 92' lang='lat'><strong>,</strong></span> <span class='ocrx_word' id='word_1_436' title='bbox 1416 5645 1578 5702; x_wconf 88' lang='lat' dir='ltr'><strong>quum</strong></span> <span class='ocrx_word' id='word_1_437' title='bbox 1607 5630 1770 5685; x_wconf 88' lang='lat' dir='ltr'><strong>ictum</strong></span> <span class='ocrx_word' id='word_1_438' title='bbox 1800 5643 1910 5685; x_wconf 84' lang='lat' dir='ltr'><strong>non</strong></span> 
     </span>
    </p>
   </div>
   <div class='ocr_carea' id='block_1_59' title="bbox 313 5716 1907 5796">
    <p class='ocr_par' dir='ltr' id='par_1_59' title="bbox 313 5716 1907 5796">
     <span class='ocr_line' id='line_1_59' title="bbox 313 5716 1907 5796; baseline 0.003 -22"><span class='ocrx_word' id='word_1_439' title='bbox 313 5716 670 5790; x_wconf 87' lang='lat' dir='ltr'><strong>declinarent,</strong></span> <span class='ocrx_word' id='word_1_440' title='bbox 703 5721 796 5779; x_wconf 90' lang='lat' dir='ltr'><strong>sed</strong></span> <span class='ocrx_word' id='word_1_441' title='bbox 826 5721 1001 5779; x_wconf 90' lang='lat' dir='ltr'><strong>lictori</strong></span> <span class='ocrx_word' id='word_1_442' title='bbox 1027 5722 1294 5796; x_wconf 89' lang='lat' dir='ltr'><strong>mortique</strong></span> <span class='ocrx_word' id='word_1_443' title='bbox 1318 5738 1378 5780; x_wconf 90' lang='lat' dir='ltr'><strong>se</strong></span> <span class='ocrx_word' id='word_1_444' title='bbox 1402 5723 1569 5796; x_wconf 82' lang='lat' dir='ltr'><strong>gratis</strong></span> <span class='ocrx_word' id='word_1_445' title='bbox 1592 5721 1907 5794; x_wconf 84' lang='lat' dir='ltr'><strong>objicerent.</strong></span> 
     </span>
    </p>
   </div>
   <div class='ocr_carea' id='block_1_60' title="bbox 313 5804 1909 5887">
    <p class='ocr_par' dir='ltr' id='par_1_60' title="bbox 313 5804 1909 5887">
     <span class='ocr_line' id='line_1_60' title="bbox 313 5804 1909 5887; baseline 0.004 -23"><span class='ocrx_word' id='word_1_446' title='bbox 313 5804 499 5867; x_wconf 78' lang='lat' dir='ltr'><strong>Latere</strong></span> <span class='ocrx_word' id='word_1_447' title='bbox 525 5811 619 5869; x_wconf 79' lang='lat' dir='ltr'><strong>hoc</strong></span> <span class='ocrx_word' id='word_1_448' title='bbox 643 5810 848 5884; x_wconf 79' lang='lat' dir='ltr'><strong>defendi</strong></span> <span class='ocrx_word' id='word_1_449' title='bbox 872 5810 1031 5887; x_wconf 85' lang='lat' dir='ltr'><strong>igitur</strong></span> <span class='ocrx_word' id='word_1_450' title='bbox 1054 5822 1158 5886; x_wconf 86' lang='lat' dir='ltr'><strong>est,</strong></span> <span class='ocrx_word' id='word_1_451' title='bbox 1188 5812 1272 5871; x_wconf 91' lang='lat' dir='ltr'><strong>his</strong></span> <span class='ocrx_word' id='word_1_452' title='bbox 1297 5812 1595 5887; x_wconf 81' lang='lat' dir='ltr'><strong>iisdemque</strong></span> <span class='ocrx_word' id='word_1_453' title='bbox 1620 5827 1909 5887; x_wconf 73' lang='lat' dir='ltr'><strong>argumen~</strong></span> 
     </span>
    </p>
   </div>
   <div class='ocr_carea' id='block_1_61' title="bbox 2589 734 3014 800">
    <p class='ocr_par' dir='ltr' id='par_1_61' title="bbox 2589 734 3014 800">
     <span class='ocr_line' id='line_1_61' title="bbox 2589 734 3014 800; baseline -0.005 -11"><span class='ocrx_word' id='word_1_454' title='bbox 2589 735 2680 800; x_wconf 76' lang='lat'><strong>26,</strong></span> <span class='ocrx_word' id='word_1_455' title='bbox 2713 751 2855 789; x_wconf 80' lang='lat' dir='ltr'><strong>num.</strong></span> <span class='ocrx_word' id='word_1_456' title='bbox 2891 734 3014 789; x_wconf 72' lang='grc'><strong>112.</strong></span> 
     </span>
    </p>
   </div>
   <div class='ocr_carea' id='block_1_62' title="bbox 2074 842 3593 917">
    <p class='ocr_par' dir='ltr' id='par_1_62' title="bbox 2074 842 3593 917">
     <span class='ocr_line' id='line_1_62' title="bbox 2074 842 3593 917; baseline 0.004 -21"><span class='ocrx_word' id='word_1_457' title='bbox 2074 842 2247 898; x_wconf 84' lang='lat' dir='ltr'><strong>Verba</strong></span> <span class='ocrx_word' id='word_1_458' title='bbox 2293 844 2683 901; x_wconf 87' lang='lat' dir='ltr'><strong>Jureconsultis</strong></span> <span class='ocrx_word' id='word_1_459' title='bbox 2729 845 3048 915; x_wconf 84' lang='lat' dir='ltr'><strong>frequentia.</strong></span> <span class='ocrx_word' id='word_1_460' title='bbox 3091 845 3332 917; x_wconf 79' lang='lat' dir='ltr'><strong>Ulpian.,</strong></span> <span class='ocrx_word' id='word_1_461' title='bbox 3378 845 3475 902; x_wconf 89' lang='lat' dir='ltr'><strong>lib.</strong></span> <span class='ocrx_word' id='word_1_462' title='bbox 3506 846 3593 902; x_wconf 90' lang='lat' dir='ltr'><strong>Ill.</strong></span> 
     </span>
    </p>
   </div>
   <div class='ocr_carea' id='block_1_63' title="bbox 2000 933 3600 1009">
    <p class='ocr_par' dir='ltr' id='par_1_63' title="bbox 2000 933 3600 1009">
     <span class='ocr_line' id='line_1_63' title="bbox 2000 933 3600 1009; baseline 0.006 -22"><span class='ocrx_word' id='word_1_463' title='bbox 2000 934 2117 1005; x_wconf 87' lang='lat' dir='ltr'><strong>Dig.</strong></span> <span class='ocrx_word' id='word_1_464' title='bbox 2146 936 2228 990; x_wconf 92' lang='lat' dir='ltr'><strong>tit.</strong></span> <span class='ocrx_word' id='word_1_465' title='bbox 2254 933 2321 992; x_wconf 93' lang='lat' dir='ltr'><strong>de</strong></span> <span class='ocrx_word' id='word_1_466' title='bbox 2341 946 2612 1007; x_wconf 88' lang='lat' dir='ltr'><strong>procurat.</strong></span> <span class='ocrx_word' id='word_1_467' title='bbox 2640 937 2709 995; x_wconf 88' lang='lat' dir='ltr'><strong>Ut</strong></span> <span class='ocrx_word' id='word_1_468' title='bbox 2736 954 2802 994; x_wconf 79' lang='lat' dir='ltr'><strong>ex</strong></span> <span class='ocrx_word' id='word_1_469' title='bbox 2829 948 3053 1009; x_wconf 90' lang='lat' dir='ltr'><strong>utroque</strong></span> <span class='ocrx_word' id='word_1_470' title='bbox 3081 940 3245 995; x_wconf 85' lang='lat' dir='ltr'><strong>latere</strong></span> <span class='ocrx_word' id='word_1_471' title='bbox 3274 938 3423 1009; x_wconf 87' lang='lat' dir='ltr'><strong>quasi</strong></span> <span class='ocrx_word' id='word_1_472' title='bbox 3452 947 3600 996; x_wconf 85' lang='lat' dir='ltr'><strong>actor</strong></span> 
     </span>
    </p>
   </div>
   <div class='ocr_carea' id='block_1_64' title="bbox 1988 1022 3594 1103">
    <p class='ocr_par' dir='ltr' id='par_1_64' title="bbox 1988 1022 3594 1103">
     <span class='ocr_line' id='line_1_64' title="bbox 1988 1022 3594 1103; baseline 0.005 -24"><span class='ocrx_word' id='word_1_473' title='bbox 1988 1022 2278 1084; x_wconf 78' lang='lat' dir='ltr'><strong>habeatur.</strong></span> <span class='ocrx_word' id='word_1_474' title='bbox 2326 1029 2395 1084; x_wconf 87' lang='lat' dir='ltr'><strong>Et</strong></span> <span class='ocrx_word' id='word_1_475' title='bbox 2414 1029 2635 1097; x_wconf 81' lang='lat' dir='ltr'><strong>Justin.,</strong></span> <span class='ocrx_word' id='word_1_476' title='bbox 2664 1031 2757 1085; x_wconf 90' lang='lat' dir='ltr'><strong>tib.</strong></span> <span class='ocrx_word' id='word_1_477' title='bbox 2791 1031 2852 1087; x_wconf 84' lang='lat' dir='ltr'><strong>V.</strong></span> <span class='ocrx_word' id='word_1_478' title='bbox 2899 1030 3031 1087; x_wconf 87' lang='lat' dir='ltr'><strong>Cod.</strong></span> <span class='ocrx_word' id='word_1_479' title='bbox 3064 1030 3226 1087; x_wconf 74' lang='lat' dir='ltr'><strong>luris.</strong></span> <span class='ocrx_word' id='word_1_480' title='bbox 3264 1033 3451 1103; x_wconf 90' lang='lat' dir='ltr'><strong>inquit,</strong></span> <span class='ocrx_word' id='word_1_481' title='bbox 3485 1035 3594 1088; x_wconf 86' lang='lat' dir='ltr'><strong>An-</strong></span> 
     </span>
    </p>
   </div>
   <div class='ocr_carea' id='block_1_65' title="bbox 1999 1119 3593 1197">
    <p class='ocr_par' dir='ltr' id='par_1_65' title="bbox 1999 1119 3593 1197">
     <span class='ocr_line' id='line_1_65' title="bbox 1999 1119 3593 1197; baseline 0.004 -22"><span class='ocrx_word' id='word_1_482' title='bbox 1999 1119 2177 1177; x_wconf 81' lang='lat' dir='ltr'><strong>ctores</strong></span> <span class='ocrx_word' id='word_1_483' title='bbox 2204 1139 2267 1177; x_wconf 79' lang='lat' dir='ltr'><strong>ea:</strong></span> <span class='ocrx_word' id='word_1_484' title='bbox 2295 1134 2509 1193; x_wconf 86' lang='lat' dir='ltr'><strong>utroque</strong></span> <span class='ocrx_word' id='word_1_485' title='bbox 2538 1124 2692 1179; x_wconf 83' lang='lat' dir='ltr'><strong>latere</strong></span> <span class='ocrx_word' id='word_1_486' title='bbox 2721 1140 2968 1197; x_wconf 87' lang='lat' dir='ltr'><strong>magnum</strong></span> <span class='ocrx_word' id='word_1_487' title='bbox 3021 1125 3255 1180; x_wconf 86' lang='lat' dir='ltr'><strong>habuere</strong></span> <span class='ocrx_word' id='word_1_488' title='bbox 3276 1134 3593 1182; x_wconf 77' lang='lat' dir='ltr'><strong>’eertamen.</strong></span> 
     </span>
    </p>
   </div>
   <div class='ocr_carea' id='block_1_66' title="bbox 2000 1214 3597 1289">
    <p class='ocr_par' dir='ltr' id='par_1_66' title="bbox 2000 1214 3597 1289">
     <span class='ocr_line' id='line_1_66' title="bbox 2000 1214 3597 1289; baseline 0.003 -20"><span class='ocrx_word' id='word_1_489' title='bbox 2000 1214 2223 1271; x_wconf 81' lang='lat' dir='ltr'><strong>Tertull.</strong></span> <span class='ocrx_word' id='word_1_490' title='bbox 2260 1216 2339 1272; x_wconf 76' lang='lat' dir='ltr'><strong>Ex</strong></span> <span class='ocrx_word' id='word_1_491' title='bbox 2364 1227 2572 1289; x_wconf 84' lang='lat' dir='ltr'><strong>utroque</strong></span> <span class='ocrx_word' id='word_1_492' title='bbox 2600 1218 2754 1273; x_wconf 81' lang='lat' dir='ltr'><strong>latere</strong></span> <span class='ocrx_word' id='word_1_493' title='bbox 2777 1236 2866 1272; x_wconf 79' lang='lat' dir='ltr'><strong>nos</strong></span> <span class='ocrx_word' id='word_1_494' title='bbox 2888 1218 3069 1273; x_wconf 83' lang='lat' dir='ltr'><strong>veritas</strong></span> <span class='ocrx_word' id='word_1_495' title='bbox 3092 1219 3143 1272; x_wconf 85' lang='lat' dir='ltr'><strong>in</strong></span> <span class='ocrx_word' id='word_1_496' title='bbox 3170 1217 3319 1272; x_wconf 76' lang='lat' dir='ltr'><strong>istam</strong></span> <span class='ocrx_word' id='word_1_497' title='bbox 3342 1218 3597 1273; x_wconf 75' lang='lat' dir='ltr'><strong>concludit</strong></span> 
     </span>
    </p>
   </div>
   <div class='ocr_carea' id='block_1_67' title="bbox 1999 1306 3596 1382">
    <p class='ocr_par' dir='ltr' id='par_1_67' title="bbox 1999 1306 3596 1382">
     <span class='ocr_line' id='line_1_67' title="bbox 1999 1306 3596 1382; baseline 0.004 -24"><span class='ocrx_word' id='word_1_498' title='bbox 1999 1307 2317 1372; x_wconf 76' lang='lat' dir='ltr'><strong>sententiam,</strong></span> <span class='ocrx_word' id='word_1_499' title='bbox 2372 1306 2422 1363; x_wconf 90' lang='lat' dir='ltr'><strong>id</strong></span> <span class='ocrx_word' id='word_1_500' title='bbox 2466 1318 2548 1365; x_wconf 90' lang='lat' dir='ltr'><strong>est</strong></span> <span class='ocrx_word' id='word_1_501' title='bbox 2576 1327 2587 1363; x_wconf 90' lang='lat'><strong>:</strong></span> <span class='ocrx_word' id='word_1_502' title='bbox 2619 1310 2907 1381; x_wconf 85' lang='lat' dir='ltr'><strong>utrimque,</strong></span> <span class='ocrx_word' id='word_1_503' title='bbox 2956 1316 3009 1364; x_wconf 89' lang='lat' dir='ltr'><strong>ct</strong></span> <span class='ocrx_word' id='word_1_504' title='bbox 3046 1325 3115 1365; x_wconf 77' lang='lat' dir='ltr'><strong>ex</strong></span> <span class='ocrx_word' id='word_1_505' title='bbox 3146 1311 3415 1381; x_wconf 88' lang='lat' dir='ltr'><strong>utrimque</strong></span> <span class='ocrx_word' id='word_1_506' title='bbox 3440 1326 3596 1382; x_wconf 83' lang='lat' dir='ltr'><strong>argu-</strong></span> 
     </span>
    </p>
   </div>
   <div class='ocr_carea' id='block_1_68' title="bbox 1994 1398 2360 1467">
    <p class='ocr_par' dir='ltr' id='par_1_68' title="bbox 1994 1398 2360 1467">
     <span class='ocr_line' id='line_1_68' title="bbox 1994 1398 2360 1467; baseline 0.005 -18"><span class='ocrx_word' id='word_1_507' title='bbox 1994 1398 2159 1451; x_wconf 81' lang='lat' dir='ltr'><strong>menti</strong></span> <span class='ocrx_word' id='word_1_508' title='bbox 2192 1409 2360 1467; x_wconf 87' lang='lat' dir='ltr'><strong>parte.</strong></span> 
     </span>
    </p>
   </div>
   <div class='ocr_carea' id='block_1_69' title="bbox 1997 1510 3590 1582">
    <p class='ocr_par' dir='ltr' id='par_1_69' title="bbox 1997 1510 3590 1582">
     <span class='ocr_line' id='line_1_69' title="bbox 1997 1510 3590 1582; baseline 0.005 -18"><span class='ocrx_word' id='word_1_509' title='bbox 1997 1511 2085 1565; x_wconf 81' lang='lat' dir='ltr'><strong>‘Jl.</strong></span> <span class='ocrx_word' id='word_1_510' title='bbox 2109 1510 2337 1582; x_wconf 88' lang='lat' dir='ltr'><strong>Quoquo</strong></span> <span class='ocrx_word' id='word_1_511' title='bbox 2367 1512 2534 1568; x_wconf 87' lang='lat' dir='ltr'><strong>latere</strong></span> <span class='ocrx_word' id='word_1_512' title='bbox 2559 1513 2709 1568; x_wconf 87' lang='lat' dir='ltr'><strong>velis.</strong></span> <span class='ocrx_word' id='word_1_513' title='bbox 2739 1512 2884 1568; x_wconf 83' lang='lat' dir='ltr'><strong>Tom.</strong></span> <span class='ocrx_word' id='word_1_514' title='bbox 2916 1511 3002 1570; x_wconf 89' lang='lat' dir='ltr'><strong>IIl.</strong></span> <span class='ocrx_word' id='word_1_515' title='bbox 3037 1516 3122 1568; x_wconf 87' lang='lat' dir='ltr'><strong>lib.</strong></span> <span class='ocrx_word' id='word_1_516' title='bbox 3156 1514 3242 1571; x_wconf 79' lang='lat' dir='ltr'><strong>IV.</strong></span> <span class='ocrx_word' id='word_1_517' title='bbox 3276 1517 3392 1569; x_wconf 80' lang='lat' dir='ltr'><strong>adv.</strong></span> <span class='ocrx_word' id='word_1_518' title='bbox 3426 1514 3590 1573; x_wconf 78' lang='lat' dir='ltr'><strong>Marc.</strong></span> 
     </span>
    </p>
   </div>
   <div class='ocr_carea' id='block_1_70' title="bbox 2507 1604 3072 1674">
    <p class='ocr_par' dir='ltr' id='par_1_70' title="bbox 2507 1604 3072 1674">
     <span class='ocr_line' id='line_1_70' title="bbox 2507 1604 3072 1674; baseline 0.011 -17"><span class='ocrx_word' id='word_1_519' title='bbox 2507 1621 2622 1674; x_wconf 89' lang='lat' dir='ltr'><strong>cap.</strong></span> <span class='ocrx_word' id='word_1_520' title='bbox 2654 1604 2743 1661; x_wconf 72' lang='grc' dir='ltr'><strong>δί.</strong></span> <span class='ocrx_word' id='word_1_521' title='bbox 2772 1622 2912 1659; x_wconf 86' lang='lat' dir='ltr'><strong>num.</strong></span> <span class='ocrx_word' id='word_1_522' title='bbox 2946 1606 3072 1663; x_wconf 67' lang='grc'><strong>541.</strong></span> 
     </span>
    </p>
   </div>
   <div class='ocr_carea' id='block_1_71' title="bbox 2070 1713 3593 1790">
    <p class='ocr_par' dir='ltr' id='par_1_71' title="bbox 2070 1713 3593 1790">
     <span class='ocr_line' id='line_1_71' title="bbox 2070 1713 3593 1790; baseline 0.008 -24"><span class='ocrx_word' id='word_1_523' title='bbox 2070 1713 2215 1770; x_wconf 90' lang='lat' dir='ltr'><strong>Idem</strong></span> <span class='ocrx_word' id='word_1_524' title='bbox 2239 1730 2357 1770; x_wconf 90' lang='lat' dir='ltr'><strong>cum</strong></span> <span class='ocrx_word' id='word_1_525' title='bbox 2380 1716 2640 1786; x_wconf 78' lang='lat' dir='ltr'><strong>superiore</strong></span> <span class='ocrx_word' id='word_1_526' title='bbox 2662 1734 2679 1771; x_wconf 89' lang='lat'><em>:</em></span> <span class='ocrx_word' id='word_1_527' title='bbox 2702 1735 2763 1772; x_wconf 74' lang='lat' dir='ltr'><strong>ex</strong></span> <span class='ocrx_word' id='word_1_528' title='bbox 2780 1727 2991 1789; x_wconf 86' lang='lat' dir='ltr'><strong>utroque</strong></span> <span class='ocrx_word' id='word_1_529' title='bbox 3011 1719 3186 1785; x_wconf 85' lang='lat' dir='ltr'><strong>latere,</strong></span> <span class='ocrx_word' id='word_1_530' title='bbox 3207 1720 3347 1790; x_wconf 86' lang='lat' dir='ltr'><strong>quod</strong></span> <span class='ocrx_word' id='word_1_531' title='bbox 3366 1719 3593 1779; x_wconf 86' lang='lat' dir='ltr'><strong>Tertull.</strong></span> 
     </span>
    </p>
   </div>
   <div class='ocr_carea' id='block_1_72' title="bbox 1526 1780 3594 1885">
    <p class='ocr_par' dir='ltr' id='par_1_72' title="bbox 1526 1780 3594 1885">
     <span class='ocr_line' id='line_1_72' title="bbox 1526 1780 3594 1885; baseline 0.004 -24"><span class='ocrx_word' id='word_1_532' title='bbox 1526 1798 1557 1837; x_wconf 66' lang='grc' dir='ltr'><strong>θ</strong></span> <span class='ocrx_word' id='word_1_533' title='bbox 1601 1780 1887 1885; x_wconf 29' lang='lat' dir='ltr'><strong>Mamaea?</strong></span> <span class='ocrx_word' id='word_1_534' title='bbox 1922 1786 1971 1857; x_wconf 76' lang='grc' dir='ltr'><strong>Β</strong></span> <span class='ocrx_word' id='word_1_535' title='bbox 1999 1809 2238 1866; x_wconf 88' lang='lat' dir='ltr'><strong>declarat</strong></span> <span class='ocrx_word' id='word_1_536' title='bbox 2264 1826 2276 1864; x_wconf 87' lang='lat'><strong>:</strong></span> <span class='ocrx_word' id='word_1_537' title='bbox 2309 1780 2483 1866; x_wconf 73' lang='lat' dir='ltr'><strong>Habes</strong></span> <span class='ocrx_word' id='word_1_538' title='bbox 2512 1813 2801 1883; x_wconf 83' lang='lat' dir='ltr'><strong>nuptiarum</strong></span> <span class='ocrx_word' id='word_1_539' title='bbox 2827 1780 3023 1884; x_wconf 75' lang='lat' dir='ltr'><strong>quoque</strong></span> <span class='ocrx_word' id='word_1_540' title='bbox 3050 1780 3184 1868; x_wconf 62' lang='lat' dir='ltr'><strong>velis</strong></span> <span class='ocrx_word' id='word_1_541' title='bbox 3200 1780 3355 1869; x_wconf 79' lang='lat' dir='ltr'><strong>latere</strong></span> <span class='ocrx_word' id='word_1_542' title='bbox 3382 1832 3594 1885; x_wconf 83' lang='lat' dir='ltr'><strong>prospe-</strong></span> 
     </span>
    </p>
   </div>
   <div class='ocr_carea' id='block_1_73' title="bbox 1988 1900 3519 1974">
    <p class='ocr_par' dir='ltr' id='par_1_73' title="bbox 1988 1900 3519 1974">
     <span class='ocr_line' id='line_1_73' title="bbox 1988 1900 3519 1974; baseline 0.003 -19"><span class='ocrx_word' id='word_1_543' title='bbox 1988 1910 2206 1968; x_wconf 73' lang='lat' dir='ltr'><strong>&#39;clorem,</strong></span> <span class='ocrx_word' id='word_1_544' title='bbox 2241 1900 2344 1958; x_wconf 91' lang='lat' dir='ltr'><strong>hoc</strong></span> <span class='ocrx_word' id='word_1_545' title='bbox 2370 1911 2452 1957; x_wconf 88' lang='lat' dir='ltr'><strong>est</strong></span> <span class='ocrx_word' id='word_1_546' title='bbox 2480 1920 2493 1957; x_wconf 91' lang='lat'><strong>:</strong></span> <span class='ocrx_word' id='word_1_547' title='bbox 2526 1919 2915 1974; x_wconf 79' lang='lat' dir='ltr'><strong>quamcumque</strong></span> <span class='ocrx_word' id='word_1_548' title='bbox 2944 1905 2993 1958; x_wconf 92' lang='lat' dir='ltr'><strong>iu</strong></span> <span class='ocrx_word' id='word_1_549' title='bbox 3023 1913 3224 1974; x_wconf 87' lang='lat' dir='ltr'><strong>partem</strong></span> <span class='ocrx_word' id='word_1_550' title='bbox 3252 1914 3301 1960; x_wconf 92' lang='lat' dir='ltr'><strong>te</strong></span> <span class='ocrx_word' id='word_1_551' title='bbox 3323 1913 3519 1961; x_wconf 88' lang='lat' dir='ltr'><strong>vertas.</strong></span> 
     </span>
    </p>
   </div>
   <div class='ocr_carea' id='block_1_74' title="bbox 2037 2015 3558 2093">
    <p class='ocr_par' dir='ltr' id='par_1_74' title="bbox 2037 2015 3558 2093">
     <span class='ocr_line' id='line_1_74' title="bbox 2037 2015 3558 2093; baseline 0.003 -22"><span class='ocrx_word' id='word_1_552' title='bbox 2037 2015 2124 2071; x_wconf 78' lang='lat'><strong>92.</strong></span> <span class='ocrx_word' id='word_1_553' title='bbox 2167 2015 2285 2083; x_wconf 85' lang='lat' dir='ltr'><strong>Quo</strong></span> <span class='ocrx_word' id='word_1_554' title='bbox 2312 2016 2556 2072; x_wconf 83' lang='lat' dir='ltr'><strong>laterum.</strong></span> <span class='ocrx_word' id='word_1_555' title='bbox 2603 2015 2745 2071; x_wconf 87' lang='lat' dir='ltr'><strong>Tom.</strong></span> <span class='ocrx_word' id='word_1_556' title='bbox 2783 2017 2844 2072; x_wconf 89' lang='lat' dir='ltr'><strong>V.</strong></span> <span class='ocrx_word' id='word_1_557' title='bbox 2886 2018 2976 2073; x_wconf 90' lang='lat' dir='ltr'><strong>lib.</strong></span> <span class='ocrx_word' id='word_1_558' title='bbox 3003 2019 3067 2074; x_wconf 85' lang='lat' dir='ltr'><strong>de</strong></span> <span class='ocrx_word' id='word_1_559' title='bbox 3107 2019 3284 2091; x_wconf 83' lang='lat' dir='ltr'><strong>Jejun.</strong></span> <span class='ocrx_word' id='word_1_560' title='bbox 3314 2037 3427 2093; x_wconf 87' lang='lat' dir='ltr'><strong>cap.</strong></span> <span class='ocrx_word' id='word_1_561' title='bbox 3472 2022 3558 2076; x_wconf 85' lang='grc'><strong>11.</strong></span> 
     </span>
    </p>
   </div>
   <div class='ocr_carea' id='block_1_75' title="bbox 2668 2110 3265 2165">
    <p class='ocr_par' dir='ltr' id='par_1_75' title="bbox 2668 2110 3265 2165">
     <span class='ocr_line' id='line_1_75' title="bbox 2668 2110 3265 2165; baseline 0.005 -2"><span class='ocrx_word' id='word_1_562' title='bbox 2668 2126 2809 2164; x_wconf 86' lang='lat' dir='ltr'><strong>num.</strong></span> <span class='ocrx_word' id='word_1_563' title='bbox 2842 2110 2929 2165; x_wconf 71' lang='grc'><strong>72.</strong></span> <span class='ocrx_word' id='word_1_564' title='bbox 3262 2130 3265 2131; x_wconf 66' lang='lat'><strong><em>&#39;</em></strong></span> 
     </span>
    </p>
   </div>
   <div class='ocr_carea' id='block_1_76' title="bbox 2071 2219 3596 2297">
    <p class='ocr_par' dir='ltr' id='par_1_76' title="bbox 2071 2219 3596 2297">
     <span class='ocr_line' id='line_1_76' title="bbox 2071 2219 3596 2297; baseline 0.005 -22"><span class='ocrx_word' id='word_1_565' title='bbox 2071 2219 2198 2275; x_wconf 88' lang='lat' dir='ltr'><strong>Utra</strong></span> <span class='ocrx_word' id='word_1_566' title='bbox 2226 2229 2379 2289; x_wconf 86' lang='lat' dir='ltr'><strong>parte</strong></span> <span class='ocrx_word' id='word_1_567' title='bbox 2406 2224 2734 2293; x_wconf 85' lang='lat' dir='ltr'><strong>argumenti;</strong></span> <span class='ocrx_word' id='word_1_568' title='bbox 2781 2239 2885 2293; x_wconf 88' lang='lat' dir='ltr'><strong>qua</strong></span> <span class='ocrx_word' id='word_1_569' title='bbox 2924 2223 3164 2288; x_wconf 62' lang='lat' dir='ltr'><strong>ratione,</strong></span> <span class='ocrx_word' id='word_1_570' title='bbox 3200 2241 3361 2297; x_wconf 88' lang='lat' dir='ltr'><strong>quam</strong></span> <span class='ocrx_word' id='word_1_571' title='bbox 3388 2227 3441 2281; x_wconf 90' lang='lat' dir='ltr'><strong>in</strong></span> <span class='ocrx_word' id='word_1_572' title='bbox 3469 2243 3596 2297; x_wconf 87' lang='lat' dir='ltr'><strong>par-</strong></span> 
     </span>
    </p>
   </div>
   <div class='ocr_carea' id='block_1_77' title="bbox 2006 2313 3600 2387">
    <p class='ocr_par' dir='ltr' id='par_1_77' title="bbox 2006 2313 3600 2387">
     <span class='ocr_line' id='line_1_77' title="bbox 2006 2313 3600 2387; baseline 0.006 -21"><span class='ocrx_word' id='word_1_573' title='bbox 2006 2313 2151 2367; x_wconf 88' lang='lat' dir='ltr'><strong>tem?</strong></span> <span class='ocrx_word' id='word_1_574' title='bbox 2182 2313 2248 2367; x_wconf 86' lang='lat' dir='ltr'><strong>Et</strong></span> <span class='ocrx_word' id='word_1_575' title='bbox 2290 2314 2374 2368; x_wconf 89' lang='lat' dir='ltr'><strong>hic</strong></span> <span class='ocrx_word' id='word_1_576' title='bbox 2414 2316 2578 2369; x_wconf 88' lang='lat' dir='ltr'><strong>utitur</strong></span> <span class='ocrx_word' id='word_1_577' title='bbox 2622 2316 2784 2370; x_wconf 84' lang='lat' dir='ltr'><strong>verbo</strong></span> <span class='ocrx_word' id='word_1_578' title='bbox 2828 2318 3200 2387; x_wconf 78' lang='lat' dir='ltr'><strong>conﬁrmatum,</strong></span> <span class='ocrx_word' id='word_1_579' title='bbox 3254 2330 3308 2373; x_wconf 95' lang='lat' dir='ltr'><strong>ut</strong></span> <span class='ocrx_word' id='word_1_580' title='bbox 3349 2320 3416 2375; x_wconf 87' lang='lat' dir='ltr'><strong>ad</strong></span> <span class='ocrx_word' id='word_1_581' title='bbox 3462 2322 3600 2377; x_wconf 89' lang='lat' dir='ltr'><strong>latus</strong></span> 
     </span>
    </p>
   </div>
   <div class='ocr_carea' id='block_1_78' title="bbox 2007 2386 3340 2477">
    <p class='ocr_par' dir='ltr' id='par_1_78' title="bbox 2007 2386 3340 2477">
     <span class='ocr_line' id='line_1_78' title="bbox 2007 2386 3340 2477; baseline 0.003 -17"><span class='ocrx_word' id='word_1_582' title='bbox 2007 2386 2226 2470; x_wconf 75' lang='lat' dir='ltr'><strong>tectum,</strong></span> <span class='ocrx_word' id='word_1_583' title='bbox 2256 2407 2306 2459; x_wconf 92' lang='lat' dir='ltr'><strong>in</strong></span> <span class='ocrx_word' id='word_1_584' title='bbox 2335 2407 2573 2461; x_wconf 80' lang='lat' dir='ltr'><strong>exercitu</strong></span> <span class='ocrx_word' id='word_1_585' title='bbox 2606 2407 2687 2462; x_wconf 87' lang='lat' dir='ltr'><strong>vel</strong></span> <span class='ocrx_word' id='word_1_586' title='bbox 2711 2407 3026 2477; x_wconf 84' lang='lat' dir='ltr'><strong>gladiatore,</strong></span> <span class='ocrx_word' id='word_1_587' title='bbox 3058 2409 3340 2465; x_wconf 85' lang='lat' dir='ltr'><strong>referatur.</strong></span> 
     </span>
    </p>
   </div>
   <div class='ocr_carea' id='block_1_79' title="bbox 2004 2516 3592 2597">
    <p class='ocr_par' dir='ltr' id='par_1_79' title="bbox 2004 2516 3592 2597">
     <span class='ocr_line' id='line_1_79' title="bbox 2004 2516 3592 2597; baseline 0.008 -25"><span class='ocrx_word' id='word_1_588' title='bbox 2004 2516 2095 2573; x_wconf 77' lang='lat'><strong>95.</strong></span> <span class='ocrx_word' id='word_1_589' title='bbox 2138 2519 2347 2575; x_wconf 71' lang='lat' dir='ltr'><strong>Lcones</strong></span> <span class='ocrx_word' id='word_1_590' title='bbox 2396 2521 2447 2575; x_wconf 93' lang='lat' dir='ltr'><strong>in</strong></span> <span class='ocrx_word' id='word_1_591' title='bbox 2495 2536 2655 2591; x_wconf 77' lang='lat' dir='ltr'><strong>pace;</strong></span> <span class='ocrx_word' id='word_1_592' title='bbox 2705 2523 2820 2577; x_wconf 80' lang='lat' dir='ltr'><strong>vide</strong></span> <span class='ocrx_word' id='word_1_593' title='bbox 2864 2541 3021 2595; x_wconf 78' lang='lat' dir='ltr'><strong>supra</strong></span> <span class='ocrx_word' id='word_1_594' title='bbox 3049 2540 3067 2579; x_wconf 92' lang='lat'><strong><em>:</em></strong></span> <span class='ocrx_word' id='word_1_595' title='bbox 3094 2522 3247 2580; x_wconf 85' lang='lat' dir='ltr'><strong>Cervi</strong></span> <span class='ocrx_word' id='word_1_596' title='bbox 3293 2526 3346 2580; x_wconf 88' lang='lat' dir='ltr'><strong>in</strong></span> <span class='ocrx_word' id='word_1_597' title='bbox 3392 2527 3592 2597; x_wconf 73' lang='lat' dir='ltr'><strong>prtclio.</strong></span> 
     </span>
    </p>
   </div>
   <div class='ocr_carea' id='block_1_80' title="bbox 2133 2606 3445 2685">
    <p class='ocr_par' dir='ltr' id='par_1_80' title="bbox 2133 2606 3445 2685">
     <span class='ocr_line' id='line_1_80' title="bbox 2133 2606 3445 2685; baseline 0.007 -22"><span class='ocrx_word' id='word_1_598' title='bbox 2133 2606 2281 2664; x_wconf 88' lang='lat' dir='ltr'><strong>Tom.</strong></span> <span class='ocrx_word' id='word_1_599' title='bbox 2316 2611 2377 2665; x_wconf 88' lang='lat' dir='ltr'><strong>ll.</strong></span> <span class='ocrx_word' id='word_1_600' title='bbox 2411 2612 2496 2666; x_wconf 85' lang='lat' dir='ltr'><strong>lib.</strong></span> <span class='ocrx_word' id='word_1_601' title='bbox 2532 2613 2594 2668; x_wconf 83' lang='lat' dir='ltr'><strong>de</strong></span> <span class='ocrx_word' id='word_1_602' title='bbox 2621 2614 2735 2668; x_wconf 83' lang='lat' dir='ltr'><strong>Cor.</strong></span> <span class='ocrx_word' id='word_1_603' title='bbox 2766 2614 2917 2671; x_wconf 88' lang='lat' dir='ltr'><strong>milit.</strong></span> <span class='ocrx_word' id='word_1_604' title='bbox 2948 2633 3064 2685; x_wconf 86' lang='lat' dir='ltr'><strong>cap.</strong></span> <span class='ocrx_word' id='word_1_605' title='bbox 3098 2616 3149 2671; x_wconf 93' lang='grc'><strong>1.</strong></span> <span class='ocrx_word' id='word_1_606' title='bbox 3180 2634 3321 2672; x_wconf 85' lang='lat' dir='ltr'><strong>num.</strong></span> <span class='ocrx_word' id='word_1_607' title='bbox 3358 2618 3445 2672; x_wconf 84' lang='grc'><strong>18.</strong></span> 
     </span>
    </p>
   </div>
   <div class='ocr_carea' id='block_1_81' title="bbox 2073 2720 3599 2799">
    <p class='ocr_par' dir='ltr' id='par_1_81' title="bbox 2073 2720 3599 2799">
     <span class='ocr_line' id='line_1_81' title="bbox 2073 2720 3599 2799; baseline 0.008 -23"><span class='ocrx_word' id='word_1_608' title='bbox 2073 2720 2334 2779; x_wconf 84' lang='lat' dir='ltr'><strong>Convenit</strong></span> <span class='ocrx_word' id='word_1_609' title='bbox 2377 2723 2429 2781; x_wconf 88' lang='lat' dir='ltr'><strong>in</strong></span> <span class='ocrx_word' id='word_1_610' title='bbox 2458 2740 2549 2781; x_wconf 79' lang='lat' dir='ltr'><strong>eos</strong></span> <span class='ocrx_word' id='word_1_611' title='bbox 2578 2726 2668 2796; x_wconf 83' lang='lat' dir='ltr'><strong>qui</strong></span> <span class='ocrx_word' id='word_1_612' title='bbox 2701 2738 3027 2797; x_wconf 68' lang='lat' dir='ltr'><strong>prmpostere</strong></span> <span class='ocrx_word' id='word_1_613' title='bbox 3051 2743 3111 2783; x_wconf 87' lang='lat' dir='ltr'><strong>se</strong></span> <span class='ocrx_word' id='word_1_614' title='bbox 3134 2740 3325 2799; x_wconf 86' lang='lat' dir='ltr'><strong>gerunt</strong></span> <span class='ocrx_word' id='word_1_615' title='bbox 3352 2748 3364 2785; x_wconf 91' lang='lat'><strong>:</strong></span> <span class='ocrx_word' id='word_1_616' title='bbox 3397 2731 3482 2785; x_wconf 91' lang='lat' dir='ltr'><strong>ubi</strong></span> <span class='ocrx_word' id='word_1_617' title='bbox 3510 2747 3599 2788; x_wconf 87' lang='lat' dir='ltr'><strong>res</strong></span> 
     </span>
    </p>
   </div>
   <div class='ocr_carea' id='block_1_82' title="bbox 2002 2814 3596 2887">
    <p class='ocr_par' dir='ltr' id='par_1_82' title="bbox 2002 2814 3596 2887">
     <span class='ocr_line' id='line_1_82' title="bbox 2002 2814 3596 2887; baseline 0.006 -22"><span class='ocrx_word' id='word_1_618' title='bbox 2002 2814 2237 2883; x_wconf 86' lang='lat' dir='ltr'><strong>postulat</strong></span> <span class='ocrx_word' id='word_1_619' title='bbox 2278 2814 2552 2870; x_wconf 87' lang='lat' dir='ltr'><strong>audaciam</strong></span> <span class='ocrx_word' id='word_1_620' title='bbox 2591 2827 2643 2871; x_wconf 91' lang='lat' dir='ltr'><strong>et</strong></span> <span class='ocrx_word' id='word_1_621' title='bbox 2672 2817 2943 2884; x_wconf 83' lang='lat' dir='ltr'><strong>virtutem,</strong></span> <span class='ocrx_word' id='word_1_622' title='bbox 2992 2819 3059 2874; x_wconf 87' lang='lat' dir='ltr'><strong>ibi</strong></span> <span class='ocrx_word' id='word_1_623' title='bbox 3109 2819 3315 2885; x_wconf 56' lang='lat' dir='ltr'><strong>timidi;</strong></span> <span class='ocrx_word' id='word_1_624' title='bbox 3365 2820 3596 2887; x_wconf 78' lang='lat' dir='ltr'><strong>feroces,</strong></span> 
     </span>
    </p>
   </div>
   <div class='ocr_carea' id='block_1_83' title="bbox 2006 2906 3597 2982">
    <p class='ocr_par' dir='ltr' id='par_1_83' title="bbox 2006 2906 3597 2982">
     <span class='ocr_line' id='line_1_83' title="bbox 2006 2906 3597 2982; baseline 0.006 -23"><span class='ocrx_word' id='word_1_625' title='bbox 2006 2906 2092 2960; x_wconf 89' lang='lat' dir='ltr'><strong>ubi</strong></span> <span class='ocrx_word' id='word_1_626' title='bbox 2126 2906 2258 2961; x_wconf 89' lang='lat' dir='ltr'><strong>nihil</strong></span> <span class='ocrx_word' id='word_1_627' title='bbox 2291 2907 2568 2964; x_wconf 87' lang='lat' dir='ltr'><strong>ferocitate</strong></span> <span class='ocrx_word' id='word_1_628' title='bbox 2592 2924 2745 2980; x_wconf 81' lang='lat' dir='ltr'><strong>opus.</strong></span> <span class='ocrx_word' id='word_1_629' title='bbox 2790 2910 2992 2967; x_wconf 87' lang='lat' dir='ltr'><strong>Livius.</strong></span> <span class='ocrx_word' id='word_1_630' title='bbox 3040 2910 3101 2967; x_wconf 91' lang='lat' dir='ltr'><strong>In</strong></span> <span class='ocrx_word' id='word_1_631' title='bbox 3126 2912 3237 2967; x_wconf 89' lang='lat' dir='ltr'><strong>otio</strong></span> <span class='ocrx_word' id='word_1_632' title='bbox 3261 2914 3597 2982; x_wconf 81' lang='lat' dir='ltr'><strong>tumultuosi,</strong></span> 
     </span>
    </p>
   </div>
   <div class='ocr_carea' id='block_1_84' title="bbox 2004 2998 3598 3077">
    <p class='ocr_par' dir='ltr' id='par_1_84' title="bbox 2004 2998 3598 3077">
     <span class='ocr_line' id='line_1_84' title="bbox 2004 2998 3598 3077; baseline 0.006 -26"><span class='ocrx_word' id='word_1_633' title='bbox 2004 2998 2057 3052; x_wconf 90' lang='lat' dir='ltr'><strong>in</strong></span> <span class='ocrx_word' id='word_1_634' title='bbox 2087 2998 2228 3055; x_wconf 87' lang='lat' dir='ltr'><strong>bello</strong></span> <span class='ocrx_word' id='word_1_635' title='bbox 2258 3016 2470 3071; x_wconf 84' lang='lat' dir='ltr'><strong>segnes.</strong></span> <span class='ocrx_word' id='word_1_636' title='bbox 2522 3002 2779 3074; x_wconf 84' lang='lat' dir='ltr'><strong>Synesius</strong></span> <span class='ocrx_word' id='word_1_637' title='bbox 2824 3020 2835 3056; x_wconf 91' lang='lat'>:</span> <span class='ocrx_word' id='word_1_638' title='bbox 2876 3009 2922 3057; x_wconf 72' lang='grc' dir='ltr'><strong>ἐν</strong></span> <span class='ocrx_word' id='word_1_639' title='bbox 2944 3015 3027 3072; x_wconf 73' lang='grc' dir='ltr'><strong>μὲν</strong></span> <span class='ocrx_word' id='word_1_640' title='bbox 3053 3012 3214 3077; x_wconf 54' lang='lat' dir='ltr'><strong>ripe-ty</strong></span> <span class='ocrx_word' id='word_1_641' title='bbox 3245 3015 3445 3076; x_wconf 75' lang='grc' dir='ltr'><strong>θρασεῖς,</strong></span> <span class='ocrx_word' id='word_1_642' title='bbox 3474 3013 3521 3060; x_wconf 68' lang='grc' dir='ltr'><strong>ἐν</strong></span> <span class='ocrx_word' id='word_1_643' title='bbox 3551 3012 3598 3061; x_wconf 71' lang='grc' dir='ltr'><strong>δι</strong></span> 
     </span>
    </p>
   </div>
   <div class='ocr_carea' id='block_1_85' title="bbox 2004 3090 3523 3163">
    <p class='ocr_par' dir='ltr' id='par_1_85' title="bbox 2004 3090 3523 3163">
     <span class='ocr_line' id='line_1_85' title="bbox 2004 3090 3523 3163; baseline 0.006 -20"><span class='ocrx_word' id='word_1_644' title='bbox 2004 3098 2191 3161; x_wconf 68' lang='grc' dir='ltr'><strong>πολέμῳ</strong></span> <span class='ocrx_word' id='word_1_645' title='bbox 2221 3093 2388 3160; x_wconf 70' lang='grc' dir='ltr'><strong>δειλοί,</strong></span> <span class='ocrx_word' id='word_1_646' title='bbox 2427 3092 2478 3147; x_wconf 89' lang='lat' dir='ltr'><strong>in</strong></span> <span class='ocrx_word' id='word_1_647' title='bbox 2513 3094 2641 3163; x_wconf 81' lang='lat' dir='ltr'><strong>pace</strong></span> <span class='ocrx_word' id='word_1_648' title='bbox 2667 3090 2895 3161; x_wconf 82' lang='lat' dir='ltr'><strong>feroces,</strong></span> <span class='ocrx_word' id='word_1_649' title='bbox 2925 3096 2974 3149; x_wconf 92' lang='lat' dir='ltr'><strong>in</strong></span> <span class='ocrx_word' id='word_1_650' title='bbox 3004 3094 3144 3151; x_wconf 90' lang='lat' dir='ltr'><strong>bello</strong></span> <span class='ocrx_word' id='word_1_651' title='bbox 3172 3097 3523 3152; x_wconf 86' lang='lat' dir='ltr'><strong>formidolosi.</strong></span> 
     </span>
    </p>
   </div>
   <div class='ocr_carea' id='block_1_86' title="bbox 2065 3205 3562 3284">
    <p class='ocr_par' dir='ltr' id='par_1_86' title="bbox 2065 3205 3562 3284">
     <span class='ocr_line' id='line_1_86' title="bbox 2065 3205 3562 3284; baseline 0.003 -23"><span class='ocrx_word' id='word_1_652' title='bbox 2065 3205 2154 3261; x_wconf 72' lang='grc'><strong>94.</strong></span> <span class='ocrx_word' id='word_1_653' title='bbox 2195 3205 2255 3261; x_wconf 90' lang='lat' dir='ltr'><strong>In</strong></span> <span class='ocrx_word' id='word_1_654' title='bbox 2296 3206 2481 3262; x_wconf 88' lang='lat' dir='ltr'><strong>limine</strong></span> <span class='ocrx_word' id='word_1_655' title='bbox 2507 3222 2809 3264; x_wconf 90' lang='lat' dir='ltr'><strong>occurrere.</strong></span> <span class='ocrx_word' id='word_1_656' title='bbox 2844 3207 2993 3263; x_wconf 83' lang='lat' dir='ltr'><strong>Tom.</strong></span> <span class='ocrx_word' id='word_1_657' title='bbox 3029 3209 3090 3264; x_wconf 85' lang='lat' dir='ltr'><strong>V.</strong></span> <span class='ocrx_word' id='word_1_658' title='bbox 3120 3210 3208 3264; x_wconf 89' lang='lat' dir='ltr'><strong>lib.</strong></span> <span class='ocrx_word' id='word_1_659' title='bbox 3236 3212 3299 3265; x_wconf 87' lang='lat' dir='ltr'><strong>de</strong></span> <span class='ocrx_word' id='word_1_660' title='bbox 3324 3211 3562 3284; x_wconf 78' lang='lat' dir='ltr'><strong>Monog.,</strong></span> 
     </span>
    </p>
   </div>
   <div class='ocr_carea' id='block_1_87' title="bbox 2554 3300 3046 3371">
    <p class='ocr_par' dir='ltr' id='par_1_87' title="bbox 2554 3300 3046 3371">
     <span class='ocr_line' id='line_1_87' title="bbox 2554 3300 3046 3371; baseline 0.012 -17"><span class='ocrx_word' id='word_1_661' title='bbox 2554 3317 2670 3371; x_wconf 84' lang='lat' dir='ltr'><strong>cap.</strong></span> <span class='ocrx_word' id='word_1_662' title='bbox 2701 3300 2754 3367; x_wconf 90' lang='lat'><strong>8,</strong></span> <span class='ocrx_word' id='word_1_663' title='bbox 2783 3317 2922 3355; x_wconf 78' lang='lat' dir='ltr'><strong>nunt.</strong></span> <span class='ocrx_word' id='word_1_664' title='bbox 2954 3302 3046 3360; x_wconf 74' lang='lat'><strong>52.</strong></span> 
     </span>
    </p>
   </div>
   <div class='ocr_carea' id='block_1_88' title="bbox 2016 3395 3600 3490">
    <p class='ocr_par' dir='ltr' id='par_1_88' title="bbox 2016 3395 3600 3490">
     <span class='ocr_line' id='line_1_88' title="bbox 2016 3395 3600 3490; baseline 0.008 -26"><span class='ocrx_word' id='word_1_665' title='bbox 2016 3395 2022 3401; x_wconf 55' lang='grc'><em>”</em></span> <span class='ocrx_word' id='word_1_666' title='bbox 2070 3411 2127 3466; x_wconf 89' lang='lat' dir='ltr'><strong>ln</strong></span> <span class='ocrx_word' id='word_1_667' title='bbox 2165 3413 2281 3483; x_wconf 92' lang='lat' dir='ltr'><strong>ipso</strong></span> <span class='ocrx_word' id='word_1_668' title='bbox 2340 3413 2519 3483; x_wconf 87' lang='lat' dir='ltr'><strong>operis</strong></span> <span class='ocrx_word' id='word_1_669' title='bbox 2575 3413 3059 3487; x_wconf 88' lang='lat' dir='ltr'><strong>disputationisque</strong></span> <span class='ocrx_word' id='word_1_670' title='bbox 3097 3418 3341 3490; x_wconf 87' lang='lat' dir='ltr'><strong>ingressu</strong></span> <span class='ocrx_word' id='word_1_671' title='bbox 3370 3432 3492 3476; x_wconf 89' lang='lat' dir='ltr'><strong>sese</strong></span> <span class='ocrx_word' id='word_1_672' title='bbox 3518 3421 3600 3476; x_wconf 90' lang='lat' dir='ltr'><strong>of—</strong></span> 
     </span>
    </p>
   </div>
   <div class='ocr_carea' id='block_1_89' title="bbox 1996 3502 2158 3559">
    <p class='ocr_par' dir='ltr' id='par_1_89' title="bbox 1996 3502 2158 3559">
     <span class='ocr_line' id='line_1_89' title="bbox 1996 3502 2158 3559; baseline 0.012 -2"><span class='ocrx_word' id='word_1_673' title='bbox 1996 3502 2158 3559; x_wconf 89' lang='lat' dir='ltr'><strong>ferre.</strong></span> 
     </span>
    </p>
   </div>
   <div class='ocr_carea' id='block_1_90' title="bbox 1997 3594 3685 3679">
    <p class='ocr_par' dir='ltr' id='par_1_90' title="bbox 1997 3594 3685 3679">
     <span class='ocr_line' id='line_1_90' title="bbox 1997 3594 3685 3679; baseline 0.007 -28"><span class='ocrx_word' id='word_1_674' title='bbox 1997 3594 2087 3652; x_wconf 84' lang='grc'><strong>95.</strong></span> <span class='ocrx_word' id='word_1_675' title='bbox 2132 3597 2206 3652; x_wconf 85' lang='lat' dir='ltr'><strong>De</strong></span> <span class='ocrx_word' id='word_1_676' title='bbox 2254 3596 2435 3654; x_wconf 88' lang='lat' dir='ltr'><strong>limine</strong></span> <span class='ocrx_word' id='word_1_677' title='bbox 2477 3598 2768 3656; x_wconf 77' lang='lat' dir='ltr'><strong>oll&#39;cudere.</strong></span> <span class='ocrx_word' id='word_1_678' title='bbox 2817 3600 2959 3658; x_wconf 88' lang='lat' dir='ltr'><strong>Tom.</strong></span> <span class='ocrx_word' id='word_1_679' title='bbox 2991 3602 3186 3659; x_wconf 88' lang='lat' dir='ltr'><strong>lll.lib.</strong></span> <span class='ocrx_word' id='word_1_680' title='bbox 3214 3608 3332 3661; x_wconf 83' lang='lat' dir='ltr'><strong>adv.</strong></span> <span class='ocrx_word' id='word_1_681' title='bbox 3374 3605 3594 3676; x_wconf 84' lang='lat' dir='ltr'><strong>Valcul.,</strong></span> <span class='ocrx_word' id='word_1_682' title='bbox 3638 3638 3685 3679; x_wconf 37' lang='grc' dir='ltr'><strong>-ο</strong></span> 
     </span>
    </p>
   </div>
   <div class='ocr_carea' id='block_1_91' title="bbox 2533 3695 3031 3764">
    <p class='ocr_par' dir='ltr' id='par_1_91' title="bbox 2533 3695 3031 3764">
     <span class='ocr_line' id='line_1_91' title="bbox 2533 3695 3031 3764; baseline 0.01 -18"><span class='ocrx_word' id='word_1_683' title='bbox 2533 3710 2647 3764; x_wconf 87' lang='lat' dir='ltr'><strong>cap.</strong></span> <span class='ocrx_word' id='word_1_684' title='bbox 2682 3695 2734 3761; x_wconf 81' lang='lat'><strong>3,</strong></span> <span class='ocrx_word' id='word_1_685' title='bbox 2768 3711 2909 3749; x_wconf 87' lang='lat' dir='ltr'><strong>num.</strong></span> <span class='ocrx_word' id='word_1_686' title='bbox 2940 3696 3031 3752; x_wconf 73' lang='lat'><strong>22.</strong></span> 
     </span>
    </p>
   </div>
   <div class='ocr_carea' id='block_1_92' title="bbox 2072 3804 3599 3887">
    <p class='ocr_par' dir='ltr' id='par_1_92' title="bbox 2072 3804 3599 3887">
     <span class='ocr_line' id='line_1_92' title="bbox 2072 3804 3599 3887; baseline 0.009 -28"><span class='ocrx_word' id='word_1_687' title='bbox 2072 3804 2385 3861; x_wconf 65' lang='lat' dir='ltr'><strong>“nummus.</strong></span> <span class='ocrx_word' id='word_1_688' title='bbox 2437 3806 2784 3862; x_wconf 89' lang='lat' dir='ltr'><strong>Proverbium</strong></span> <span class='ocrx_word' id='word_1_689' title='bbox 2813 3809 2880 3864; x_wconf 89' lang='lat' dir='ltr'><strong>de</strong></span> <span class='ocrx_word' id='word_1_690' title='bbox 2905 3809 2990 3866; x_wconf 87' lang='lat' dir='ltr'><strong>his</strong></span> <span class='ocrx_word' id='word_1_691' title='bbox 3014 3812 3102 3882; x_wconf 89' lang='lat' dir='ltr'><strong>qui</strong></span> <span class='ocrx_word' id='word_1_692' title='bbox 3129 3812 3282 3868; x_wconf 89' lang='lat' dir='ltr'><strong>initio</strong></span> <span class='ocrx_word' id='word_1_693' title='bbox 3309 3815 3411 3881; x_wconf 90' lang='lat' dir='ltr'><strong>rei,</strong></span> <span class='ocrx_word' id='word_1_694' title='bbox 3440 3831 3599 3887; x_wconf 86' lang='lat' dir='ltr'><strong>quam</strong></span> 
     </span>
    </p>
   </div>
   <div class='ocr_carea' id='block_1_93' title="bbox 2002 3898 3600 3970">
    <p class='ocr_par' dir='ltr' id='par_1_93' title="bbox 2002 3898 3600 3970">
     <span class='ocr_line' id='line_1_93' title="bbox 2002 3898 3600 3970; baseline 0.008 -18"><span class='ocrx_word' id='word_1_695' title='bbox 2002 3898 2260 3966; x_wconf 80' lang='lat' dir='ltr'><strong>agendam</strong></span> <span class='ocrx_word' id='word_1_696' title='bbox 2300 3910 2667 3969; x_wconf 87' lang='lat' dir='ltr'><strong>susceperant,</strong></span> <span class='ocrx_word' id='word_1_697' title='bbox 2712 3911 2952 3970; x_wconf 90' lang='lat' dir='ltr'><strong>peccant.</strong></span> <span class='ocrx_word' id='word_1_698' title='bbox 2996 3903 3185 3961; x_wconf 86' lang='lat' dir='ltr'><strong>Simile</strong></span> <span class='ocrx_word' id='word_1_699' title='bbox 3222 3906 3293 3961; x_wconf 90' lang='lat' dir='ltr'><strong>illi</strong></span> <span class='ocrx_word' id='word_1_700' title='bbox 3325 3909 3600 3964; x_wconf 78' lang='lat' dir='ltr'><strong>:Canlhe-</strong></span> 
     </span>
    </p>
   </div>
   <div class='ocr_carea' id='block_1_94' title="bbox 2005 3993 3601 4074">
    <p class='ocr_par' dir='ltr' id='par_1_94' title="bbox 2005 3993 3601 4074">
     <span class='ocr_line' id='line_1_94' title="bbox 2005 3993 3601 4074; baseline 0.008 -28"><span class='ocrx_word' id='word_1_701' title='bbox 2005 3995 2118 4047; x_wconf 90' lang='lat' dir='ltr'><strong>rius</strong></span> <span class='ocrx_word' id='word_1_702' title='bbox 2150 3993 2201 4047; x_wconf 92' lang='lat' dir='ltr'><strong>in</strong></span> <span class='ocrx_word' id='word_1_703' title='bbox 2233 4003 2404 4063; x_wconf 86' lang='lat' dir='ltr'><strong>porta.</strong></span> <span class='ocrx_word' id='word_1_704' title='bbox 2446 3994 2580 4049; x_wconf 82' lang='lat' dir='ltr'><strong>Cum</strong></span> <span class='ocrx_word' id='word_1_705' title='bbox 2612 3993 2715 4050; x_wconf 87' lang='lat' dir='ltr'><strong>hoc</strong></span> <span class='ocrx_word' id='word_1_706' title='bbox 2736 3998 3064 4053; x_wconf 89' lang='lat' dir='ltr'><strong>conveniunt</strong></span> <span class='ocrx_word' id='word_1_707' title='bbox 3094 4017 3105 4053; x_wconf 89' lang='lat'><strong>:</strong></span> <span class='ocrx_word' id='word_1_708' title='bbox 3138 3999 3191 4054; x_wconf 90' lang='lat' dir='ltr'><strong>lu</strong></span> <span class='ocrx_word' id='word_1_709' title='bbox 3221 4010 3375 4071; x_wconf 87' lang='lat' dir='ltr'><strong>portu</strong></span> <span class='ocrx_word' id='word_1_710' title='bbox 3407 4004 3601 4074; x_wconf 90' lang='lat' dir='ltr'><strong>impin-</strong></span> 
     </span>
    </p>
   </div>
   <div class='ocr_carea' id='block_1_95' title="bbox 2004 4085 3005 4162">
    <p class='ocr_par' dir='ltr' id='par_1_95' title="bbox 2004 4085 3005 4162">
     <span class='ocr_line' id='line_1_95' title="bbox 2004 4085 3005 4162; baseline 0.005 -21"><span class='ocrx_word' id='word_1_711' title='bbox 2004 4100 2170 4157; x_wconf 87' lang='lat' dir='ltr'><strong>gere:</strong></span> <span class='ocrx_word' id='word_1_712' title='bbox 2199 4085 2254 4140; x_wconf 85' lang='lat' dir='ltr'><strong>In</strong></span> <span class='ocrx_word' id='word_1_713' title='bbox 2285 4087 2468 4143; x_wconf 90' lang='lat' dir='ltr'><strong>limine</strong></span> <span class='ocrx_word' id='word_1_714' title='bbox 2493 4087 2744 4144; x_wconf 85' lang='lat' dir='ltr'><strong>deiicere.</strong></span> <span class='ocrx_word' id='word_1_715' title='bbox 2776 4090 2961 4162; x_wconf 76' lang='lat' dir='ltr'><strong>Virgil.</strong></span> <span class='ocrx_word' id='word_1_716' title='bbox 2992 4093 3005 4146; x_wconf 75' lang='grc' dir='ltr'><strong><em>ἑ</em></strong></span> 
     </span>
    </p>
   </div>
   <div class='ocr_carea' id='block_1_96' title="bbox 2249 4200 3074 4269">
    <p class='ocr_par' dir='ltr' id='par_1_96' title="bbox 2249 4200 3074 4269">
     <span class='ocr_line' id='line_1_96' title="bbox 2249 4200 3074 4269; baseline 0.01 -21"><span class='ocrx_word' id='word_1_717' title='bbox 2249 4201 2626 4269; x_wconf 64' lang='lat' dir='ltr'><strong>Qur_ipdecqres</strong></span> <span class='ocrx_word' id='word_1_718' title='bbox 2649 4203 2699 4251; x_wconf 90' lang='lat' dir='ltr'><strong>in</strong></span> <span class='ocrx_word' id='word_1_719' title='bbox 2726 4200 2891 4255; x_wconf 82' lang='lat' dir='ltr'><strong>limine</strong></span> <span class='ocrx_word' id='word_1_720' title='bbox 2918 4206 3074 4269; x_wconf 85' lang='lat' dir='ltr'><strong>primo</strong></span> 
     </span>
    </p>
   </div>
   <div class='ocr_carea' id='block_1_97' title="bbox 2253 4262 2645 4315">
    <p class='ocr_par' dir='ltr' id='par_1_97' title="bbox 2253 4262 2645 4315">
     <span class='ocr_line' id='line_1_97' title="bbox 2253 4262 2645 4315; baseline 0.005 -2"><span class='ocrx_word' id='word_1_721' title='bbox 2253 4262 2513 4315; x_wconf 83' lang='lat' dir='ltr'><strong>Deﬁcimus</strong></span> <span class='ocrx_word' id='word_1_722' title='bbox 2527 4266 2645 4315; x_wconf 87' lang='lat'><strong>?.....</strong></span> 
     </span>
    </p>
   </div>
   <div class='ocr_carea' id='block_1_98' title="bbox 2005 4368 3599 4451">
    <p class='ocr_par' dir='ltr' id='par_1_98' title="bbox 2005 4368 3599 4451">
     <span class='ocr_line' id='line_1_98' title="bbox 2005 4368 3599 4451; baseline 0.007 -28"><span class='ocrx_word' id='word_1_723' title='bbox 2005 4384 2137 4441; x_wconf 90' lang='lat' dir='ltr'><strong>pro,</strong></span> <span class='ocrx_word' id='word_1_724' title='bbox 2190 4370 2243 4423; x_wconf 90' lang='lat' dir='ltr'><strong>in</strong></span> <span class='ocrx_word' id='word_1_725' title='bbox 2290 4368 2408 4438; x_wconf 87' lang='lat' dir='ltr'><strong>ipso</strong></span> <span class='ocrx_word' id='word_1_726' title='bbox 2456 4371 2636 4440; x_wconf 87' lang='lat' dir='ltr'><strong>operis</strong></span> <span class='ocrx_word' id='word_1_727' title='bbox 2682 4372 2986 4451; x_wconf 83' lang='lat' dir='ltr'><strong>negotiique</strong></span> <span class='ocrx_word' id='word_1_728' title='bbox 3026 4378 3257 4447; x_wconf 88' lang='lat' dir='ltr'><strong>suscepti</strong></span> <span class='ocrx_word' id='word_1_729' title='bbox 3307 4376 3599 4447; x_wconf 84' lang='lat' dir='ltr'><strong>primordio</strong></span> 
     </span>
    </p>
   </div>
   <div class='ocr_carea' id='block_1_99' title="bbox 2012 4461 3602 4539">
    <p class='ocr_par' dir='ltr' id='par_1_99' title="bbox 2012 4461 3602 4539">
     <span class='ocr_line' id='line_1_99' title="bbox 2012 4461 3602 4539; baseline 0.004 -22"><span class='ocrx_word' id='word_1_730' title='bbox 2012 4476 2256 4533; x_wconf 84' lang='lat' dir='ltr'><strong>peccare.</strong></span> <span class='ocrx_word' id='word_1_731' title='bbox 2286 4461 2368 4516; x_wconf 80' lang='lat' dir='ltr'><strong>Ab</strong></span> <span class='ocrx_word' id='word_1_732' title='bbox 2394 4461 2457 4516; x_wconf 91' lang='lat' dir='ltr'><strong>iis</strong></span> <span class='ocrx_word' id='word_1_733' title='bbox 2488 4462 2820 4531; x_wconf 87' lang='lat' dir='ltr'><strong>translatum,</strong></span> <span class='ocrx_word' id='word_1_734' title='bbox 2870 4465 2958 4534; x_wconf 88' lang='lat' dir='ltr'><strong>qui</strong></span> <span class='ocrx_word' id='word_1_735' title='bbox 3000 4482 3064 4521; x_wconf 81' lang='lat' dir='ltr'><strong>ex</strong></span> <span class='ocrx_word' id='word_1_736' title='bbox 3108 4467 3310 4523; x_wconf 59' lang='lat' dir='ltr'><strong>adibus</strong></span> <span class='ocrx_word' id='word_1_737' title='bbox 3338 4470 3602 4539; x_wconf 68' lang='lat' dir='ltr'><strong>egressori</strong></span> 
     </span>
    </p>
   </div>
   <div class='ocr_carea' id='block_1_100' title="bbox 2008 4550 3599 4627">
    <p class='ocr_par' dir='ltr' id='par_1_100' title="bbox 2008 4550 3599 4627">
     <span class='ocr_line' id='line_1_100' title="bbox 2008 4550 3599 4627; baseline 0.002 -19"><span class='ocrx_word' id='word_1_738' title='bbox 2008 4553 2060 4608; x_wconf 92' lang='lat' dir='ltr'><strong>in</strong></span> <span class='ocrx_word' id='word_1_739' title='bbox 2093 4552 2279 4607; x_wconf 91' lang='lat' dir='ltr'><strong>limine</strong></span> <span class='ocrx_word' id='word_1_740' title='bbox 2309 4551 2497 4621; x_wconf 89' lang='lat' dir='ltr'><strong>pedem</strong></span> <span class='ocrx_word' id='word_1_741' title='bbox 2522 4550 2819 4609; x_wconf 75' lang='lat' dir='ltr'><strong>offendunt.</strong></span> <span class='ocrx_word' id='word_1_742' title='bbox 2871 4553 3172 4611; x_wconf 77' lang='lat' dir='ltr'><strong>Olfendisse</strong></span> <span class='ocrx_word' id='word_1_743' title='bbox 3207 4569 3383 4611; x_wconf 86' lang='lat' dir='ltr'><strong>autem</strong></span> <span class='ocrx_word' id='word_1_744' title='bbox 3416 4558 3599 4627; x_wconf 86' lang='lat' dir='ltr'><strong>limen,</strong></span> 
     </span>
    </p>
   </div>
   <div class='ocr_carea' id='block_1_101' title="bbox 2008 4642 3601 4716">
    <p class='ocr_par' dir='ltr' id='par_1_101' title="bbox 2008 4642 3601 4716">
     <span class='ocr_line' id='line_1_101' title="bbox 2008 4642 3601 4716; baseline 0.003 -17"><span class='ocrx_word' id='word_1_745' title='bbox 2008 4643 2253 4699; x_wconf 85' lang='lat' dir='ltr'><strong>laciniam</strong></span> <span class='ocrx_word' id='word_1_746' title='bbox 2282 4643 2348 4697; x_wconf 89' lang='lat' dir='ltr'><strong>ad</strong></span> <span class='ocrx_word' id='word_1_747' title='bbox 2376 4643 2426 4698; x_wconf 91' lang='lat' dir='ltr'><strong>id</strong></span> <span class='ocrx_word' id='word_1_748' title='bbox 2463 4642 2791 4710; x_wconf 82' lang='lat' dir='ltr'><strong>adhaesisse,</strong></span> <span class='ocrx_word' id='word_1_749' title='bbox 2840 4646 2925 4699; x_wconf 84' lang='lat' dir='ltr'><strong>vel</strong></span> <span class='ocrx_word' id='word_1_750' title='bbox 2969 4648 3272 4716; x_wconf 84' lang='lat' dir='ltr'><strong>prolapsum</strong></span> <span class='ocrx_word' id='word_1_751' title='bbox 3317 4649 3601 4714; x_wconf 87' lang='lat' dir='ltr'><strong>cecidisse,</strong></span> 
     </span>
    </p>
   </div>
   <div class='ocr_carea' id='block_1_102' title="bbox 2010 4735 3600 4814">
    <p class='ocr_par' dir='ltr' id='par_1_102' title="bbox 2010 4735 3600 4814">
     <span class='ocr_line' id='line_1_102' title="bbox 2010 4735 3600 4814; baseline 0.005 -23"><span class='ocrx_word' id='word_1_752' title='bbox 2010 4744 2218 4791; x_wconf 82' lang='lat' dir='ltr'><strong>ostenta</strong></span> <span class='ocrx_word' id='word_1_753' title='bbox 2242 4735 2390 4792; x_wconf 88' lang='lat' dir='ltr'><strong>fuere</strong></span> <span class='ocrx_word' id='word_1_754' title='bbox 2417 4737 2744 4807; x_wconf 86' lang='lat' dir='ltr'><strong>inauspicata</strong></span> <span class='ocrx_word' id='word_1_755' title='bbox 2770 4745 2821 4793; x_wconf 91' lang='lat' dir='ltr'><strong>et</strong></span> <span class='ocrx_word' id='word_1_756' title='bbox 2847 4738 2970 4792; x_wconf 89' lang='lat' dir='ltr'><strong>mali</strong></span> <span class='ocrx_word' id='word_1_757' title='bbox 2998 4740 3210 4806; x_wconf 78' lang='lat' dir='ltr'><strong>ominis,</strong></span> <span class='ocrx_word' id='word_1_758' title='bbox 3232 4741 3431 4810; x_wconf 84' lang='lat' dir='ltr'><strong>passim</strong></span> <span class='ocrx_word' id='word_1_759' title='bbox 3459 4742 3600 4814; x_wconf 87' lang='lat' dir='ltr'><strong>apud</strong></span> 
     </span>
    </p>
   </div>
   <div class='ocr_carea' id='block_1_103' title="bbox 2010 4824 2502 4899">
    <p class='ocr_par' dir='ltr' id='par_1_103' title="bbox 2010 4824 2502 4899">
     <span class='ocr_line' id='line_1_103' title="bbox 2010 4824 2502 4899; baseline -0.004 -16"><span class='ocrx_word' id='word_1_760' title='bbox 2010 4836 2216 4899; x_wconf 83' lang='lat' dir='ltr'><strong>poetas.</strong></span> <span class='ocrx_word' id='word_1_761' title='bbox 2246 4824 2462 4882; x_wconf 86' lang='lat' dir='ltr'><strong>Ovidius</strong></span> <span class='ocrx_word' id='word_1_762' title='bbox 2489 4844 2502 4881; x_wconf 93' lang='lat'>:</span> 
     </span>
    </p>
   </div>
   <div class='ocr_carea' id='block_1_104' title="bbox 2259 4938 3169 5008">
    <p class='ocr_par' dir='ltr' id='par_1_104' title="bbox 2259 4938 3169 5008">
     <span class='ocr_line' id='line_1_104' title="bbox 2259 4938 3169 5008; baseline 0.005 -20"><span class='ocrx_word' id='word_1_763' title='bbox 2259 4938 2449 4989; x_wconf 87' lang='lat' dir='ltr'><strong>Dicitur</strong></span> <span class='ocrx_word' id='word_1_764' title='bbox 2473 4938 2659 4990; x_wconf 77' lang='lat' dir='ltr'><strong>otl‘enso</strong></span> <span class='ocrx_word' id='word_1_765' title='bbox 2678 4940 2997 5007; x_wconf 82' lang='lat' dir='ltr'><strong>procubuisse</strong></span> <span class='ocrx_word' id='word_1_766' title='bbox 3022 4942 3169 5008; x_wconf 85' lang='lat' dir='ltr'><strong>pede,</strong></span> 
     </span>
    </p>
   </div>
   <div class='ocr_carea' id='block_1_105' title="bbox 2048 5048 3600 5126">
    <p class='ocr_par' dir='ltr' id='par_1_105' title="bbox 2048 5048 3600 5126">
     <span class='ocr_line' id='line_1_105' title="bbox 2048 5048 3600 5126; baseline 0.003 -19"><span class='ocrx_word' id='word_1_767' title='bbox 2048 5050 2135 5107; x_wconf 82' lang='lat'><strong>96.</strong></span> <span class='ocrx_word' id='word_1_768' title='bbox 2179 5049 2367 5105; x_wconf 85' lang='lat' dir='ltr'><strong>Lineas</strong></span> <span class='ocrx_word' id='word_1_769' title='bbox 2398 5065 2576 5121; x_wconf 86' lang='lat' dir='ltr'><strong>agere.</strong></span> <span class='ocrx_word' id='word_1_770' title='bbox 2618 5050 2765 5105; x_wconf 86' lang='lat' dir='ltr'><strong>Tom.</strong></span> <span class='ocrx_word' id='word_1_771' title='bbox 2798 5048 2885 5105; x_wconf 91' lang='lat' dir='ltr'><strong>lll.</strong></span> <span class='ocrx_word' id='word_1_772' title='bbox 2922 5051 3009 5107; x_wconf 86' lang='lat' dir='ltr'><strong>lib.</strong></span> <span class='ocrx_word' id='word_1_773' title='bbox 3045 5051 3108 5109; x_wconf 85' lang='lat' dir='ltr'><strong>de</strong></span> <span class='ocrx_word' id='word_1_774' title='bbox 3133 5057 3323 5124; x_wconf 85' lang='lat' dir='ltr'><strong>anima,</strong></span> <span class='ocrx_word' id='word_1_775' title='bbox 3353 5073 3466 5126; x_wconf 88' lang='lat' dir='ltr'><strong>cap.</strong></span> <span class='ocrx_word' id='word_1_776' title='bbox 3511 5056 3600 5111; x_wconf 68' lang='lat' dir='ltr'><strong>l5.</strong></span> 
     </span>
    </p>
   </div>
   <div class='ocr_carea' id='block_1_106' title="bbox 2665 5142 2962 5202">
    <p class='ocr_par' dir='ltr' id='par_1_106' title="bbox 2665 5142 2962 5202">
     <span class='ocr_line' id='line_1_106' title="bbox 2665 5142 2962 5202; baseline 0.007 -5"><span class='ocrx_word' id='word_1_777' title='bbox 2665 5160 2805 5200; x_wconf 89' lang='lat' dir='ltr'><strong>num.</strong></span> <span class='ocrx_word' id='word_1_778' title='bbox 2833 5142 2962 5202; x_wconf 72' lang='grc'><strong>480.</strong></span> 
     </span>
    </p>
   </div>
   <div class='ocr_carea' id='block_1_107' title="bbox 2088 5255 3617 5330">
    <p class='ocr_par' dir='ltr' id='par_1_107' title="bbox 2088 5255 3617 5330">
     <span class='ocr_line' id='line_1_107' title="bbox 2088 5255 3617 5330; baseline 0.005 -20"><span class='ocrx_word' id='word_1_779' title='bbox 2088 5255 2313 5311; x_wconf 82' lang='lat' dir='ltr'><strong>Humani</strong></span> <span class='ocrx_word' id='word_1_780' title='bbox 2351 5257 2430 5312; x_wconf 83' lang='lat' dir='ltr'><strong>vel</strong></span> <span class='ocrx_word' id='word_1_781' title='bbox 2466 5258 2683 5313; x_wconf 77' lang='lat' dir='ltr'><strong>maxime</strong></span> <span class='ocrx_word' id='word_1_782' title='bbox 2720 5258 2853 5313; x_wconf 83' lang='lat' dir='ltr'><strong>initii</strong></span> <span class='ocrx_word' id='word_1_783' title='bbox 2889 5276 2950 5314; x_wconf 87' lang='lat' dir='ltr'><strong>ac</strong></span> <span class='ocrx_word' id='word_1_784' title='bbox 2996 5261 3114 5330; x_wconf 77' lang='lat' dir='ltr'><strong>finis</strong></span> <span class='ocrx_word' id='word_1_785' title='bbox 3170 5263 3329 5315; x_wconf 81' lang='lat' dir='ltr'><strong>lineas</strong></span> <span class='ocrx_word' id='word_1_786' title='bbox 3384 5262 3617 5329; x_wconf 76' lang='lat' dir='ltr'><strong>quotidie</strong></span> 
     </span>
    </p>
   </div>
   <div class='ocr_carea' id='block_1_108' title="bbox 2012 5348 3605 5422">
    <p class='ocr_par' dir='ltr' id='par_1_108' title="bbox 2012 5348 3605 5422">
     <span class='ocr_line' id='line_1_108' title="bbox 2012 5348 3605 5422; baseline 0.004 -20"><span class='ocrx_word' id='word_1_787' title='bbox 2012 5364 2180 5421; x_wconf 82' lang='lat' dir='ltr'><strong>agere.</strong></span> <span class='ocrx_word' id='word_1_788' title='bbox 2229 5348 2520 5406; x_wconf 86' lang='lat' dir='ltr'><strong>Proverbia</strong></span> <span class='ocrx_word' id='word_1_789' title='bbox 2557 5363 2587 5404; x_wconf 89' lang='lat' dir='ltr'><strong>a</strong></span> <span class='ocrx_word' id='word_1_790' title='bbox 2628 5350 2782 5407; x_wconf 90' lang='lat' dir='ltr'><strong>lineis</strong></span> <span class='ocrx_word' id='word_1_791' title='bbox 2820 5350 3000 5417; x_wconf 88' lang='lat' dir='ltr'><strong>ducta,</strong></span> <span class='ocrx_word' id='word_1_792' title='bbox 3039 5367 3157 5421; x_wconf 80' lang='lat' dir='ltr'><strong>qua:</strong></span> <span class='ocrx_word' id='word_1_793' title='bbox 3184 5362 3605 5422; x_wconf 90' lang='lat' dir='ltr'><strong>consequuntur,</strong></span> 
     </span>
    </p>
   </div>
   <div class='ocr_carea' id='block_1_109' title="bbox 2013 5440 3606 5517">
    <p class='ocr_par' dir='ltr' id='par_1_109' title="bbox 2013 5440 3606 5517">
     <span class='ocr_line' id='line_1_109' title="bbox 2013 5440 3606 5517; baseline 0.003 -22"><span class='ocrx_word' id='word_1_794' title='bbox 2013 5442 2207 5517; x_wconf 82' lang='lat' dir='ltr'><strong>partim</strong></span> <span class='ocrx_word' id='word_1_795' title='bbox 2229 5456 2261 5496; x_wconf 90' lang='lat' dir='ltr'><strong>a</strong></span> <span class='ocrx_word' id='word_1_796' title='bbox 2283 5440 2610 5506; x_wconf 87' lang='lat' dir='ltr'><strong>Geometria,</strong></span> <span class='ocrx_word' id='word_1_797' title='bbox 2633 5457 2752 5513; x_wconf 73' lang='lat' dir='ltr'><strong>qum</strong></span> <span class='ocrx_word' id='word_1_798' title='bbox 2778 5441 2931 5516; x_wconf 79' lang='lat' dir='ltr'><strong>lineis</strong></span> <span class='ocrx_word' id='word_1_799' title='bbox 2957 5442 3135 5497; x_wconf 85' lang='lat' dir='ltr'><strong>omnia</strong></span> <span class='ocrx_word' id='word_1_800' title='bbox 3158 5443 3386 5513; x_wconf 86' lang='lat' dir='ltr'><strong>perlicit,</strong></span> <span class='ocrx_word' id='word_1_801' title='bbox 3414 5446 3606 5513; x_wconf 89' lang='lat' dir='ltr'><strong>partim</strong></span> 
     </span>
    </p>
   </div>
   <div class='ocr_carea' id='block_1_110' title="bbox 2013 5535 3612 5606">
    <p class='ocr_par' dir='ltr' id='par_1_110' title="bbox 2013 5535 3612 5606">
     <span class='ocr_line' id='line_1_110' title="bbox 2013 5535 3612 5606; baseline 0 -15"><span class='ocrx_word' id='word_1_802' title='bbox 2013 5550 2044 5590; x_wconf 89' lang='lat' dir='ltr'><strong>a</strong></span> <span class='ocrx_word' id='word_1_803' title='bbox 2071 5535 2347 5591; x_wconf 91' lang='lat' dir='ltr'><strong>curriculis</strong></span> <span class='ocrx_word' id='word_1_804' title='bbox 2373 5544 2427 5590; x_wconf 86' lang='lat' dir='ltr'><strong>et</strong></span> <span class='ocrx_word' id='word_1_805' title='bbox 2452 5535 2735 5606; x_wconf 65' lang='lat' dir='ltr'><strong>palaestris,</strong></span> <span class='ocrx_word' id='word_1_806' title='bbox 2776 5551 3002 5605; x_wconf 91' lang='lat' dir='ltr'><strong>quorum</strong></span> <span class='ocrx_word' id='word_1_807' title='bbox 3042 5537 3212 5605; x_wconf 84' lang='lat' dir='ltr'><strong>spatia</strong></span> <span class='ocrx_word' id='word_1_808' title='bbox 3248 5537 3413 5591; x_wconf 87' lang='lat' dir='ltr'><strong>certis</strong></span> <span class='ocrx_word' id='word_1_809' title='bbox 3454 5536 3612 5591; x_wconf 89' lang='lat' dir='ltr'><strong>lineis</strong></span> 
     </span>
    </p>
   </div>
   <div class='ocr_carea' id='block_1_111' title="bbox 2013 5626 3607 5703">
    <p class='ocr_par' dir='ltr' id='par_1_111' title="bbox 2013 5626 3607 5703">
     <span class='ocr_line' id='line_1_111' title="bbox 2013 5626 3607 5703; baseline -0.001 -21"><span class='ocrx_word' id='word_1_810' title='bbox 2013 5626 2459 5703; x_wconf 83' lang='lat' dir='ltr'><strong>includebantur:</strong></span> <span class='ocrx_word' id='word_1_811' title='bbox 2491 5627 2683 5697; x_wconf 88' lang='lat' dir='ltr'><strong>partim</strong></span> <span class='ocrx_word' id='word_1_812' title='bbox 2718 5641 2746 5681; x_wconf 89' lang='lat' dir='ltr'><strong>a</strong></span> <span class='ocrx_word' id='word_1_813' title='bbox 2787 5626 3105 5696; x_wconf 86' lang='lat' dir='ltr'><strong>pictoribus,</strong></span> <span class='ocrx_word' id='word_1_814' title='bbox 3148 5628 3235 5699; x_wconf 85' lang='lat' dir='ltr'><strong>qui</strong></span> <span class='ocrx_word' id='word_1_815' title='bbox 3263 5628 3513 5698; x_wconf 89' lang='lat' dir='ltr'><strong>penicillo</strong></span> <span class='ocrx_word' id='word_1_816' title='bbox 3541 5628 3607 5682; x_wconf 83' lang='lat' dir='ltr'><strong>li-</strong></span> 
     </span>
    </p>
   </div>
   <div class='ocr_carea' id='block_1_112' title="bbox 2013 5716 3609 5790">
    <p class='ocr_par' dir='ltr' id='par_1_112' title="bbox 2013 5716 3609 5790">
     <span class='ocr_line' id='line_1_112' title="bbox 2013 5716 3609 5790; baseline 0.001 -15"><span class='ocrx_word' id='word_1_817' title='bbox 2013 5735 2134 5775; x_wconf 80' lang='lat' dir='ltr'><strong>neas</strong></span> <span class='ocrx_word' id='word_1_818' title='bbox 2162 5717 2347 5774; x_wconf 83' lang='lat' dir='ltr'><strong>ducere</strong></span> <span class='ocrx_word' id='word_1_819' title='bbox 2375 5716 2551 5775; x_wconf 84' lang='lat' dir='ltr'><strong>solent</strong></span> <span class='ocrx_word' id='word_1_820' title='bbox 2577 5719 2884 5790; x_wconf 85' lang='lat' dir='ltr'><strong>priusquam</strong></span> <span class='ocrx_word' id='word_1_821' title='bbox 2907 5718 3152 5776; x_wconf 87' lang='lat' dir='ltr'><strong>umbram</strong></span> <span class='ocrx_word' id='word_1_822' title='bbox 3177 5720 3296 5776; x_wconf 87' lang='lat' dir='ltr'><strong>sine</strong></span> <span class='ocrx_word' id='word_1_823' title='bbox 3315 5719 3497 5778; x_wconf 87' lang='lat' dir='ltr'><strong>colore</strong></span> <span class='ocrx_word' id='word_1_824' title='bbox 3518 5737 3609 5777; x_wconf 83' lang='lat' dir='ltr'><strong>co-</strong></span> 
     </span>
    </p>
   </div>
   <div class='ocr_carea' id='block_1_113' title="bbox 2013 5809 3614 5886">
    <p class='ocr_par' dir='ltr' id='par_1_113' title="bbox 2013 5809 3614 5886">
     <span class='ocr_line' id='line_1_113' title="bbox 2013 5809 3614 5886; baseline 0.004 -19"><span class='ocrx_word' id='word_1_825' title='bbox 2013 5811 2191 5869; x_wconf 90' lang='lat' dir='ltr'><strong>lorare</strong></span> <span class='ocrx_word' id='word_1_826' title='bbox 2238 5809 2512 5883; x_wconf 86' lang='lat' dir='ltr'><strong>incipiant,</strong></span> <span class='ocrx_word' id='word_1_827' title='bbox 2538 5809 2791 5867; x_wconf 81' lang='lat' dir='ltr'><strong>translata</strong></span> <span class='ocrx_word' id='word_1_828' title='bbox 2836 5816 2978 5868; x_wconf 91' lang='lat' dir='ltr'><strong>sunt.</strong></span> <span class='ocrx_word' id='word_1_829' title='bbox 3029 5810 3142 5870; x_wconf 88' lang='lat' dir='ltr'><strong>lloc</strong></span> <span class='ocrx_word' id='word_1_830' title='bbox 3167 5821 3345 5871; x_wconf 86' lang='lat' dir='ltr'><strong>autem</strong></span> <span class='ocrx_word' id='word_1_831' title='bbox 3375 5811 3614 5886; x_wconf 87' lang='lat' dir='ltr'><strong>primum</strong></span> 
     </span>
    </p>
   </div>
  </div>
