4250 6266
627 275 728 329 251

1714 268 1808 324 ex
1847 260 2307 325 TERTULLIANI
2346 219 2821 340 Amtoae'nco

3807 267 3918 326 252

627 387 850 444 Tertull.
881 387 1077 445 ducere
1100 386 1309 443 videtur
1334 383 1418 440 vel
1442 383 1509 440 ab
1538 382 1686 438 initio
1712 393 1766 437 et
1796 383 1898 436 line
1923 381 2213 450 spatiorum
2245 383 2296 457 Α
2319 385 2563 442 tremant;
2605 394 2755 448 quam
2784 385 3028 448 quantum
3064 379 3268 449 proprie
3291 378 3471 450 pictor,
3501 380 3732 451 agnoscis
3762 381 3914 450 linem

626 483 680 539 in
697 483 997 548 Dromone,
1029 482 1111 536 vel
1139 497 1167 534 a
1198 481 1422 549 pictura,
1454 483 1617 548 quum
1647 477 1796 530 addit
1824 493 1835 528 :
1861 473 2071 530 Manum
2099 471 2221 541 ﬁdei

627 577 889 646 porrigens
910 574 1112 645 facilius
1142 570 1446 642 adjurundcv
1467 586 1555 640 per
1584 568 1826 638 imagines
1851 577 1896 620 et
1926 565 2214 636 parabolas,

625 667 756 719 sicut
786 679 1072 718 sermonum
1098 663 1170 716 ita
1197 673 1242 717 et
1270 678 1457 716 rerum.
1506 660 1705 716 Deinde
1735 677 1747 714 :
1784 657 2016 728 pr0ponit
2063 656 2218 725 igitur

627 757 744 822 tibi,
797 756 947 826 "quasi
979 758 1048 811 ob
1089 757 1273 811 oculos
1313 755 1525 826 subiicit
1569 755 1620 809 in
1653 753 1853 824 pictura
1889 769 1902 805 :
1937 749 2106 804 Etiam
2132 766 2218 820 per

623 849 894 918 imaginem
922 849 1117 902 mortis.

624 961 712 1019 97.
754 960 946 1016 Lineas
973 961 1176 1032 aliquas
1203 951 1541 1032 praeducere,
1572 960 1637 1014 ad
1669 973 1800 1028 quas
1830 957 1932 1012 erit
1957 955 2218 1011 dimican-

751 1055 899 1110 dttm.
944 1053 1089 1109 Tant.
1122 1055 1203 1109 Ill.
1238 1054 1325 1108 lib.
1354 1054 1469 1107 adv.
1504 1052 1670 1117 Marc,
1699 1068 1813 1121 cap.
1847 1051 1898 1105 5.
1925 1066 1975 1102 n.
2005 1049 2090 1104 14.

697 1168 810 1223 lloc
833 1176 1105 1236 sumptum
1125 1167 1192 1222 ab
1213 1167 1277 1220 iis
1295 1167 1382 1236 qui
1404 1165 1602 1230 duello,
1635 1164 1748 1217 sive
1773 1161 2022 1231 singulari
2042 1167 2217 1240 certa-
2261 1173 2268 1180 '

623 1259 770 1315 mine
814 1256 1261 1328 etingrediuutur;
1310 1256 1394 1310 vel
1433 1255 1498 1309 ab
1535 1255 1598 1308 iis
1625 1254 1711 1323 qui
1733 1253 1794 1306 in
1823 1251 1994 1305 stadio
2023 1250 2216 1304 decur-

633 1360 778 1414 runt,
817 1366 912 1421 pro
946 1369 960 1404 :
994 1360 1194 1406 certam
1229 1349 1464 1404 matcrim
1497 1349 1665 1419 legem
1700 1345 1986 1416 prtntinirc.

657 1465 749 1522 98.
792 1465 973 1522 Lincis
1005 1466 1165 1521 certis
1191 1464 1570 1520 determinare.
1614 1462 1760 1516 Tom.
1801 1461 1841 1515 Ι.
1869 1461 1956 1516 lib.
1983 1458 2178 1515 advers.

1054 1559 1286 1626 luctatos,
1333 1575 1446 1628 cap.
1477 1557 1534 1612 2.
1566 1573 1704 1610 nttnt.
1741 1556 1792 1611 6.

692 1675 856 1729 Addit
897 1673 1214 1729 Tertullian.
1261 1689 1516 1726 summam
1558 1672 1846 1742 qnazstionis
1910 1670 2088 1739 ipsius.
2138 1667 2220 1722 Ab

621 1767 810 1824 iisdem
837 1771 1154 1823 certantium
1187 1767 1338 1820 lineis
1358 1807 1372 1831 ,
1403 1765 1541 1819 intra
1573 1780 1703 1834 quas
1734 1761 2052 1817 decertaturi
2081 1765 2212 1814 ‘con.
2249 1743 2295 1800 Β

620 1862 838 1918 sistunt.
871 1861 930 1915 In
961 1860 1034 1914 lib
1061 1860 1128 1914 de
1163 1858 1390 1914 Pudicit.
1427 1856 1673 1911 Eumdem
1702 1857 1908 1910 limitem
1940 1853 2126 1907 liminis
2152 1852 2218 1920 ﬁ-

617 1954 800 2025 ginms.
847 1951 949 2009 Ubi
981 1953 1132 2007 limen
1162 1962 1244 2006 est
1273 1952 1432 2018 liuca,
1478 1960 1533 2004 ut
1563 1949 1701 2019 apud
1750 1948 1933 2017 Virgil.
1969 1947 2220 2015 limenque

617 2044 928 2114 relinquunt.
981 2042 1170 2098 Certos
1231 2043 1487 2096 terminos
1525 2050 1805 2111 certasque
1833 2039 1978 2109 leges
2012 2036 2218 2107 praesd-

535 2197 542 2202 ,
621 2143 772 2189 tuere
800 2135 1056 2189 instituta:
1084 2132 1450 2202 disputationi.

655 2246 746 2302 99.
789 2246 969 2302 Lincis
992 2246 1265 2302 claudere.
1307 2245 1456 2300 Tant.
1492 2245 1579 2300 ΙΙΙ.
1611 2246 1697 2299 lib.
1724 2245 1765 2299 l.
1797 2242 1995 2300 advers.
2028 2242 2200 2314 Marc,

1153 2355 1282 2408 Icap.
1315 2337 1368 2392 7.
1402 2354 1541 2391 num.
1573 2337 1664 2393 51.

687 2449 1000 2521 Quanquam
1032 2458 1144 2506 tota
1181 2450 1405 2504 materia
1427 2449 1494 2505 de
1519 2449 1727 2505 duobus
1753 2449 1878 2505 Deis
1898 2447 2212 2518 dimicetur,

618 2540 703 2595 liis
748 2540 960 2595 interim
991 2539 1147 2596 lineis
1177 2554 1296 2595 eam
1325 2539 1646 2608 clausimus,
1685 2540 1821 2595 intra
1860 2555 1958 2598 nos
1986 2556 2213 2613 congre-

616 2633 849 2690 diemur.
897 2635 993 2689 Est
1035 2635 1196 2706 igitur
1224 2644 1360 2689 stata
1405 2634 1648 2705 quaedam
1697 2644 2008 2706 argumenta
2041 2636 2212 2706 praeli-

617 2726 736 2782 nire
767 2726 905 2781 intra
936 2742 1054 2798 qua:
1083 2742 1181 2782 ceu
1211 2727 1475 2783 cancellos
1515 2728 1771 2798 quosdam
1811 2737 2121 2785 coercentur
2151 2729 2216 2784 li-

617 2818 800 2876 berior
825 2821 1083 2876 orationis
1113 2823 1378 2891 evagatio.

853 2933 974 2989 100.
1017 2933 1198 2990 Lincis
1223 2933 1506 2990 deducere.
1540 2934 1680 2992 Ibid.
1734 2904 1849 3008 cap.
1882 2936 1974 2994 25.

685 3046 880 3103 Cicero
906 3066 918 3102 :
944 3047 1059 3104 lluc
1082 3063 1269 3104 caussa
1297 3048 1591 3104 deducitur.
1627 3049 1761 3105 Rem
1783 3051 1849 3106 de
1872 3049 1974 3106 huc
1995 3050 2209 3118 deduxi,

2322 487 2426 524 esse
2455 471 2592 524 onmi
2616 472 2687 523 rei
2711 472 2854 539 cujus
2884 473 3017 525 linea
3046 480 3266 526 extrema
3291 482 3381 527 est.
3425 473 3575 542 Apud
3604 473 3913 534 Terentium

2323 573 2545 616 extrema
2573 563 2708 616 linea
2737 579 2938 628 amare,
2972 574 3053 618 est
3085 565 3472 635 impensissime
3503 575 3531 627 ἢ
3558 571 3682 637 ἄκρα
3718 583 3914 638 γραμμὴ

2323 669 2529 709 summa
2572 655 2710 710 linea
2747 666 2800 711 ct
2825 668 3103 712 extremus
3138 658 3414 724 terminus,
3463 669 3518 713 ut
3563 658 3633 713 ibi
3675 675 3916 717 summus

2322 760 2475 801 amur
2517 747 2868 817 significetur.
2920 748 3200 816 Quomodo
3241 748 3429 820 Eurip.
3467 765 3586 804 cum
3615 761 3913 809 extremum

2326 841 2610 895 terminmn
2662 842 2922 895 malorum
2973 851 3028 896 et
3075 842 3416 896 miseriarum
3467 842 3812 914 intelligeret,
3853 852 3913 901 ἐκ

2322 944 2463 1005 ἄκρον
2494 944 2664 1003 ἥκομεν
2690 949 2910 1005 γραμμὴν
2935 947 3024 992 τῶν
3050 949 3203 990 καλῶν
3224 937 3516 994 dixit.-Nou
3533 947 3709 995 tamen
3737 942 3916 1012 inepte

2323 1025 2462 1095 apud
2489 1025 2705 1080 Terent.
2739 1027 3068 1084 intellexeris
3102 1038 3374 1084 extremam
3401 1031 3587 1084 tineam
3618 1031 3668 1085 in
3698 1048 3913 1102 amore,

2325 1116 2496 1187 ipsum
2544 1120 2619 1172 rei
2666 1105 2857 1173 amata:
2904 1129 2990 1174 aut
3035 1121 3334 1190 concupita:
3382 1122 3715 1191 adspeetum,
3762 1127 3916 1195 quasi

2323 1207 2494 1277 longis
2526 1208 2700 1274 lineis,
2733 1208 2836 1265 hoc
2861 1219 2965 1275 est,
2997 1210 3064 1266 de
3091 1211 3380 1283 longinquo
3409 1230 3610 1270 amare.
3662 1215 3917 1272 Erasmus

2324 1299 2737 1371 Ilertuogenem,
2762 1313 3034 1373 extremam
3058 1303 3241 1358 lineam
3261 1319 3291 1359 a
3314 1305 3645 1361 Tertulliano
3659 1309 3914 1378 appellari

2324 1400 2590 1460 autumat,
2629 1395 2780 1464 quasi
2809 1403 3106 1450 extremum
3133 1405 3186 1452 et
3227 1406 3553 1467 postremum
3598 1398 3679 1454 sui
3711 1409 3915 1471 tempo-

2324 1483 2398 1538 ris
2429 1483 2824 1556 ltazreticorum,
2855 1488 2943 1558 qui
2972 1499 3131 1544 aetate
3157 1488 3464 1545 Tertulliani
3495 1501 3817 1562 superesset.

2318 1602 2320 1604 '
2357 1595 2482 1652 105.
2509 1596 2589 1652 Ad
2618 1597 2812 1654 lineam
2843 1599 3118 1657 dimicare.
3152 1600 3296 1657 Tom.
3329 1603 3393 1660 V.
3417 1604 3508 1658 lib.
3533 1606 3594 1659 de
3622 1604 3872 1675 Pudicit.,

2874 1709 2988 1764 cap.
3018 1693 3071 1749 6.
3105 1711 3246 1748 num.
3273 1695 3370 1751 59.
3901 1719 3912 1726 ·

2395 1802 2476 1855 Ad
2522 1803 2652 1857 hanc
2702 1805 2809 1872 iam
2839 1794 3041 1882 [lineqnt
3087 1806 3346 1860 dimicabit
3390 1817 3563 1862 nostra
3605 1810 3910 1882 congressio.

2322 1893 2525 1950 Deinde
2568 1896 2798 1966 explicat
2839 1912 2941 1953 se:
2987 1896 3318 1955 Prcescribam
3364 1909 3529 1955 tatnen
3570 1901 3657 1956 tibi
3697 1906 3914 1972 formam

2323 2003 2521 2041 necesse
2539 1998 2631 2054 est,
2661 2005 2723 2043 ne
2748 1990 2816 2043 ad
2839 2001 3004 2045 vetera
3031 2008 3238 2045 mannnt
3262 1993 3488 2059 emittas,
3513 2011 3573 2047 ne
3598 1994 3651 2048 in
3672 2004 3812 2066 terga
3837 2011 3917 2050 re-

2320 2079 2528 2149 spicias.
2573 2080 2664 2135 Est
2698 2081 2876 2154 itaque
2919 2083 2970 2138 in
2999 2082 3322 2153 disputando
3349 2101 3381 2140 a
3413 2101 3473 2142 re
3503 2089 3777 2156 proposita
3808 2077 3912 2145 non

2321 2173 2556 2243 evagari.

2321 2289 2444 2344 101.
2470 2290 2515 2344 Δ
2537 2288 2692 2345 lineis
2713 2291 2995 2347 excedere.
3031 2290 3283 2347 Tom.1|l.
3319 2293 3405 2349 lib.
3429 2295 3547 2349 adv.
3572 2294 3907 2369 Hermogen.,

2835 2399 2953 2451 cup.
2981 2382 3072 2438 59.
3105 2401 3247 2440 num.
3278 2385 3401 2440 157.

2388 2496 2472 2552 Ab
2509 2496 2753 2552 instituto
2781 2506 2834 2552 et
2863 2500 3138 2569 proposito
3174 2499 3446 2564 aberrare,
3490 2516 3606 2571 qua:
3635 2501 3910 2556 translatio

2321 2589 2531 2644 videtur
2555 2599 2766 2662 sumpta
2797 2591 2866 2646 ab
2891 2591 2974 2658 iis,
3017 2593 3106 2663 qui
3137 2592 3291 2647 lineis
3323 2609 3428 2650 non
3461 2596 3784 2663 insistentes,
3809 2587 3911 2650 ex-

2320 2681 2532 2746 cidunt,
2580 2691 2674 2736 aut
2717 2683 3014 2750 excedunt,
3063 2684 3163 2740 hoc
3189 2693 3300 2752 est,
3335 2685 3469 2740 ultra
3499 2686 3692 2743 lineam
3722 2686 3912 2759 pedem

2321 2775 2461 2830 inter
2488 2775 2904 2831 dimidicandum
2933 2776 3182 2832 cﬂ‘erunt.

2734 2887 2858 2945 105.
2907 2889 3052 2946 Ultra
3081 2891 3299 2946 lineam.
3346 2891 3484 2946 Ibid.

2391 3007 2538 3064 Ultra
2556 3011 2908 3080 praestitutum
2932 3009 3310 3081 disputationis
3339 3009 3580 3066 limitem.

591 3117 670 3196 .id
700 3147 784 3197 est
814 3141 865 3194 in
897 3139 1036 3196 hunc
1064 3149 1259 3195 statum
1281 3182 1294 3206 ,
1339 3140 1514 3196 locum
1540 3141 1756 3196 adduxi.
1786 3141 2011 3198 Tertull.
2067 3102 2215 3209 Quod

2322 3122 2447 3181 106.
2499 3123 2665 3181 Linea
2690 3141 2793 3181 una
2821 3135 2920 3182 est.
2955 3125 3100 3182 Tum.
3134 3127 3217 3183 Ill.
3255 3127 3521 3222 Scorpiqc.
3554 3125 3911 3195 atl‘v..(.‘nost.,

614 3232 791 3286 attinet
833 3231 900 3285 ad
944 3230 1181 3285 bonitatis
1224 3233 1582 3299 quaestionem,
1636 3231 1714 3286 Itis
1739 3232 1886 3287 lineis
1912 3233 2217 3289 deduximus

616 3338 726 3376 eam
755 3322 962 3377 minime
989 3320 1098 3376 Deo
1128 3309 1390 3393 adacquciri
1407 3365 1421 3388 ,
1463 3322 1562 3377 hoc
1591 3331 1673 3378 est
1701 3340 1714 3376 :
1748 3323 1886 3379 intra
1915 3325 2076 3381 hosce
2107 3334 2213 3381 ter-

616 3414 792 3469 minos
823 3415 1187 3470 tractavimus.

617 3527 742 3583 10l.
799 3528 989 3583 Lineas
1019 3537 1194 3584 certas
1221 3529 1528 3600 praeducere
1554 3528 1608 3584 in
1632 3545 1792 3584 unam
1815 3530 2215 3601 congressionis

653 3619 907 3690 speciem.
941 3617 1089 3674 Tom.
1124 3620 1208 3675 ΙΙΙ.
1234 3621 1421 3693 Scorp.
1445 3621 1562 3674 adv.
1588 3620 1793 3689 Gnost.,
1816 3637 1862 3674 c.
1889 3617 1945 3676 4.
1970 3638 2022 3674 n.
2048 3620 2137 3676 52.

689 3730 948 3786 Prtecedit
980 3733 1118 3803 apud
1148 3733 1369 3788 Tertull.
1403 3732 1516 3788 Nos
1537 3733 1658 3788 alibi
1682 3733 1745 3787 de
1763 3731 1871 3804 Deo
1892 3733 2208 3788 dimicantes.

615 3825 799 3882 Certas
830 3825 975 3896 leges
1005 3826 1104 3881 sibi
1139 3827 1486 3896 prazscribcre
1527 3840 1658 3896 quas
1700 3827 1837 3880 intra
1875 3825 1942 3880 de
1980 3839 2084 3879 una
2114 3841 2211 3881 ea-

613 3916 844 3990 demque
872 3935 930 3974 re
957 3918 1207 3975 decurrat
1235 3919 1543 3996 disputatio.

617 4031 740 4087 102.
786 4031 947 4087 Linea
977 4040 1236 4087 extrema.
1285 4029 1429 4084 Tom.
1457 4028 1544 4085 lli.
1583 4030 1671 4085 lib.
1716 4029 1833 4084 adv.
1866 4028 2198 4100 Hermogen.,

686 4139 800 4192 cap.
829 4123 883 4176 5.
915 4137 1054 4177 nam.
1088 4122 1177 4178 19.
1211 4133 1256 4176 et
1285 4139 1400 4193 cap.
1434 4122 1523 4177 58.
1556 4138 1697 4177 num.
1733 4121 1856 4176 152.
1891 4122 2016 4177 155.
2045 4130 2092 4176 et
2119 4121 2207 4178 lib.

685 4213 801 4266 adv.
834 4212 1023 4279 Prona,
1052 4231 1171 4284 cap.
1201 4215 1289 4270 16.
1323 4232 1464 4269 num.
1499 4214 1623 4271 100.

686 4324 979 4382 RHENANUS
1007 4344 1020 4380 :
1047 4327 1102 4381 lu
1146 4329 1332 4396 spatiis
1373 4329 1537 4394 olim,
1588 4328 1640 4384 in
1677 4327 1869 4400 quibus
1894 4341 2086 4384 cursus
2111 4342 2210 4398 pu-

616 4418 754 4473 blice
801 4417 980 4486 tiebat,
1033 4418 1240 4472 initium
1272 4427 1325 4473 et
1367 4419 1486 4473 linis
1534 4419 1689 4475 lineis
1717 4419 2018 4474 notabatur.
2075 4419 2211 4474 llinc

615 4509 872 4582 quidquid
895 4520 1224 4581 postremum
1247 4519 1350 4577 est,
1378 4520 1598 4564 extrema
1621 4511 1774 4577 tinea,
1801 4509 2212 4565 Proverbialiter

614 4605 719 4659 dici
763 4604 944 4673 cmpit.
1013 4603 1153 4674 Ergo
1197 4618 1358 4672 quum
1412 4601 1636 4656 Tertull.
1683 4601 2073 4672 Hermogenem
2123 4602 2208 4658 llic

615 4707 771 4752 vocat
799 4714 903 4753 non
935 4696 1322 4768 intelligentiam
1362 4705 1635 4751 extremam
1661 4694 1876 4762 lineant,
1920 4695 2210 4765 imperitis-

613 4787 808 4842 simum
857 4789 1057 4860 accipe.
1114 4787 1367 4843 Horatius
1414 4787 1708 4858 Epistulam
1758 4785 1823 4840 ad
1843 4785 2103 4852 Quintum
2134 4786 2213 4840 sic

611 4878 805 4934 claudit
837 4897 851 4934 :

859 4989 988 5039 Mors
1008 4991 1178 5040 ultima
1195 4992 1326 5042 linea
1349 5007 1517 5043 rerum
1543 5001 1636 5044 est.
1706 5029 1710 5034 -

610 5096 736 5154 lltcc
767 5097 925 5152 etiam
949 5096 1186 5152 Turneb.
1216 5099 1440 5156 Advers.
1471 5101 1563 5156 lib.
1594 5100 1708 5156 XII.
1740 5059 1857 5171 cap.
1880 5101 1968 5156 10.
2003 5100 2104 5157 Ubi
2135 5101 2205 5158 si-

611 5190 792 5246 milem
817 5190 1035 5246 Terent.
1061 5190 1235 5244 locum
1260 5192 1512 5259 explicat,
1549 5203 1603 5247 et
1627 5193 1743 5248 calx
1766 5193 2044 5250 dicebatur
2062 5196 2203 5265 quod

608 5282 814 5336 scilicet
840 5283 986 5338 calce
1013 5291 1068 5337 et
1097 5292 1241 5337 creta
1275 5291 1571 5336 notaretur.
1619 5283 1766 5354 Ultra
1798 5296 1974 5342 autem
2000 5288 2199 5341 calcem
2294 5337 2302 5341 .

608 5372 739 5428 nihil
767 5383 1014 5442 superest
1039 5389 1145 5445 quo
1170 5387 1359 5429 cursus
1388 5373 1843 5446 tendatur._Atqui
1871 5393 2030 5447 quum
2061 5379 2201 5434 Deus

605 5468 986 5535 universitatis,
1017 5467 1288 5525 Ladvers.
1314 5469 1498 5536 Prax.,
1533 5468 1775 5524 Extrema
1814 5471 1946 5526 linea
1983 5472 2193 5538 dicitur,

601 5559 841 5615 alludere
881 5563 1055 5631 potius
1084 5562 1296 5618 videtur
1337 5572 1526 5619 auctor
1555 5563 1621 5618 ad
1653 5563 1780 5618 illud
1829 5566 2018 5634 Apoc.,
2050 5567 2093 5621 Ι.
2142 5577 2198 5623 et

600 5651 760 5706 XXII.
784 5652 897 5726 Ego
913 5669 1030 5709 sum
1058 5677 1092 5707 at
1121 5664 1175 5709 et
1201 5678 1260 5721 ω,
1299 5655 1414 5710 sive
1443 5656 1758 5727 principium
1790 5668 1846 5711 et
1877 5655 2017 5712 linis.
2050 5657 2194 5726 Lib.,

595 5740 807 5797 advers.
841 5743 1165 5814 ﬂermogen.
1199 5744 1263 5802 Si
1297 5745 1680 5815 determinatur,
1711 5748 1858 5804 habet
1887 5749 2072 5805 lineam
2103 5766 2196 5806 ea:-

2854 3236 2968 3290 cap.
2999 3222 3086 3286 11,
3110 3225 3252 3275 mon.
3281 3222 3373 3276 si.
3447 3205 3470 3222 '

2387 3329 2541 3387 Unus
2585 3343 2661 3387 est
2711 3346 2942 3408 scapus,
3003 3332 3069 3388 ad
3119 3349 3275 3403 quem
3326 3335 3490 3390 totius
3536 3331 3915 3404 disputationis

2319 3439 2527 3480 summa
2557 3435 2640 3482 est
2667 3426 2961 3498 dirigenda.

2319 3536 2530 3594 107.Ad
2549 3540 2740 3594 lineam
2765 3556 2922 3596 unam
2947 3545 3344 3614 emigressionis
3364 3543 3620 3618 dirigere.
3643 3544 3798 3598 Tant.
3823 3540 3910 3598 Ill.

2524 3632 2611 3684 lib.
2641 3632 2705 3686 de
2733 3632 2896 3689 Carne
2920 3635 3120 3701 Christi,
3151 3654 3266 3708 cap.
3299 3638 3386 3704 17,
3417 3654 3558 3691 num.
3590 3635 3712 3694 155.

2390 3743 2445 3799 1n
2477 3759 2661 3800 reuna
2694 3743 2960 3813 insistere,
2992 3758 3044 3803 et
3067 3764 3184 3802 eam
3226 3749 3400 3804 allatis
3436 3750 3706 3829 utrimque
3745 3747 3914 3804 ratio-

2321 3836 2476 3891 nibus
2501 3837 2794 3908 disputare,
2827 3851 2884 3895 ut
2909 3857 3065 3913 supra
3094 3864 3109 3898 :
3142 3841 3337 3896 Eodem
3360 3843 3528 3914 gradu
3550 3843 3812 3898 dimicare.

2289 4005 2293 4018 ,
2357 3953 2479 4010 103.
2502 3954 2681 4012 Linea:
2711 3957 2977 4016 insistere.
3009 3961 3156 4016 Tom.
3180 3961 3266 4016 ΙΙΙ.
3296 3963 3384 4017 lib.
3416 3962 3506 4017 IV.
3539 3961 3658 4016 adv.
3690 3959 3885 4028 Mam,

2818 4069 2932 4124 cap.
2973 4053 3062 4108 17.
3109 4048 3246 4107 num.
3283 4054 3411 4110 250.

2389 4158 2486 4216 Cui
2508 4157 2750 4232 superius
2770 4166 3095 4220 contrarium
3123 4176 3208 4221 est
3233 4184 3245 4219 :
3271 4166 3314 4219 Α
3336 4167 3480 4221 lineis
3510 4166 3764 4221 excedere.
3792 4165 3912 4232 Est,

2318 4255 2371 4309 in
2418 4256 2656 4312 instituto
2700 4274 3048 4328 permanere,
3085 4277 3257 4331 neque
3284 4263 3519 4332 evagari.
3549 4262 3706 4328 Quia,
3742 4272 3795 4315 ut
3827 4260 3906 4314 ait

2318 4346 2577 4415 Turneb.,
2633 4349 2710 4405 sic
2756 4351 3020 4407 interdum
3052 4353 3248 4409 collato
3292 4353 3426 4424 pede
3459 4354 3811 4424 pugnabatur,
3846 4365 3911 4408 ut

2318 4439 2474 4495 lineae
2497 4441 2670 4498 ducta:
2699 4444 2890 4513 pedem
2921 4460 3136 4516 semper
3165 4455 3438 4517 oporteret
3484 4447 3754 4510 insistere,
3803 4459 3912 4500 nec

2319 4532 2441 4587 inde
2467 4533 2683 4589 referri.

2317 4642 2440 4698 109.
2485 4642 2895 4733 Lineiseisdem
2949 4647 3225 4705 dimicare.
3275 4649 3424 4704 Tom.
3453 4648 3656 4705 lll.tib.
3688 4647 3767 4704 Υ.
3787 4651 3908 4704 adv.
4003 4668 4006 4669 '

2773 4736 2940 4792 Marc.
2967 4755 3081 4805 cap.
3115 4741 3168 4794 1.
3199 4757 3339 4796 num.
3369 4740 3456 4795 12.

2393 4851 2535 4906 lntra
2574 4861 2716 4908 certa
2756 4861 3188 4925 argumentorum
3227 4864 3376 4926 septa
3417 4869 3752 4926 permanere,
3795 4855 3912 4910 sive

2325 4944 2462 4998 intra
2494 4943 2710 4999 eosdem
2738 4943 2871 5000 lines
2902 4946 2953 5000 in
2985 4945 3305 5018 disputando
3327 4948 3552 5003 versari.

2313 5063 2453 5132 110.,
2489 5064 2568 5120 Ad
2596 5064 2763 5121 lineas
2793 5082 3024 5123 rursum.
3056 5067 3203 5124 Tom.
3232 5067 3319 5124 Ill.
3351 5068 3440 5124 lib.
3490 5069 3532 5125 Ι.
3571 5071 3689 5125 adv.
3729 5070 3907 5126 Marc.

2857 5178 2971 5233 cap.
3000 5161 3054 5218 9.
3085 5181 3222 5218 num.
3257 5163 3347 5220 55.

2380 5271 2494 5328 Hoc
2521 5281 2603 5328 est
2625 5315 2640 5340 ,
2685 5273 2753 5329 ad
2781 5277 3109 5346 propositum
3140 5286 3298 5346 atque
3327 5277 3623 5334 institutum
3665 5287 3785 5348 post
3812 5277 3868 5332 di
3887 5309 3910 5319 -

2308 5365 2640 5434 grcssionem
2669 5365 2784 5421 sive
2812 5377 3095 5438 παρέκϐασιν
3125 5370 3351 5428 reverti;
3384 5369 3667 5440 Sumptum
3709 5369 3777 5423 ab
3809 5369 3906 5434 iis,

2309 5457 2398 5524 qui
2429 5473 2591 5526 quum
2619 5474 2650 5512 a
2694 5458 2848 5514 lineis
2881 5459 2990 5528 jam
3035 5460 3366 5528 exciderint,
3413 5477 3628 5518 rursum
3674 5460 3908 5532 gradum

2307 5546 2582 5617 colligunt.
2611 5547 2744 5603 Vide
2768 5565 2924 5620 supra
2951 5565 2966 5604 :
2990 5549 3054 5604 In
3079 5554 3298 5622 gradum
3321 5568 3547 5608 rursum.

2306 5661 2431 5718 111.
2457 5661 2512 5718 In
2538 5664 2707 5720 lineas
2731 5665 2944 5722 easdem
2970 5666 3192 5738 gradum
3213 5668 3486 5739 colligere.
3515 5668 3664 5740 Tom.
3690 5665 3778 5723 Ill.
3807 5667 3905 5726 lib.

2661 5759 2724 5814 de
2743 5758 2947 5831 Anima,
2979 5778 3096 5833 cap.
3125 5761 3215 5818 20.
3244 5778 3382 5818 num.
3414 5763 3540 5820 515.
