4242 6264
353 293 462 351 255

1531 293 2057 350 ῐδηίΝΕΒΒΙΑιΕΒ
2096 293 2472 352 FORMIJLIE.

3501 283 3515 296 ‘
3546 297 3654 356 est

433 408 494 463 Β.
527 406 843 475 llicron.,.in
870 402 1210 478 Dialog.adv.
1230 405 1487 464 Lucifer.:
1514 407 1565 462 in
1594 407 1818 479 gradum
1846 424 1958 463 rur-
1983 407 2037 468 A
2068 409 2194 463 117.
2230 408 2334 464 Per
2359 409 2553 464 lineam
2589 407 2836 464 eamdem
2885 421 3088 464 serram
3115 409 3468 483 reciprocare.
3496 405 3645 468 Toni.

363 514 484 556 sum
511 513 574 555 ac
600 498 767 554 lineas
790 499 1102 569 regredere.

366 633 491 690 112.
518 633 659 689 Intra
688 631 880 688 lineam
909 641 1201 689 extremam
1234 629 1528 686 includere.
1559 630 1707 686 Tom.
1740 630 1826 686 111.
1858 632 1948 687 lib.

604 727 724 783 adv.
770 725 1108 799 Hermogen.,
1141 743 1254 796 cap.
1280 726 1369 781 58.
1399 742 1543 781 nunt.
1573 725 1696 781 154.

432 859 544 916 lloe
574 861 843 931 sumptum
867 861 1074 916 videtur
1097 861 1264 931 magis
1290 875 1318 913 a
1345 859 1676 922 Geometris,
1725 860 1950 930 quorum

361 955 603 1024 tractatio
631 964 715 1010 est
743 955 811 1008 de.
839 955 1158 1024 quantitate,
1189 954 1339 1018 loco,
1370 946 1676 1023 superficie.
1708 962 1759 1006 et
1787 952 1948 1006 linea.

359 1048 616 1118 Loquitur
651 1049 719 1104 de
745 1049 962 1106 Materia
990 1050 1214 1106 Tertull.
1248 1065 1405 1120 quam
1443 1048 1804 1120 Hermogenes
1828 1064 1951 1104 cor-
2039 1072 2046 1079 ’

359 1153 486 1208 pore
516 1139 776 1195 infinitam
805 1142 1061 1207 iaciebat,
1108 1151 1165 1196 et
1194 1141 1368 1195 locum
1397 1150 1574 1196 tamen
1605 1142 1652 1196 ei
1681 1141 1954 1196 adscribe-

358 1230 466 1294 bat,
490 1247 596 1302 quo
624 1233 874 1300 ambiret,
911 1233 1016 1290 hoc
1043 1243 1144 1299 cst,
1169 1244 1390 1300 extrema
1411 1235 1543 1288 linea
1570 1232 1948 1288 includeretur.

357 1323 690 1392 Significabit
728 1327 888 1397 igitur
925 1326 1298 1392 Proverbium,
1341 1327 1382 1381 si
1433 1327 1627 1396 placet,
1673 1327 1836 1382 certis
1892 1328 1950 1380 Ii-

357 1415 577 1472 mitibus
605 1418 806 1488 aliquid
839 1420 1298 1489 comprehendere
1327 1429 1380 1474 et
1408 1420 1580 1474 linire.

353 1529 478 1584 115.
528 1529 728 1586 Lineas
754 1531 972 1587 ducere.
1045 1531 1188 1587 Tom.
1220 1531 1311 1586 111.
1355 1532 1442 1587 lib.
1471 1532 1534 1587 de
1581 1533 1794 1606 Anima,
1827 1552 1946 1604 cap.

929 1623 1019 1688 56,
1048 1639 1079 1676 n
1093 1640 1122 1675 tt
1132 1640 1199 1676 nt.
1231 1623 1356 1678 152.

425 1727 627 1786 ϐαρεῖς
654 1739 782 1799 ἄγειν
813 1743 842 1794 ἢ
865 1738 1053 1803 γράφειν
1075 1745 1316 1803 γραμμῆὴ
1367 1734 1435 1790 Et
1463 1734 1680 1791 linearis
1721 1737 1947 1807 pictura,
1982 1767 2028 1826 Β

355 1835 384 1886 ἡ
422 1836 614 1898 γραφὶς.
665 1826 799 1882 Hinc
843 1827 972 1881 illud
1003 1845 1014 1881 :
1051 1825 1256 1883 Primos
1299 1830 1457 1884 lineas
1487 1830 1689 1898 ducere,
1719 1832 1954 1906 eleganti

353 1919 664 1990 metaphora
707 1936 738 1976 a
786 1921 1100 1991 pictoribus,
1153 1939 1249 1993 pro
1294 1939 1360 1979 eo
1402 1925 1544 1994 quod
1574 1935 1675 1992 est,
1707 1927 1949 1995 titnhram

355 2020 556 2066 tantum
582 2012 812 2084 alicujus
837 2014 914 2069 rei
937 2013 1221 2080 exhibere,
1249 2024 1410 2086 atque
1434 2016 1608 2072 obiter
1628 2013 1950 2088 quod'intcl-

355 2103 443 2173 ligi
498 2104 682 2176 cupias
703 2104 998 2162 delineare.
1031 2107 1182 2161 Ducit
1207 2115 1262 2162 et
1289 2109 1484 2177 primas
1510 2109 1700 2173 lineas,
1728 2111 1818 2180 qui
1847 2110 1952 2166 for-

354 2195 550 2250 mulam
597 2196 906 2253 exordiendi
955 2199 1152 2268 negotii
1199 2200 1520 2269 praescribit.
1552 2200 1618 2254 Et
1644 2200 1854 2256 mittere
1880 2201 1949 2255 li-

358 2304 513 2346 ncam
535 2331 550 2355 ,
598 2306 730 2360 pro:
758 2291 891 2347 Rem
927 2301 1128 2347 tantum
1158 2292 1510 2359 adumbrare,
1547 2302 1601 2348 et
1628 2293 1951 2364 conjectnris

359 2381 673 2453 quibusdam
703 2383 1126 2454 investigandum
1155 2399 1477 2455 proponere.
1499 2384 1773 2455 Siquidem
1797 2400 1862 2440 ex
1890 2386 1952 2440 li-

353 2489 576 2530 nearum
602 2473 761 2528 ductu
795 2474 999 2545 justum
1032 2476 1194 2532 etiam
1222 2477 1443 2548 picturae
1469 2477 1754 2533 artificium
1779 2477 1948 2534 disci-

353 2579 494 2624 mus.
527 2564 682 2622 Unde
708 2567 1002 2622 versiculus
1027 2585 1040 2622 :

477 2695 630 2748 Linea
653 2709 764 2761 quae
787 2705 1011 2749 veterem
1035 2698 1182 2762 longe
1206 2699 1415 2750 fateatur
1437 2698 1680 2764 Apellen).

354 2821 581 2888 Plinius,
601 2821 693 2877 lib.
725 2821 942 2888 XXXV,
971 2837 1019 2877 c.
1046 2822 1132 2885 10,
1164 2823 1408 2878 meminit
1445 2824 1704 2882 linearum
1723 2824 1949 2895 Apellis.

325 2914 546 2970 .Solent
566 2915 709 2971 enim
739 2914 992 2986 pictores,
1021 2915 1094 2969 uti
1121 2915 1281 2969 etiam
1317 2915 1490 2971 Rhcn.
1535 2918 1830 2983 annotavit,
1859 2933 1951 2988 pe-

355 3007 537 3063 nicillo
559 3007 730 3062 lineas
749 3006 968 3075 ducere,
1021 3007 1331 3078 priusquam
1359 3007 1602 3063 umbram
1626 3008 1744 3064 sine
1768 3009 1952 3064 colore

353 3099 596 3156 Colorare
622 3097 896 3170 incipiant.

354 3234 479 3291 1M.
510 3234 702 3291 Lineas
730 3224 904 3292 rectas
931 3234 1154 3292 ducere.
1179 3235 1329 3290 Tom.
1355 3233 1440 3292 111.
1471 3236 1559 3292 lib.
1589 3237 1708 3292 adv.
1742 3236 1950 3306 Ηεηηο,

867 3343 984 3397 cap.
1017 3326 1107 3382 56.
1139 3342 1283 3412 nam.
1313 3326 1438 3382 126.

431 3460 660 3533 Adaptat
706 3461 820 3518 haec
862 3461 1174 3528 Proverbia,
1219 3477 1250 3516 a
1292 3461 1515 3532 pictoria
1561 3471 1676 3516 arte
1701 3459 1950 3529 deducta,

358 3555 700 3626 llcrmogeni,
740 3556 831 3627 qui
857 3567 983 3610 ante
1009 3556 1255 3610 haeresim
1287 3554 1565 3625 pictoriatn
1593 3564 1948 3609 exercuerat:

360 3647 479 3704 Nisi
505 3651 638 3720 quod
667 3650 711 3704 si
740 3659 844 3703 tam
868 3661 1029 3703 rectas
1059 3649 1217 3704 lineas
1243 3648 1386 3704 ducis
1411 3647 1772 3719 Hermogenes,
1801 3665 1951 3718 quant

357 3745 487 3798 ratio
517 3746 634 3811 ista,
669 3744 832 3814 pictor
861 3754 908 3798 te
932 3743 1138 3797 bardior
1164 3759 1264 3796 non
1297 3752 1391 3797 est.
1439 3741 1649 3797 Referri
1689 3750 1860 3811 potest
1884 3741 1950 3796 ad

356 3850 476 3892 eum
503 3838 590 3906 qui
617 3836 850 3893 officium
875 3852 1030 3890 suum
1056 3836 1222 3905 probe
1248 3835 1372 3889 facit
1396 3851 1411 3898 ;
1441 3834 1532 3904 qui
1559 3833 1628 3888 ab
1655 3833 1952 3888 honestatis

358 3927 637 3998 praeceptis
667 3942 773 3981 non
802 3926 1060 3991 discedit;
1089 3927 1179 3995 qui
1209 3940 1322 3978 sua:
1345 3925 1476 3978 artis
1503 3923 1704 3994 peritus
1724 3933 1824 3978 est.
1852 3922 1950 3978 Cui

356 4028 657 4088 Opponatur
687 4019 846 4073 etiam
877 4037 890 4072 :
917 4035 948 4070 a
975 4018 1119 4071 lineis
1148 4015 1396 4070 excidere.

361 4132 486 4188 115.
507 4132 854 4188 Lineamcnta
875 4131 1116 4187 ductare.
1143 4129 1289 4184 Tant.
1314 4127 1403 4182 Ill.
1424 4130 1512 4183 lib.
1531 4131 1593 4184 de
1610 4130 1794 4185 Resur.
1819 4148 1951 4197 car.,

1027 4239 1164 4276 num.
1190 4223 1280 4276 55.

428 4339 619 4396 Cicero
663 4356 674 4388 :
708 4337 938 4409 ASpersa
966 4347 1164 4392 temere
1196 4336 1463 4406 pigmenta
1498 4335 1549 4390 in
1581 4335 1773 4390 tabella
1793 4375 1810 4402 ,
1843 4336 1952 4390 oris

357 4430 676 4486 lineamenta
703 4429 960 4500 effingere
1002 4437 1244 4498 possunt.
1273 4426 1474 4482 Graecis
1513 4435 1637 4480 sunt
1667 4433 1952 4497 περιγράφει.

360 4533 414 4579 ct
451 4529 779 4596 σκιαγραφίαι.
828 4521 956 4576 Item
1005 4520 1116 4575 (lic.
1169 4520 1221 4572 in
1250 4518 1399 4573 Orat.
1451 4518 1518 4571 ad
1564 4517 1713 4572 Brut.
1751 4517 1951 4572 Nume-

362 4629 454 4670 rus
471 4614 622 4684 quasi
646 4612 933 4684 quamdam
960 4611 1260 4682 palzcstram
1283 4621 1335 4664 et
1363 4619 1602 4665 extrema
1633 4609 1951 4664 lineamenta

359 4707 588 4762 orationi
639 4704 854 4768 attulit,
898 4703 1002 4765 hoc
1029 4712 1143 4766 est,
1184 4709 1517 4756 venustatem
1545 4701 1611 4756 ad
1639 4702 1954 4756 ostentatio.

360 4815 482 4854 nem
511 4796 802 4852 adhibitam
825 4837 838 4857 ,
868 4805 922 4850 et
950 4805 1250 4850 extremam
1279 4795 1430 4864 quasi
1473 4809 1710 4848 manum.
1744 4792 1956 4848 Tertul-

359 4889 536 4944 liazius
570 4906 585 4944 :
624 4887 924 4958 Exprimere
955 4889 1337 4956 interpretatur
1358 4927 1371 4949 ,
1401 4885 1560 4938 lineas
1587 4887 1786 4938 ducere.
1817 4885 1952 4938 Rem

359 4981 565 5052 scilicet
595 4979 789 5034 clarius
815 4979 884 5032 ob
913 4978 1096 5033 oculos
1137 4991 1434 5046 proponere
1475 4985 1529 5029 et
1555 4974 1948 5029 demonstrare.

363 5097 486 5152 1l6.
516 5098 562 5152 Α
606 5095 786 5151 Lineis
821 5093 1088 5150 excidere.
1131 5092 1276 5146 Tom.
1302 5090 1390 5144 Ill.
1417 5090 1504 5145 lib.
1534 5091 1652 5145 adv.
1683 5087 1956 5161 Hermog.,

873 5204 985 5258 cap.
1016 5187 1106 5242 59.
1136 5201 1276 5240 num.
1307 5185 1430 5240 157.

435 5301 639 5357 Praeter
691 5300 1025 5371 superiorem
1072 5299 1570 5369 interpretationem
1625 5299 1696 5353 ab
1743 5298 1961 5353 athletis

362 5391 582 5448 ductam
607 5435 621 5456 ,
655 5391 948 5463 pictoribus
973 5391 1076 5447 hoc
1107 5394 1283 5462 potius
1308 5391 1360 5444 in
1385 5388 1773 5459 Hermogenem
1800 5398 1955 5444 antea

363 5486 623 5557 pictorem
669 5483 852 5539 refert.
887 5483 1127 5538 Pictores
1174 5497 1404 5553 namque
1432 5496 1461 5534 a
1507 5479 1664 5534 lineis
1711 5480 1961 5548 penicillo

363 5575 608 5630 deductis
635 5574 984 5641 excidentes,
1031 5573 1168 5628 ultra
1216 5573 1409 5628 lineam
1449 5571 1710 5641 picturam
1746 5579 1960 5640 proten-

363 5667 500 5724 dunt
517 5682 694 5734 suam,
720 5678 777 5722 ut
801 5668 870 5722 sit
895 5685 908 5721 :
939 5665 1242 5722 exorbitare
1266 5665 1334 5720 ab
1364 5663 1629 5729 instituto,
1661 5663 1743 5720 vel
1767 5663 1960 5732 etiam,

368 5761 438 5818 ab
465 5760 644 5819 oflieio
671 5759 952 5816 discedere
972 5803 986 5826 ,
1017 5771 1072 5816 et
1099 5759 1395 5831 falli-atque
1421 5773 1631 5816 errare.

660 5857 1124 5920 Turonum.
1171 5855 1222 5922 l.

1978 4476 2031 4536 D

2289 502 2354 557 ll.
2386 503 2472 560 lib.
2503 503 2566 557 de
2590 502 2778 557 Coron.
2807 501 2954 555 milit.
2979 518 3026 556 ε.
3057 503 3109 557 5.
3139 519 3276 558 num.
3309 505 3400 560 28.

2129 613 2420 692 Rhenanus
2449 632 2462 670 :
2493 614 2666 670 liabet
2706 614 2975 670 Proverbii
3006 615 3239 684 speciem
3275 617 3343 671 de
3392 618 3564 672 inutili
3590 627 3646 675 et

2057 721 2194 761 vano
2226 707 2428 763 labore.
2476 707 2783 777 Metaphora
2818 716 3029 777 sumpta
3069 721 3099 761 a
3135 709 3434 763 sectoribus
3473 710 3646 780 ligno-

2057 814 2176 854 rum
2204 816 2216 852 :
2244 800 2438 870 quisic
2483 799 2681 854 ducant
2710 816 2939 864 serram,
2971 808 3030 852 ut
3068 809 3158 854 aut
3198 814 3305 854 non
3337 800 3602 856 dimittunt
3627 844 3642 866 ,

2055 901 2144 945 aut
2174 891 2224 945 in
2257 893 2446 948 eadem
2474 901 2676 946 tantum
2705 892 2844 946 linea
2874 899 3240 961 perseverent,
3304 890 3438 946 nihil
3463 903 3644 962 agent,

2054 987 2138 1041 vel
2182 997 2328 1042 certe
2375 1003 2481 1042 non
2524 986 2748 1042 multum
2794 992 2971 1056 agent.
3016 985 3362 1040 lumiit'l'ert.
3407 985 3646 1041 inutilem

2055 1077 2294 1133 laborem
2339 1078 2480 1132 circa
2523 1093 2682 1132 unam
2727 1077 3080 1147 eamdemque
3121 1092 3267 1142 rem,
3315 1086 3370 1130 ut
3397 1077 3429 1131 ii
3470 1078 3558 1147 qui
3592 1078 3645 1133 in

2056 1169 2243 1224 eodem
2271 1180 2590 1239 argumento
2621 1168 2893 1223 immodici
2925 1178 3080 1233 sunt,
3133 1177 3186 1224 et
3235 1169 3380 1223 velut
3417 1183 3642 1239 cupres-

2056 1272 2172 1313 sum
2202 1259 2475 1314 simulant.
2513 1259 2637 1314 llzec
2665 1258 2852 1315 eodem
2877 1268 3122 1330 spectant
3155 1277 3168 1315 :
3203 1259 3402 1314 Eadem
3437 1273 3651 1330 semper

2057 1351 2314 1406 oberrare
2358 1351 2522 1407 corda
2571 1369 2584 1407 :
2636 1350 2891 1405 Eamdem
2946 1350 3192 1406 incudem
3251 1361 3411 1406 noctu
3451 1351 3650 1422 diuque

2059 1443 2302 1498 tundere.
2351 1443 2504 1513 Apud
2554 1443 2700 1512 Virg.
2758 1445 2971 1513 .-\rgut:e
3004 1444 3202 1498 lamina
3247 1459 3440 1506 serrae,
3483 1445 3656 1499 innuit

2059 1532 2560 1604 reciprocationem.
2595 1533 2684 1588 Sic
2716 1533 2941 1587 fullones
2969 1532 3220 1588 dicuntur
3247 1552 3258 1587 :
3289 1536 3535 1605 Argutari
3559 1551 3651 1604 pe.

2055 1623 2222 1689 dibus,
2254 1624 2354 1678 hoc
2379 1632 2481 1689 est,
2514 1624 2722 1680 alterno
2743 1633 2797 1680 et
2818 1625 3094 1694 reciproco
3121 1625 3256 1694 pede
3284 1626 3565 1703 exculcare
3591 1636 3646 1683 et

2058 1716 2234 1772 lavare
2254 1733 2478 1786 pannos.
2713 1713 2719 1718 ’
3609 1734 3618 1738 ·

2058 1828 2182 1884 118.
2205 1829 2656 1902 Lucifugm.Tom.
2688 1828 2779 1884 Ill.
2805 1831 2895 1886 lib.
2927 1832 2989 1885 de
3019 1790 3307 1900 Resurrect.
3333 1851 3462 1901 can,
3492 1853 3536 1890 c.
3556 1837 3648 1892 47.

2697 1939 2835 1976 num.
2883 1921 3008 1978 541.

2127 2034 2384 2105 Lucifuga
2433 2044 2490 2091 et
2518 2034 2800 2108 Luci/ngas
2826 2078 2842 2104 ,
2901 2037 3096 2093 infame
3125 2052 3342 2096 nomen.
3372 2039 3545 2097 Homo
3574 2043 3655 2096 ni-

2057 2128 2251 2184 mirum
2294 2137 2500 2184 naturre
2521 2131 2822 2185 contrarius
2852 2139 2908 2186 et
2937 2139 3328 2201 praeposterus,
3372 2133 3489 2190 luce
3532 2135 3655 2190 dor-

2055 2220 2189 2285 mit,
2223 2228 2381 2276 noctu
2421 2219 2625 2290 vigilat,
2651 2236 2809 2290 quem
2834 2219 3193 2280 Jureconsulti
3225 2226 3504 2295 appellant
3531 2242 3655 2284 ves-

2053 2311 2426 2381 pertilionem,
2469 2311 2611 2382 quod
2639 2321 2830 2367 exacto
2877 2303 2986 2382 jam
3030 2314 3134 2370 diei
3189 2317 3457 2374 curriculo
3483 2360 3499 2385 ,
3555 2320 3656 2374 sub

2054 2415 2303 2473 noctem,
2355 2405 2753 2476 vespertilionis
2804 2407 2856 2461 in
2897 2422 3102 2462 morem
3145 2419 3417 2482 prorepat.
3467 2411 3654 2467 Grznce

2055 2503 2296 2568 λυχνὸεισς
2324 2540 2338 2564 ,
2404 2499 2719 2570 quibusdam
2797 2500 3103 2569 Tenebrio,
3145 2505 3296 2573 quasi
3341 2519 3527 2560 amans
3571 2514 3653 2562 te-

2054 2591 2364 2648 nebrarum.
2411 2591 2603 2647 Cicero
2669 2591 2722 2646 in
2769 2589 2930 2648 Catil.
2994 2594 3331 2652 Dormientes
3369 2597 3643 2667 appellat,

2055 2698 2219 2755 quum
2260 2683 2602 2753 vigilantibus
2626 2683 2868 2754 opponit.
2897 2683 3104 2740 Tertul.
3137 2685 3408 2760 Lucifugte
3431 2689 3652 2760 scriptu-

2054 2793 2230 2831 rarum
2255 2819 2268 2842 ,
2294 2776 2383 2846 qui
2418 2777 2470 2830 in
2494 2792 2702 2832 summa
2732 2778 3057 2848 scriptorum
3086 2779 3350 2848 claritate,
3393 2791 3447 2836 et
3475 2784 3525 2835 in
3551 2783 3616 2838 iis
3638 2825 3652 2846 ,

2057 2878 2113 2924 ut
2153 2869 2334 2925 verbis
2372 2868 2598 2926 Tertull.
2655 2878 2810 2937 utar,
2858 2887 2973 2942 qua:
3017 2873 3094 2926 vel
3144 2873 3306 2943 ipsius
3344 2875 3466 2929 solis
3508 2875 3654 2929 radio

2055 2963 2260 3033 scripr
2296 2963 2524 3030 clarent,
2565 2963 2903 3035 impingunt,
2943 2973 2998 3018 et
3037 2971 3096 3018 ut
3142 2965 3337 3020 dicitur
3366 3009 3380 3033 ,
3435 2967 3486 3021 in
3535 2967 3650 3022 sole

2063 3051 2315 3125 caligant.

2121 3166 2243 3222 119.
2297 3166 2597 3249 Luceran
2645 3166 2869 3222 meridie
2905 3166 3271 3223 circumferre.
3319 3167 3465 3224 Tom.
3504 3166 3590 3223 111.

2367 3258 2458 3312 lib.
2493 3258 2533 3312 1.
2563 3257 2677 3312 adv.
2714 3255 2880 3312 Marc.
2909 3273 3026 3328 cap.
3059 3260 3112 3312 1.
3144 3275 3287 3312 num.
3315 3259 3401 3314 19.

2130 3369 2546 3425 Proverbialiter
2593 3369 2733 3424 idem
2772 3368 3093 3440 significabit
3133 3371 3276 3442 quod
3309 3413 3325 3439 ,
3377 3371 3647 3428 lucernam

2055 3461 2314 3517 adhibere
2341 3461 2425 3516 vel
2465 3460 2761 3517 accendere
2789 3462 2840 3517 in
2885 3462 3142 3529 meridie,
3173 3463 3313 3534 quod
3335 3474 3446 3532 est,
3479 3467 3655 3522 facere

2057 3552 2255 3624 aliquid
2285 3569 2392 3608 non
2419 3567 2519 3609 suo
2550 3562 2791 3622 tempore
2814 3596 2828 3618 ,
2855 3554 2940 3610 vel
2969 3575 2980 3608 :
3006 3553 3058 3608 in
3091 3570 3148 3608 re
3169 3555 3312 3609 clara
3339 3555 3652 3610 obscurita—

2057 3654 2166 3702 tem
2193 3645 2468 3716 aucupari.
2497 3644 2688 3700 Natum
2714 3663 2741 3698 a
2777 3645 3012 3716 Diogene
3031 3688 3045 3713 ,
3075 3647 3164 3718 qui
3190 3660 3411 3702 accensa
3440 3647 3654 3703 lucerna

2058 3725 2284 3794 meridie
2314 3721 2590 3793 hominem
2625 3737 2919 3808 qumrebat.

2057 3853 2181 3909 120.
2208 3853 2522 3910 Lumiuibus
2543 3852 2752 3908 eﬂ‘oss'is
2767 3853 3007 3908 orbatus.
3032 3852 3248 3910 Tom.V.
3274 3855 3366 3910 lib.
3388 3855 3451 3912 de
3469 3855 3652 3916 Trinit.

2474 3949 2478 3954 '
2570 3964 2687 4017 cap.
2716 3947 2806 4002 28.
2839 3964 2980 4003 num.
3017 3947 3140 4003 127.

2127 4064 2342 4130 Virgil,
2367 4063 2462 4118 lib.
2495 4063 2582 4118 111.
2611 4061 2679 4118 de
2709 4063 2893 4134 Polyp.
2973 4080 2992 4116 ‘.

2186 4154 2402 4204 Luminis
2425 4154 2590 4203 etlossi
2629 4154 2828 4202 ﬂuidum
2867 4155 2984 4204 lavit
3016 4155 3129 4204 inde
3163 4169 3406 4206 cruorem.

2058 4239 2127 4294 Et
2165 4241 2327 4309 paulo
2367 4239 2615 4308 superius
2650 4257 2661 4290 :
2689 4241 2788 4293 Cui
2827 4239 3004 4294 lumen
3034 4240 3364 4310 ademptum,
3391 4252 3444 4296 et
3473 4259 3484 4296 :
3517 4241 3647 4298 Telo

2057 4332 2237 4387 lumen
2271 4332 2621 4386 terebramus.
2652 4329 2786 4384 Vide
2821 4347 2980 4401 supra
3007 4347 3020 4383 :
3051 4331 3223 4388 chus
3243 4333 3315 4389 ,in
3348 4347 3544 4403 petram
3564 4338 3648 4405 or-

2057 4427 2238 4497 fendit.
2273 4423 2528 4493 Adiungit
2574 4421 2898 4476 Novatianus
2951 4439 3044 4492 per
3113 4425 3461 4494 Epcxcgesin.
3489 4423 3651 4477 Totas

2059 4522 2124 4573 sit
2153 4521 2206 4572 in
2236 4519 2482 4571 doctrinae
2503 4532 2609 4569 suae
2635 4515 2859 4569 crecitate
2884 4524 3170 4585 superatus.
3205 4515 3270 4568 Ut
3298 4513 3649 4582 proverbiali-

2061 4619 2142 4664 ter
2168 4608 2236 4663 de
2265 4623 2330 4662 eo
2372 4607 2475 4660 dici
2509 4605 2716 4675 possit,
2754 4609 2842 4674 qui
2873 4604 3234 4658 doctrinarum
3279 4603 3360 4656 vel
3401 4615 3644 4654 errorum

2059 4700 2319 4770 pravitate
2347 4688 2650 4752 excaecatus
2677 4706 2782 4760 est,
2812 4704 2865 4749 et
2893 4695 2976 4748 cui
3006 4693 3137 4747 nihil
3169 4707 3314 4746 samo
3347 4691 3540 4746 mentis
3569 4693 3650 4745 in-

2060 4789 2432 4861 telligentiaave
2454 4787 2523 4842 sit
2550 4786 2832 4855 reliquum.
2862 4784 2960 4838 Vel
3003 4783 3070 4837 ad
3111 4782 3384 4838 Novatiani
3429 4792 3649 4840 senten-

2060 4883 2185 4936 tiam
2214 4879 2434 4949 propius
2467 4895 2481 4930 :
2514 4877 2596 4931 cui
2626 4874 2755 4928 nihil
2785 4873 3104 4945 subterfugii
3134 4877 3330 4941 restat,
3365 4889 3471 4946 quo
3493 4891 3652 4945 argu-

2062 4973 2259 5029 mentis
2291 4970 2462 5025 victus
2495 4977 2770 5033 recurrat,
2801 4965 3038 5037 nihilque
3065 4983 3247 5023 secum
3279 4978 3452 5040 potest
3482 4968 3650 5036 dispi-

2063 5080 2216 5130 cere,
2257 5077 2366 5134 quo
2391 5075 2631 5117 errorem
2662 5068 2890 5116 tueatur.

2066 5181 2193 5238 12-1.
2223 5179 2490 5236 Alumine
2532 5177 2836 5233 exorbitare
2882 5177 3128 5250 caligine.
3169 5177 3307 5231 Tom.
3361 5176 3422 5231 V.
3474 5174 3564 5229 lib.
3593 5174 3656 5229 de

2475 5268 2666 5324 Pudic.
2697 5286 2812 5340 cap.
2841 5267 3063 5326 8.‘num.
3093 5269 3182 5324 59.

2136 5386 2220 5442 Ah
2249 5385 2419 5439 orbita
2445 5424 2460 5447 ,
2505 5381 2645 5453 quod
2676 5392 2758 5435 est
2803 5381 3084 5450 vestigium
3117 5380 3454 5436 decurrentis
3483 5381 3534 5435 in
3568 5380 3652 5434 via

2063 5486 2217 5542 rotae,
2251 5485 2335 5530 est
2371 5473 2592 5529 verbum
2620 5471 2937 5534 exorbitare,
2969 5471 3121 5540 quasi
3161 5485 3190 5522 a
3221 5471 3300 5523 via
3328 5470 3617 5524 deﬂectere
3638 5512 3652 5534 ,

2068 5586 2180 5642 prae
2211 5583 2456 5625 errorum
2477 5566 2718 5620 czncitate
2745 5577 2924 5617 veram
2955 5562 3248 5617 doctrinam
3274 5603 3290 5628 ,
3316 5579 3436 5633 qua:
3465 5572 3572 5632 per;
3599 5577 3660 5618 se

2069 5664 2252 5726 lucet,
2285 5675 2392 5715 non
2421 5672 2585 5731 posse
2628 5654 2956 5726 perspicere.
2986 5654 3104 5710 Lib.
3133 5653 3220 5710 ad.
3253 5653 3444 5710 Gnost.
3473 5653 3546 5710 Ab
3571 5653 3662 5709 illo

2071 5755 2232 5831 (Deo)
2262 5756 2314 5810 in
2345 5750 2642 5810 idololatria
2671 5747 3093 5806 exorbitaverunt.

3143 5842 3387 5924 (Huit.)
