4250 6266
537 296 644 352 259

1639 293 1730 347 ΙὲΧ
1770 285 2235 348 TEllTULLlANl
2274 287 2745 345 APOLOGETICO

3727 297 3831 360 240

608 417 728 472 “0.
759 414 898 472 Nutu
920 413 1150 470 tradere.
1172 410 1290 482 (nisi
1309 407 1584 465 traducere
1612 408 1723 477 quis
1751 405 1940 476 malit.)
1966 402 2038 459 To
2055 417 2124 456 m.
2157 402 2211 462 A
2237 400 2363 456 144.
2410 401 2466 458 ln
2493 413 2696 473 partem
2719 391 2878 459 unam
2903 403 3233 462 incumbere.
3261 404 3406 460 Tom.
3434 405 3498 466 V’.
3525 407 3612 464 lib.
3637 408 3698 464 de
3722 407 3836 464 Tri-

854 506 892 559 l.
927 505 1012 558 lib.
1042 503 1105 556 de
1133 499 1272 554 Pali.
1303 516 1418 570 cap.
1448 500 1502 555 4.
1529 514 1674 553 nam.
1706 497 1800 554 84.

527 621 537 631 ’
572 617 774 674 “Vide:
806 615 925 670 Acie
951 613 1106 684 ﬁgere
1125 653 1140 676 ,
1170 620 1216 664 et
1257 610 1418 682 digito
1442 610 1717 665 destinare.
1747 609 1838 664 Est
1863 607 2120 664 deriden-

535 711 666 766 tium
697 717 753 763 et
798 705 1210 775 improbantium
1260 702 1459 774 aliquid
1511 702 1814 760 clanculum
1845 703 1983 758 inter
2030 715 2124 768 se,

534 801 678 876 quod
708 799 881 871 palam
905 798 1079 853 facere
1103 812 1209 852 non
1239 797 1307 852 sit
1329 797 1545 867 impune
1566 795 1649 851 vel
1682 795 1883 851 decens
1911 812 1924 849 :
1957 808 2123 865 quum

535 906 712 963 neque
749 888 1009 959 conjectis
1049 889 1102 943 in
1155 887 1424 942 hominem
1473 901 1655 942 remve
1699 887 1905 950 oculis,
1955 899 2128 954 neque

529 983 793 1058 protentis
818 977 995 1052 digitis
1021 981 1077 1050 id,
1109 979 1286 1036 facere
1315 979 1439 1035 licet
1472 1000 1484 1035 :
1517 989 1629 1034 tum
1656 977 1988 1034 clanculario
2012 978 2124 1033 sal-

477 1103 484 1110 ·
529 1089 639 1135 tem
669 1093 731 1134 ac
762 1087 890 1133 nuttt
921 1075 1279 1142 demonstrari
1309 1083 1502 1144 potest.

527 1194 555 1248 1
573 1192 653 1251 Η.
679 1191 858 1248 Oculis
885 1189 1098 1246 clausis.
1123 1188 1266 1243 Tom.
1289 1187 1334 1252 l,
1365 1188 1451 1242 lib.
1476 1187 1538 1240 de
1579 1183 1716 1240 Pall.
1743 1203 1858 1254 cap.
1881 1184 1939 1240 2.
1979 1201 2123 1239 nunt.

597 1284 688 1340 20.
718 1283 935 1355 Apolog.
958 1298 1074 1350 cap.
1099 1281 1152 1336 5.
1185 1297 1236 1334 n.
1267 1280 1357 1334 56.
1391 1277 1540 1331 Tom.
1569 1275 1658 1330 Ill.
1703 1275 1790 1330 lib.
1821 1276 1883 1329 de
1913 1275 2120 1330 Resttrr.

599 1375 791 1442 carnis,
812 1389 925 1442 cap.
960 1372 1052 1427 51.
1080 1387 1217 1425 num.
1252 1368 1375 1426 361.

528 1490 586 1549 Si
612 1489 898 1545 subaudias
926 1490 1149 1544 verbum
1170 1529 1186 1554 ,
1215 1486 1378 1554 liquet
1403 1527 1418 1550 ,
1451 1499 1540 1539 res
1562 1492 1644 1539 est
1669 1483 1986 1546 clarissima,
2009 1481 2126 1536 luce

524 1582 822 1638 meridiana
847 1581 1084 1643 clarior,
1104 1587 1162 1632 ιιι
1201 1577 1389 1632 nolens
1417 1575 1710 1646 volensque
1735 1576 1915 1646 quivis
1938 1573 2020 1629 vel
2050 1574 2125 1627 vi-
2197 1601 2204 1606 -

522 1672 653 1732 dere
681 1681 846 1745 possit
873 1674 952 1728 vel
997 1671 1315 1740 intelligere.
1348 1668 1404 1724 Si
1435 1666 1728 1722 subamlias
1760 1667 1932 1736 Agere
1956 1664 2082 1736 quid
2105 1706 2119 1729 ,

2697 496 2792 550 nit.
2819 513 2934 567 cap.
2963 497 3057 554 25.
3100 515 3243 552 num.
3279 497 3401 553 102.

2304 609 2584 682 Sumptum
2609 627 2640 667 a
2670 611 2887 679 militia,
2916 614 3007 669 ubi
3054 614 3128 668 in-
3147 613 3394 670 dextrum
3424 617 3511 672 vel
3550 617 3830 676 sinistrum

2233 703 2371 760 latus
2402 706 2516 762 sive
2550 721 2715 761 cornu
2750 708 2863 764 sive
2893 716 3098 778 portent
3130 709 3332 778 majore
3359 709 3559 785 impetu
3583 721 3638 767 et
3666 713 3830 784 perti-

2235 798 2385 852 nacia
2413 813 2668 854 conversa
2699 798 2934 870 undique
2956 801 3106 871 signa
3129 799 3482 856 inferentibus
3508 802 3828 862 adversariis

2235 889 2578 944 incnmbitur.
2607 878 3062 961 Quibusdejectis
3091 901 3144 948 et
3174 892 3290 947 loco
3321 895 3602 950 summotis
3625 896 3826 966 procli-
3887 896 3890 898 ’

2233 981 2314 1034 vis
2339 981 2409 1036 sit
2439 981 2854 1049 victoria,C;esa.
2886 981 2940 1037 2.
2971 982 3080 1038 Bel.
3111 982 3228 1039 Gal.
3259 985 3438 1040 Caesar
3459 985 3525 1040 ad
3546 986 3826 1046 dexterum

2231 1089 2398 1130 cornu
2448 1074 2715 1146 profectus
2761 1077 2850 1133 ubi
2898 1091 3024 1132 suos
3053 1078 3264 1148 urgeri,
3296 1088 3400 1134 etc.
3444 1079 3540 1135 His
3565 1081 3740 1137 verbis
3767 1097 3828 1140 se

2231 1168 2461 1239 explicat
2487 1170 2689 1226 Auctor
2718 1169 2811 1224 lib.
2839 1168 2907 1225 de
2939 1169 3126 1224 Trinit.
3159 1169 3542 1227 lnclinaverant
3561 1214 3576 1240 ,
3607 1175 3824 1245 trahere,

2228 1276 2496 1330 superare,
2528 1277 2648 1332 qua:
2677 1277 2708 1315 a
2741 1262 2928 1317 militia
2958 1261 3114 1317 ducta
3146 1274 3288 1318 sunt.

2234 1375 2356 1433 145.
2401 1373 2615 1446 Pepone
2645 1376 2816 1447 magis
2843 1373 3098 1431 insulsus.
3127 1374 3275 1432 Tom.
3313 1376 3400 1434 ΙΙΙ.
3433 1378 3520 1433 lib.
3552 1379 3616 1434 de
3643 1380 3823 1438 Anima

2773 1486 2889 1539 cap.
2919 1468 3023 1536 '52,
3057 1487 3198 1524 nunt.
3231 1472 3358 1527 587.

2300 1590 2496 1641 nino-nc
2556 1581 2749 1638 molles
2817 1589 2872 1636 et
2931 1581 3114 1637 faciles
3168 1581 3464 1651 dicuntur,
3517 1585 3826 1658 metaphora

2228 1689 2259 1729 a
2295 1675 2515 1730 maturis
2544 1674 2801 1729 fructibus
2833 1675 2988 1730 ducta
3015 1691 3030 1740 ;
3059 1675 3140 1732 vel
3171 1677 3330 1732 etiam
3360 1679 3780 1736 acucnmeribus
3805 1722 3824 1750 ,

521 1777 608 1822 est
633 1765 855 1835 abrupte
876 1804 890 1828 ,
925 1774 1127 1817 temere
1156 1804 1170 1825 ,
1199 1761 1317 1814 sine
1347 1759 1657 1814 discrimine
1687 1757 1884 1812 facere.
1916 1755 1981 1812 Ut
2024 1757 2123 1810 im-
2155 1763 2202 1823 B
2229 1767 2318 1838 qui
2364 1782 2582 1837 pepones
2608 1765 2746 1836 quod
2796 1764 3145 1833 mollescant,
3174 1778 3248 1834 et,
3281 1769 3438 1822 simul
3470 1778 3630 1841 atque
3651 1775 3826 1826 rnatu-

527 1858 753 1929 pingunt
781 1856 832 1910 in
860 1855 1038 1910 odium
1073 1852 1305 1907 nominis
1329 1850 1620 1906 Christiani
1647 1850 1833 1902 clausis
1849 1849 2028 1913 oculis,
2069 1857 2124 1902 et

526 1953 768 2009 excitate
793 1949 898 2004 odii
930 1948 982 2002 in
1013 1945 1367 2015 naufragium,
1398 1943 1484 2012 qui
1527 1941 1602 1996 rei
1643 1940 1922 1996 veritatem
1950 1954 2122 2010 neque

527 2025 1009 2112 explorant-neque
1056 2039 1336 2107 explorare
1387 2036 1663 2097 laborant,
1699 2033 1792 2088 sed
1841 2032 2122 2088 affectibus

519 2135 633 2190 suis
664 2132 996 2202 iniquissime
1041 2128 1316 2197 indulgent
1345 2143 1358 2188 ;
1393 2137 1442 2179 et
1471 2127 1618 2192 juxta
1650 2123 1868 2179 Terent.

642 2264 819 2326 Neque
838 2264 920 2324 jus
937 2272 1107 2326 neque
1132 2261 1310 2326 bonum
1331 2265 1484 2326 atque
1510 2269 1704 2326 aequum
1727 2257 1907 2326 sciu_n_t.

645 2317 1038 2386 Melius,'pejus,'
1052 2323 1218 2385 prosit,
1245 2320 1363 2369 nihil
1391 2317 1586 2380 vident,
1601 2320 1692 2368 nisi
1716 2317 1844 2381 quod
1868 2319 2022 2368 lubet.

519 2463 531 2476 '
594 2456 658 2512 Β.
689 2455 914 2524 August.
937 2451 1067 2520 Qurc
1089 2449 1304 2504 tandem
1335 2448 1413 2503 vis
1435 2489 1448 2513 ,
1475 2447 1574 2502 nisi
1605 2447 1817 2502 carcitas
1837 2456 1891 2502 et
1913 2447 2117 2502 vanitas

523 2547 686 2604 animi
708 2547 850 2617 cogit
872 2545 1141 2600 hominem
1163 2541 1362 2596 clausis
1382 2584 1394 2608 ,
1415 2549 1471 2594 ut
1513 2539 1730 2605 dicitur,
1764 2537 1934 2593 oculis
1955 2578 1971 2602 ,
1997 2548 2114 2590 tan-

522 2653 682 2712 quam
729 2638 779 2691 in
810 2636 1036 2691 alterum
1074 2633 1255 2703 jacere
1279 2675 1292 2698 ,
1327 2630 1465 2716 quod
1498 2646 1618 2685 cum
1661 2630 1710 2684 in
1738 2645 1861 2684 eum
1884 2627 2073 2698 jecerit
2096 2669 2110 2693 ,

519 2730 774 2792 continuo
804 2726 1033 2784 redeat?
1061 2724 1122 2780 Β.
1159 2724 1468 2794 llierouym.
1521 2721 1668 2776 More
1713 2720 2113 2776 Audabatarum

523 2825 580 2878 in
627 2822 862 2878 tenebris
898 2819 1142 2891 .gladiutn
1189 2815 1468 2880 ventilant,
1492 2824 1540 2870 et
1573 2813 1794 2869 :Mclius
1821 2825 1903 2870 est
1935 2822 2112 2869 tamen

520 2913 709 2968 clausis
756 2910 918 2982 (quod
967 2908 1184 2979 dicitur)
1231 2907 1392 2961 oculis
1417 2905 1815 2960 Andabalarum
1848 2920 1995 2960 more
2021 2920 2114 2975 pu-

519 3019 687 3077 gnare
710 3045 725 3068 ,
754 3018 912 3074 quam
941 3001 1144 3062 directa
1176 2998 1376 3068 spicula
1400 2998 1588 3070 clypeo
1613 3013 1717 3052 non
1741 2997 2002 3067 repellere
2025 3012 2112 3050 vc-

518 3095 714 3152 ritatis.
747 3095 813 3150 Et
843 3094 900 3149 B.
933 3093 1093 3149 Basil.
1125 3103 1444 3160 νυκτομαχίην
1475 3090 1635 3155 dixit,
1669 3099 1982 3145 nocturnam
2013 3105 2112 3160 pu-

519 3202 679 3259 gnam
707 3230 722 3252 ,
755 3187 808 3241 in
833 3199 927 3242 eos
954 3185 1042 3256 qui
1063 3185 1209 3239 nullo
1233 3183 1436 3252 judicio
1466 3182 1794 3237 inscctantttr
1819 3181 2038 3252 aliquid.

519 3298 645 3358 ιη.
683 3297 866 3353 Oculis
920 3296 1239 3352 Homericis.
1279 3293 1422 3348 Tom.
1456 3292 1496 3348 1.
1527 3294 1614 3348 lib.
1645 3293 1877 3348 de'Pall.
1907 3309 2026 3363 cap.
2055 3291 2109 3346 2.

1192 3407 1330 3443 num.
1364 3388 1453 3444 20.

587 3505 883 3560 Videantur
930 3503 1128 3559 Adnot.
1166 3501 1430 3578 Pameliia
1461 3481 1604 3556 idem
1657 3516 1778 3556 cmn
1810 3501 2108 3571 superiore.

523 3599 798 3660 Homerus,
825 3606 980 3650 antea
1009 3595 1355 3664 blclesigeues
1397 3593 1602 3656 dictus,
1630 3608 1660 3646 a
1689 3593 1926 3648 esceitate
1967 3591 2111 3664 [nam

517 3693 586 3747 ab
617 3691 832 3745 ineunte
857 3711 884 3740 η
907 3696 1014 3742 tate
1039 3687 1327 3740 luminibus
1347 3695 1534 3752 captus
1567 3685 1804 3753 proditur
1823 3695 1909 3737 ιτδυ
1934 3690 2113 3753 ὁμγζρου

517 3795 714 3837 nomen
761 3777 983 3833 sortitus
1033 3785 1134 3831 cst.
1183 3774 1335 3830 Unde
1376 3775 1462 3828 illa
1512 3776 1750 3829 omnium
1790 3775 2109 3841 adtniratio,

514 3875 753 3932 omnium
779 3888 952 3928 rerum
983 3869 1334 3924 humanarum
1366 3869 1648 3922 simulacra
1677 3882 1927 3936 expressa
1955 3867 2108 3922 nobis

515 3977 640 4024 ante
688 3967 872 4022 oculos
915 3962 1164 4020 conszitui
1216 3961 1452 4032 potuisse
1479 3961 1547 4014 ab
1577 3975 1644 4014 eo
1689 3961 1778 4030 qui
1838 3976 2108 4032 nunquam

515 4084 580 4124 ea
609 4066 778 4123 oculis
810 4071 1108 4134 usurparat.
1461 4133 1464 4136 Ι

517 4175 641 4236 HS.
675 4179 831 4234 Palus
860 4175 1198 4232 Terminalcs
1237 4174 1416 4243 figere.
1448 4172 1596 4225 Tom.
1633 4171 1694 4226 \’.
1729 4172 1813 4225 lib.
1843 4172 1904 4226 de
1926 4170 2106 4241 Jejnn.

1039 4286 1152 4345 cap.
1194 4268 1250 4320 ll
1279 4308 1292 4328 ,
1322 4284 1459 4318 nutu.
1494 4265 1581 4318 72.

544 4411 551 4416 ·
588 4384 908 4441 Tertninalts
940 4381 1102 4449 lapis,
1129 4390 1176 4434 et
1209 4378 1492 4447 aliquarilu
1527 4379 1710 4447 palus,
1742 4378 1831 4449 qui
1867 4379 1918 4434 in
1948 4395 2106 4450 agro-

516 4495 636 4536 rum
661 4478 853 4532 limbus
883 4475 1115 4541 ponitur,
1146 4482 1194 4525 et
1227 4480 1282 4524 ut
1312 4470 1498 4539 Virgil.
1531 4471 1596 4523 de
1622 4471 1762 4526 Saxo
1789 4491 1801 4525 :

857 4567 1034 4628 Campo
1055 4565 1138 4626 qtti
1164 4563 1288 4628 forte
1308 4563 1502 4628 iacebat

610 4632 780 4682 Limes
802 4644 922 4692 agro
943 4625 1154 4693 positus,
1183 4625 1315 4674 litetn
1337 4633 1392 4672 ut
1412 4626 1721 4674 discerneret
1741 4627 1887 4674 arvis.

514 4719 582 4776 Et
611 4719 663 4774 in
703 4717 898 4786 Georg.

608 4829 714 4890 l‘iec
732 4830 927 4889 signare
945 4825 1162 4889 quidem,
1175 4828 1266 4890 aut
1283 4822 1449 4886 partiri
1470 4821 1622 4872 limite
1637 4802 1856 4885 campum

611 4889 706 4939 Fas
723 4894 844 4938 erat.

592 4991 749 5048 Palas
778 4998 954 5044 autem
995 4988 1112 5043 luco
1149 4988 1383 5058 lapidum
1422 4999 1517 5042 attt
1542 5004 1792 5043 saxorum
1824 4990 1946 5061 poni
1977 5005 2105 5047 couo

517 5085 757 5143 suevissc
803 5080 1002 5136 indicat
1045 5094 1278 5143 nomen,
1312 5077 1473 5132 Pnlen
1497 5119 1511 5143 ,
1545 5078 1787 5134 Flandris
1829 5096 1924 5149 pro
1949 5096 2104 5152 agro-

519 5194 637 5232 tum
683 5172 926 5230 terminis
967 5171 1241 5235 usitatum.
1272 5169 1370 5224 Vel
1407 5167 1592 5222 alludit
1618 5169 1838 5226 Tertull.
1870 5172 1935 5227 ad
1973 5173 2100 5228 dro-

519 5285 730 5325 tnonem
754 5268 865 5323 sive
893 5263 1123 5320 stadium
1151 5274 1400 5332 equestre
1425 5278 1438 5326 ;
1469 5261 1554 5315 ubi
1588 5263 1843 5317 terminus
1869 5274 1985 5320 erat
2014 5267 2103 5322 ubi

513 5371 730 5434 peracto
771 5375 929 5413 cursu
956 5354 1334 5428 quiescebant,
1368 5363 1421 5407 ct
1463 5363 1599 5406 meta
1619 5396 1633 5413 ,
1666 5356 1811 5422 palus
1837 5366 1954 5411 erat
1978 5372 2105 5412 acu-

517 5456 752 5510 minatus
792 5454 843 5505 in
885 5444 1042 5504 stadii
1096 5448 1198 5502 line
1244 5446 1480 5516 positus,
1505 5445 1645 5498 circa
1673 5461 1829 5514 quem
1857 5449 2102 5518 girabant

508 5562 742 5605 cursum.
762 5546 857 5601 Est
901 5543 1079 5614 igitur,
1103 5541 1247 5611 palos
1275 5539 1564 5592 terminales
1586 5538 1760 5608 figere,
1783 5541 2106 5613 intra‘angu-

509 5655 623 5696 stos
664 5647 718 5695 ct
754 5648 931 5693 certos
962 5636 1092 5689 lines
1118 5633 1349 5702 aliquem
1380 5630 1702 5687 concludere
1724 5672 1740 5699 ,
1773 5647 1841 5689 ne
1869 5634 1996 5705 quid
2019 5637 2101 5694 vel

520 5738 704 5798 emet,
729 5728 813 5786 vel
847 5725 1050 5799 possit,
1083 5723 1165 5778 vel
1191 5722 1474 5792 imperium
1501 5731 1754 5781 exerceat
1781 5723 2020 5785 ulterius.

2229 1857 2452 1921 ruerint,
2485 1856 2823 1924 flaccescant,
2856 1856 3211 1927 appellantur.
3247 1858 3374 1914 lndc
3405 1860 3824 1929 illm/uiuam-

2229 1972 2303 2018 ρος
2359 1957 2554 2006 πέπονος
2608 1954 2785 2015 σύκου,
2843 1950 3055 2004 mollior
3111 1949 3212 2005 ficu
3267 1962 3506 2017 matura;
3546 1964 3827 2026 πεπαίτερος

2225 2051 2409 2112 mpm,
2452 2043 2710 2096 maturior
2753 2043 2938 2097 moris.
3012 2042 3079 2096 Et
3137 2043 3442 2098 convivium
3487 2046 3824 2114 proverbiale

2226 2119 2320 2204 pél‘
2349 2133 2774 2199 translationem,
2795 2143 3010 2200 πέπονες,
3029 2145 3270 2191 τουτέστιν
3292 2139 3470 2192 ἀποιλοί
3498 2140 3818 2200 καιάσθινεῖς.

2227 2223 2323 2280 Est
2351 2235 2403 2280 et
2430 2224 2698 2280 interdum
2729 2225 2917 2280 blanda
2947 2235 3000 2280 et
3025 2226 3196 2281 amica
3251 2242 3351 2283 vos
3374 2269 3390 2295 ,
3437 2232 3473 2280 ὧ
3502 2238 3666 2295 πέπον,
3698 2252 3816 2284 του·

2123 2355 2140 2360 -
2220 2327 2374 2384 «ἐστι,
2407 2327 2794 2388 προσφιλξστοιτε,
2824 2325 2875 2382 ἦ,
2904 2328 3273 2390 προσηνέστατε,
3305 2334 3336 2374 a
3383 2320 3604 2375 maturis
3656 2320 3818 2391 placi-

2223 2407 2410 2480 disque
2436 2409 2695 2475 moribus,
2714 2410 2793 2464 vel
2820 2410 2960 2480 quod
2987 2417 3050 2464 τά
3069 2419 3250 2475 πέπονα
3274 2410 3374 2466 hoc
3398 2419 3482 2466 est
3500 2411 3677 2466 mollia
3698 2427 3814 2467 ma-

2224 2508 2448 2571 turaque
2473 2515 2715 2556 amemus
2743 2515 2953 2556 omnes.

2220 2637 2344 2692 M6.
2389 2636 2657 2706 Peponem
2701 2637 2878 2693 cordis
2909 2638 3028 2693 loco
3059 2637 3277 2694 habere.
3313 2637 3457 2694 Tant.
3489 2639 3574 2695 Ill.
3605 2640 3691 2697 lib.
3724 2639 3814 2699 IV.

2576 2731 2692 2782 adv.
2723 2714 2887 2782 Marc.
2918 2745 3032 2800 cap.
3061 2729 3150 2784 40.
3195 2747 3248 2783 tt.
3277 2729 3401 2786 666.

2292 2863 2584 2919 Videantur
2632 2864 2732 2919 hoc
2779 2864 2896 2918 loco
2950 2863 3190 2919 adnotat.
3234 2864 3582 2937 Patnelii,_et
3618 2865 3814 2922 Feuar—

2218 2955 2382 3013 dentii
2420 2957 2486 3011 ad
2527 2956 2658 3011 illud
2690 2957 2750 3010 Β.
2785 2956 2970 3011 Iremei
3003 2957 3095 3040 lib.
3133 2958 3154 3010 l
3183 2997 3197 3021 ,
3227 2972 3347 3027 cap.
3377 2958 3441 3022 3,
3471 2973 3615 3011 num.
3648 2958 3732 3013 lO.
3766 2958 3811 3012 0

2224 3064 2440 3118 pepones
2465 3048 2732 3117 Saphista:
2755 3047 3167 3118 vituperabiles,
3191 3044 3245 3104 et
3274 3064 3377 3103 non
3407 3049 3500 3104 viri
3531 3067 3545 3104 :
3575 3049 3714 3119 quod
3741 3063 3810 3105 ex

2141 3118 2187 3182 Ο
2221 3139 2438 3196 Homer.
2473 3139 2562 3194 llia
2593 3152 2649 3210 β.
2673 3139 3014 3209 tlcsmnptum
3045 3149 3144 3196 est.

2342 3254 2372 3306 ὁ
2405 3270 2565 3332 πέπονος,
2588 3268 2667 3305 alii
2693 3267 2822 3317 ἰλίγιι⁶
2837 3295 2847 3312 ,
2870 3263 3046 3317 iladvig,
3070 3268 3132 3305 ὡκ
3155 3267 3206 3306 ἴτ’
3228 3268 3348 3318 ἀχαιοὶ

2221 3364 2272 3419 id
2303 3375 2386 3419 est
2415 3381 2428 3417 :

2342 3476 2385 3588 2
2411 3469 2602 3588 [ὑιοῌθὲ.
2630 3476 2755 3526 mala
2779 3477 2972 3540 probra,
2995 3484 3046 3526 et
3067 3474 3329 3536 Acheides,
3359 3473 3484 3523 haud
3510 3475 3640 3524 enim

2387 3553 2412 3588 c
2450 3553 2536 3588 tvt.

2387 3553 2536 3599 cum,

2217 3647 2372 3716 Quod
2403 3647 2590 3717 Virgil.
2622 3647 2862 3701 imitatus
2895 3664 2906 3697 :

2342 3777 2383 3829 Ο
2408 3790 2527 3827 vere
2553 3777 2794 3840 Phrygize,
2821 3788 2984 3839 neque
3008 3778 3136 3826 enim
3162 3775 3399 3840 Phryges.

2287 3883 2561 3956 Significat
2632 3885 2809 3954 itaque
2871 3881 3210 3953 proverbium
3261 3900 3274 3935 :
3321 3879 3606 3937 excordem
3652 3893 3809 3946 esse,

2215 3977 2298 4032 vel
2344 3975 2505 4030 corde
2573 3991 2695 4030 esse
2753 3976 2975 4029 insulso.
3050 3973 3104 4028 In
3148 3973 3309 4029 corde
3357 3973 3498 4028 enim
3547 3973 3812 4043 primaria:
3857 4017 3862 4022 .

2213 4067 2375 4121 attitt‘ti
2419 4068 2574 4122 vires.
2631 4067 2762 4121 llittc
2813 4066 3015 4120 cordati
3047 4106 3062 4127 ,
3092 4065 3282 4132 quibus
3323 4080 3416 4119 cor
3466 4075 3610 4119 recte
3645 4063 3810 4118 affec-

2216 4167 2325 4213 tum
2366 4170 2449 4214 est
2511 4170 2563 4214 et
2632 4160 2928 4213 robustum.
3005 4157 3275 4211 Excnrdes
3307 4197 3321 4222 ,
3368 4155 3555 4226 quibus
3600 4156 3810 4228 peponis

2216 4253 2401 4321 instar,
2449 4255 2644 4318 molle,
2676 4253 2992 4319 llaceidum,
3046 4252 3264 4304 minime
3325 4251 3491 4304 virile.
3542 4249 3671 4304 Vide
3721 4265 3811 4304 su-

2216 4362 2307 4416 pra
2353 4363 2366 4399 :
2417 4345 2684 4400 Ccrebrmn
2744 4347 2818 4399 rel
2882 4361 2969 4398 ror
3013 4361 3122 4425 non
3174 4343 3355 4404 habere
3385 4383 3398 4407 ,
3447 4353 3529 4408 et,
3562 4342 3705 4396 (.‘crrs'
3753 4341 3806 4393 in

2135 4474 2190 4533 Β
2218 4439 2410 4508 pra'lio.

2220 4553 2340 4608 147.
2384 4552 2673 4607 Personam
2724 4565 2901 4619 agere.
2950 4547 3101 4603 Tant.
3134 4547 3225 4602 lll.
3253 4549 3340 4602 lib.
3377 4546 3456 4603 Ill.
3492 4546 3607 4600 adu.
3639 4545 3805 4602 Marc.

2715 4659 2829 4710 cap.
2865 4643 2952 4696 ll.
3009 4657 3150 4694 nam.
3187 4640 3275 4695 77.

2289 4759 2582 4816 Vide'infra
2613 4777 2625 4812 :
2656 4758 2875 4814 Scenant
2920 4758 3207 4812 decurrere.
3254 4754 3481 4810 Persona
3505 4797 3519 4820 ,
3551 4770 3648 4824 pro
3685 4769 3808 4810 mtt-

2216 4873 2344 4912 nere
2373 4859 2487 4911 sive
2513 4854 2772 4924 partibus.
2795 4853 2972 4908 Cicer.
3002 4851 3108 4906 llas
3139 4861 3316 4922 partes
3339 4851 3574 4906 lenitatis
3594 4865 3808 4921 semper

2213 4951 2293 5018 egi
2320 4989 2334 5013 ,
2367 4949 2508 5001 illam
2555 4945 2830 5016 gravitatis
2878 4961 3146 5014 personam
3192 4959 3295 4998 non
3327 4944 3582 5015 appetivi.
3612 4942 3696 4997 Ab
3721 4943 3806 4998 hi-

2212 5041 2476 5095 strionum
2507 5054 2752 5110 persona.
2785 5036 3066 5092 Personam
3092 5037 3483 5120 gerere.tueri,
3516 5034 3802 5102 sustinere,

2211 5149 2400 5203 agere,
2430 5133 2496 5186 ab
2529 5132 2856 5186 histrionicis
2885 5131 3214 5185 auctoribus.

2211 5245 2335 5301 MS.
2379 5244 2656 5317 Pltyscunc
2680 5243 2954 5314 impurior.
2987 5242 3131 5297 Tom.
3155 5243 3195 5297 1.
3238 5242 3325 5300 lib.
3353 5243 3416 5298 de
3440 5241 3582 5298 Pall.
3605 5258 3718 5314 cap.
3744 5242 3802 5311 4,

2890 5354 3027 5390 num.
3069 5336 3159 5392 79.

2282 5453 2359 5508 De
2385 5452 2603 5508 homine
2633 5453 2722 5524 qui
2751 5467 2810 5508 se
2833 5452 2884 5506 in
2907 5467 3066 5506 omne
3087 5451 3244 5506 luxus
3267 5449 3612 5526 libidinisque
3634 5461 3804 5521 genus
3891 5483 3894 5487 -

2209 5545 2514 5618 ingurgitat.
2541 5544 2660 5600 Fuit
2685 5544 2828 5600 enim
2853 5542 3180 5598 Ptolemaeus
3208 5540 3472 5614 Physcou.
3499 5543 3553 5598 8.
3582 5538 3804 5613 Ευριὶ

2205 5637 2352 5704 Rex,
2381 5639 2470 5708 qtti
2517 5651 2679 5708 quum
2719 5634 2944 5707 Cyrena:
2992 5635 3279 5705 imperaret
3327 5633 3474 5690 fratri
3521 5633 3804 5705 Evergeta:
3869 5645 3883 5656 ·

2153 5775 2155 5777 .
2204 5728 2460 5792 defuncto
2485 5729 2743 5788 successit
2770 5771 2784 5798 ,
2811 5728 2899 5800 qui
2931 5741 3088 5799 supra
3118 5726 3408 5785 belluinam
3440 5725 3715 5785 libidineu
3741 5731 3806 5783 et.
