4250 6266
323 422 334 427 -
433 374 547 440 911

437 680 634 736 bellule
660 696 821 753 quam
848 680 1052 737 homini
1082 683 1328 739 similior.
1360 684 1490 753 Quae
1515 686 1726 742 fteditas
1754 687 1805 741 in
1834 703 1900 742 eo
1925 687 2041 757 pel-

432 771 627 827 lucida:
652 773 823 828 vestis
848 773 1143 830 subtilitate
1163 816 1179 842 ,
1207 776 1359 845 quasi
1391 777 1459 831 de
1489 762 1783 844 industria,
1817 778 1933 833 sive
1954 793 2041 846 p0-

436 863 544 920 tius
585 879 654 919 ει
699 864 1111 935 intemperantia
1156 867 1471 938 augebatur,
1501 867 1701 925 infame
1750 867 2040 941 Physconis

434 968 635 1010 nomen
659 969 728 1010 ex
753 970 814 1012 re
840 955 959 1020 tulit
976 995 991 1021 ,
1016 957 1168 1026 quasi
1192 957 1482 1014 ventricosi
1509 968 1564 1014 et
1588 960 1850 1030 aquarioli
1875 1001 1891 1024 ,
1916 977 2039 1031 pro-

433 1054 554 1117 pter
600 1045 910 1102 abdominis
955 1046 1213 1102 studium.
1245 1054 1424 1119 φΰτκων
1473 1050 1616 1105 enim
1655 1057 1681 1105 ὁ
1740 1036 1953 1123 ’μέτρων
2007 1060 2036 1113 ἡ

430 1144 616 1204 παχὺς,
644 1138 741 1190 ἀπὸ
763 1152 850 1197 «n2;
892 1143 1089 1207 ρύσιιης.
1108 1139 1251 1209 quod
1280 1150 1359 1192 est
1379 1180 1394 1204 ,
1428 1139 1740 1196 intestinum
1768 1158 2034 1199 crassum.

430 1225 530 1281 Cui
562 1235 618 1282 et
640 1227 858 1284 Persius
884 1229 996 1283 ait:

556 1339 763 1402 Pinguis
785 1338 1086 1411 aqualiculus
1108 1354 1353 1406 propenso
1373 1344 1672 1408 sesquipede
1698 1349 1878 1395 exstat.

434 1439 560 1496 H9.
586 1440 760 1511 Plagae
788 1456 1097 1497 occurrere.
1122 1440 1269 1498 Tom.
1301 1443 1389 1498 lll.
1420 1445 1607 1516 Scorp.
1627 1447 1827 1502 advers.
1848 1446 2030 1502 (-‘uost.

999 1550 1113 1603 cap.
1139 1535 1191 1590 5.
1231 1551 1370 1588 nmn.
1397 1536 1485 1592 55.
1967 1532 1975 1541 ’

511 1644 783 1719 Sumptum
816 1664 845 1702 a
874 1648 1259 1717 gladiatoribus
1279 1691 1294 1715 ,
1320 1652 1411 1722 qui
1446 1652 1528 1708 vel
1554 1652 1847 1710 adversarii
1892 1655 2025 1724 peti-

438 1734 634 1795 tionem
678 1741 920 1809 corporis
967 1740 1327 1797 declinatione
1358 1741 1617 1814 elfugiunt
1636 1786 1653 1812 ,
1679 1746 1759 1800 vel
1789 1746 2028 1816 parmula

431 1831 742 1901 excipiunt,
795 1841 852 1885 ut
897 1832 1201 1888 sitfrustra
1251 1846 1494 1889 conatus.
1552 1835 1679 1892 Vide
1729 1852 1888 1908 supra
1919 1856 1933 1893 :
1962 1836 2027 1892 lu
2058 1861 2107 1920 Β

428 1925 588 1979 alium
637 1927 793 1980 ictum
833 1925 1156 1981 considerare
1179 1922 1289 1992 ,‘B.
1339 1927 1558 1984 llicron.
1608 1938 1796 1986 contra
1841 1930 2024 1987 Joviu.

427 2017 591 2086 Quasi
619 2018 841 2075 de'loco
861 2018 1108 2075 videmur
1132 2020 1357 2088 cedere,
1383 2030 1438 2077 ct
1463 2021 1775 2078 adversario
1803 2020 2025 2080 feriendi

428 2110 950 2196 occasionemdare.
983 2113 1044 2169 Et
1071 2130 1086 2172 :
1110 2112 1314 2170 directa
1339 2116 1543 2186 spicula
1571 2118 1760 2189 clypeo
1780 2118 2027 2176 refellere

434 2205 693 2264 veritatis.

441 2321 570 2378 150.
608 2321 859 2380 Plaudere
887 2322 940 2377 in
968 2324 1166 2380 sinum.
1200 2324 1346 2379 Tom.
1381 2325 1441 2380 V.
1476 2326 1563 2380 lib.
1593 2328 1656 2379 de
1689 2324 1874 2381 Padic.
1906 2344 2023 2399 cap.

1066 2415 1120 2472 9.
1167 2422 1307 2470 tium.
1348 2416 1438 2471 42.

498 2528 565 2584 Si
583 2546 681 2599 qua
700 2528 835 2584 vobis
856 2530 1087 2601 exempla
1106 2532 1158 2585 in
1175 2531 1340 2585 sinum
1357 2530 1600 2602 plattden‘t
1614 2572 1628 2598 ,
1652 2529 1753 2587 hoc
1776 2541 1859 2588 est
1878 2575 1892 2598 ,
1919 2543 2025 2590 tam

422 2629 571 2691 grata
611 2620 765 2675 vobis
798 2620 1076 2690 accidant,
1103 2637 1223 2692 quae
1264 2621 1602 2677 informatum
1631 2623 1681 2677 in
1710 2623 1903 2679 animis
1931 2641 2023 2682 ve-

421 2711 549 2767 stris
570 2711 878 2782 opinionem
902 2712 1181 2769 vidcautur
1202 2716 1522 2770 continuare
1542 2758 1556 2781 ,
1584 2725 1642 2770 ut
1660 2714 1781 2770 inde
1810 2717 2021 2774 tacitam

420 2803 561 2874 apud
587 2789 684 2859 vos
710 2805 1036 2876 voluptatem
1071 2806 1314 2861 sentiatis
1339 2847 1354 2869 .
1383 2817 1669 2878 vestroque
1698 2806 1912 2863 effectui
1942 2809 2026 2865 in-

418 2893 702 2965 dulgeatis.
735 2894 891 2965 Apud
917 2896 1138 2953 Homer.
1188 2903 1235 2951 ἕν
1280 2905 1413 2965 θυμὼ
1469 2902 1675 2969 χωρεῖν.
1708 2897 1826 2954 Tib.
1853 2898 1918 2953 In
1944 2909 2021 2955 la-
2072 2950 2075 2953 .

420 2985 519 3040 cito
546 2984 773 3056 gaudere
797 2986 932 3042 sinu.

491 3100 615 3155 151.
658 3099 922 3156 Plaudere
948 3101 1104 3172 parti.
1137 3099 1358 3169 Ibidem,
1387 3117 1504 3172 cap.
1538 3100 1625 3157 16.
1651 3118 1790 3156 num.
1819 3101 1940 3157 160.

1635 386 2155 446 PROVERBIALES
2194 390 2566 455 FORMULrE.

442 498 811 555 crudelitatem
844 496 991 569 (qua:
1020 496 1258 555 facinora
1296 511 1684 568 commemorat
1708 502 1907 558 Justin.
1941 502 2036 557 lib.
2065 501 2121 562 A

443 590 544 660 85)
573 590 756 661 sagina
781 591 1004 655 ventris,
1040 600 1094 647 et
1123 593 1368 663 corporis
1394 594 1679 666 vultusque
1703 595 2065 677 deformitate

3635 421 3742 478 213

2272 506 2470 561 Labitur
2493 513 2589 566 alta
2610 528 2804 582 secans,
2831 520 3081 586 ﬂuctuque
3103 527 3325 589 astuque
3349 512 3587 582 secundo;
3682 562 3689 565 -

2218 610 2403 669 zEstus
2448 630 2626 674 autem
2676 623 2964 695 aliquando
3009 627 3271 700 accipitur
3304 647 3403 703 pro
3430 634 3547 705 ipsa
3573 638 3743 696 maris

2143 709 2437 764 crescentis
2460 710 2938 789 decrescentisque
2948 726 3310 779 commotione
3329 767 3346 792 ,
3393 725 3497 783 hoc
3516 731 3634 797 est,
3650 745 3744 788 ac-

2143 808 2298 852 cessu
2340 801 2462 867 sive
2507 806 2877 875 incremento,
2907 813 2993 868 vel
3037 829 3251 871 recessu
3294 817 3409 875 sive
3435 820 3741 892 reciproca-

2144 886 2308 944 tione.
2340 892 2642 963 Aliquando
2680 916 2776 969 pro
2804 918 2966 958 arena
2998 904 3086 960 illa
3118 906 3381 976 instabili,
3409 926 3530 983 qua
3550 886 3744 972 absor-

2146 982 2231 1040 bet
2257 996 2310 1041 et
2342 986 2515 1044 haurit
2543 994 2743 1048 omnia.
2774 996 2973 1067 Virgil;
3430 982 3443 983 γ
3682 1006 3689 1011 ’

2391 1098 2527 1152 Furlt
2550 1111 2695 1156 tratus
2714 1109 2979 1159 arenis.....
3001 1113 3059 1163 Et

2389 1163 2530 1215 Eam
2549 1168 2818 1219 miscentur
2840 1183 3007 1223 arena:

2139 1259 2349 1359 Similia
2376 1265 2461 1320 illa
2493 1287 2506 1322 :
2536 1270 2753 1328 Haerere
2778 1276 2831 1330 in
2863 1278 3052 1334 iisdem
3083 1282 3358 1353 scopulis,
3393 1283 3444 1340 in
3477 1300 3614 1359 aqua
3635 1329 3652 1353 ,
3679 1288 3735 1347 in

2142 1352 2306 1450 vado,
2338 1355 2389 1450 in
2433 1361 2662 1417 salebra.
2714 1366 3038 1438 Metaphorae
3064 1387 3094 1427 a
3125 1352 3496 1446 navigantibus
3519 1352 3731 1450 ductu,

2136 1445 2225 1512 qui
2254 1446 2389 1501 vado
2412 1449 2547 1511 illisa
2571 1456 2688 1510 navi
2711 1472 2926 1516 cursum
2951 1445 3455 1525 institutnmtenere
3481 1485 3586 1525 non

2136 1544 2282 1590 sunt.
2323 1537 2410 1593 Sic
2447 1541 2571 1597 dum
2603 1548 2754 1603 navis
2793 1561 2921 1605 testu
2957 1555 3232 1625 reciproco
3255 1557 3360 1614 huc
3389 1569 3441 1616 et
3473 1561 3598 1618 illuc
3613 1537 3732 1620 ’ἰω-

2136 1625 2370 1725 pellitur,
2407 1646 2584 1703 neque
2624 1641 2869 1709 progredi
2903 1652 3110 1713 potest,
3140 1655 3197 1701 ut
3236 1648 3568 1719 signiﬁcetur
3607 1669 3735 1725 pro.

2135 1717 2283 1773 verb.
2313 1719 2382 1775 Se
2422 1737 2526 1778 non
2557 1727 2822 1785 extricare
2850 1742 2944 1788 aut
2969 1730 3256 1805 expedire,
3288 1717 3393 1794 non
3419 1717 3733 1804 satisfacere

2134 1820 2448 1879 argumento
2464 1856 2478 1881 ,
2503 1815 2598 1871 sed
2614 1818 2805 1876 eodem
2820 1823 3005 1879 relabi.
3034 1825 3166 1882 Vide
3185 1845 3199 1882 :
3225 1826 3438 1887 Fluctus
3457 1834 3730 1908 utrimque.

2135 1920 2258 1977 155.
2300 1921 2356 1984 In
2375 1938 2703 1999 prmruptum
2745 1932 3039 2004 imponere.
3073 1935 3223 1994 Tom.
3256 1939 3339 1995 Ill.
3370 1942 3459 1998 lib.
3488 1943 3729 2004 lV.'adv.

2551 2019 2719 2077 Marc.
2750 2041 2865 2097 cap.
2896 2027 2984 2084 57.
3015 2045 3156 2083 num.
3185 2031 3310 2087 607.

2204 2121 2537 2196 Prazruptum
2561 2167 2578 2195 ,
2611 2130 2946 2190 substantive
2970 2177 2986 2202 ,
3040 2144 3100 2192 ut
3140 2136 3424 2210 abruptum
3474 2143 3729 2217 quidquid

2127 2211 2294 2269 altum
2340 2224 2396 2271 et
2439 2233 2678 2291 praeceps
2698 2262 2715 2288 ,
2746 2238 2873 2279 saxa
2927 2238 3222 2299 prwrttpla,
3254 2238 3306 2286 et
3337 2211 3508 2289 mons
3537 2211 3731 2306 prteru-

2132 2315 2246 2376 plus
2269 2348 2284 2374 ,
2313 2308 2476 2366 altus.
2524 2312 2664 2369 Plin.
2716 2315 2918 2374 Grmcis
2953 2330 3011 2375 -τό
3050 2324 3367 2395 ἀπόκρημνον,
3421 2306 3563 2384 unde
3604 2343 3730 2401 pro-

2129 2397 2267 2454 clive
2308 2401 2680 2474 przecipitium.
2736 2408 2975 2480 Explicat
3000 2428 3061 2469 se
3087 2413 3449 2474 Tertullianus
3483 2439 3495 2475 :
3545 2397 3728 2478 Sciens

2131 2505 2354 2585 prleceps
2372 2493 2531 2550 ituros
2560 2497 2807 2566 honrincs,
2848 2503 2960 2571 ipse
2983 2504 3100 2560 illo:
3137 2506 3189 2560 in
3218 2519 3532 2580 praeruptum
3560 2512 3726 2585 impo-

2127 2581 2232 2635 suit
2256 2598 2275 2636 :
2303 2592 2360 2639 ut
2387 2584 2494 2641 sit:
2518 2600 2705 2659 aperto
2732 2593 2971 2662 periculo
2994 2611 3295 2668 exponere,
3320 2615 3420 2656 nec
3445 2602 3574 2660 satis
3596 2581 3723 2675 pro-

2126 2672 2339 2743 videre,
2366 2691 2436 2733 ne
2466 2679 2595 2750 quid
2637 2683 2763 2738 mali
2793 2687 3106 2759 contingat,
3140 2698 3198 2745 ut
3234 2690 3281 2747 si
3314 2694 3516 2751 homini
3557 2672 3721 2756 avaro

2125 2772 2181 2820 ct
2208 2766 2310 2823 furi
2353 2773 2595 2840 pecuniae
2635 2774 3030 2834 administratio
3067 2782 3469 2854 committatur,
3505 2787 3720 2847 adoles~

2124 2857 2265 2913 centi
2291 2858 2576 2919 libidinoso
2607 2865 2855 2935 pudicitia
2883 2870 3169 2941 virginum.

2126 2968 2250 3026 156.
2295 2971 2619 3030 Profundum
2662 2976 3038 3037 inenarrabile.
3073 2981 3220 3038 Tom.
3265 2985 3328 3041 11.
3354 2987 3441 3043 lib.
3480 2990 3545 3045 de
3573 2984 3716 3048 ldol.

2691 3086 2809 3139 cap.
2842 3071 2937 3125 ult.
2970 3058 3112 3129 num.
3146 3075 3270 3133 169.
3398 3104 3405 3113 ο
3718 3082 3721 3085 ’

490 3212 710 3284 Legitur
738 3213 902 3284 apud.
934 3214 1161 3271 Tertull.
1203 3216 1416 3271 diversae
1454 3216 1592 3286 parti
1637 3217 2009 3285 supplaudere,
2041 3212 2086 3274 C
2163 3175 2446 3286 mm
2476 3183 2689 3283 incussi
2727 3184 2778 3236 in
2828 3186 2988 3240 maris
3021 3187 3342 3286 prormidum
3373 3191 3714 3286 digamma"
3760 3256 3765 3261 ι

418 3302 509 3360 vel
534 3305 868 3376 subplaudcrc
889 3346 905 3373 ,
937 3306 1091 3377 quasi
1117 3305 1397 3378 suffragari
1427 3316 1481 3362 et
1506 3306 1844 3362 subscribere
1880 3308 2015 3362 alio-

423 3410 548 3451 rum
589 3397 879 3452 sententiae.
910 3397 993 3453 Ab
1018 3398 1085 3453 iis
1106 3399 1197 3470 qui
1236 3397 1461 3470 pedibus
1501 3398 1781 3470 strepitum
1807 3396 1972 3454 edunt
1993 3438 2009 3465 ,

423 3487 512 3549 vel
538 3501 780 3543 manuum
806 3490 1177 3560 complosione
1205 3489 1525 3561 approbant.
1553 3490 1782 3548 Cicero:
1812 3491 2012 3548 Pedem

418 3593 587 3636 nemo
613 3580 667 3636 in
704 3580 797 3637 illo
817 3581 1023 3652 judicio
1051 3581 1369 3653 supplausit.

412 3695 542 3753 152.
582 3694 863 3769 Polycrate
916 3695 1145 3753 felicior.
1198 3694 1343 3751 Tom.
1395 3696 1442 3753 ι.
1476 3664 1709 3769 Ἀροιορ.
1739 3712 1855 3767 cap.
1916 3697 2005 3752 tt.

1032 3810 1035 3813 <
1122 3804 1264 3843 num.
1289 3786 1413 3844 175.

482 3902 983 3975 Ροιγεινθιεερεαηιὶ
1011 3902 1317 3975 Tyrannus,
1338 3916 1532 3957 aureus
1560 3901 1786 3957 fortuna:
1818 3900 2002 3967 fanus,

405 3996 499 4052 cui
538 3995 606 4050 ad
645 3997 834 4050 nutum
878 3995 1317 4064 voluntatemque
1364 3993 1544 4048 ontttia
1573 3993 1863 4049 ﬂuxerunt.
1896 3992 2005 4048 Sed

403 4088 502 4158 qui
525 4096 704 4143 tamen
730 4101 1045 4159 prosperum
1074 4086 1142 4141 ad
1170 4082 1423 4140 invidiam
1453 4099 1623 4153 usque
1648 4086 1771 4140 vita:
1785 4098 2002 4140 cursum

404 4175 702 4233 miserabili
744 4178 891 4231 exitu
923 4177 976 4231 in
1013 4175 1333 4248 Mycaleusis
1373 4175 1575 4230 montis
1604 4177 1806 4231 vertice
1844 4189 2006 4230 cruce

402 4265 638 4326 sufﬁxus
667 4267 952 4325 conclusit.
990 4266 1101 4323 Val.
1130 4266 1270 4323 Max.
1295 4267 1389 4323 lib.
1424 4266 1479 4327 6.
1524 4282 1643 4339 cap.
1676 4268 1764 4323 11.

713 4381 838 4438 153.
878 4379 1132 4452 Pompeio
1160 4379 1462 4437 sublimior.
1493 4379 1712 4436 Ibidem.

477 4495 725 4568 Pompeii
761 4495 991 4567 elogium
1022 4493 1188 4560 habes
1215 4493 1356 4565 apud
1372 4494 1549 4551 Cicer.
1571 4493 1720 4549 Orat.
1744 4505 1840 4562 pro
1868 4492 1998 4562 Leg.

2121 3270 2395 3327 natatione
2446 3273 2531 3327 vix
2578 3290 2810 3347 unquam
2865 3289 3148 3350 emergunt
3195 3282 3261 3337 dc
3313 3283 3549 3354 periculo
3600 3287 3716 3346 ine-

2119 3359 2377 3417 laetabili.
2413 3362 2547 3420 Vide
2573 3363 2995 3438 Hypabrychium
3017 3412 3029 3435 ,
3055 3383 3110 3426 et
3134 3389 3148 3428 :
3181 3371 3550 3447 Naufragium.
3572 3377 3714 3437 Con-

2118 3454 2338 3511 trarium
2359 3456 2464 3513 erit
2492 3458 2624 3514 illud
2659 3459 2842 3532 Virgil.
2874 3462 2970 3518 lib.
3005 3464 3069 3519 ν.

2100 3598 2111 3604 ι
2359 3569 2533 3623 Fundo
2554 3573 2635 3624 vix
2660 3573 2856 3625 tandem
2878 3576 3102 3628 redditus
3130 3579 3228 3629 imo
3250 3586 3344 3630 est.

2113 3680 2168 3728 et
2189 3672 2281 3731 lib.
2306 3673 2360 3731 6.

2356 3785 2604 3837 Adnabam
2626 3795 2801 3852 terras,
2828 3798 2882 3841 et
2899 3794 2997 3854 jam
3021 3799 3124 3843 tuta
3148 3794 3395 3846 tenebam.

2112 3846 2235 3943 157.
2276 3886 2360 3944 Ad
2379 3890 2592 3961 regulas
2608 3846 2921 3962 perducere:
2947 3894 3093 3962 Tom,
3112 3897 3201 3951 lll.
3225 3897 3313 3953 lib.
3334 3898 3376 3958 1.
3400 3901 3519 3958 adv.
3538 3902 3705 3961 Marc.

2620 3999 2737 4052 cap.
2760 3983 2851 4038 22.
2883 4001 3027 4041 num.
3060 3987 3184 4044 155.

2181 4092 2383 4165 Regula
2407 4133 2424 4161 ,
2453 4095 2588 4151 alias
2616 4112 2824 4165 norma,
2843 4109 2925 4155 est
2948 4098 3361 4163 inStrumentutu
3391 4108 3580 4166 labrile
3600 4126 3708 4180 quo

2107 4191 2389 4241 structura:
2419 4185 2839 4258 longitudinem,
2871 4206 2939 4246 an
2984 4192 3335 4265 respondeat,
3378 4201 3597 4269 exigunt
3621 4202 3704 4258 fa-

2108 4274 2221 4344 bri,
2248 4284 2303 4332 et
2322 4276 2488 4334 utitur
2508 4278 2738 4336 Tertull.
2767 4281 2931 4339 verbo
2956 4281 3166 4350 fabrili,
3196 4287 3262 4342 ad
3292 4290 3701 4348 exatninandam

2107 4367 2201 4439 Dei
2229 4368 2539 4433 bonitatem.
2568 4371 2705 4429 Hinc
2734 4374 2852 4429 illa:
2881 4374 3073 4449 Regula
3104 4380 3320 4448 rectior,
3340 4384 3556 4440 Autussi
3576 4400 3707 4443 exa-

2107 4460 2264 4528 ctior,
2294 4461 2362 4517 ad
2394 4463 2834 4535 perpendiculum
2863 4476 2917 4522 et
2944 4470 3225 4526 amussim.
3256 4472 3392 4530 Rem
3420 4474 3702 4547 diligenter
3803 4513 3820 4525 ο

399 4553 785 4662 Μδη11.;.Λνυ‹1
804 4553 942 4647 Plin.
977 4554 1190 4647 libb/'11.
1213 4553 1324 4646 toto
1345 4604 1465 4660 cap.
1493 4587 1587 4656 9.6,
1613 4602 1644 4643 a
1665 4553 1773 4657 quo
1798 4586 1868 4640 ait
1894 4553 2002 4641 non
2027 4566 2081 4627 D
2106 4553 2448 4662 Ῠξρξηδ-θῗθξ
2471 4566 2528 4662 Ψ
2553 4558 2802 4615 mnuum
2828 4558 2942 4614 suis
2968 4562 3210 4632 panibus
3237 4556 3580 4635 numerisqu‘e
3606 4567 3701 4623 at"

399 4683 571 4739 modo
597 4683 885 4739 Alexandri
914 4682 1087 4754 Magni
1110 4696 1294 4738 rerum
1325 4679 1670 4752 splendorem
1698 4687 1996 4749 aequatum,

393 4775 503 4835 sed
543 4763 705 4833 etiam
748 4775 992 4832 Herculis
1031 4790 1202 4848 prope
1238 4789 1303 4831 ac
1345 4773 1545 4830 Liberi.
1574 4772 1998 4845 Cognomentum

396 4868 577 4939 Magni
604 4883 723 4924 cum
743 4866 1057 4925 Alexandro
1081 4881 1389 4936 commune,
1416 4879 1757 4921 communem
1784 4875 1998 4934 quoque

394 4960 746 5017 sublimitatis
772 4960 981 5016 titulum
1010 4959 1177 5016 dedit.
1276 4995 1284 5003 ο

397 5072 536 5131 ιόἇ.
575 5072 635 5128 In
679 5073 825 5144 ponti
869 5066 1002 5129 aha
1048 5072 1227 5129 medio
1277 5072 1503 5128 luet-ere.
1534 5069 1681 5126 Tom.
1713 5068 1802 5126 111.
1832 5069 1921 5124 lib.
1954 5067 1999 5126 1.

398 5164 407 5171 ’
831 5166 947 5222 adv.
980 5164 1146 5220 Marc.
1177 5181 1294 5237 cap.
1326 5165 1381 5225 ’1.
1413 5179 1555 5219 num.
1587 5162 1679 5220 50.

473 5255 724 5328 Virgilius
751 5254 940 5314 lib..V.

522 5310 672 5408 5:...
692 5310 741 5395 in
765 5310 1168 5408 procurrentibus
1188 5345 1347 5396 haesit.
1373 5347 1465 5396 Et:

522 5405 584 5458 In
605 5405 810 5473 SCOpttlQ
826 5408 1090 5459 luctantem
1113 5408 1447 5477 brevibusque
1470 5408 1621 5459 vadis.

390 5510 467 5569 Et
489 5509 585 5568 lib.
618 5508 688 5565 Χ.
1606 5566 1613 5569 .

517 5622 711 5676 lntlicta
730 5625 868 5676 vadis
886 5624 1033 5677 dorso
1053 5626 1170 5677 dum
1191 5624 1378 5689 pendet
1403 5626 1589 5688 iniquo,

387 5730 548 5801 Qua,
577 5732 655 5787 uti
693 5731 1158 5802 Tertullianicum,
1189 5730 1604 5790 Proverbialiter
1643 5726 1813 5800 accipi
1866 5741 1992 5800 pos-

394 5829 543 5878 sunt.
567 5821 913 5880 Contrarium
951 5825 1055 5881 erit
1081 5839 1148 5881 ex
1173 5821 1364 5885 eodem
1395 5822 1489 5881 lib.

2105 4645 2279 4700 solute
2314 4655 2588 4703 tractetur.

2103 4757 2229 4815 158.
2270 4758 2635 4834 Sardanapalo
2665 4763 2898 4818 mollior.
2920 4763 3068 4820 Tom.
3089 4765 3128 4821 I.
3151 4766 3240 4822 lib.
3261 4767 3480 4825 chafl.
3500 4786 3620 4843 cap.
3635 4774 3689 4831 ι.

2766 4872 2907 4912 num.
2937 4857 3030 4914 79.

2173 4968 2570 5041 Sardanapalus
2597 4962 2900 5041 postremus
2928 4974 3275 5047 Assyriorum
3300 4978 3409 5033 [lex
3433 5020 3448 5047 ,
3476 4980 3555 5035 vir
3583 4996 3699 5036 nut-

2104 5058 2236 5115 liere
2263 5062 2586 5131 corruptior,
2621 5063 2792 5134 inquit
2812 5062 2957 5120 Just.
2985 5065 3076 5121 lib.
3112 5066 3176 5136 1,
3209 5068 3299 5139 qui
3329 5068 3469 5124 inter
3488 5068 3697 5125 scorto-

2102 5163 2220 5205 rum
2246 5164 2439 5222 greges
2462 5152 2744 5221 inventus,
2779 5169 3068 5226 purpuram
3093 5157 3216 5213 colo
3240 5173 3399 5226 nere,
3426 5166 3481 5213 et
3503 5158 3696 5215 mulie-

2101 5238 2183 5294 bri
2206 5238 2390 5296 habitu
2406 5281 2424 5309 ,
2447 5257 2571 5298 cum
2591 5244 2816 5300 mollitia
2833 5248 3077 5318 corporis
3095 5257 3152 5304 et
3175 5247 3452 5304 oculorum
3476 5243 3691 5306 lascivia

2099 5346 2288 5389 omnes
2315 5333 2563 5391 fteminas
2581 5338 2844 5407 anteiret,
2870 5354 3034 5409 pensa
3062 5338 3203 5395 inter
3227 5340 3459 5412 virgines
3482 5340 3688 5413 partiri,

2098 5423 2236 5481 adeo
2262 5434 2320 5481 ut
2341 5425 2457 5497 ejus
2482 5441 2779 5499 cognomen
2807 5430 2878 5487 ob
2901 5430 3161 5503 insignem
3183 5430 3461 5488 mollitiem
3487 5431 3541 5488 in
3568 5447 3695 5505 pro-

1982 5586 1987 5593 .
2092 5517 2336 5574 verbium
2362 5517 2555 5575 abierit
2576 5520 2718 5592 apud
2742 5521 2959 5580 Graecos
2981 5530 3037 5579 et
3064 5520 3303 5580 Latinos.

2094 5631 2221 5691 159.
2237 5631 2461 5690 Scenam
2474 5632 2764 5692 decurrere
2786 5645 2841 5692 et
2868 5635 3158 5693 desaltare.
3184 5634 3340 5698 Tom.
3362 5632 3450 5690 111.
3480 5634 3569 5690 lib.
3591 5632 3691 5693 lll'.

2464 5724 2580 5787 adv.
2615 5724 2782 5782 Marc.
2810 5744 2927 5799 cap.
2954 5729 3014 5784 11
3038 5769 3055 5796 ,
3087 5743 3230 5783 nam.

2093 5820 2113 5893 ξ
2166 5815 2342 5877 Seena
2363 5859 2378 5888 ,
2408 5816 2628 5888 proprie
2657 5817 2780 5877 fons
2810 5818 3005 5895 theatri
3025 5861 3042 5889 ,
3071 5820 3222 5883 locus
3247 5818 3498 5881 nimirum
3527 5818 3692 5880 Acte,
