4242 6264
507 354 618 415 945

1612 347 1706 403 ex
1743 320 2204 402 mammam
2244 335 2722 398 APOLOGETICO

3701 327 3814 393 918

511 485 632 524 rum
650 512 665 536 ,
694 468 1000 524 ohstructus
1024 460 1478 537 peripetasmatis,
1511 476 1542 518 e
1564 476 1668 532 quo
1692 461 1743 515 in
1766 458 2105 531 prosccnium
2133 460 2187 519 Α
2213 457 2338 513 163.
2381 455 2596 528 Sylram
2623 453 2834 511 caedere
2877 458 2933 510 et
2980 459 3249 508 truncare.
3306 432 3471 506 Tom.~
3491 445 3534 503 1.
3587 446 3810 531 Apolog.

516 534 699 608 acturi
722 552 1008 607 histriones
1028 534 1350 620 prodibant.
1396 545 1725 617 Frequenter
1755 560 1851 615 pro
1879 545 1995 615 ipsa
2024 542 2105 598 fa-

519 647 659 712 hnla,
695 640 990 715 Tragoedia,
1024 652 1114 697 aut
1136 640 1421 697 eorumdia.
1456 638 1640 712 Virgil.

639 730 808 788 Scenis
831 726 1042 800 agitatus
1065 734 1298 795 Orestes;

518 843 568 923 ill
615 852 732 913 est.
766 826 1064 917 Tragmdiis
1123 842 1425 900 celebratus
1478 850 1530 898 et
1581 839 1890 913 frequenter
1936 808 2106 894 actus.

515 936 700 993 llorat.

640 1048 792 1110 Quam
816 1060 911 1098 non
933 1047 1164 1098 adstricto
1186 1028 1442 1112 percurrat
1464 1045 1648 1110 pulpita
1671 1056 1826 1094 socco.

586 1160 797 1233 Pulpita
822 1174 918 1232 pro
937 1175 1086 1215 scena
1102 1200 1118 1227 ,
1143 1157 1245 1213 hoc
1270 1165 1351 1213 est
1371 1199 1384 1222 ,
1406 1169 1565 1227 quam
1587 1152 1884 1209 inconditas
1902 1158 1954 1207 et
1972 1149 2110 1205 male

516 1264 673 1326 aptas
696 1254 1001 1321 parturibat
1025 1250 1338 1308 comeditis.
1367 1248 1485 1304 Erit
1515 1247 1681 1319 igitur
1705 1247 1972 1300 decurrere
2003 1256 2111 1298 sce-

517 1363 671 1415 nam,
701 1346 959 1418 perﬁcere
977 1344 1097 1415 eius
1111 1346 1187 1400 rei
1201 1385 1216 1409 ,
1237 1354 1357 1413 qua:
1378 1340 1617 1396 instituta
1640 1347 1788 1403 erat,
1819 1348 2102 1391 summam.

516 1442 747 1499 (licere:
777 1442 914 1508 Quae
933 1439 1030 1495 abs
1058 1446 1109 1492 te
1134 1437 1370 1493 breviter
1410 1434 1480 1489 de
1525 1441 1643 1489 arte
1689 1431 1914 1487 decursa
1960 1439 2105 1483 sunt.

523 1535 801 1590 Decimae
845 1547 1050 1588 scenam
1090 1530 1464 1601 phantasmatis
1489 1526 1714 1582 Tertull.
1749 1533 1859 1588 est,
1888 1522 2111 1578 Omnino

518 1639 569 1679 ut
592 1626 836 1681 absolute
862 1624 1089 1694 probare
1107 1635 1324 1677 carnem
1346 1617 1543 1675 Christi
1567 1616 1881 1688 phantasma
1905 1623 2109 1669 tantum

518 1719 715 1781 fuisse,
741 1726 797 1771 et
826 1717 883 1769 in
908 1729 974 1770 eo
1001 1700 1278 1784 probando
1302 1709 1527 1765 haerere.
1560 1708 1650 1765 Sle
1682 1707 1809 1763 Gaul.
1842 1705 1909 1759 ad
1936 1704 2106 1760 Cicer.

2286 564 2401 617 cap.
2429 547 2485 601 4.
2532 563 2675 625 nunt.
2705 546 2794 601 50.
2824 552 2869 599 et
2901 545 2987 601 5|.
3031 553 3077 598 et
3120 542 3209 597 lib.
3236 542 3300 597 tle
3341 541 3642 611 Precscripl.
3688 540 3809 595 ade.

2284 641 2411 695 liter.
2441 655 2556 710 cap.
2590 638 2679 693 57.
2708 653 2851 691 num.
2880 635 3009 692 222.
3508 648 3513 651 ‘
3568 644 3573 649 ’

2288 754 2402 822 Quo
2413 754 2538 825 jure
2553 752 2748 825 spirant
2766 768 2929 807 meam
2944 750 3118 819 credis,
3137 764 3260 822 qua:
3287 764 3316 804 a
3336 749 3456 820 jure
3476 749 3618 805 civili
3641 757 3812 807 trans-

2216 843 2538 910 fertomnia;
2558 843 2662 899 hoc
2682 852 2761 899 est
2778 843 2931 914 :quid
2952 843 3003 898 in
3022 857 3195 898 meam
3215 842 3610 912 possessionem
3631 843 3816 903 irritis?

2214 934 2268 991 in
2289 949 2463 991 meam
2482 948 2711 990 messem
2730 933 2922 990 falcem
2943 933 3210 989 immittis?
3226 934 3452 1004 Apolog.
3474 932 3659 987 Totam
3670 933 3818 1000 illam

2214 1035 2425 1082 veterem
2443 1036 2491 1082 et
2515 1025 2848 1097 squallentem
2868 1026 3063 1096 sylram
3084 1025 3275 1096 legum,
3296 1025 3438 1078 necis
3458 1024 3818 1095 principalium

2213 1121 2573 1191 rescriptorum
2616 1129 2665 1174 et
2702 1120 2980 1175 edictorum
3012 1117 3266 1172 securibus
3296 1118 3547 1170 truncatis
3584 1127 3630 1171 et
3662 1116 3819 1171 caidi-

2213 1212 2297 1267 tis.
2323 1211 2482 1282 Sylva
2499 1210 2725 1279 Latinis,
2750 1209 2823 1263 uti
2853 1219 2907 1264 et
2937 1207 3142 1265 Graecis
3171 1213 3279 1272 ὕλη,
3310 1206 3693 1279 ntetaphorice,
3719 1218 3818 1277 pro

2215 1303 2366 1372 copia
2388 1313 2442 1357 et
2463 1303 2706 1359 materia.
2725 1301 2926 1357 Cicero
2953 1320 2965 1357 :
2994 1301 3183 1357 Omnis
3202 1300 3417 1356 ubertas
3431 1310 3483 1356 et
3500 1301 3650 1371 quasi
3672 1302 3819 1371 sylva

2214 1394 2425 1450 dicendi
2456 1404 2508 1451 et
2535 1414 2547 1449 :
2581 1395 2777 1451 Rerum
2805 1403 2859 1449 et
2886 1393 3275 1449 sententiarum
3301 1394 3468 1465 sylva.
3501 1391 3610 1447 lloc
3637 1403 3819 1449 autem

2136 1506 2139 1509 λ
2214 1487 2556 1559 proverbium
2585 1495 2856 1556 sumptum
2883 1486 2951 1541 ab
2971 1485 3252 1561 arboribus
3272 1526 3286 1551 ,
3312 1501 3432 1555 qua:
3455 1485 3533 1539 vel
3571 1484 3823 1555 putantur

2216 1595 2285 1635 ne
2324 1580 2635 1652 sylvescant
2672 1578 2959 1651 sarmentis
2984 1620 2998 1645 ,
3028 1588 3080 1633 et
3121 1578 3172 1631 in
3199 1592 3387 1637 omnes
3426 1586 3602 1647 partes
3644 1577 3823 1632 nimia:

2217 1671 2523 1737 fundantur,
2551 1671 2634 1726 vel
2662 1668 2931 1725 radicibus
2959 1684 3061 1723 una
3096 1684 3219 1724 cum
3253 1654 3442 1724 trunco
3482 1667 3821 1724 exciduntur.

750 1770 919 1863 Spem:
961 1770 1126 1860 totius
1170 1804 1270 1869 rei,
1316 1802 1419 1857 hoc
1448 1809 1559 1866 est,
1587 1799 1639 1854 id
1668 1799 1720 1853 in
1750 1810 1856 1868 quo
1887 1805 1995 1850 tota
2026 1809 2113 1852 res
2145 1770 2192 1829 Β
2221 1784 2346 1842 164.
2393 1784 2613 1857 Sylvam
2663 1782 2881 1838 ardere
2914 1824 2928 1848 ,
2977 1782 3251 1838 eradicare
3277 1822 3292 1848 ,
3337 1792 3389 1838 et
3439 1780 3819 1838 exeaudicare.

520 1900 763 1965 vertitur.
793 1906 851 1959 et
890 1897 1137 1955 consumi
1178 1894 1356 1952 debet.
1406 1892 1527 1948 Lib.
1579 1890 1791 1947 advers.
1839 1888 2108 1955 Valentia.

518 1992 753 2064 appellat
780 1990 1002 2049 Tertull.
1054 1989 1378 2059 desultriccm
1425 1987 1657 2041 uirtutem
1680 2025 1695 2050 ,
1730 1973 2029 2038 instabilem
2062 1990 2116 2037 et

520 2087 660 2141 male
700 2085 906 2155 ﬁrmam
936 2092 991 2139 et
1016 2082 1294 2138 motoriam
1320 2120 1336 2145 ,
1367 2090 1422 2135 et
1451 2077 1575 2134 inde
1604 2095 1617 2131 :
1648 2075 1913 2129 desultorii
1941 2073 2117 2140 ιιοωὶτ

524 2193 619 2232 ucs
640 2218 654 2241 ,
686 2191 715 2230 a
743 2174 1103 2245 desultoribus
1132 2172 1400 2242 equitibus
1430 2170 1645 2242 proprie
1681 2169 1843 2224 etiam
1876 2174 2113 2235 usurpat,

522 2268 598 2322 uti
638 2267 937 2328 decurrere,
971 2274 1027 2318 ut
1065 2263 1315 2318 desaltare
1340 2303 1355 2328 ,
1384 2261 1454 2316 sit
1495 2261 1632 2315 saltu
1676 2257 1893 2313 mimico
1921 2271 2114 2324 reprac-

524 2366 759 2413 seutare.
792 2356 922 2411 Nam
952 2355 1005 2410 in
1035 2370 1207 2420 scena,
1239 2351 1514 2408 orchestra
1557 2348 1709 2405 chori
1750 2346 1965 2421 propria
1993 2354 2075 2401 est
2099 2387 2114 2414 ,

522 2452 679 2511 sicuti
728 2466 878 2507 scena
922 2448 1240 2504 histrionum
1264 2486 1279 2512 ,
1311 2448 1362 2501 in
1392 2459 1495 2516 qua
1544 2442 1697 2498 mimi.
1720 2441 1967 2519 solebant
1992 2454 2118 2495 suas

468 2526 475 2527 ί
524 2544 761 2599 actiones
806 2540 1078 2597 exhibere.
1132 2544 1404 2623 ὀρχηστὺε,
1460 2551 1550 2592 ars
1599 2533 1857 2598 saltandi,
1910 2542 1967 2588 et
1996 2532 2109 2602 ipsa

523 2637 771 2703 saltatio,
803 2644 859 2691 ut
880 2633 1082 2691 alludat
1122 2634 1191 2688 ad
1219 2643 1475 2703 utrosque
1499 2640 1724 2699 utroque
1747 2626 1911 2682 verbo
1934 2666 1949 2690 ,
1975 2634 2027 2681 ct
2049 2624 2115 2679 ad

524 2729 766 2783 scenicos
797 2726 1114 2792 histriones,
1137 2732 1189 2781 et
1217 2722 1285 2779 ad
1315 2723 1508 2778 mimos
1527 2762 1543 2790 ,
1565 2728 1620 2776 et
1642 2719 1711 2774 ab
1734 2717 1921 2774 iisdem
1942 2715 2116 2773 diver-

523 2834 610 2871 sas
638 2816 809 2872 trahat
835 2808 1195 2887 metaphoras.
1800 2856 1819 2873 .

526 2932 651 3005 160.
705 2929 1025 3002 Scalpellum
1074 2929 1413 3011 immergere.
1470 2925 1614 2983 Tant.
1658 2923 1696 2979 l.
1744 2922 1835 2978 lib.
1882 2922 1946 2978 de
1974 2920 2116 2975 Pall.

1024 3037 1137 3093 cap.
1184 3022 1273 3076 11.
1320 3036 1462 3074 nunt.
1496 3019 1621 3075 175.

563 3135 914 3212 ’,διςινιιμιειιιιδ⁹
941 3133 1025 3189 vel
1063 3132 1390 3205 scalpellum,
1423 3139 1508 3186 est
1551 3128 1817 3200 scalprum
1859 3126 2120 3197 chirurgi-

521 3243 681 3295 eum,
737 3235 1038 3297 φλεϐότομον.
1067 3223 1259 3281 Nescio
1303 3238 1372 3277 an
1417 3223 1576 3277 etiam
1624 3219 1909 3289 scalpella,
1954 3230 2011 3275 ut
2038 3219 2116 3289 pi-

524 3321 663 3379 stilla
706 3319 896 3375 Plauto
917 3360 933 3385 ,
962 3332 1059 3389 pro
1102 3315 1325 3388 pistillo,
1356 3314 1514 3385 vulgo
1555 3312 1824 3380 lanceola,
1852 3328 1882 3366 a
1913 3312 2123 3369 chirur-

525 3412 608 3482 gis
646 3420 891 3465 tractum.
926 3408 1060 3464 Nam
1103 3422 1238 3463 voce
1276 3406 1569 3475 acerbitati,
1600 3404 1809 3480 videtur
1865 3403 2118 3459 choleriei

526 3502 769 3557 humoris
798 3502 850 3555 iu
879 3500 1048 3555 Vedio
1086 3500 1408 3555 abundantia
1454 3498 1764 3568 signiﬁcari.
1817 3498 1989 3553 Cicer.
2024 3514 2119 3568 pro
2176 3551 2186 3557 .

525 3595 666 3651 Sest.
696 3593 811 3650 Non
834 3608 896 3648 ea
921 3588 1003 3648 est
1028 3574 1320 3659 medicina,
1351 3608 1514 3663 quum
1540 3606 1685 3663 same
1712 3592 1847 3662 parti
1876 3592 2121 3663 corporis

525 3684 825 3756 scalpellum
870 3683 1169 3738 adhibetur.
1203 3658 1391 3738 Solent
1426 3658 1659 3751 chirurgi
1705 3658 2123 3735 i'mmerso'scal;

530 3776 665 3847 pello
693 3787 885 3829 venam
913 3773 1182 3840 Incidere,
1206 3782 1260 3828 et
1296 3772 1575 3827 humorem
1608 3770 1994 3827 redundantem
2024 3772 2124 3826 eli—

529 3882 673 3923 cere.
708 3867 847 3924 Usus
889 3866 992 3922 erit
1020 3864 1291 3938 proverbii
1320 3866 1371 3920 in
1402 3865 1715 3920 morborum
1756 3864 1919 3918 animi
1947 3863 2122 3920 medi-

531 3961 651 4015 cina
674 4002 689 4025 ,
724 3961 800 4015 uti
826 3969 882 4016 et
906 3975 967 4015 ea
994 3976 1117 4029 qua
1143 3966 1545 4030 consequuntur
1581 3957 1721 4029 apud
1753 3957 1986 4013 Tertull.
2020 3958 2121 4014 Ca-

532 4052 803 4109 tltarticnm
829 4052 972 4106 dare.
1696 4044 1697 4051 “

531 4164 657 4222 161.
698 4165 949 4237 Scipione
988 4165 1204 4237 iustior,
1234 4173 1287 4222 et
1312 4166 1608 4221 militarior.
1639 4165 1789 4221 Tene.
1821 4166 1863 4220 l.
1906 4165 2127 4238 Apotoy.

1033 4277 1153 4331 cap.
1182 4262 1268 4316 1|.
1315 4276 1454 4314 mun.
1486 4260 1610 4317 175.

2364 1877 2508 1933 Tom.
2547 1877 2608 1931 V.
2641 1875 2727 1930 lib.
2762 1876 2823 1929 de
2853 1873 3053 1933 Pudice
3074 1893 3190 1947 cap.
3226 1876 3312 1932 16.
3343 1892 3485 1930 num.
3523 1876 3647 1932 155.

2294 1992 2555 2059 Quantum
2598 1991 2764 2046 securi
2807 2007 3005 2046 attinent
3045 1990 3242 2061 sylvam
3271 1990 3535 2044 libidinum
3564 1989 3748 2049 cadat,
3781 1999 3828 2045 et

2222 2085 2451 2141 eradicet
2494 2094 2539 2139 et
2582 2083 2896 2141 excaudiccl.
2949 2082 3136 2148 Addit,
3174 2082 3257 2138 Nc
3294 2083 3573 2154 quidquam
3611 2083 3675 2137 de
3697 2084 3828 2139 reci-

2221 2178 2336 2231 diva
2383 2176 2626 2247 fruticare
2671 2176 2951 2245 permittat.
2984 2175 3075 2229 Est
3107 2176 3319 2244 penitus
3357 2174 3555 2244 aliquid
3583 2175 3821 2243 abolere,

2230 2267 2478 2335 idemque
2506 2281 2626 2321 cum
2656 2266 2953 2336 superiore.
3003 2264 3136 2321 Nam
3169 2276 3385 2320 truncus
3409 2274 3491 2321 est
3517 2267 3681 2336 stipes
3710 2267 3826 2338 ipse

2225 2356 2386 2412 ramis
2425 2366 2479 2411 et
2520 2355 2797 2411 frondibus
2844 2368 3060 2411 exutus.
3108 2357 3324 2412 Caudex
3360 2373 3481 2411 cunt
3522 2356 3817 2415 frondibus.

2224 2446 2406 2518 Itaque
2435 2457 2684 2502 truncare
2704 2488 2718 2513 ,
2741 2457 2795 2503 et
2819 2448 3154 2501 excandicare
3171 2489 3185 2511 ,
3212 2447 3422 2507 eadem.

2225 2560 2349 2617 165.
2390 2560 2605 2634 Sylvam
2651 2561 2919 2631 ingentem
2952 2575 3313 2617 commovere.
3354 2560 3501 2616 Tom.
3539 2560 3600 2617 ν.
3631 2562 3718 2617 lib.
3756 2562 3820 2618 de

2686 2654 2873 2710 Trinit.
2903 2671 3019 2725 cap.
3051 2655 3138 2711 16.
3181 2671 3234 2710 η.
3264 2656 3354 2711 81.

2297 2766 2514 2838 Sylvam
2567 2766 2950 2836 scripturarum
3016 2782 3327 2822 commovere
3389 2767 3530 2824 circa
3598 2768 3816 2841 aliquid.

2222 2859 2383 2919 Multa
2434 2867 2725 2925 excutere,
2773 2866 2827 2913 et
2865 2857 3102 2929 undique
3143 2870 3455 2928 argumenta
3503 2859 3819 2931 desumere,

2224 2952 2332 3006 lato
2352 2965 2543 3020 campo
2567 2950 2801 3029 evagari.

2080 3126 2091 3153 τ
2145 3073 2190 3137 ρ
2227 3044 2350 3123 166.
2390 3064 2595 3133 Quanta
2643 3064 2814 3136 sylva.
2862 3064 3012 3120 Tom.
3044 3064 3137 3125 Ill.
3179 3064 3264 3121 lib.
3308 3065 3373 3120 de
3401 3066 3570 3153 Altini,
3614 3082 3730 3137 cap.
3761 3067 3821 3123 2.

2889 3173 3030 3212 nunt.
3063 3157 3151 3213 50.

2294 3270 2427 3338 Quae
2452 3270 2579 3334 vis?
2607 3284 2726 3341 cpta:
2765 3269 2917 3340 copia
2944 3269 2967 3323 ‘l
2996 3284 3153 3340 quam
3192 3268 3369 3340 ampla
3396 3269 3605 3341 lateque
3635 3272 3823 3342 patens

2224 3365 2444 3423 materia
2464 3365 2488 3419 ?

2228 3479 2350 3534 167.
2393 3472 2614 3534 Socrate
2660 3477 2974 3547 sapientior.
3013 3474 3162 3531 Tom.
3225 3475 3263 3532 l.
3298 3475 3524 3547 Apolog.
3568 3492 3683 3543 cap.
3733 3476 3822 3532 11.

2857 3582 2999 3627 nam.
3033 3571 3158 3625 137.

2298 3683 2415 3738 Non
2466 3682 2627 3738 modo
2673 3682 2948 3738 hominum
3006 3682 3410 3738 existimatione
3443 3725 3457 3749 ,
3509 3682 3608 3740 sed
3650 3680 3824 3756 Pythii

2227 3775 2495 3846 Apollinis
2523 3774 2739 3829 oraculo
2779 3773 3204 3844 sapientissimus
3227 3773 3497 3842 judicatus
3540 3771 3782 3829 Socrates
3807 3814 3822 3841 ,

2229 3877 2284 3925 et
2320 3868 2528 3924 cunctis
2574 3868 2827 3937 prtclatus
2868 3867 3128 3938 proditur.
3179 3866 3316 3923 Plin.
3360 3866 3455 3923 lib.
3488 3866 3544 3921 7.
3585 3882 3706 3938 cap.
3735 3868 3825 3924 31.

2229 3962 2402 4018 Cicer.
2434 3962 2527 4018 lib.
2549 3962 2619 4017 de
2643 3962 2859 4017 Amicit.

2232 4075 2360 4133 268.
2388 4048 2527 4132 satis
2556 4075 2812 4147 pectines.
2832 4073 2980 4129 Tom.
3009 4072 3096 4130 ut.
3114 4042 3209 4129 lib.
3242 4073 3360 4129 adv.
3393 4072 3595 4134 Valent.
3626 4089 3741 4144 cap.
3769 4076 3825 4133 δ.

2394 4166 2401 4177 “
2892 4184 3033 4222 num.
3065 4169 3159 4223 9.4.

2304 4285 2360 4339 lo
2390 4283 2696 4352 pectinibus,
2723 4282 2917 4354 quibus
2944 4297 3127 4338 comas
3156 4281 3249 4337 ’t'el
3282 4281 3712 4337 discriminamus
3743 4280 3829 4336 vel

494 4390 505 4398 ·
611 4370 837 4437 Plinius,
868 4372 957 4428 lib.
988 4374 1040 4442 7,
1072 4390 1219 4447 num.
1251 4372 1344 4430 97.
1375 4374 1505 4429 Cato
1522 4372 1724 4445 primas
1752 4382 1860 4430 tres
1887 4389 2126 4432 summas
2150 4382 2205 4442 1)
2236 4378 2531 4448 peclimus,
2563 4374 2701 4431 radii
2746 4375 2896 4431 densi
2927 4378 2981 4429 cl
3012 4376 3154 4440 rari,
3184 4390 3213 4430 a
3255 4374 3512 4442 solarium
3554 4373 3823 4428 radiorum

416 4484 429 4491 ’
534 4466 587 4521 in
619 4466 834 4521 nomine
862 4480 951 4521 res
999 4463 1333 4535 prrrstilisse‘
1353 4464 1688 4521 existimatus
1723 4476 1806 4522 est
1836 4484 1849 4523 :
1883 4456 2128 4537 Optimus

537 4564 737 4624 orator,
761 4557 1076 4633 Imperator,
1107 4555 1367 4623 Senator;
1396 4572 1514 4628 qua:
1542 4556 1670 4612 mihi
1698 4560 1876 4613 omnia
1909 4560 2124 4614 etiamsi

536 4666 639 4705 non
671 4651 840 4721 prius,
875 4658 1110 4706 attamen
1135 4649 1335 4706 clarius
1361 4650 1569 4704 fulsisse
1601 4650 1650 4704 in
1680 4648 1930 4722 Scipione
1956 4649 2128 4707 eEmi—

532 4741 681 4797 liano
716 4740 980 4797 videnlur.
1036 4740 1289 4812 Ejusdem
1341 4741 1457 4797 laus
1499 4734 1645 4812 apud
1686 4740 1861 4799 Cicer.
1913 4740 2008 4799 lib.
2058 4742 2128 4802 de

535 4833 751 4887 Amicit.
779 4833 991 4889 Justitia
1017 4844 1071 4889 et
1098 4833 1310 4890 bonitas
1336 4835 1389 4889 in
1418 4835 1588 4891 altero
1612 4834 1863 4904 Scipione
1897 4834 2086 4891 Nasica
2108 4877 2123 4903 ,

535 4924 958 4981 commendatur.
991 4926 1287 4997 Utrumque
1342 4939 1520 4985 tamen
1565 4938 1620 4985 et
1650 4929 1872 4999 justitire
1898 4940 1954 4986 et
1983 4932 2126 4986 mili-

534 5016 667 5074 taris
695 5016 934 5073 scientia:
961 5017 1195 5087 studium
1222 5018 1458 5089 Scipioni
1481 5021 1674 5078 minori
1697 5022 1811 5078 sive
1836 5021 2128 5081 JEmiliauo

533 5109 780 5166 attribuit
812 5108 1006 5167 Lmlius
1049 5110 1192 5181 apud
1220 5111 1394 5168 Cicer.
1425 5113 1518 5166 lib.
1540 5112 1755 5171 eodem.
1789 5114 1979 5189 Major,
2012 5116 2127 5174 sive

531 5202 822 5271 Africanus
839 5241 860 5271 ,
890 5212 1117 5274 utraque
1139 5203 1301 5267 etiam
1327 5204 1486 5263 laude
1512 5206 1786 5277 excellun.

534 5314 660 5375 162.
701 5315 901 5389 Scytha
948 5317 1154 5376 tetrior.
1184 5316 1334 5374 Tom.
1359 5312 1451 5374 Ill.
1474 5320 1562 5374 lib.
1589 5319 1634 5374 l.
1661 5320 1779 5377 ads.
1814 5319 1981 5377 κω.
2005 5327 2121 5393 cap.

1035 5412 1042 5420 ’
1171 5414 1223 5468 1.
1265 5426 1407 5469 nam.
1436 5413 1525 5469 11.

616 5524 752 5582 Vide
798 5524 1033 5582 adnotat.
1077 5526 1319 5587 Pamelii.
1366 5522 1511 5587 Gens
1555 5531 1784 5603 scythica
1819 5535 1965 5589 omni
2015 5549 2131 5591 me-

530 5619 705 5674 moria
724 5658 741 5685 ,
773 5626 827 5675 et
865 5619 1107 5707 omnium
1145 5621 1257 5679 fere
1281 5624 1522 5694 gentium
1553 5624 1985 5698 scriptorumque
2015 5627 2130 5683 exi.

524 5707 828 5766 stimatione
853 5710 923 5765 ad
948 5706 1088 5766 bella
1114 5722 1169 5769 et
1196 5711 1269 5768 ad
1291 5708 1675 5774 immanitatem
1712 5717 1883 5787 magis
1918 5759 1932 5784 ,
1957 5733 2117 5791 quam

524 5795 593 5852 ad
617 5794 782 5854 ullum
808 5793 1153 5859 humanitatis
1180 5802 1417 5860 studium
1467 5816 1608 5864 nata.

2231 4468 2614 4535 similitudine,
2646 4468 2900 4523 dicuntur
2924 4484 2942 4532 ;
2968 4477 3021 4523 ct
3051 4468 3325 4538 reciproca
3354 4468 3665 4538 metaphora
3691 4483 3708 4520 :
3735 4483 3826 4536 pe-

2232 4565 2391 4618 etiues
2432 4564 2595 4631 solis,
2629 4562 2771 4633 quod
2814 4576 3028 4618 uentrem
3076 4561 3131 4618 in
3175 4570 3376 4632 partem
3423 4561 3607 4618 radios
3631 4601 3645 4623 .
3677 4560 3831 4631 quasi

2232 4655 2452 4712 creuala
2481 4656 2650 4710 instar
2677 4654 2903 4723 pectinis
2942 4653 3223 4710 intercisos
3247 4654 3477 4710 emittat.
3511 4649 3666 4710 Unde
3690 4650 3831 4723 apud

2232 4748 2450 4804 Lucret.
2481 4746 2605 4802 Tela
2626 4747 2761 4812 diei,
2792 4747 2945 4818 quasi
2976 4748 3236 4811 missiles.
3268 4747 3493 4803 telorum
3521 4747 3577 4803 iu
3602 4760 3831 4812 morem,

2230 4841 2386 4901 radii.
2420 4841 2489 4896 Et
2537 4846 2763 4903 διτξϐολοιν
2809 4841 3050 4904 Απόλλων,
3098 4839 3213 4895 Sol.
3254 4839 3325 4895 At
3349 4852 3473 4893 cum
3500 4837 3585 4894 bis
3615 4837 3791 4894 verbis
3813 4876 3830 4902 ,

2229 4947 2523 5004 puerorum
2555 4930 2990 4987 terriculamenta
3018 4971 3033 4995 ,
3065 4930 3142 4985 uti
3172 4938 3262 4996 ct,
3292 4928 3488 4985 Lamia:
3526 4938 3690 4984 turres
3714 4968 3729 4995 ,
3760 4930 3833 4984 si-

2230 5024 2568 5096 gnificentur,
2623 5031 3019 5081 consueverunt
3045 5021 3274 5088 fortasse
3288 5023 3565 5091 outriccs,
3594 5020 3681 5077 vel
3704 5005 3832 5092 puc-

2231 5119 2385 5175 rilem
2415 5118 2670 5187 cjulatum
2695 5129 3041 5187 compescere
3057 5155 3071 5181 ,
3096 5114 3179 5170 vel
3205 5114 3527 5169 obstinatam
3553 5154 3567 5178 ,
3592 5096 3723 5167 dum
3743 5127 3830 5167 ca-

2231 5221 2327 5282 put
2353 5211 2455 5265 sibi
2486 5209 2623 5280 pecti
2651 5225 2757 5266 non
2788 5208 2964 5263 ferunt
2982 5248 2995 5273 ,
3024 5205 3416 5282 contumaciam
3422 5245 3457 5293 )
3479 5204 3630 5262 hisce
3654 5204 3830 5261 verbis

2231 5302 2523 5373 infringere
2540 5341 2554 5367 .
2586 5299 2714 5356 dum
2756 5299 2975 5369 pectines
3000 5298 3161 5367 satis.
3190 5297 3357 5355 veluti
3383 5296 3618 5370 strigiles
3637 5337 3652 5363 ,
3678 5296 3743 5352 ad
3769 5310 3829 5352 se

2236 5393 2415 5450 afferri
2456 5396 2740 5465 imperant.

2237 5510 2360 5568 169.
2402 5509 2543 5566 Solis
2585 5507 2735 5564 radio
2770 5507 3049 5577 scriptum.
3094 5503 3242 5561 Tom.
3270 5505 3356 5560 lll.
3386 5504 3479 5559 lib.
3503 5505 3570 5560 de
3603 5503 3823 5559 Ressrr.

2659 5616 2804 5660 caris.
2826 5610 2945 5672 cap.
2976 5603 3064 5659 b7.
3091 5610 3232 5656 natm.
3259 5601 3384 5657 5H.

2303 5717 2408 5773 Pro
2433 5715 2745 5788 perspici»,
2771 5722 2828 5769 et
2842 5728 2909 5770 eo
2923 5712 3066 5786 quod
3087 5712 3276 5769 claret.
3300 5711 3574 5784 Nam-qua:
3592 5711 3831 5769 maxime

2232 5816 2508 5874 constant,
2538 5804 2875 5875 maximeque
2917 5806 2970 5861 in
3011 5804 3262 5862 confesso
3298 5812 3442 5873 sunt,
3469 5817 3541 5861 es
3562 5802 3677 5860 sole
3707 5803 3825 5859 cla-

2820 6023 2849 6045 Ο
