4242 6264
397 311 507 397 sui

403 617 482 673 dis
511 635 608 673 non
636 620 855 676 lacerate
877 625 1073 693 spiculo
1096 627 1312 697 ltnnine,
1346 632 1437 685 sed
1464 634 1617 689 totius
1654 637 1778 690 solis
1813 638 1992 694 lancea

400 726 530 781 opus
566 720 657 766 est.
768 706 771 709 ’

402 825 522 882 170.
564 827 623 883 In
651 829 835 886 solido
852 845 991 889 esse.
1026 833 1173 925 Tom.
1208 836 1273 919 V.
1314 839 1403 894 lib.
1446 841 1510 896 de
1550 841 1778 900 Pudicit.
1810 840 1857 900 ε’.
1899 848 1983 904 10.

1044 942 1191 982 num.
1223 929 1314 984 85.

469 1031 729 1089 Securum
768 1049 920 1103 esse,
950 1045 1004 1093 et
1039 1038 1176 1096 bene
1204 1040 1438 1111 ﬁrmum,
1466 1046 1855 1121 munitumque.
1889 1049 1987 1107 Cui

398 1123 620 1194 opponit
648 1141 661 1178 :
689 1124 952 1182 Pandente
991 1132 1196 1204 vestigio
1226 1122 1450 1203 ingredi,
1473 1147 1527 1192 et
1552 1158 1563 1192 :
1607 1138 1674 1193 lu
1698 1142 1864 1212 gradu
1910 1152 1989 1197 lo-

398 1222 503 1267 tum
528 1232 655 1283 esse,
686 1217 863 1272 Decuti
887 1220 949 1273 de
984 1230 1174 1276 tenore.
1209 1224 1342 1280 lluic
1377 1227 1569 1282 similia
1600 1248 1612 1283 :
1653 1231 1864 1288 Duabus
1892 1248 1987 1287 an-

396 1307 537 1363 coris
563 1307 755 1365 fultum
777 1326 919 1367 esse.
943 1313 996 1368 ln
1022 1314 1157 1370 vado
1187 1333 1326 1373 esse.
1352 1319 1498 1392 Virg.
1528 1321 1622 1377 lib.
1654 1322 1716 1379 ll.

736 1442 913 1494 Multos
933 1443 1120 1496 alterna
1140 1450 1363 1499 revisens

519 1502 675 1566 Lusit,
701 1510 745 1555 et
770 1502 819 1555 in
841 1504 995 1557 solido
1011 1522 1178 1557 rursus
1200 1509 1389 1561 fortuna
1414 1511 1601 1562 locavit.

396 1630 522 1685 171ε
558 1630 636 1685 Ad
677 1612 961 1703 speculum
978 1636 1320 1704 respondere.
1385 1638 1606 1697 Ibidem.
1640 1659 1687 1696 c.
1736 1644 1791 1708 8.
1840 1662 1984 1702 num:

570 1721 657 1775 64.
689 1724 777 1776 lib.
810 1723 894 1776 IV.
916 1724 1032 1779 adv.
1066 1725 1231 1781 Marc.
1260 1746 1375 1799 cap.
1398 1732 1648 1788 51.1mm.
1677 1734 1803 1790 511.

459 1832 714 1887 Adversus
757 1837 1591 1911 speculunnparabolw,dixisse
1634 1848 1846 1906 videtur
1889 1867 1983 1919 pro
2012 1817 2060 1877 Β

386 1914 550 1977 sensu
581 1928 906 1996 auagogico,
938 1930 1051 1985 sive
1083 1933 1193 2002 ipsa
1228 1949 1491 2008 anagoge,
1535 1940 1631 2007 qui
1666 1952 1750 1995 est
1793 1958 1982 1998 sensus

392 2013 807 2084 scripturarum,
836 2021 1206 2087 parabolarum
1231 2066 1245 2089 ,
1277 2029 1617 2084 oraculorum
1652 2034 1906 2104 mysticus
1929 2044 1984 2091 et

316 2142 320 2151 ν
378 2107 726 2189 _rcconditus;
754 2112 951 2181 quique
976 2114 1197 2169 interius
1235 2128 1287 2172 et
1312 2122 1463 2189 quasi
1491 2123 1591 2176 sub
1613 2126 1812 2180 cortice
1834 2127 1977 2182 latet.

378 2177 486 2253 ἐἰς
507 2200 572 2251 ad
595 2177 850 2269 speculum
866 2177 1176 2275 respondere
1200 2208 1305 2282 (uti
1331 2177 1388 2267 in
1419 2215 1578 2269 rebus
1601 2177 1900 2287 fabrilibus,

397 2293 637 2362 regulam
660 2335 675 2360 ,
712 2298 963 2351 amussim
984 2341 997 2364 ,
1026 2302 1505 2376 perpendiculum)
1539 2309 1640 2362 erit
1674 2312 1849 2365 omnia
1881 2329 1941 2369 ea
1964 2356 1979 2382 ,

394 2400 515 2455 qum
546 2386 790 2455 parabola
815 2384 1219 2459 proponuntur,
1255 2409 1414 2465 posse
1449 2403 1844 2456 accommodari
1875 2405 1940 2461 iis
1964 2447 1979 2473 ,

388 2462 511 2543 qua:
539 2476 727 2532 eadem
748 2479 1133 2550 significantur.
1162 2462 1315 2553 Et,ut
1338 2488 1572 2560 loquitur
1595 2488 1979 2565 Tertullianus,

389 2569 620 2638 excinpla
646 2574 946 2642 pcrwquari.

392 2680 515 2734 ns.
546 2680 780 2753 Spongia
810 2662 1114 2742 Marcionis.
1140 2688 1289 2745 Tom.
1322 2691 1408 2747 Ill.
1442 2694 1528 2749 lib.
1564 2696 1625 2751 v.
1650 2698 1765 2754 adv.
1812 2699 1980 2756 Marc.

925 2796 1055 2851 cap.‘
1074 2783 1129 2836 4.
1172 2800 1311 2837 mnu.
1355 2785 1444 2841 45.

466 2885 608 2941 Usus
638 2889 869 2960 spongia:
896 2890 1189 2959 pictoribus
1230 2893 1283 2948 in
1313 2896 1498 2952 colore
1522 2898 1790 2973 delc-udo;
1840 2906 1981 2974 quod

391 2987 533 3047 patet
553 2993 620 3033 ex
652 2979 911 3044 Plin.,lib.
946 2982 1034 3036 55.
1062 2983 1179 3054 cap.
1212 2984 1298 3039 10.
1325 2987 1390 3041 de
1407 2988 1662 3046 Pictorib.
1687 3004 1739 3047 et
1764 2993 1830 3048 de
1854 2995 1984 3050 Pro-

390 3083 601 3143 togene.
622 3073 962 3155 Absterserat
981 3078 1194 3147 saepids,
1216 3089 1619 3153 mutaveratque
1639 3086 1941 3155 penicillum
1959 3130 1975 3155 ,

1572 329 2098 401 PROVERBIALES
2135 341 2506 407 FORMULE.

400 429 542 485 riora
576 429 822 503 dicimus.
853 418 990 491 llinc
1029 434 1115 499 illa
1152 453 1167 491 :
1205 438 1262 496 ln
1293 443 1408 500 sole
1436 444 1701 518 caligare;
1734 450 1991 509 adversus
2018 456 2071 517 A
2096 471 2181 516 cce

401 522 568 581 solem
595 527 755 597 loqui.
783 528 901 583 Lib.
931 529 1000 586 de
1031 532 1259 589 Pudicit.
1288 552 1406 609 cap.
1439 540 1491 593 7.
1514 540 1715 608 Quibus
1736 546 1995 613 exquiren-

2184 472 2394 529 perunt.
2423 465 2523 536 Qui
2549 481 2679 527 vero
2703 484 2868 543 quum
2893 473 3063 534 cliens
3082 491 3193 535 non
3214 490 3375 551 esset,
3409 499 3511 542 nec
3536 488 3688 545 ordi-

2097 553 2281 609 narius
2298 555 2573 628 salutator,
2598 562 2688 618 alii
2705 578 2827 621 sese
2851 568 3147 649 ingerebat,
3164 583 3217 628 et
3237 579 3519 645 sportulam
3539 583 3687 638 acci-

2097 657 2228 713 pere
2250 645 2465 718 ignotus
2511 645 2912 726 contendebat,
2936 666 3237 732 furunculus
3279 667 3383 724 hoc
3406 670 3524 727 loco
3550 674 3685 730 diei-

2092 743 2199 795 tur.
2231 737 2286 792 lu
2337 756 2460 796 cum
2491 750 2776 804 conveniet
2814 750 2904 821 qui
2936 753 3077 809 falso
3117 757 3218 813 sibi
3261 759 3388 831 quid
3417 763 3685 836 vindicat,

2094 835 2152 879 ut
2182 826 2315 883 deus
2352 830 2636 899 Marcionis
2662 854 2857 895 nomen
2890 841 3114 901 Christi.

2097 937 2217 991 171.
2250 939 2511 1015 Stipulam
2533 948 2653 1018 quis
2678 951 2729 1005 in
2760 953 2936 1009 alieno
2961 957 3124 1013 oculo
3154 960 3362 1019 facilius
3394 968 3682 1040 perspicit,

2163 1048 2322 1101 quam
2372 1037 2424 1092 in
2472 1054 2570 1096 suo
2619 1044 2845 1102 trabem.
2906 1048 3052 1113 Tom.
3101 1052 3142 1109 Ι.
3186 1055 3405 1130 Apolog.
3450 1037 3567 1133 cap.
3598 1037 3688 1124 '59.

2164 1138 2303 1177 nam.
2347 1127 2473 1185 510.

2165 1254 2512 1319 Proverbium
2554 1265 2974 1341 Evangelicum,
3007 1274 3192 1333 Matth.
3224 1281 3283 1337 5.
3349 1293 3404 1339 ct
3449 1285 3578 1343 Luc.
3628 1290 3686 1346 6.

2092 1360 2198 1415 quo
2224 1349 2478 1418 pbilautia
2508 1366 2726 1434 notatur
2766 1377 2990 1430 eorum,
3024 1369 3112 1438 qui
3151 1371 3376 1428 aliorum
3408 1378 3493 1432 vel
3521 1380 3685 1437 mini-

2094 1437 2195 1493 mis
2226 1440 2367 1496 vitiis
2393 1444 2753 1516 ollenduntur,
2800 1457 2914 1509 suis
2944 1466 2999 1512 et
3029 1437 3280 1519 maximis
3311 1463 3678 1537 blandiuntur;

2092 1535 2306 1602 κάρφος,
2348 1535 2539 1603 stipula
2577 1540 2891 1601 Tertullian.
2950 1549 3175 1620 vulgata:
3223 1554 3474 1616 editionis
3516 1535 3683 1619 inter;

2092 1623 2229 1693 preti
2258 1642 2270 1676 :
2304 1625 2525 1711 festuca.
2557 1632 2740 1690 llorat.

2215 1736 2396 1813 Quine
2417 1741 2678 1813 tuberibus
2701 1750 2906 1811 propriis
2926 1753 3141 1805 offendat
3159 1752 3369 1810 amicum

2210 1797 2459 1862 Ροδίυκιιν
2485 1797 3434 1883 ignoscatv'eiraéisiliﬁiséediiaﬁ‘k.

2091 1902 2156 1956 Et
2177 1904 2320 1961 aliud
2346 1908 2604 1965 [’rorerb.
2629 1913 2875 1971 l’uslulas
2898 1916 3122 1985 alienas,
3149 1923 3421 1983 alca-ibus
3444 1938 3677 1986 scatens.

2091 2012 2215 2068 175.
2248 2015 2357 2071 Sub
2384 2020 2504 2073 sinu
2527 2032 2581 2077 et
2603 2025 2795 2079 tunica.
2831 2026 2976 2081 Tom.
3010 2030 3073 2085 V.
3106 2032 3174 2087 lib
3198 2034 3262 2090 de
3298 2034 3436 2109 Fug.
3476 2038 3529 2093 in
3562 2054 3681 2111 per-

2549 2125 2705 2169 secat.
2735 2134 2851 2188 cap.
2877 2120 2960 2173 1‘2.
2988 2139 3127 2178 nunt.
3152 2124 3243 2182 89.

2160 2223 2324 2278 Addit
2361 2225 2583 2282 Tertull.
2624 2240 2681 2285 nl
2723 2234 2943 2305 ntrtivo,
2979 2246 3033 2291 et
3070 2242 3292 2312 opponit
3326 2259 3340 2295 ε
3373 2260 3545 2301 coram
3581 2254 3684 2302 toto

2087 2316 2298 2369 mundo.
2330 2316 2596 2392 Quidquid
2628 2327 2909 2394 prepatulo
2952 2344 3058 2382 non
3091 2330 3170 2397 lit,
3196 2332 3291 2388 sed
3333 2333 3588 2393 insidiose
3632 2348 3688 2394 et

2085 2406 2259 2472 clam,
2311 2412 2530 2465 remotis
2575 2414 2814 2482 arbitris,
2866 2428 2919 2472 et
2969 2420 3142 2475 aliena
3186 2425 3683 2491 conscientia,sub

2086 2496 2207 2551 sinu
2232 2498 2344 2553 fieri
2377 2500 2590 2557 dicitur.
2624 2505 2717 2559 Sic
2745 2522 2758 2560 :
2791 2506 2849 2561 In
2874 2509 3048 2564 sinum
3079 2512 3347 2580 conferre,
3379 2526 3610 2582 vertere,
3632 2518 3686 2573 id

2087 2602 2188 2655 cst,
2224 2592 2274 2645 in
2304 2595 2567 2662 privatum
2594 2600 2941 2656 commodum
2969 2604 3193 2661 referre.
3221 2608 3287 2662 Et
3312 2609 3486 2664 Plinio
3511 2610 3682 2668 Scau-

2089 2697 2182 2738 rus
2222 2684 2422 2741 dicitur
2471 2690 2779 2760 rapinarum
2839 2696 3250 2763 provincialium
3298 2703 3469 2766 sinus.
3517 2705 3684 2775 quiin

2086 2788 2198 2831 suae
2240 2780 2482 2836 avaritim
2519 2781 2824 2856 voraginem
2857 2792 3037 2845 omnia
3070 2803 3430 2851 converteret.
3475 2796 3529 2851 ln
3559 2799 3684 2854 sinu

2083 2870 2340 2939 gaudere,
2370 2883 2453 2928 est
2482 2876 2735 2945 gaudium
2758 2895 2917 2934 suum
2946 2883 2999 2936 in
3028 2883 3217 2955 vulgus
3245 2901 3354 2940 non
3381 2886 3560 2954 cdere,
3581 2903 3683 2945 nec

2086 2961 2259 3031 palam
2280 2963 2476 3020 facere.

2121 3077 2245 3134 176.
2272 3079 2417 3150 Sylla
2444 3082 2668 3139 felicior.
2702 3084 2849 3142 Tom.
2880 3088 2920 3143 l.
2942 3090 3210 3162 Apologet.
3244 3094 3327 3150 il.
3363 3110 3486 3147 num
3507 3095 3632 3150 175.

1183 3138 1191 3144 .
1534 3138 1546 3153 .
1602 3138 1657 3155 κ,
1688 3138 1717 3139 η
2312 3138 2329 3150 .
2880 3138 2920 3143 --
2942 3138 3210 3162 "rma--.
3248 3138 3324 3150 -.-
3512 3138 3632 3150 -.νυ

389 3138 982 3237 Ροέιτθιηθεροηθὶαηι
1002 3182 1120 3221 eam
1144 3168 1382 3241 impegit.
1417 3174 1590 3228 iIIViSO
1617 3176 1735 3230 Ιοοο
1763 3178 1977 3235 Bibulae.
2006 3167 2075 3230 C-
2160 3190 2290 3247 lluic
2314 3192 2477 3263 Syllte
2501 3195 2767 3251 felicitatis
2788 3208 3055 3254 ostentum
3084 3201 3267 3256 datum
3299 3212 3382 3258 est
3422 3204 3669 3274 fulmine,

390 3261 591 3314 Auson.
618 3260 670 3313 in
693 3260 859 3330 Epist.
882 3262 1109 3332 quadam
1138 3280 1151 3318 :
1177 3264 1324 3320 Fuco
1348 3276 1450 3321 tua:
1472 3270 1863 3326 emendationis
1883 3272 1981 3327 ad-

389 3350 535 3420 jecto
561 3352 814 3424 impingas
840 3355 1129 3425 spongiam,
1158 3372 1277 3427 qum
1300 3358 1669 3428 imperfectum
1697 3378 1833 3432 opus
1857 3364 1980 3435 equi

390 3441 535 3497 male
561 3445 854 3513 spumantis
880 3446 1143 3501 absolvat.
1197 3446 1337 3503 Usus
1368 3450 1528 3505 etiam
1559 3452 1610 3507 in
1638 3457 1980 3536 extergendis

388 3536 590 3591 mensis
611 3538 1055 3604 numulariorum,
1083 3541 1674 3613 prtecipuerpre‘abacis,
1706 3546 1758 3599 in
1788 3548 1980 3616 quibus

388 3627 715 3695 scribebant,
748 3638 802 3685 et
840 3629 1054 3685 inducta
1081 3634 1296 3703 spongia
1322 3634 1684 3706 corrigebant.
1715 3638 1779 3692 Et
1809 3638 1861 3693 in
1896 3656 1979 3708 pa-

388 3719 700 3790 limpsestis,
729 3721 830 3785 hoc
850 3730 932 3777 est
957 3723 1166 3779 tabellis
1188 3725 1584 3782 membranisve
1604 3728 1857 3785 deletitiis
1876 3772 1891 3797 ,
1926 3735 1979 3787 in

389 3816 578 3886 quibus
610 3817 750 3888 stylo
766 3817 1078 3887 graphiaria
1092 3833 1316 3873 exarare
1340 3820 1595 3878 solemus.
1619 3822 1754 3878 Hinc
1780 3827 1981 3895 Augus—

390 3919 493 3974 tus,
527 3910 745 3979 Ajacem
775 3909 1111 3981 Tragmdiam
1134 3952 1149 3976 ,
1180 3927 1340 3981 quam
1366 3915 1724 3986 conscriptam
1746 3933 1773 3970 a
1801 3933 1862 3973 se
1885 3919 1979 3973 dc-
2044 3933 2052 3941 '

389 4004 629 4080 lerathiu
656 4005 926 4075 spongiam
954 4003 1272 4061 decubuisse
1297 4005 1504 4061 dicebat
1525 4048 1539 4075 ,
1568 4007 1634 4063 ad
1675 3989 1977 4080 cremplum

286 4078 306 4092 ’
388 4071 588 4166 Αῇαὶιίέ,
617 4071 707 4166 qui
752 4071 805 4149 in
846 4094 1043 4173 ferrum
1083 4097 1419 4169 incubuerat.
1458 4099 1718 4155 Aristides
1746 4101 1799 4155 in
1827 4100 1977 4156 Orat.

388 4186 614 4256 quadam
642 4191 772 4242 οὐδὲν
793 4191 866 4241 δεῖ
880 4203 964 4251 τῆς
981 4197 1270 4257 Στησιχόρου
1290 4194 1593 4265 παλινῳδίας,
1628 4194 1750 4248 ἀλλὰ.
1788 4202 1980 4260 σπόγγος

391 4284 582 4333 ἰάπτει
609 4320 625 4345 ,
675 4279 810 4334 nihil
864 4293 999 4348 opus
1040 4278 1200 4334 fuerit
1238 4280 1532 4336 Stesichori
1572 4282 1836 4351 palinodia
1868 4285 1981 4338 sive

387 4373 774 4439 rccantatioue,
804 4371 897 4428 sed
920 4373 1136 4443 spongia
1163 4373 1484 4429 medebitur.
1515 4374 1606 4431 Sic
1634 4390 1801 4445 quum
1829 4374 1978 4431 Mar-

389 4463 538 4530 cion,
585 4478 720 4535 quos
771 4463 976 4529 vellet,
1017 4477 1186 4519 sacrae
1231 4464 1523 4534 Scriptura:
1568 4466 1736 4522 libros
1776 4466 1982 4525 deleret

390 4555 411 4629 (
432 4556 575 4627 quod
605 4556 934 4612 declaratum
958 4565 1040 4612 cst
1061 4570 1222 4626 supra
1249 4575 1263 4610 :
1290 4558 1577 4629 Abruplum
1600 4561 1978 4631 amplissimum

390 4651 577 4717 salire;
617 4660 671 4705 et
715 4649 816 4709 hoc
845 4652 966 4707 loco
995 4651 1174 4706 s:atim
1204 4650 1521 4722 subjungit:
1558 4668 1686 4735 μυξη
1722 4654 1975 4722 abstulit,

390 4756 509 4813 quia:
535 4739 831 4809 servavit),
853 4741 1124 4812 spongiam
1152 4739 1432 4821 Marcionis
1460 4743 1774 4814 appellavit,
1813 4744 1980 4821 auda-

391 4824 528 4889 ciam
552 4833 693 4891 illam
724 4832 777 4887 in
806 4832 1176 4904 expuugendis
1196 4832 1391 4900 Libris,
1416 4843 1465 4888 et
1490 4836 1737 4891 censoria
1761 4835 1980 4892 temeri-

394 4930 501 4993 tate
526 4922 929 4993 intercideudis.
1252 4932 1261 4939 °

394 5038 519 5094 175.
550 5037 855 5110 Sportulam
886 5037 1203 5095 auunculus
1238 5047 1434 5109 captat.
1465 5038 1616 5095 Tom.
1643 5040 1734 5096 Ill.
1765 5041 1859 5096 lib.
1887 5041 1979 5098 Ill.

645 5139 649 5147 ‘
779 5130 894 5183 adv.
922 5128 1087 5185 Marc.
1119 5130 1236 5210 cap.
1270 5130 1360 5187 16.
1390 5148 1443 5184 η.
1474 5133 1598 5186 ill.

462 5244 736 5315 Sportula,
767 5258 798 5298 a
816 5244 1076 5314 sportulis
1104 5242 1351 5312 sparteis,
1376 5259 1717 5299 nummorum
1741 5254 1985 5316 recepta-

397 5339 528 5393 culis
573 5337 749 5404 dicta,
780 5338 1103 5403 donarium,
1145 5338 1259 5393 sive
1289 5340 1466 5409 potius
1490 5338 1808 5404 obsonium,
1840 5340 1982 5410 quod

396 5428 588 5485 divites
632 5427 789 5503 Rom.
822 5428 1202 5485 salutatoribus
1246 5429 1483 5496 dabant,
1516 5430 1619 5500 ipsi
1647 5442 1854 5487 secreto
1873 5445 1986 5487 coe-

398 5530 608 5574 nantes.
639 5519 738 5575 Cui
777 5520 1031 5590 'opposita
1072 5519 1232 5575 llecta
1276 5535 1469 5587 coena,
1517 5535 1675 5591 quam
1721 5521 1989 5597 civiliores

2087 3290 2145 3335 ut
2173 3283 2247 3336 ait
2272 3283 2411 3337 Plin.
2446 3285 2539 3340 lib.
2586 3285 2651 3340 Il.
2684 3304 2783 3357 cap
2828 3289 2919 3345 54.
2965 3290 3115 3347 Unus
3146 3292 3421 3348 hominum
3450 3337 3463 3360 ,
3512 3295 3685 3366 inquit

2086 3375 2228 3430 idem
2256 3376 2480 3443 Plinius,
2514 3379 2722 3434 lib.\'ll.
2750 3396 2871 3451 cap.
2900 3383 2992 3437 14.
3023 3384 3091 3438 ad
3112 3382 3214 3439 hoc
3235 3386 3356 3453 mvi,
3388 3384 3560 3441 felicis
3580 3388 3683 3444 sibi

2088 3483 2387 3540 cognomen
2418 3474 2666 3529 asseruit.
2699 3473 2870 3541 Quam
2904 3468 3259 3534 temeritatem
3297 3494 3418 3535 cum
3459 3478 3686 3538 stultitia

2085 3563 2423 3632 conjunctam
2453 3565 2645 3620 eodem
2671 3566 2790 3622 loco
2817 3567 3029 3624 refellit.

2087 3701 2210 3757 177.
2240 3700 2395 3755 Tanti
2424 3702 2675 3769 vitreum,
2703 3705 2886 3774 quanti
2911 3706 3296 3778 margaritum?
3326 3708 3470 3765 Tom.
3492 3708 3557 3767 11.
3582 3712 3675 3767 lilr.

2475 3795 2592 3850 adv.
2624 3795 2792 3851 Marc.
2815 3814 2931 3870 cap.
2958 3799 3012 3854 4.
3048 3817 3189 3855 nunt.
3222 3801 3312 3859 58.

2156 3929 2298 3986 lstud
2332 3946 2437 3986 non
2482 3932 2658 3987 solum
2702 3933 2897 4004 legitur
2928 3926 3070 4003 apud
3110 3934 3338 3991 Tertull.
3377 3938 3475 3993 sed
3514 3939 3678 3996 etiam

2084 4023 2226 4093 apud
2251 4022 2311 4077 B.
2342 4023 2654 4095 Hieronym.
2681 4024 2799 4092 Quo
2827 4024 2973 4087 dicto
2995 4041 3207 4083 summa
3232 4043 3415 4085 rerum
3440 4031 3678 4103 inmqua-

2085 4112 2208 4168 litas
2257 4113 2662 4184 significabitur.
2710 4114 3151 4186 Margaritarum,
3201 4118 3335 4173 alias
3385 4121 3677 4191 unionum,

2083 4222 2355 4262 summum
2381 4208 2521 4263 inter
2546 4221 2787 4278 gemmas
2812 4210 3061 4276 pretium.
3087 4209 3296 4266 Vitrum
3322 4212 3635 4269 vilissimum
3658 4255 3676 4282 ,

2084 4299 2227 4381 quod
2254 4308 2434 4355 tamen
2462 4300 2810 4371 margaritam
2839 4302 3060 4358 mentiri
3082 4312 3285 4375 petest,
3321 4313 3377 4361 et
3414 4305 3680 4377 imperitis

2084 4392 2381 4461 imponere,
2409 4392 2640 4460 explicat
2669 4405 2730 4447 se
2763 4390 2988 4448 Tertull.
3022 4402 3088 4462 et
3132 4393 3249 4450 haec
3284 4395 3423 4451 inter
3455 4411 3513 4452 se
3547 4410 3681 4452 con-

2002 4521 2057 4584 Β
2084 4482 2207 4549 fert,
2253 4480 2531 4535 Terrenum
2555 4480 2807 4553 gloriam,
2853 4482 3073 4557 gloriam
3104 4484 3375 4554 calonem,
3415 4486 3681 4556 premium

2085 4574 2252 4630 laudis
2282 4574 2537 4640 humanm,
2562 4573 2787 4629 divinam
2807 4575 3104 4631 mercedem.

2088 4709 2212 4765 178.
2243 4708 2481 4779 Tempus
2505 4709 2685 4765 omnia
2711 4707 3135 4853 revelatbél‘om.
3158 4708 3201 4761 Ι.
3235 4706 3454 4779 Apolog.
3479 4710 3593 4779 cap.
3625 4710 3682 4764 7.

2729 4815 2868 4853 num.
2904 4800 2927 4853 1
3015 4842 3025 4852 .

2729 4815 2868 4853 num.
2904 4800 3025 4853 107.

2157 4915 2357 4971 Seneca
2380 4930 2393 4967 :
2414 4912 2706 4969 Veritatem
2734 4888 3068 4984 dies-aperit.
3101 4912 3285 4972 llorat.

2212 5051 2455 5126 Quidquid
2478 5052 2570 5101 sub
2590 5055 2725 5126 terra
2748 5052 2898 5126 esthin
2920 5052 3133 5126 apricum
3156 5052 3378 5117 proferet
3410 5061 3557 5112 tetas.

2210 5112 2462 5175 Defodiet,
2488 5113 2762 5178 condetque
2788 5112 3011 5166 nitentia.

2089 5249 2255 5311 χρόνος
2281 5246 2463 5294 πάντων
2480 5251 3015 5314 βασανιστής,ιθιιὶρυ8
3034 5243 3213 5298 omnia
3233 5240 3567 5313 explorat.Et
3582 5242 3683 5300 SO-

2090 5334 2267 5404 phocli
2288 5344 2445 5407 χρᾶνος
2465 5334 2658 5391 dicitur
2682 5337 2815 5391 πάνθῗ
2842 5342 2961 5408 ὁρῶν
2974 5348 3056 5391 καὶ
3080 5339 3257 5389 ἀχοῦων
3277 5347 3362 5389 καὶ
3385 5338 3520 5391 πάντ’
3534 5346 3682 5391 ἀνειπ-

2088 5432 2295 5493 τὺστειν,
2309 5428 2487 5481 omnia
2503 5426 2684 5482 videre
2704 5436 2758 5481 et
2778 5427 2983 5489 audire,
3001 5426 3162 5481 etiam
3181 5426 3233 5480 in
3246 5438 3487 5497 apertum
3504 5427 3703 5505 prole-1

2093 5527 2289 5572 turum.
2318 5518 2491 5587 Atque
2508 5517 2633 5588 hinc
2659 5516 2875 5573 Veritas
2894 5516 3176 5584 Temporis
3195 5516 3299 5571 lilia
3317 5526 3438 5588 apte
3463 5517 3678 5585 dicitur,

398 5610 687 5667 clientibus
750 5610 1136 5667 salutatoribus
1179 5612 1291 5667 suis
1342 5613 1640 5684 legitimum
1686 5614 1987 5671 convivium
2092 5627 2213 5683 quae
2232 5612 2488 5682 temporis
2515 5626 2823 5682 progressu,
2845 5626 3011 5682 quum
3037 5612 3345 5683 aliquandiu
3372 5613 3644 5671 delituerit
3661 5653 3683 5682 ,

399 5703 718 5761 exhiberem
738 5745 752 5772 ,
786 5721 913 5775 qum,
952 5705 1084 5760 olim
1129 5705 1453 5775 pauperibus
1480 5714 1689 5762 tantum
1720 5705 1945 5765 dabatur
1970 5749 1986 5775 ,

402 5807 584 5867 postea
614 5796 805 5854 divites
841 5796 1003 5853 etiam
1048 5798 1331 5868 sportulam
1351 5807 1565 5869 captare
1595 5809 1644 5856 et
1692 5813 1989 5870 exposcere

2095 5703 2149 5763 in
2193 5703 2368 5761 lucem
2388 5713 2643 5778 emergat.
2683 5703 2820 5758 Hine
2861 5705 2995 5759 illud
3026 5721 3040 5760 :
3073 5692 3184 5775 3-,”
3222 5710 3271 5760 δι
3314 5716 3435 5779 πρὸς
3472 5716 3564 5780 φῶς
3594 5710 3687 5766 τῆίο

2094 5798 2316 5855 ἀλήθειαν
2360 5797 2547 5866 χρόνος.
2590 5796 2656 5852 At
2685 5796 2965 5855 veritatem
2997 5804 3206 5867 tempus
3231 5797 3283 5853 in
3319 5797 3495 5855 lucem
3514 5801 3679 5856 eruit.
