4242 6264
572 368 678 425 217

709 482 832 538 179.
889 481 1070 537 Terrae
1099 477 1212 533 ﬁlii.
1235 476 1433 531 Ibidem
1461 495 1576 550 cap.
1607 478 1696 533 ιο.
1726 494 1867 532 num.
1901 475 2023 531 162.

649 593 939 647 Videantur
988 589 1170 645 adnot.
1214 589 1455 646 Pamelii.
1520 589 1693 665 Terra:
1741 589 1909 644 Filios
1955 587 2164 660 (inquit

571 685 826 754 Tertull.)
880 684 1060 755 vulgus
1102 694 1269 750 vocat,
1326 701 1544 756 quorum
1572 702 1728 757 genus
1771 687 2021 741 incertum
2066 695 2160 752 est,

565 782 768 851 γηγενεῖς
797 819 810 842 ,
864 785 919 832 et
957 777 1080 832 inde
1133 777 1393 849 gigantes,
1424 779 1578 848 quasi
1619 794 1650 834 e
1682 787 1824 834 terra
1853 779 1982 834 nati.
2011 777 2163 849 Apud

568 871 816 928 Juvenal.
848 869 1194 926 Fraterculus
1229 871 1523 941 gigantum,
1558 886 1654 940 pro
1678 870 1878 938 ignoto.
1906 871 2160 927 Persius:

567 963 862 1033 Progenies
891 973 1066 1018 terrm.
1093 962 1226 1018 Vide
1248 977 1444 1032 supra:
1477 961 1554 1016 De
1576 963 1702 1016 caelo
1733 962 2040 1032 sitperveait.

573 1076 697 1138 180.
725 1075 946 1130 Terram
977 1090 1194 1146 gravem
1242 1075 1550 1144 imprecari.
1585 1073 1729 1129 Tom.
1764 1074 1805 1128 I.
1828 1074 1915 1129 lib.
1948 1075 2011 1128 de
2045 1073 2166 1128 Tes-

956 1168 1067 1221 tim.
1098 1168 1300 1220 animw.
1325 1183 1441 1237 cap.
1470 1167 1520 1221 4.
1547 1183 1686 1219 nam.
1712 1166 1803 1221 21.
1863 1165 1868 1168 ’

641 1280 900 1336 Solebant
933 1280 1156 1350 antiqui,
1190 1289 1249 1334 ut
1283 1296 1347 1334 ex
1378 1281 1626 1335 omnibus
1656 1281 1766 1335 fere
1815 1291 1958 1352 patet
1989 1282 2164 1340 latinis

572 1373 773 1438 Poetis,
805 1373 1050 1426 manibus
1076 1372 1192 1441 ejus
1213 1414 1226 1436 ,
1279 1372 1433 1441 cujus
1473 1373 1806 1440 memoriam,
1857 1384 1910 1427 ut
1939 1373 2186 1444 Tertull._

569 1463 647 1516 ait
675 1502 690 1526 ,
720 1479 836 1515 cum
866 1463 1087 1533 alicujus
1115 1462 1322 1530 offensa:
1358 1480 1531 1517 morsu
1561 1466 1820 1532 facerent,
1855 1475 1908 1518 et
1938 1466 2162 1520 maledi-

565 1567 692 1608 cere
712 1546 932 1616 vellent,
964 1564 1149 1608 terram
1175 1571 1380 1624 grauem
1409 1559 1679 1624 imprecari
1703 1572 1723 1620 ;
1767 1556 1883 1626 ejus
1927 1573 2053 1612 vero
2079 1559 2163 1613 cui

565 1647 796 1717 gratiam
822 1645 1121 1709 deberent,
1171 1648 1382 1701 ossibus
1428 1659 1482 1701 et
1509 1649 1780 1704 cineribus
1829 1649 2162 1718 refrigerium

569 1738 926 1806 comprecari.
963 1737 1026 1792 Et
1059 1752 1246 1793 mense
1288 1740 1584 1808 praesertim
1629 1738 1923 1795 Februario
1952 1741 2163 1798 duode-

566 1830 672 1883 cim
723 1829 1059 1884 continentes
1105 1829 1253 1894 dies,
1310 1845 1406 1899 pro
1451 1830 1788 1898 impetranda
1831 1841 2162 1888 mortuorum
2195 1825 2240 1884 B

568 1919 816 1975 manibus
832 1921 1034 1992 quiete,
1066 1921 1294 1992 populus
1316 1921 1660 1978 lustrationes
1683 1932 1738 1979 et
1763 1923 1968 1995 piacula
1999 1925 2165 1982 facie-

567 2011 681 2068 bat.
709 2011 845 2069 [line
870 2014 956 2068 illa
983 2032 995 2067 :

694 2147 904 2197 Molliter
924 2160 1032 2196 ossa
1055 2148 1359 2207 cubent,.....

757 2208 820 2265 Et
837 2210 1062 2276 cinerem
1085 2209 1236 2259 tellus
1257 2223 1354 2259 non
1376 2222 1583 2276 onerosa
1607 2218 1812 2276 premat.

687 2270 812 2335 Ossa
831 2272 999 2335 quieta
1025 2284 1195 2334 precor
1217 2277 1321 2321 tuta
1344 2270 1664 2335 requiescere
1688 2274 1740 2322 in
1768 2287 1911 2334 urna,

756 2331 819 2382 Et
841 2331 906 2382 Sit
931 2331 1105 2381 humus
1125 2334 1279 2382 cineri
1301 2347 1401 2382 non
1422 2331 1629 2384 onerosa
1650 2343 1750 2386 tuo.

580 2459 708 2514 ist.
740 2458 936 2514 Thales
968 2459 1020 2513 in
1057 2468 1294 2529 puteum.
1328 2458 1596 2521 Tom.,lll.
1621 2462 1712 2516 lib.
1740 2463 1804 2518 de
1839 2430 2009 2518 Anan.
2044 2480 2161 2536 cap.

1206 2551 1259 2606 6.
1294 2567 1437 2608 num.
1469 2552 1560 2608 89.

639 2665 776 2721 Vide
799 2667 900 2721 hoc
927 2665 1268 2738 proverbium
1299 2676 1578 2722 tractatum
1599 2682 1628 2721 a
1654 2668 1877 2724 Platone
1897 2669 1949 2724 in
1967 2669 2162 2725 Theat-

571 2757 818 2814 teto.~De
846 2759 909 2813 iis
952 2759 1040 2828 qui
1071 2773 1172 2813 nec
1204 2773 1300 2827 pro
1327 2758 1550 2829 pedibus
1591 2762 1941 2831 prospiciunt.
1974 2762 2164 2819 Thales

566 2864 602 2903 e
643 2857 848 2919 septem
879 2848 1102 2904 Graecia:
1132 2849 1464 2918 sapientibus
1502 2866 1642 2906 unus
1676 2863 1730 2908 et
1773 2854 1994 2924 primus,
2034 2852 2160 2910 du'm

567 2939 806 2996 caelestia
836 2940 1094 2995 intentius
1137 2942 1551 3011 contemplatur,
1603 2943 1657 2998 in
1693 2944 1907 3002 foveam
1950 2947 2157 3005 incidit.

564 3033 703 3088 Hinc
729 3048 759 3086 a
785 3032 962 3087 vetula
986 3033 1100 3088 sive
1128 3034 1196 3088 ab
1217 3029 1411 3091 ancilla
1433 3036 1642 3094 irrisus.

1221 364 1317 418 EX
1356 360 1814 419 TEBTULLIANI
1854 355 2330 416 APOLOGETICO
2366 355 2891 418 PROVERBIALES
2927 358 3302 419 FORMULJE.

3754 363 3858 422 2i8

2189 475 2243 532 A
2271 483 2353 530 tus
2371 476 2474 532 erit
2489 485 2732 543 conatus,
2766 479 2841 534 uti
2860 489 3187 536 evanescunt
3227 494 3290 536 ea
3319 495 3440 552 qua:
3463 478 3716 540 delentur
3744 484 3859 542 sive

2268 569 2682 640 dispunguntur,
2713 586 2812 643 pro
2833 582 3236 646 expunguntur.

2270 683 2395 741 184.
2438 685 2672 741 Titulum
2725 686 2981 744 incidere.
3015 689 3160 744 Tom.
3209 687 3297 743 III.
3326 690 3416 745 lib.
3458 689 3498 745 l.
3532 690 3652 746 adv.
3687 691 3856 749 Marc.

2376 793 2378 795 ’
2812 797 2927 852 cap.
2960 782 3014 838 9.
3044 799 3184 874 nam.
3207 783 3296 838 57.

2341 894 2577 950 Incidere
2608 905 2688 952 est
2715 905 2900 951 notare
2935 881 3135 968 aliquid
3179 898 3230 953 in
3283 899 3628 956 monimentis
3676 917 3859 960 rerum

2269 997 2558 1058 gestarum.
2592 987 2784 1044 Cicero
2810 1007 2824 1043 :
2857 988 3092 1044 Incidere
3119 989 3350 1062 elogium
3382 991 3560 1062 (aliis,
3582 993 3859 1052 etMureto

2227 1079 2230 1088 '
2270 1071 2534 1146 imprimis
2557 1078 2822 1148 elogium)
2853 1079 2906 1133 in
2952 1081 3199 1148 sepulcro
3220 1122 3235 1147 ,
3269 1081 3321 1135 in
3360 1096 3455 1147 tes,
3485 1081 3538 1136 in
3569 1098 3856 1142 marmore.

2270 1170 2409 1224 Plin.
2439 1170 2508 1226 de
2532 1171 2718 1241 Pomp.
2749 1171 2961 1243 Magno,
2990 1188 3090 1242 cap
3113 1172 3203 1228 26.
3233 1173 3445 1237 lib.Vll.
3471 1187 3859 1232 commemorat
3933 1163 3940 1170 ’

2270 1263 2452 1317 titulos
2479 1264 2825 1318 victoriarmn
2856 1275 2908 1319 et
2933 1265 3327 1334 triumphorum
3349 1276 3580 1323 notatos.
3602 1267 3770 1334 Quem
3789 1267 3857 1325 ad

2272 1371 2476 1410 morem
2523 1357 2704 1411 allusit
2748 1356 2971 1412 Tertull.
3007 1366 3065 1411 ut
3093 1358 3199 1422 sit,
3259 1358 3472 1427 publico
3499 1370 3857 1432 cognomento

2271 1446 2559 1502 honestare
2585 1449 2665 1502 vel
2693 1448 2972 1515 infamare,
3003 1459 3056 1504 et
3085 1450 3258 1519 elogio
3288 1451 3590 1505 nobilitare.

2273 1558 2394 1615 185.
2415 1559 2587 1614 Tullio
2641 1559 2998 1629 eloquentior.
3033 1560 3180 1616 Tom.
3233 1561 3268 1616 l.
3322 1563 3541 1635 Apolog.
3587 1578 3705 1636 cap.
3764 1567 3852 1636 ll,

2920 1670 3062 1707 num.
3096 1653 3186 1707 17.

2342 1763 2413 1818 Μ.
2467 1763 2623 1818 Tullii
2648 1764 2880 1836 elogium
2902 1753 3299 1820 habes-lib.VlI.
3331 1783 3420 1820 nu.
3447 1768 3536 1822 50.
3559 1768 3698 1838 apud
3721 1769 3856 1826 Plin.

2271 1854 2358 1909 ubi
2383 1870 2504 1910 eum
2534 1867 2692 1910 vocat
2721 1855 2981 1911 facundia:
3009 1858 3424 1928 Latinarumque
3448 1859 3741 1916 litterarum
3769 1879 3860 1934 pa-

2246 1955 2499 2012 ,rentem.
2529 1946 2752 2015 Quintil.
2801 1948 2892 2003 lib.
2915 1948 3003 2003 IX.
3033 1949 3204 2002 lnstit.
3239 1950 3292 2003 Ιιι
3326 1967 3506 2020 quem,
3529 1953 3624 2018 ait,
3649 1957 3858 2024 cupiam

2272 2039 2643 2106 Platonis,vim
2668 2042 3062 2110 Demosthenis,
3084 2043 3400 2098 suavitatem
3428 2044 3676 2103 Isocratis
3698 2048 3861 2107 fuisse

2273 2132 2615 2188 transfusam.

2273 2244 2398 2300 186.
2429 2244 2730 2300 Vanitatem
2765 2247 2996 2303 vanitate
3025 2247 3313 2318 depellere.
3351 2249 3497 2304 Tant.
3532 2251 3620 2309 III.
3653 2255 3742 2311 lib.
3771 2256 3856 2312 IV.

2639 2341 2763 2394 adv.
2799 2340 2962 2395 Marc.
2993 2359 3107 2413 cap.
3143 2342 3230 2397 50.
3264 2360 3315 2396 n.
3350 2343 3477 2398 496.

2343 2453 2439 2509 Est
2459 2462 2626 2508 artem
2659 2463 2792 2513 arte.
2821 2454 3158 2509 mendacium
3186 2454 3468 2518 mendacio
3485 2457 3720 2515 eludere.
3742 2460 3856 2514 Fri-

2270 2545 2449 2600 volum
2478 2553 2870 2615 argumentum,
2895 2554 2949 2601 et
2991 2547 3057 2601 ad
3093 2562 3204 2601 rem
3239 2563 3345 2602 non
3373 2549 3853 2617 acconnnodatum,
3889 2560 3900 2566 ‘

2271 2636 2465 2690 frivolo
2486 2645 2534 2690 et
2560 2636 2732 2691 alieno
2753 2635 3038 2708 infringere
3061 2649 3110 2692 et
3131 2637 3395 2694 refellere.
3419 2639 3508 2695 Illa
3532 2643 3854 2711 persiinilia:

2266 2727 2401 2783 Cum
2430 2728 2588 2798 vulpe
2608 2728 2895 2798 vulpinari,
2927 2744 3048 2784 cum
3075 2727 3318 2785 Cretensi
3347 2732 3629 2790 cretizarc.

2270 2841 2393 2897 187.
2423 2841 2600 2907 Venas
2624 2840 2910 2896 deducere.
2945 2841 3093 2896 Tom.
3127 2842 3189 2897 V.
3219 2843 3307 2898 lib.
3338 2845 3400 2898 de
3442 2845 3622 2900 Trinil.
3658 2849 3708 2902 1.
3743 2866 3857 2920 cap.
3915 2855 3926 2862 '

2570 2961 2574 2966 ~
2875 2935 2930 2990 2.
2966 2953 3106 2992 num.
3145 2937 3267 2991 151.

2341 3047 2639 3103 Translatio
2655 3048 2814 3103 ducta
2847 3064 2876 3103 a
2901 3048 3154 3114 fontibus,
3179 3051 3316 3104 unde
3337 3052 3432 3105 rivi
3462 3060 3516 3108 et
3537 3053 3688 3123 quasi
3707 3069 3858 3110 vena:

468 3186 472 3190 μ
565 3145 689 3202 182.
717 3145 1080 3204 Themistocle
1111 3147 1409 3204 sublimior.
1451 3150 1598 3206 Tom.
1625 3152 1665 3207 Ι.
1695 3153 1914 3226 Apolog-
1955 3172 2075 3228 cap.
2101 3156 2158 3212 2.

2267 3155 2524 3212 aquarum
2547 3141 2904 3196 deducuntur.
2937 3142 3073 3197 Hinc
3096 3143 3183 3197 illa
3206 3160 3220 3198 :
3248 3144 3419 3197 Divite
3435 3129 3678 3200 veIQnui
3701 3163 3855 3212 vena,

1219 3256 1360 3296 nam.
1395 3242 1517 3298 175.

640 3351 924 3408 Militarem
959 3353 1105 3408 illum
1134 3355 1371 3424 appellat
1420 3355 1647 3414 Tertull.
1694 3359 1831 3416 Hinc
1877 3362 2160 3434 legendum

567 3442 781 3497 videtur
809 3443 1102 3508 militarior,
1132 3445 1214 3499 vel
1247 3445 1452 3501 militiw
1477 3459 1568 3502 aut
1595 3450 1844 3508 militaris
1867 3457 1998 3509 artis
2029 3456 2164 3524 peri-

567 3533 692 3586 tior.
732 3532 901 3602 Ipsius
948 3543 1125 3588 autem
1149 3535 1507 3592 adolescentis
1545 3540 1713 3608 gloria
1753 3544 1972 3599 emicuit
2019 3547 2162 3602 bello

567 3623 796 3688 Medico,
831 3639 1001 3694 pugna
1041 3625 1393 3692 Marathonia,
1449 3629 1550 3683 sub
1590 3634 1839 3702 auspiciis
1885 3636 2154 3694 Miltiadis.

569 3713 774 3768 Deinde
802 3713 1003 3785 aliquot
1033 3716 1189 3770 annis
1229 3721 1348 3786 past
1370 3719 1477 3774 dux
1507 3722 1939 3800 Atheniensium,
1968 3733 2162 3783 adver-

574 3818 670 3859 sus
697 3803 890 3860 Xerxis
924 3805 1143 3861 navales
1172 3810 1356 3878 copias
1377 3811 1444 3864 ad
1470 3809 1797 3868 Salaminem
1828 3818 2162 3874 memorabili

577 3910 701 3951 cum
733 3896 888 3952 laude
903 3897 1160 3952 conﬂixit.

522 3993 524 3998 ’
564 4011 958 4068 185.Titulum
1001 4013 1344 4086 dispungere.
1399 4016 1549 4076 Tant.
1577 4018 1639 4072 v.
1691 4020 1779 4074 lib.
1835 4022 1897 4076 de
1945 4023 2157 4098 Monog.

1113 4124 1232 4178 cap.
1257 4109 1312 4163 8.
1347 4126 1489 4164 num.
1517 4111 1608 4166 55.

642 4218 977 4290 Dispungere
1003 4218 1242 4276 rationes
1280 4223 1420 4292 apud
1443 4203 1858 4283 .Jureconsultos
1903 4238 1989 4284 est
2011 4245 2160 4287 com-

566 4319 774 4380 putum,
799 4319 857 4364 ut
885 4311 1042 4381 vulgo
1075 4311 1360 4382 loquimur,
1398 4316 1735 4382 examinare,
1782 4320 1896 4375 sive
1916 4363 1931 4387 ,
1961 4331 2017 4375 ut
2062 4322 2160 4377 Pa-

565 4405 714 4475 pian.
737 4403 1014 4468 describit,
1045 4405 1292 4461 conferre
1314 4417 1535 4477 accepta
1584 4419 1637 4464 et
1686 4410 1808 4466 data
1831 4453 1846 4478 ,
1895 4422 1950 4468 et
1986 4414 2111 4470 alibi
2140 4435 2154 4472 :

564 4482 868 4567 percontari
891 4538 906 4562 ,
934 4499 1246 4556 examinare
1266 4540 1284 4566 ,
1321 4500 1627 4558 describere
1657 4505 1917 4571 rationes,
1953 4523 2048 4576 pro
2091 4524 2155 4564 eo

563 4590 706 4660 quod
733 4599 818 4646 est
846 4591 1167 4661 dispungere.
1192 4591 1348 4645 Aliud
1379 4603 1461 4647 est
1507 4609 1836 4666 expungere,
1882 4598 2024 4667 quod
2075 4610 2158 4654 est

568 4683 780 4737 nunctis
823 4683 1226 4739 circumducere
1270 4693 1324 4739 et
1351 4685 1556 4748 tollere.
1603 4695 1659 4742 et
1684 4691 1832 4757 quasi
1876 4705 1990 4744 rem
2023 4706 2150 4746 con-

562 4782 759 4828 sectam
790 4774 1028 4828 eximere
1053 4790 1083 4829 e
1108 4775 1312 4830 codice.
1338 4775 1515 4832 Utitur
1533 4776 1754 4832 Tertull.
1786 4783 2098 4850 metaphora
2126 4799 2154 4836 a

562 4863 1035 4920 ratiocinatoribus
1065 4866 1247 4933 ducta,
1280 4879 1333 4923 et
1371 4885 1401 4924 a
1428 4870 1767 4938 censoribus,
1797 4872 1888 4942 qui
1916 4873 1966 4927 in
1999 4873 2154 4930 tabu-

564 4954 646 5008 las
670 4952 911 5009 referunt
934 4959 1146 5012 nomina
1175 4971 1230 5013 et
1261 4961 1444 5018 titulos
1470 4978 1656 5016 eorum
1687 4965 1776 5031 qui
1810 4965 2149 5036 profitentur.

566 5044 626 5102 Si
664 5045 1070 5114 proverbialiter
1099 5064 1362 5119 usurpare
1391 5053 1582 5121 placet,
1613 5055 1747 5109 erit:
1782 5059 2044 5113 rationem
2069 5059 2154 5116 vel

561 5151 834 5219 caussam,
854 5136 1067 5206 justanc
1095 5140 1164 5193 sit
1189 5157 1254 5193 att
1281 5152 1490 5210 contra,
1529 5146 1869 5214 expendere;
1899 5149 1980 5203 vel
2010 5149 2150 5219 diju-

558 5214 749 5285 i—licare
798 5231 1094 5288 idoneusne
1121 5233 1190 5286 sit
1219 5235 1339 5303 quis
1369 5236 1434 5290 ad
1474 5254 1668 5293 munus
1695 5241 1908 5312 aliquod
1941 5243 2149 5300 obeun-

562 5320 689 5378 dum
721 5331 774 5376 et
817 5323 926 5378 suis
967 5323 1181 5379 dotibus
1227 5325 1422 5381 affatim
1455 5328 1764 5386 instructus.
1790 5332 1906 5388 Lib.
1937 5333 2027 5390 IV.
2056 5335 2149 5390 ad-

471 5465 474 5470 _
557 5426 702 5467 vers.
732 5410 894 5466 Marc.
921 5414 1210 5470 Creatorem
1247 5429 1402 5492 vocat
1417 5419 1648 5489 judicem
1681 5432 1728 5476 et
1770 5425 2148 5494 dispunclorem

550 5503 893 5564 meritorum.
940 5505 1056 5562 Lib.
1101 5509 1164 5563 V.
1209 5511 1611 5578 dispunctionem
1648 5515 1780 5575 .boni
1827 5529 1978 5587 atque
2029 5522 2156 5575 mali

547 5596 731 5662 operis.
769 5595 886 5680 Lib.
925 5597 995 5654 de
1021 5599 1248 5658 Patient.
1287 5603 1464 5660 (Junii:
1509 5607 1701 5677 injuria
1743 5625 1904 5680 quum
1936 5613 2139 5682 patien-

495 5715 506 5720 ι
539 5687 663 5742 tiam
683 5687 973 5759 offenderit,
995 5694 1170 5751 eodem
1194 5699 1333 5752 exitu
1359 5699 1710 5773 dispungetur,
1743 5721 1844 5774 quo
1874 5708 2029 5762 telum
2082 5708 2137 5762 in

540 5785 684 5849 petra
709 5781 946 5839 libratum
976 5793 1022 5839 et
1050 5787 1300 5855 obtusum,
1331 5788 1434 5846 hoc
1458 5803 1539 5850 est
1564 5812 1576 5849 :
1601 5807 1884 5853 evanescet
1904 5810 1956 5855 et
1987 5801 2109 5856 irrio

2268 3233 2410 3303 quod
2436 3232 2664 3287 fontium
2695 3233 2784 3287 alii
2817 3234 3124 3303 angustiore
3154 3250 3287 3288 vena
3317 3247 3568 3302 manant,
3601 3238 3688 3292 alii
3736 3253 3855 3293 ma-

2261 3325 2402 3396 jore,
2437 3335 2496 3380 ut
2522 3327 2718 3380 ﬂumen
2747 3326 3015 3391 efficiant;
3057 3327 3142 3383 vel
3179 3329 3340 3382 etiam
3378 3345 3408 3384 a
3439 3330 3693 3394 metallis,
3725 3347 3860 3402 quo-

2266 3437 2383 3474 rum
2414 3436 2584 3487 venzr,
2614 3431 2671 3474 ut
2704 3435 2919 3490 genere,
2957 3421 3026 3473 ita
3071 3421 3222 3488 capia
3273 3422 3538 3478 interdum
3583 3423 3856 3480 diﬂ'erunt.

2265 3511 2486 3578 Quintil.
2519 3513 2767 3567 Pleniore
2811 3512 2983 3566 canali
3020 3511 3207 3566 ﬂuunt.
3257 3513 3325 3567 Et
3370 3523 3543 3584 poetae
3577 3529 3739 3572 venas
3789 3517 3858 3572 ab

2268 3604 2505 3658 llumero
2532 3611 2779 3673 tanquam
2811 3603 3044 3658 Pueseos
3069 3605 3236 3670 fonte,
3259 3604 3480 3662 duxisse
3501 3605 3770 3663 dicuntur.
3799 3597 3806 3602 ’

2270 3715 2394 3770 188.
2427 3716 2523 3770 Via
2551 3715 2737 3771 eadem
2761 3731 2972 3772 sursum
2999 3727 3050 3772 et
3077 3717 3352 3774 deorsum.
3391 3719 3534 3775 Tom.
3565 3722 3652 3777 IlI.
3677 3723 3766 3778 lib.
3793 3723 3854 3780 II.

2675 3808 2793 3861 adv.
2820 3807 2986 3862 Marc.
3007 3825 3121 3879 cap.
3144 3809 3234 3864 28.
3259 3828 3313 3864 n.
3337 3811 3461 3866 195.

2251 3978 2258 3991 ,
2340 3917 2451 3974 Hoc
2489 3920 2832 3990 proverbium
2880 3919 3154 3977 Heraclito
3199 3933 3531 3994 usurpatum,
3569 3930 3859 3986 transferre

2264 4013 2475 4068 videtur
2529 4014 2752 4069 Tertull.
2813 4015 2877 4069 ad
2915 4030 3067 4070 suam
3119 4018 3528 4088 argumentandi
3573 4021 3853 4078 rationem.
3923 4071 3938 4085 .

2265 4103 2397 4159 Nam
2429 4120 2495 4160 eo
2526 4103 2762 4160 faciunt:
2794 4106 2988 4177 Supra,
3018 4116 3071 4161 et
3095 4107 3228 4162 infra
3262 4124 3340 4163 se.
3374 4109 3497 4164 llzec
3542 4111 3757 4182 quidem
3789 4115 3855 4170 ad

2264 4196 2602 4265 dignitatem,
2637 4197 2723 4252 illa
2754 4215 2967 4252 sursum
3008 4213 3070 4253 ac
3100 4199 3350 4254 deorsum
3403 4201 3466 4255 ad
3491 4203 3664 4257 locum
3695 4219 3856 4273 spec-

2265 4289 2450 4343 tantia.
2481 4288 2590 4342 lloe
2616 4288 2758 4343 enim
2781 4304 2906 4343 vere
2927 4300 3010 4345 est
3048 4288 3308 4345 adversus
3345 4290 3666 4347 Marcionem
3707 4297 3853 4350 anti-

2265 4378 2466 4433 theseis
2494 4379 2713 4432 acutulas
2750 4379 2945 4445 facere,
2973 4396 3093 4451 qua:
3110 4396 3223 4435 non
3253 4383 3424 4437 solum
3464 4383 3514 4438 in
3535 4387 3847 4451 sententiis,

2263 4471 2310 4526 si
2339 4471 2620 4541 ignoravit,
2652 4473 2872 4526 omnino
2895 4488 3003 4527 non
3029 4474 3206 4538 scivit,
3223 4473 3316 4530 sed
3337 4475 3387 4547 in
3413 4475 3703 4540 vocabulis,
3730 4494 3851 4548 quia

2264 4523 2307 4526 -κ
3031 4523 3316 4538 ηραν-ν
3339 4523 3387 4547 τη
3425 4523 3703 4540 ν--ν---η---νν
3733 4523 3851 4548 -ι--ν

2181 4523 2234 4586 D
2261 4563 2391 4626 dixi,
2422 4563 2738 4618 consistant.
2767 4563 3064 4619 Heraclitus
3089 4567 3357 4634 usurparit
3377 4567 3515 4622 forte
3551 4569 3601 4621 iu
3636 4569 3855 4642 Psycbi-

2260 4655 2337 4710 eis
2360 4654 2658 4724 disciplinis
2687 4654 2790 4710 hoc
2818 4657 3100 4710 obscurius
3130 4657 3366 4722 dictum;
3416 4675 3580 4730 quum
3627 4661 3850 4717 Sursum

2260 4761 2323 4800 ac
2352 4745 2600 4800 deorsum
2631 4745 2683 4801 in
2705 4746 2806 4802 loci
2831 4747 3038 4803 ratione
3068 4749 3255 4804 sintex
3276 4765 3505 4805 numero
3519 4767 3707 4808 eorum
3730 4768 3850 4824 qum

2259 4838 2511 4892 dicuntur
2551 4847 2664 4910 πρρς
2700 4841 2769 4903 τὶ,
2809 4838 2920 4892 sive
2973 4839 3159 4894 relata.
3197 4837 3388 4896 Cicero
3414 4859 3427 4895 :
3458 4841 3606 4898 Ferri
3649 4860 3850 4899 sursum

2259 4931 2421 4986 rectis
2439 4929 2618 4996 lineis,
2647 4939 2701 4986 et
2730 4921 2978 4985 deorsum'
2993 4930 3059 4985 ad
3087 4931 3302 4986 lineam.
3330 4933 3500 5002 Atque
3524 4936 3595 4990 ita
3617 4933 3844 4991 Tertull.

2258 5022 2774 5093 argumentationem
2803 5039 2980 5090 suam,
3017 5033 3258 5080 τουτέστιν
3290 5024 3538 5082 Heracliti
3582 5027 3849 5084 axiomate

2257 5113 2468 5184 probat.
3023 5116 3033 5128 ‘

2258 5224 2381 5281 189.
2414 5226 2547 5282 Viva
2565 5241 2717 5284 voce.
2747 5227 2892 5283 Tom.
2923 5228 3008 5284 Ill.
3036 5229 3122 5285 lib.
3149 5231 3212 5285 de
3240 5229 3542 5304 Prwscript.
3579 5233 3701 5288 adv.
3736 5235 3848 5300 ha:-

2703 5332 2798 5375 ret.
2827 5338 2940 5393 cap.
2966 5322 3056 5378 ‘21.
3088 5341 3230 5378 num.
3263 5323 3388 5380 188.

2327 5421 2462 5487 Huic
2495 5431 2675 5488 statim
2720 5435 3031 5503 opponitur,
3082 5453 3172 5507 per
3221 5436 3518 5508 Epistolas,
3566 5440 3844 5496 subintell.

2252 5523 2610 5602 praedicando.
2650 5524 2770 5579 Viva
2809 5543 2926 5594 vox,
2977 5533 3126 5598 quasi
3157 5530 3330 5584 vivida
3373 5540 3537 5603 atque
3563 5532 3753 5589 efficax
3774 5535 3845 5588 ab

2250 5615 2366 5686 ipso
2397 5617 2788 5686 pronuntiantis
2811 5633 2927 5685 ore,
2962 5631 3230 5691 percepta,
3259 5622 3310 5676 in
3331 5637 3434 5694 qua
3469 5625 3648 5679 nativa
3669 5633 3724 5680 et
3748 5640 3848 5696 ge-

2246 5705 2408 5762 nuina
2426 5708 2680 5764 elucescit
2704 5713 2893 5779 gratia,
2913 5722 2970 5768 et
2993 5715 3136 5768 actio
3151 5729 3271 5770 cum
3301 5722 3482 5780 motu,
3503 5731 3626 5786 quze
3650 5719 3702 5770 in
3721 5732 3845 5771 ora-

2245 5800 2405 5860 tionis
2435 5812 2517 5859 est
2547 5806 2678 5874 vita,
2722 5809 3045 5870 inhrerescit.
3072 5813 3201 5884 Qua:
3245 5813 3426 5871 onniia
3471 5831 3500 5873 a
3546 5812 3839 5882 scriptura.
