4250 6266
298 383 412 444 249

1623 380 1916 440 LECTORI
1946 381 2276 441 CANDIDO.

3497 382 3608 445 250

305 516 435 574 quae
483 511 658 556 veram
690 495 975 564 vivamque
1015 507 1202 550 vocem
1235 499 1442 550 tantum
1475 493 1732 560 imitatur,
1779 503 1901 551 sunt
1930 497 1982 556 Α
2012 495 2133 552 I90.
2164 495 2423 553 Umbram
2446 496 2784 568 sinelumine
2805 496 3232 553 colorare.’l‘om.
3257 494 3343 552 III.
3369 495 3458 552 tib.
3481 498 3600 554 adv.

307 593 575 664 sejuncta.
606 589 827 657 Quinct.
861 586 1018 643 Actio
1066 586 1328 642 orationis
1357 587 1508 657 quasi
1536 587 1641 642 vita
1669 596 1784 654 est,
1816 603 1904 643 re-

308 701 430 740 rum
447 681 682 738 inventio
702 679 904 736 ossium
933 679 1102 734 instar
1121 687 1200 734 est
1220 696 1232 732 :
1250 679 1383 734 ordo
1414 694 1610 736 nervos
1638 680 1894 750 innitatur,

227 761 230 764 λ
305 777 538 834 elocutio
568 789 810 840 carnem,
839 782 1016 828 cutem
1047 782 1098 827 et
1128 773 1366 829 colorem
1407 773 1600 839 refert;
1640 774 1900 829 memoria

305 871 527 941 spiritus
558 868 678 922 vice
709 866 967 937 fungitur.
997 865 1200 934 Quibus
1228 866 1478 928 omnibus
1525 864 1731 920 accedit
1780 881 1904 934 pro-

305 960 592 1024 nuntiatio,
613 959 762 1015 velut
803 969 981 1014 motus
1013 957 1228 1028 quidam
1255 959 1450 1012 vitalis.
1496 957 1708 1012 Nullum
1756 957 1898 1012 enim

303 1054 504 1110 certius
518 1060 898 1123 argumentum
917 1049 1062 1118 vitre,
1090 1064 1249 1118 quam
1269 1060 1482 1112 motus;
1516 1048 1657 1103 unde
1681 1047 1898 1102 ﬂumina

299 1147 443 1212 viva,
469 1162 498 1200 a
526 1155 692 1200 motu.
720 1143 780 1198 Β.
808 1141 1028 1198 Ilieron.
1051 1142 1102 1196 in
1120 1141 1332 1197 Prml‘at.
1360 1142 1492 1196 Gen.
1521 1141 1690 1196 liabet
1717 1142 1900 1195 nescio

301 1237 432 1308 quid
458 1235 675 1291 latentis
695 1218 926 1304 (ἔπιθι-εἰῶ
945 1236 1056 1287 viva
1083 1250 1198 1288 vox.
1228 1234 1360 1288 Ilnic
1383 1234 1624 1304 Opponit,
1659 1243 1713 1288 ut
1756 1234 1865 1288 dixi
1884 1275 1896 1298 ,

303 1328 531 1384 Tertull.
580 1344 669 1397 per
702 1326 985 1394 Epistolam
1015 1326 1312 1395 praedicare.
1351 1325 1415 1380 Et
1443 1326 1599 1380 aliis:
1623 1325 1751 1380 Mnti
1785 1342 1897 1381 nta-

300 1421 480 1493 gistri,
502 1436 622 1491 qua:
637 1429 762 1474 sunt
785 1421 982 1488 scripta
1002 1435 1210 1483 eorum,
1229 1419 1318 1489 qui
1341 1419 1537 1474 eruditi
1565 1419 1762 1487 ingenii
1784 1435 1897 1472 mo-

301 1523 564 1570 numenta
585 1513 878 1582 posteritati
900 1511 1095 1566 litteris
1113 1511 1358 1572 mandata
1381 1511 1894 1581 reliquerttnt,qnasi

301 1604 456 1660 vocis
476 1613 531 1658 et
551 1603 668 1657 vita:
694 1609 959 1672 expertes.

685 1788 709 1794 .-
721 1787 822 1794 ω-δ
850 1787 990 1795 --α-
1004 1788 1709 1797 -——————.-——————-___.o...-——

2436 588 2683 661 Hermog.
2722 583 2837 660 ὢν.
2861 589 2916 644 2.
2937 594 3063 642 num
3090 588 3169 642 I2.

2081 681 2164 735 Ab
2203 689 2318 736 arte
2364 679 2613 750 pictoria,
2663 696 2822 750 quam
2867 680 3232 751 Hermogenes
3265 691 3600 749 exercuerat,

2009 780 2256 828 tractum.
2291 773 2468 829 Prima
2517 775 2740 842 picturae
2769 773 2921 828 initia
2969 773 3183 846 (inquit
3209 773 3346 828 Plin.
3377 774 3395 842 )
3426 775 3604 828 umbra

2004 864 2237 920 hominis
2279 865 2435 919 lineis
2481 865 2866 931 circumducta,
2897 880 3015 934 qua:
3042 865 3255 920 linearis
3303 863 3445 920 dicta
3471 905 3486 930 ,
3513 879 3600 920 se—

2005 957 2177 1012 cunda
2201 957 2422 1027 singulis
2448 957 2751 1023 coloribus,
2793 965 2848 1012 et
2892 955 3366 1011 monochromatos
3411 955 3597 1025 app-el-

2003 1049 2128 1103 latn.
2165 1047 2345 1116 Itaque
2374 1047 2540 1117 prima
2573 1049 2688 1103 sine
2711 1047 2824 1102 ullo
2852 1049 3035 1102 colore
3061 1047 3180 1114 fuit,
3210 1047 3347 1102 adeo
3379 1056 3434 1102 ut
3462 1061 3597 1117 quos

2006 1142 2309 1209 pingerent,
2339 1139 2649 1196 adscribere
2677 1149 2821 1195 esset
2852 1141 3176 1194 institutum.
3207 1138 3410 1193 Deinde
3442 1139 3600 1194 linea:

2002 1233 2231 1287 colorari
2261 1241 2453 1300 emptae
2477 1242 2610 1287 testa
2645 1233 2788 1287 trita.
2809 1232 3122 1303 annsmodi
3154 1233 3376 1301 picturae
3401 1233 3450 1286 in
3477 1242 3595 1287 arte

2004 1325 2265 1381 tectonica
2289 1342 2382 1394 par
2401 1337 2481 1379 est
2505 1338 2807 1399 ἰχνογραφία,
2831 1343 2948 1396 qua:
2971 1337 3053 1382 est
3075 1342 3210 1381 area:
3229 1327 3415 1391 jacens
3442 1325 3603 1380 υπηρ-

2002 1421 2164 1474 matio
2190 1428 2244 1474 et
2267 1419 2632 1488 superliciaria
2677 1418 2988 1488 descriptio,
3016 1418 3175 1472 futuri
3215 1418 3396 1486 oneris
3425 1417 3600 1486 speci-

2000 1526 2124 1564 men
2140 1509 2431 1565 exhibens:
2458 1508 2951 1576 Dctorquebiturad
2969 1509 3257 1576 sermonis,
3274 1509 3598 1578 argumenti,

1999 1602 2076 1657 rei
2102 1600 2485 1656 demonstrata:
2515 1601 2915 1657 obscuritatem.

640 1787 822 1794 α-..α--ι
850 1787 990 1795 --ε-
1004 1788 3464 1798 η--οα--ω-οκιη-ᾓῠ--σ--ς-ιᾙκᾜ-ῌῃσρ--ο

314 1789 1361 1841 ἐξῇ-..-
1683 1830 1744 1837 —
1771 1830 1834 1838 -ι
1853 1803 1871 1837 Ι.
2970 1786 3528 1839 -ηῂ--ᾘ--ΞΔ

299 1937 1055 2023 ARGUMENTA
1116 1935 1652 2020 CAPITUM
1711 1937 2118 2022 PROUT
2172 1939 2293 2021 ΙΝ
2345 1939 2626 2048 MSS,
2664 1937 3600 2040 CONCIPIUNTUR,

627 2143 768 2200 ΝΛΜ
805 2141 1213 2199 COPIOSIORA
1254 2142 1342 2197 ET
1381 2140 1870 2200 ACCURATIORA
1912 2140 2044 2199 NOS
2080 2140 2388 2199 SINGULIS
2423 2139 2782 2198 CAI’ITIBUS
2821 2141 3280 2198 PIUEFIXISIUS.

299 2324 391 2380 (Ἃ
403 2324 538 2382 ΡυΤ
559 2326 601 2381 1.
633 2324 707 2379 De
739 2325 994 2394 iniquitate
1015 2322 1299 2388 iudicandi.

335 2425 488 2436 ———-
560 2395 620 2450 II.
651 2398 832 2449 Contra
859 2395 1265 2462 Inquisitionetn.

553 2465 639 2521 III.
669 2465 747 2520 De
773 2464 1013 2520 Nominis
1037 2465 1445 2535 exprobratione.

552 2536 639 2593 IV.
666 2536 747 2590 De
772 2537 1008 2607 Legibus.

557 2608 616 2661 ν.
651 2605 858 2662 ϐοηινιί
873 2605 898 2660 1
905 2608 1042 2661 dola.

550 2679 637 2737 VI.
675 2679 749 2733 De
776 2678 989 2750 Legibus
1015 2677 1270 2750 neglectis.

549 2750 662 2804 VIl.
695 2750 769 2805 De
803 2748 1133 2821 Infanticidia
1159 2760 1206 2821 et
1236 2749 1397 2803 Fama
1426 2748 1678 2804 Incestus.

554 2821 688 2876 VIII.
722 2821 798 2875 De
819 2819 982 2873 Fama
1012 2819 1216 2873 Incerti.

547 2893 640 2947 IX.
679 2891 752 2945 De
775 2891 1064 2956 Sceleribus
1093 2889 1391 2946 Gentilium.

552 2964 617 3017 X.
655 2963 727 3017 De
751 2979 853 3016 non
881 2962 1091 3014 colendo
1125 2959 1294 3015 ldolo.

549 3034 638 3089 XI.
659 3032 753 3108 De
774 3032 1066 3108 hominibus
1095 3041 1206 3102 post
1237 3042 1448 3087 ntortem
1478 3034 1530 3108 in
1572 3032 1898 3090 Divinitatcm

611 3106 830 3160 allectis.

553 3176 666 3231 XII.
691 3171 890 3229 Contra
918 3173 1137 3227 Deorum
1165 3173 1478 3229 Simulacra.

547 3247 687 3302 XIII.
715 3247 795 3300 De
817 3247 1137 3298 irreverentia
1164 3262 1283 3316 erga
1315 3245 1469 3300 Deos.

555 3318 696 3374 XIV.
733 3318 806 3370 De
839 3316 1218 3384 Sacri/icando.

556 3387 671 3441 XV.
703 3387 777 3441 De
809 3385 1022 3440 Fabulis
1051 3398 1095 3440 et
1124 3384 1295 3442 Mimis
1335 3385 1660 3456 Deorumque
1689 3387 1898 3457 faelita~

621 3461 766 3512 tibus.

570 3528 705 3583 XVI.
740 3530 810 3583 De
835 3530 1012 3600 Capite
1037 3530 1249 3582 Asinino
1279 3538 1325 3582 et
1361 3529 1556 3600 caneris
1591 3526 1892 3598 insignibus,

510 3633 518 3639 -
629 3617 739 3670 quae
765 3601 1038 3656 Christiani
1063 3601 1361 3655 dicebantur
1387 3599 1572 3654 colere.

557 3671 715 3726 XVII.
741 3671 818 3726 De
847 3671 970 3725 Deo.

551 3743 738 3798 XVIII.
774 3743 849 3797 De
891 3742 1233 3813 l’rophetis‘et
1265 3741 1549 3810 Scripturis
1591 3740 1893 3795 Dominicis.

553 3814 692 3885 XIX.
721 3813 801 3885 De
833 3813 1027 3885 Moyse
1043 3813 1321 3882 Propheta.

701 3884 778 3956 De
804 3883 956 3956 Statu
987 3883 1316 3956 Tempocum.

548 3955 688 4011 XXI.
723 3954 803 4009 De
830 3951 1130 4011 Christianis
1153 3964 1198 4009 et
1218 3951 1438 4019 Judwis,
1463 3951 1665 4008 Christo
1691 3962 1736 4007 et
1770 3952 1897 4006 0m-

623 4037 897 4095 nipotente.

749 4097 827 4178 De
855 4097 1157 4178 DIElIIOIIUIll
1184 4107 1393 4178 natura.
1512 4168 1524 4178 _

548 4167 752 4250 XXIII._
776 4167 849 4222 De
901 4167 1353 4224 Phantasmatibus
1389 4168 1600 4239 magicis
1625 4175 1670 4220 et
1697 4166 1890 4220 dicato-

617 4255 796 4293 ηιιιεη.
1653 4255 1664 4268 ⁸

553 4307 744 4364 XXIV.
778 4308 856 4362 De
896 4309 1148 4366 Varietate
1177 4307 1423 4364 Deorum.

330 2497 481 2508 —

329 2565 479 2580 ...Ὠ

329 2639 479 2650 —

328 2709 478 2722 ——.—

330 2781 478 2792 —

329 2852 477 2863 —

329 2923 477 2934 —

328 2995 478 3005 —

329 3066 475 3077 ﬂ

291 3176 354 3234 C3

349 3179 380 3232 Δ

389 3176 432 3233 Ρ

329 3215 413 3233 ...ι
437 3215 453 3230 ο

329 3278 478 3289 -

332 3349 484 3360 ——

333 3418 486 3430 —-

292 3529 386 3588 CA
397 3530 464 3586 P.

287 3672 454 3730 CAP.

283 4076 450 4180 cur.

283 4310 376 4368 CA
386 4309 446 4365 P.

282 4473 1089 4528 ῆᾘ

624 4513 1078 4525 ..ι--οο-οο--ι

283 4507 624 4528 πτετ

1930 2329 1978 2387 Β

1646 4467 2132 4482 -..αι-..Μ-

1117 4651 1915 4784 LECTORI
1977 4649 2826 4782 CANDIDO

2255 2323 2422 2379 XXV.
2457 2325 2533 2379 De
2556 2325 2905 2395 Religiositate
2936 2325 3304 2380 Romanorum.

2256 2395 2446 2450 XXVI.
2474 2395 2548 2448 De
2571 2397 2745 2466 Regna
2784 2395 2873 2466 Dei

2256 2466 2466 2520 XXVII.
2502 2466 2576 2519 De
2607 2468 2809 2532 Spiritu
2840 2465 3188 2521 Dtcmoniaco.

2257 2536 2494 2591 XXVIII.
2527 2537 2605 2590 De
2640 2539 2811 2605 Regna
2843 2537 3248 2606 Imperatornm.

2258 2606 2447 2661 XXIX.
2480 2608 2555 2661 An
2584 2611 2774 2676 possint
2799 2609 3033 2676 prodesse
3057 2607 3226 2662 Idola.

2259 2627 2374 2660 ΑΜ
2393 2627 2447 2661 ιι.
2480 2627 2555 2661 an
2621 2627 2774 2661 ossmt
2799 2627 3033 2676 proaesse
3057 2627 3226 2662 taeta.

2254 2677 2422 2732 XXX.
2457 2679 2528 2732 De
2559 2627 2800 2734 [I’rec'ibus
2830 2680 3256 2733 Clu-istianorum.

2257 2747 2448 2803 XXXI.
2481 2749 2557 2803 De
2587 2751 2830 2821 Oratione
2856 2768 2948 2820 pro
2975 2751 3215 2818 inimicis,
3241 2765 3333 2821 pro
3365 2749 3600 2821 Imperio

2290 2832 2336 2873 et
2365 2832 2607 2886 potestate
2643 2820 3028 2891 lmperatorunt.

2262 2891 2478 2962 XXXII.
2509 2892 2583 2946 De
2612 2890 2962 2956 nouiurando
2985 2908 3074 2962 per
3110 2890 3325 2944 Genium
3358 2891 3598 2947 Ca’saris.

2254 2961 2496 3017 XXXIII.
2526 2962 2628 3017 Pro
2656 2961 2996 3032 Imperatore.

2255 3032 2493 3104 XXXIV.
2537 3035 2637 3087 l’ro
2669 3031 2892 3104 Augusto
2915 3031 3251 3104 Imperatore.

2255 3101 2472 3158 XXXV.
2509 3104 2586 3157 De
2607 3101 2932 3158 Solemnilms
2961 3102 3239 3156 thsarum.

2255 3170 2497 3242 XXXVI.
2524 3174 2602 3227 De
2625 3173 2948 3242 quualitate
2975 3174 3201 3224 omnium
3234 3187 3594 3238 personarum.

2255 3241 2518 3299 XXXVII.
2558 3243 2639 3298 Ne
2663 3241 2853 3297 malum
2873 3253 3049 3296 contra
3075 3244 3287 3295 nudum.

2256 3311 2542 3368 XXXVIII.
2575 3314 2650 3369 De
2669 3314 2833 3370 Ccetu.

2253 3382 2492 3439 XXXIX.
2523 3385 2598 3438 De
2622 3385 2894 3453 disciplina
2920 3383 3349 3438 Christianorum.

2257 3454 2366 3509 XL.
2396 3456 2584 3511 Contra
2609 3455 2877 3509 Ethnit'am
2904 3456 3164 3508 rationem.

2253 3525 2385 3579 XLI.
2415 3527 2564 3594 Quod
2596 3527 2729 3581 Deus
2758 3527 3016 3594 spernitur
3032 3535 3075 3577 et
3091 3535 3275 3580 statuta
3297 3525 3597 3580 adorantur.

2257 3596 2417 3668 XLII.
2447 3599 2600 3668 Quod
2630 3597 2985 3668 Infructuosos
3011 3596 3205 3651 dicunt.

2257 3667 2438 3723 XLIII.
2471 3669 2544 3722 De
2575 3667 2868 3722 LenOCinin.

2255 3737 2442 3793 XLIV.
2475 3738 2552 3793 De
2581 3740 2838 3794 Custodiis
2871 3737 3230 3792 Ethnicorum.
3257 3797 3268 3802 ἰ

2255 3807 2414 3866 XLV.
2451 3809 2524 3864 De
2546 3809 2845 3878 Innocentia
2867 3809 3292 3864 Christianorum.

2255 3880 2437 3934 XLVI.
2472 3880 2546 3934 De
2572 3881 2876 3935 Christianis
2903 3891 2949 3935 et
2983 3879 3335 3948 Philosophis.

2253 3951 2463 4022 XLVII.
2498 3952 2647 4018 Quod
2673 3950 2976 4022 l’liilosOphi
3005 3961 3050 4005 et
3073 3949 3244 4006 Poeta:
3269 3967 3360 4005 sua
3384 3967 3446 4005 ea;
3472 3948 3606 4022 Lrge

2325 4021 2418 4077 Dei
2448 4023 2624 4076 desum
2632 4024 2841 4089 pscrint.

2258 4092 2487 4148 XLVIII.
2522 4093 2596 4147 De
2625 4093 3010 4148 Resurrectione
3040 4091 3299 4162 Corporis.

2254 4163 2444 4220 XLIX.
2482 4163 2556 4218 De
2584 4163 2888 4218 Tolerandis
2917 4163 3240 4218 Christianis.
3285 4195 3288 4200 ι

2036 4267 2179 4280 ——-——
2252 4237 2315 4290 L.
2351 4234 2662 4289 Prtestantia
2692 4235 2939 4290 doctrina:
2963 4233 3287 4290 Christiame.

2039 2353 2183 2364 -——-

2040 2424 2181 2434 -—_

2039 2495 2183 2505 .—

2038 2565 2184 2576 C—I

2039 2636 2184 2646 *-

2038 2707 2182 2718 -ο

2040 2779 2183 2789 -σ-

2002 2889 2156 2945 CAP.

2039 2992 2181 3002 ——

2037 3062 2180 3072 —_—

2038 3132 2180 3143 -η

2037 3203 2182 3212 ——_

2036 3273 2181 3286 ..η-

2037 3344 2180 3354 ι..-

2037 3414 2180 3425 ~—

2036 3486 2181 3496 ——-

2036 3557 2180 3567 ——_

2038 3699 2184 3710 *-

2040 3770 2184 3780 -α-ι-

2039 3841 2182 3851 —

2041 3913 2103 3922 p—
2110 3913 2182 3922 —

2002 4094 2157 4151 CAP.

2137 4465 2560 4478 -ι--ο-ι--α--οαια

2568 4465 2750 4477 ...ο-υ

2826 4462 3595 4520 ᾖ

929 4922 1018 4994 S.
1068 4927 1156 4998 Ρ,
1217 4925 1321 4994 D.
1376 4919 2043 4995 SIGEBERTUS
2094 4914 2944 4993 HAVERCAMPUS.

1644 5053 2264 5180 mem

365 5267 588 5339 Semper
606 5268 783 5340 Africa
808 5268 921 5324 novi
948 5268 1162 5338 aliquid.
1207 5266 1330 5333 Illa,
1361 5267 1633 5322 solitudine
1662 5266 1888 5331 horrida,
1918 5267 1970 5325 D
1996 5281 2155 5336 genus
2180 5307 2193 5328 ,
2229 5267 2367 5320 triste
2397 5268 2588 5321 malum
2619 5270 2726 5323 uvis
2751 5310 2765 5335 ,
2813 5266 3255 5337 protuberantibus
3285 5263 3506 5333 primum
3543 5261 3598 5316 in
3693 5257 3700 5262 ’”

283 5360 520 5430 ferarum
548 5361 722 5425 altrix,
755 5361 955 5416 scholas
986 5361 1280 5428 bestiarum,
1310 5360 1755 5428 Romanorumque
1775 5359 1896 5414 olim

285 5465 509 5504 munera
533 5490 549 5515 ,
576 5451 734 5516 mille,
769 5452 972 5507 diversa
1018 5453 1243 5507 horroris
1277 5453 1441 5520 specie
1463 5452 1753 5520 roborisque
1782 5467 1894 5504 am-

286 5538 550 5612 plitudine
571 5583 588 5606 ,
621 5541 799 5596 ditavit
823 5543 1153 5598 animalibus.
1191 5541 1294 5598 llla
1323 5543 1375 5597 in
1401 5542 1719 5598 sanctissima
1749 5541 1894 5594 Mar-

280 5640 466 5701 tyrum
489 5647 706 5703 corpora
727 5674 742 5698 ,
769 5643 1028 5705 spectante
1055 5634 1176 5689 lecta
1205 5634 1411 5690 Romuli
1439 5633 1610 5706 plebe,
1634 5642 1902 5702 spectato-'

281 5721 434 5778 ribus
479 5739 582 5778 non
633 5725 901 5781 dissimilia
955 5725 1144 5798 Lybica
1199 5727 1406 5782 immisit
1460 5735 1705 5781 monstra.
1768 5723 1891 5780 Fuit

279 5816 474 5909 eadem
507 5817 720 5891 Africa,
771 5836 885 5892 quae
926 5836 1027 5879 non
1070 5821 1264 5893 vulpe:
1290 5821 1484 5890 solum,
1531 5821 1638 5878 doli
1681 5821 1884 5892 plenum
1928 5899 1944 5909 .

2002 5355 2232 5412 Ecclesia
2259 5357 2547 5412 Christiana
2574 5358 2752 5413 vitibus
2775 5402 2788 5425 ,
2823 5359 3105 5428 procreavit
3130 5373 3144 5420 ;
3175 5355 3264 5410 sed
3293 5365 3338 5410 et
3367 5365 3594 5408 metuen-

2000 5451 2090 5505 dos
2115 5450 2343 5523 dentibus
2369 5466 2520 5520 apros
2546 5492 2559 5515 ,
2590 5450 2756 5504 vineta
2782 5451 2895 5521 ipsa
2925 5447 3223 5515 elfodientes
3243 5488 3258 5512 ,
3286 5446 3436 5500 horrc
3449 5446 3596 5498 idum

1998 5545 2248 5615 rugientes
2288 5543 2486 5605 leones,
2537 5543 2849 5614 immitesque
2898 5558 3042 5596 ursos
3084 5537 3465 5595 subministra:5
3493 5580 3500 5592 .
3529 5537 3597 5589 At

1997 5653 2111 5692 vero
2138 5635 2266 5690 sicut
2292 5634 2362 5687 ad
2390 5639 2772 5703 temperandam
2818 5633 2969 5689 Urbis
3012 5631 3085 5688 [Ε
3093 5642 3247 5687 terna:
3275 5670 3291 5694 ,
3335 5642 3430 5698 qut
3463 5626 3596 5696 falso

1995 5728 2197 5785 nomine
2239 5727 2335 5781 sibi
2367 5723 2721 5780 blandiebatur
2771 5726 2937 5782 Roma
2960 5768 2974 5792 ,
3005 5725 3232 5780 latitiam
3257 5764 3272 5787 ,
3304 5720 3420 5792 Afri
3457 5709 3593 5789 prta-

1994 5821 2162 5878 scrtim
2210 5819 2624 5894 efﬂagitabantur
2647 5829 2931 5884 venatores,
2973 5819 3081 5888 qui,
3112 5816 3300 5872 viribus
3329 5813 3551 5873 valentes
3573 5853 3590 5880 ,
