4242 6264
637 370 745 432 251

1954 361 2253 424 LECTORI
2284 360 2593 422 CANDlDO

3752 320 3934 426 .252

645 485 1048 563 frustrandisque
1092 482 1362 539 bestiarum
1403 480 1651 537 morsibus
1689 480 1911 549 artifices
1933 520 1950 546 ,
1990 480 2235 551 intpetum
2259 478 2313 541 Α
2339 476 2541 533 Graecas
2568 476 2926 548 Romanasque
2950 483 3243 533 tractamus.
3282 495 3301 530 t
3335 476 3521 532 Merito
3563 479 3735 548 itaque
3778 477 3932 533 nobili

646 595 819 634 earnm
848 576 1137 640 eluderent,
1162 574 1400 643 ipsasque
1426 572 1767 639 outlicerent;
1804 572 1875 625 sic
1916 572 2067 625 etiam
2111 572 2237 625 satis

643 658 883 741 magnum
921 677 1109 723 aeterna
1165 683 1276 722 vere
1301 664 1399 720 Dei
1425 665 1528 719 veri
1571 664 1757 725 Civitas
1796 671 1973 719 contra
2010 662 2236 719 Valenti-

643 762 823 816 niauos
847 802 861 824 ,
897 758 1194 833 Cnosticos,
1237 758 1491 823 Arianos,
1536 755 1821 827 similiaque
1853 754 2077 812 Natura:-
2112 771 2234 826 por—

643 864 778 910 tenta
801 895 817 920 ,
851 854 1074 927 genitum
1114 869 1178 908 ex
1223 851 1398 908 eadem
1423 850 1518 906 sibi
1543 851 1720 923 Africa
1757 849 1880 905 vidit
1919 848 2232 922 privsidium.

647 948 784 1016 Quid
828 948 962 1003 enim
999 946 1274 1020 Augustini
1311 961 1403 1016 ego
1446 943 1774 999 subtilitatem
1817 951 1863 999 et
1904 942 2235 1013 auditionem

642 1040 891 1095 laudem?
945 1038 1247 1109 mellifluam
1290 1035 1547 1091 Lactantii
1595 1034 1931 1105 eloquentiam
1982 1032 2237 1102 probem?

643 1131 853 1186 Arnobii
900 1130 1102 1185 doctam
1149 1130 1493 1184 curiositatem
1544 1142 1815 1198 persequar
1830 1126 1868 1195 9,
1901 1124 2136 1195 Undique
2182 1124 2237 1178 in

645 1221 888 1291 Cypriani
918 1202 1121 1290 scriptis
1146 1219 1451 1275 relucentem
1487 1219 1724 1288 pietatem
1746 1258 1761 1281 ,
1794 1232 1945 1289 quant
1976 1216 2084 1289 ipse
2110 1231 2233 1269 san-

643 1315 793 1384 guine
816 1330 907 1367 suo
929 1313 1146 1383 signavit
1169 1353 1183 1376 ,
1217 1310 1534 1381 suspiciant?
1564 1309 1701 1377 Quid
1730 1308 1947 1379 denique
1971 1349 1987 1378 ,
2014 1308 2101 1376 qui
2133 1323 2234 1361 uno

644 1406 792 1459 etiam
814 1404 982 1457 libello
997 1402 1210 1457 multum
1228 1418 1355 1456 vera:
1374 1402 1552 1472 gloria
1569 1401 1767 1467 meruit,
1791 1398 2001 1453 Minucii
2016 1398 2238 1451 admirer

644 1500 918 1552 rotundum
943 1505 990 1550 et
1018 1496 1293 1566 lenefluens
1317 1493 1613 1562 eloquium!
1644 1492 1788 1547 Unus
1817 1494 1979 1546 instar
2009 1490 2237 1545 omnium

644 1601 716 1645 est
756 1589 1169 1645 TERTULLIANUS
1191 1628 1205 1651 ,
1238 1588 1291 1639 in
1332 1602 1431 1656 quo
1459 1586 1671 1639 multum
1701 1583 1795 1638 sibi
1825 1583 1988 1655 placet
2020 1582 2237 1654 Augus—

646 1682 818 1747 tinus;
847 1679 1025 1733 Omnis
1055 1678 1249 1749 generis
1276 1677 1556 1730 litterarum
1597 1674 1830 1744 peritiam
1855 1673 2081 1743 agnoscit
2106 1671 2238 1725 Lac-

646 1773 873 1834 tantius;
904 1769 1066 1836 Quem
1090 1765 1392 1835 sequendum
1422 1765 1515 1820 sibi
1542 1765 1777 1834 praponit
1801 1762 2090 1830 Arnobius;
2121 1761 2238 1819 Μα-

2341 572 2596 637 litterato,
2641 580 2688 625 et
2733 569 2938 638 diffusa:
2976 570 3272 625 eruditionis
3301 570 3515 625 Barthio
3559 571 3705 625 audit
3749 570 3932 628 Puer.

2340 677 2722 727 ununrrtoxou,
2753 663 2841 717 lib.
2870 662 3143 717 Adversar.
3170 679 3286 721 xui.
3310 662 3438 734 Cap.
3468 678 3579 718 xw.
3611 663 3766 732 Apud
3788 679 3937 735 quem

2340 756 2432 811 lib.
2461 772 2582 811 xu.
2614 754 2742 826 Cap.
2772 771 2810 809 ι.
2839 754 2950 809 Ιιαέ
2977 756 3129 809 etiam
3155 756 3251 826 legi
3283 764 3508 825 possunt.
3540 773 3559 807 ι
3589 754 3936 825 Scriptorum,

2346 868 2365 903 (
2396 859 2641 921 quantum
2669 847 2737 902 ad
2766 864 2859 903 nos
2903 848 3069 914 venit,
3122 848 3369 902 eruditior
3414 856 3670 907 nemoest
3695 888 3709 912 ,
3774 863 3939 918 exque

2348 959 2368 995 ι
2405 958 2505 1012 quo
2546 942 2699 1010 plura
2725 940 3016 994 condiscere
3057 939 3254 1010 possis,
3303 954 3455 1010 quam
3500 932 3938 1004 Tehruutmus,

2348 1053 2366 1086 ι
2407 1033 2601 1089 Nullus
2626 1034 2679 1088 in
2703 1049 2761 1087 eo
2788 1050 2922 1104 apex
2941 1042 3013 1087 est
3041 1049 3143 1087 non
3168 1049 3283 1087 cum
3306 1049 3430 1087 cura
3454 1034 3675 1103 positus,
3702 1042 3760 1087 ut
3783 1074 3798 1097 ,
3830 1048 3934 1103 quo

2347 1145 2367 1180 (
2406 1136 2552 1197 pacto
2580 1127 2669 1181 alii
2709 1126 2886 1196 inopia
2906 1168 2919 1188 ,
2945 1126 3025 1179 hic
3053 1126 3367 1180 abundantia
3407 1127 3695 1180 litterarunt
3724 1128 3939 1196 peccare

2347 1236 2367 1270 t
2401 1234 2764 1288 nonnunquam
2793 1217 3042 1272 videatur.
3077 1237 3096 1269 ι
3127 1216 3320 1284 Quibus
3347 1217 3525 1272 merito
3555 1217 3938 1287 adjungendum

2344 1309 2552 1366 Thema:
2581 1310 2926 1380 Campanellae
2963 1309 3338 1374 testimonium,
3385 1308 3480 1363 viri
3540 1308 3691 1378 cujus
3750 1308 3941 1379 ingenii

2343 1404 2706 1459 vehementiam
2734 1412 2780 1457 et
2801 1402 2987 1472 judicii
3016 1402 3344 1456 acrimoniam
3386 1416 3520 1470 sirpe
3557 1416 3670 1455 sunt
3712 1401 3943 1455 admira-

2344 1505 2442 1550 tus.
2475 1494 2577 1549 Ille
2604 1495 2656 1548 in
2688 1492 2885 1548 Libello
2909 1493 2972 1546 de
2996 1492 3164 1546 Libris
3197 1490 3429 1561 Propriis
3457 1500 3503 1544 et
3534 1489 3693 1545 Recta
3722 1491 3942 1546 Ratione

2342 1589 2597 1645 Studendi
2625 1588 2753 1659 Cap.
2777 1585 2981 1641 tx.Edit
3005 1586 3308 1641 :Creniana:
3334 1602 3453 1654 pag.
3482 1584 3609 1640 alii.
3627 1584 3712 1639 ubi
3737 1586 3940 1640 virtutes

2308 1677 2388 1737 ‘et
2412 1682 2535 1737 vitia
2561 1681 2883 1750 Scriptorum
2919 1678 3293 1750 quorumdam,
3325 1682 3413 1749 qui
3456 1677 3763 1747 Theologica
3808 1687 3941 1730 trac-

2341 1784 2511 1830 tarunt
2533 1816 2551 1840 ,
2589 1773 2896 1828 enumeravit
2918 1813 2936 1839 ,
2988 1773 3062 1826 ita
3105 1772 3160 1825 in
3196 1772 3291 1825 hoc
3322 1769 3516 1824 Nostro
3560 1770 3778 1825 Auctore
3800 1770 3933 1839 ﬁnit.

643 1864 854 1933 gistrum
881 1901 895 1924 ,
944 1860 1135 1929 quoties
1162 1857 1314 1911 libros
1339 1858 1447 1927 ejus
1477 1857 1636 1926 poscit
1659 1896 1675 1922 ,
1726 1862 1868 1908 vocat
1912 1853 2238 1925 Cyprianus;

2350 1886 2369 1919 ‹
2409 1867 2821 1922 ΤεκτσιιιιιΑΝυε
2871 1864 3084 1934 denique
3127 1874 3182 1917 ut
3238 1863 3612 1934 Theologornm
3656 1862 3937 1934 Magister,

644 1954 697 2006 in
724 1967 815 2005 suo
842 1949 1055 2017 denique
1084 1947 1337 2018 Dialogo,
1382 1948 1469 2016 qui
1493 1946 1625 2000 velut
1666 1954 1980 2010 contractum
2008 1960 2070 1999 cx
2099 1953 2239 1998 vasto

643 2045 957 2117 Apologetici
985 2043 1137 2113 hujus
1181 2041 1362 2111 pelago
1402 2042 1545 2094 sinus
1586 2049 1659 2095 est
1702 2056 2007 2105 curvamen,
2041 2048 2240 2093 tantum

643 2154 741 2191 non
768 2134 1055 2190 transcribit
1073 2132 1346 2188 Minatius.
1376 2131 1451 2186 De
1473 2148 1575 2204 quo
1612 2132 1815 2203 quidem
1833 2130 2235 2198 Τιςιιτυιιωεο,

643 2230 765 2300 quid
804 2227 1005 2298 Veteres
1030 2235 1077 2279 et
1102 2224 1349 2279 Recentes
1377 2225 1620 2279 Auctores
1650 2241 1751 2278 non
1780 2224 1889 2278 sine
1915 2223 2126 2278 laudum
2157 2239 2238 2277 cu-

643 2322 783 2376 mulo
820 2319 1098 2385 senserint,
1149 2317 1376 2389 quamvis
1399 2317 1478 2370 hic
1524 2317 1806 2375 exscribere
1851 2316 1976 2370 mihi
2020 2331 2121 2369 non
2169 2316 2235 2369 sit

643 2413 953 2486 propositum
974 2453 989 2479 ,
1019 2421 1186 2466 tamen
1226 2426 1327 2464 non
1352 2424 1557 2479 possunt
1581 2449 1595 2472 ,
1625 2412 1747 2476 quin
1795 2423 1959 2479 pauca
1997 2407 2229 2462 delibem.

641 2505 711 2560 Et
748 2505 977 2561 Veterum
1002 2502 1205 2575 quidem
1235 2499 1608 2574 perhonoriﬁca
1638 2500 1926 2554 testimonia
1951 2498 2087 2553 hisce
2114 2513 2235 2552 con-

641 2598 794 2652 traxit
833 2596 1125 2651 Vincentius
1170 2593 1485 2662 Lirinensis,
1532 2593 1691 2661 quinti
1720 2591 1914 2663 seculi,
1964 2591 2045 2645 cui
2086 2590 2231 2644 illttnt

642 2687 867 2758 Congius
891 2727 905 2751 ,
933 2687 1189 2758 assignat,
1216 2701 1319 2740 non
1347 2685 1658 2755 infacundus
1703 2686 1941 2755 scriptor.
1991 2686 2119 2754 llic,
2148 2689 2231 2741 in-

641 2782 769 2852 quit,
792 2779 935 2850 npud
962 2779 1181 2834 Latinos
1208 2789 1513 2834 nostrorum
1533 2781 1772 2835 omnium
1803 2776 1959 2836 facile
1984 2781 2263 2857 princepsv

638 2869 1157 2944 judicaudus.'Quid
1201 2871 1343 2927 enim
1384 2872 1483 2927 hoc
1531 2871 1647 2926 viro
1690 2870 1946 2927 doctius?
1994 2873 2135 2947 Quid
2177 2874 2267 2932 in!

644 2966 851 3021 Divinis
889 2977 1049 3036 atque
1097 2965 1354 3023 Humanis
1391 2966 1573 3022 Rebus
1601 2967 1986 3022 exercitatius?
2028 2948 2233 3041 Nempe

641 3075 855 3115 atnuem
889 3057 1287 3129 Philosvphiam
1314 3065 1368 3113 et
1394 3067 1615 3114 cunctas
1639 3058 2087 3133 Philosophorum
2112 3063 2235 3120 Sec-

644 3163 723 3209 lilS
749 3194 761 3217 ,
818 3159 1062 3206 auctores
1113 3159 1519 3224 asscrtoresque
1564 3150 1846 3208 Scotorum
1875 3195 1890 3220 ,
1937 3170 2232 3227 omnesque
2260 3193 2305 3257 C

640 3258 824 3298 eorum
855 3242 1197 3312 disciplinas,
1224 3258 1439 3309 omnem
1465 3241 1815 3303 historiarum
1840 3253 1895 3302 et
1936 3248 2255 3303 studiorum.

643 3353 721 3390 \‘tn
737 3338 950 3391 ictutem
982 3337 1113 3391 mira
1137 3337 1363 3408 quadam
1392 3338 1587 3394 mentis
1610 3339 1904 3411 capacitate
1922 3342 2234 3412 complexus

642 3439 741 3484 est.
772 3429 990 3500 Ingenio
1019 3445 1144 3484 vero
1175 3444 1354 3485 nonne
1384 3439 1488 3485 tam
1530 3432 1677 3504 grati
1706 3441 1759 3486 et
1806 3432 2109 3489 vehementi
2142 3451 2236 3490 ex-

643 3523 819 3576 ('eilttit
844 3564 859 3587 ,
886 3524 966 3576 uti
996 3524 1126 3577 nihil
1169 3523 1267 3578 sibi
1318 3538 1455 3593 pene
1485 3524 1551 3579 ad
1595 3527 2006 3596 expugnandum
2040 3542 2235 3599 prapo-
2265 3542 2269 3549 ·

644 3616 839 3678 suerit,
871 3612 1143 3683 quodnon
1171 3624 1262 3669 aut
1290 3616 1539 3670 acumine
1561 3616 1846 3687 irruperit,
1875 3630 1966 3674 aut
1995 3621 2236 3690 pondere

645 3703 858 3759 illiserit
883 3705 906 3757 ?
935 3704 1052 3759 lam
1081 3720 1240 3776 porro
1269 3707 1529 3763 orationis
1552 3723 1663 3766 sua:
1692 3711 1878 3768 laudes
1896 3715 2022 3784 quis
2045 3716 2238 3786 exequi

643 3795 859 3852 valeat?
883 3797 1012 3864 Quae
1045 3805 1188 3854 tanta
1209 3839 1225 3867 ,
1272 3801 1457 3857 nescio
1482 3818 1622 3874 qua,
1663 3802 1931 3863 rationum
1973 3806 2238 3864 densitate

643 3900 888 3945 conserta
908 3900 993 3947 est
1013 3933 1029 3959 ,
1058 3902 1115 3947 ut
1144 3893 1213 3949 ad
1237 3907 1557 3949 consensum
1579 3896 1661 3950 sui
1681 3936 1697 3962 ,
1725 3910 1859 3966 quos
1881 3898 2110 3954 suadere
2133 3916 2240 3957 non

546 4016 549 4021 η
644 3976 881 4053 'potuerit
904 4024 919 4050 ,
953 3983 1195 4055 impellat
1216 4003 1229 4039 :
1250 3984 1401 4056 cuius
1431 3995 1561 4058 quot
1588 4003 1725 4057 pene
1748 4000 1751 4003 '
1771 3987 1930 4043 verba
1956 4029 1971 4056 ,
2002 3998 2080 4044 tot
2110 4005 2238 4046 seu-

650 4074 829 4129 tentize
854 4083 981 4153 sunt
1005 4116 1021 4141 ,
1042 4084 1421 4157 quotsensus,
1457 4085 1534 4133 tot
1558 4077 1814 4157 victorias.
1846 4077 1932 4135 Ex
1964 4080 2238 4155 Receptio-

645 4166 784 4220 ribus
823 4167 1060 4236 quidem,
1110 4167 1339 4225 Illustris
1384 4154 1684 4226 Nobilitatis
1708 4170 1937 4243 Josepho
1975 4154 2239 4245 Scaligero

646 4256 910 4311 sublimius
963 4267 1011 4311 et
1068 4259 1339 4330 perfectius
1384 4260 1455 4314 in.
1485 4261 1622 4315 omni
1670 4276 1852 4333 genere
1900 4263 2143 4325 doctrina:
2194 4273 2243 4319 et

650 4348 997 4405 Scientiarum
1039 4367 1139 4405 non
1196 4353 1331 4405 novit
1386 4351 1537 4407 Orbis
1589 4355 1834 4410 eruditus.
1898 4355 2028 4411 Vide
2074 4358 2243 4426 itaque

648 4451 896 4511 quantum
918 4442 983 4495 sit
1008 4459 1040 4497 a
1070 4443 1279 4499 laudato
1307 4443 1530 4503 laudari.
1571 4443 1735 4502 Verba
1760 4445 1869 4513 eius
1893 4457 2013 4505 sunt
2042 4448 2093 4503 in
2114 4448 2241 4505 Pri-

2349 1977 2368 2011 ι
2410 1961 2525 2028 plus
2553 1958 2731 2030 probat
2757 1954 2954 2012 duobus
2982 1957 3144 2010 verbis
3168 1997 3181 2020 ,
3209 1972 3364 2025 quam
3391 1955 3559 2011 caeteri
3596 1954 3736 2012 mille
3782 1970 3939 2025 argu-

2350 2069 2368 2102 i
2406 2052 2585 2103 mentis
2615 2066 2633 2103 :
2658 2049 2825 2120 gravis
2848 2090 2862 2113 ,
2896 2047 3088 2101 arduus
3113 2088 3126 2111 ,
3156 2063 3271 2101 acer
3294 2088 3310 2113 ,
3342 2048 3531 2117 efﬁcax
3551 2087 3567 2113 ,
3594 2046 3753 2100 brevis
3776 2088 3791 2112 ,
3821 2063 3941 2100 con-

2347 2161 2367 2195 ‹
2404 2142 2583 2197 cinnus
2606 2157 2625 2195 :
2650 2140 3016 2210 philosophiae
3058 2134 3406 2209 grammatica:
3431 2180 3446 2205 ,
3504 2155 3608 2195 non
3656 2147 3824 2191 autem
3863 2138 3936 2191 ci-

2347 2250 2367 2283 (
2400 2233 2514 2286 vilis
2558 2232 2761 2297 cultor,
2809 2240 2854 2284 et
2902 2247 2995 2283 suo
3042 2231 3373 2301 africanistno
3418 2230 3646 2285 homines
3690 2231 3824 2285 velut
3864 2232 3936 2284 ad

2346 2342 2364 2375 ι
2395 2324 2689 2393 peregrinas
2713 2337 2900 2377 merces
2928 2320 3182 2377 alliciens.
3220 2342 3239 2375 ι
3420 2306 3426 2312 ’

2415 2413 2554 2480 Quid
2578 2415 2733 2485 igitur
2763 2414 2947 2468 ntirunt
2966 2456 2981 2480 ,
3006 2413 3052 2467 si
3073 2421 3242 2467 tantus
3266 2411 3456 2467 Auctor
3480 2428 3580 2467 non
3609 2420 3803 2465 tantum
3831 2420 3936 2464 tam

2338 2506 2567 2577 insignes
2596 2505 2889 2559 laudatores
2909 2546 2923 2570 ,
2963 2503 3054 2558 sed
3090 2510 3136 2557 et
3167 2504 3393 2557 omnium
3425 2502 3661 2558 Gentium
3693 2503 3936 2559 invenerit

2339 2596 2790 2653 Commentatores.
2819 2597 2945 2651 Cum
2984 2596 3349 2653 TERTULUANI
3389 2597 3520 2652 enim
3538 2596 3736 2657 nomine
3766 2612 3937 2651 £01188—

2338 2690 2817 2756 crata.Eternitati,
2845 2708 2907 2749 ex
2930 2692 3071 2745 omni
3100 2703 3235 2745 statu
3266 2699 3313 2745 et
3338 2691 3634 2761 disciplina,
3666 2689 3935 2745 manebunt

2340 2784 2544 2838 nomina
2577 2767 2950 2839 Rnessuonou
2970 2825 2985 2849 ,
3021 2783 3373 2839 PhHi-21.1080)!
3395 2823 3409 2845 ,
3435 2781 3701 2838 J‘umonuu
3728 2822 3742 2846 ,
3774 2797 3838 2836 ne
3868 2797 3935 2837 LA

2337 2873 2629 2930 CERDARUI
2653 2916 2666 2938 .
2686 2874 3053 2930 "EBALDORUII
3076 2916 3092 2939 ,
3120 2874 3594 2932 Goruorneoonon
3610 2916 3622 2936 ,
3647 2872 3937 2931 SALIAMO-

2338 2980 2446 3020 non
2469 3006 2483 3029 ,
2540 2964 2936 3021 Βιδλιτιοιιωι.
2984 2964 3053 3021 Ut
3075 2956 3193 3037 jam
3217 2974 3409 3020 taceam
3452 2965 3729 3020 Zemmtos
3750 3008 3763 3031 ,
3797 2965 3936 3020 Bttn-

2338 3072 2519 3123 meos,
2564 3057 2826 3115 (ἔλοπος
2851 3101 2865 3126 ,
2902 3059 3185 3123 ΙλΑτιΝιοε,
3230 3058 3534 3126 Genaunos,
3578 3058 3888 3113 Mencentos
3915 3098 3932 3127 ,

2339 3138 2722 3217 Woummmos,
2780 3153 3034 3224 aliamque
3075 3153 3198 3207 satis
3248 3168 3568 3207 numerosam
3617 3141 3938 3207 eruditorum

2340 3243 2555 3309 turbam,
2585 3245 2673 3314 qui
2701 3244 2858 3315 hujus
2885 3245 3119 3299 Auctoris
3144 3244 3368 3318 studium
3395 3243 3610 3313 publicis
3633 3244 3835 3314 ingenii
3854 3245 3934 3297 sui

2294 3398 2297 3399 ν
2340 3336 2673 3391 monumentis
2701 3345 2935 3399 testatum
2964 3338 3178 3406 posteris
3204 3337 3489 3392 voluerunt.
3526 3335 3594 3390 Et
3621 3353 3683 3391 ex
3713 3337 3791 3389 ltis
3819 3336 3936 3407 qui-

2341 3428 2456 3481 dem
2487 3428 2696 3499 plurimi
2723 3438 2908 3483 cuncta
2939 3418 3082 3482 nobis
3114 3428 3481 3498 Teu'rvLmttut
3513 3426 3682 3498 Opera
3703 3426 3935 3481 elucida-

2341 3519 2561 3575 tionibus
2586 3521 2706 3579 .suis
2757 3531 3002 3576 exornata
3056 3521 3323 3576 dederunt.
3368 3520 3513 3576 Inter
3561 3536 3685 3590 quos
3739 3522 3935 3591 primus

2343 3612 2665 3679 RH‘ENANUS,
2707 3613 2809 3686 (cui
2852 3624 2901 3668 et
2938 3616 3074 3669 hunc
3093 3624 3142 3668 et
3177 3615 3425 3685 plurimos
3463 3614 3592 3668 alios
3626 3615 3867 3668 Auctores
3886 3613 3938 3666 in

2346 3706 2509 3759 lucem
2534 3716 2816 3777 protractos
2835 3718 2984 3782 grata
3008 3708 3149 3763 debet
3176 3708 3473 3780 posteritas)
3497 3709 3570 3763 bis
3592 3717 3724 3767 terve
3749 3708 3937 3779 repeti-
4025 3752 4035 3764 .

2344 3801 2408 3853 tis
2434 3800 2733 3873 editionibus
2752 3839 2768 3866 ,
2801 3800 3082 3858 GELENIUI
3105 3802 3488 3866 BARREUIQUB
3528 3800 3701 3855 habuit
3731 3807 3933 3853 secuto-

2342 3908 2452 3956 res,
2498 3893 2775 3948 PAMELIUM
2804 3895 2985 3948 dehinc
3022 3894 3354 3960 Joutouooe,
3399 3905 3444 3948 et
3472 3892 3941 3966 egregitedoctrinat

2344 3986 2659 4043 Looowcou
2684 4004 2750 4042 ne
2782 4006 2847 4044 LA
2877 3988 3082 4045 Cenes.
3133 3988 3261 4044 Post
3294 4005 3453 4059 quos,
3485 4000 3540 4043 ut
3584 4000 3631 4043 et
3671 3988 3938 4059 quemdam

2344 4076 2624 4134 Gsonctou
2654 4080 2991 4144 Aunmmau,
3016 4081 3100 4152 qui
3121 4082 3320 4151 operosi
3345 4082 3425 4136 sui
3455 4080 3767 4152 Omniloqnii
3784 4081 3941 4135 trium

2344 4170 2658 4225 voluminum
2686 4172 2829 4226 hiatu
2864 4173 2996 4227 nihil
3025 4173 3239 4244 dignum
3276 4173 3509 4242 prrvstitit
3530 4214 3543 4237 ,
3592 4181 3789 4226 tantum
3830 4188 3933 4226 non

2345 4278 2408 4315 ex
2431 4258 2642 4316 morttiis
2684 4263 2962 4319 redivivum
2991 4265 3203 4320 retraxit
3242 4274 3377 4321 nota:
3405 4264 3648 4319 doctrinae
3677 4266 3751 4318 vir
3780 4262 3945 4318 Nico-
3966 4288 3983 4303 ο

2346 4367 2480 4407 LAUS
2505 4353 2811 4410 RIGAL’I'IUS.
2855 4354 3015 4427 Cujus
3045 4356 3286 4410 editiones
3316 4344 3592 4425 stepissime
3621 4354 3943 4409 Parisienses

2346 4446 2439 4501 sub
2464 4447 2680 4517 prtelum
2705 4458 3041 4513 revocarunt,
3072 4447 3310 4505 Ptuurrt
3335 4448 3540 4504 Paton“
3568 4444 3828 4514 auspiciis,
3850 4446 3943 4502 sed

648 4534 744 4599 mis
772 4534 1115 4604 Scaligeranis
1154 4551 1275 4607 pag.
1307 4535 1397 4589 96.
1444 4554 1462 4587 ‹
1498 4535 1909 4594 Τεητυιιιλκυε
1948 4540 2145 4609 semper
2188 4541 2243 4595 in
2266 4556 2321 4616 Ῑ)
2346 4538 2507 4604 ipsius
2542 4536 2755 4607 Rigaltii
2781 4540 3151 4609 inquinatiorcs
3180 4540 3342 4593 multo
3356 4580 3381 4608 ,
3405 4548 3461 4593 ut
3490 4538 3675 4609 sacpius
3703 4554 3735 4590 a
3779 4535 3944 4591 Nobis

658 4644 675 4677 ι
713 4627 947 4682 manibus
994 4628 1254 4682 habendus
1308 4639 1639 4699 accurateque
1688 4632 1932 4703 legendus
1977 4642 2049 4688 est
2072 4675 2087 4701 ,
2136 4643 2245 4689 tum

656 4736 676 4769 ι
713 4729 918 4789 propter
944 4717 1160 4791 Linguae
1180 4719 1430 4775 Romana:
1461 4720 1821 4791 proprietatem
1845 4764 1862 4791 ,
1901 4732 2011 4783 tum
2040 4736 2245 4795 propter

659 4828 678 4861 ι
715 4812 1104 4881 disciplinarum
1148 4829 1211 4867 ac
1236 4814 1796 4891 litterarum‘omnium
1863 4819 2244 4889 cognitionem;

659 4898 841 4954 (Fuit
884 4903 1020 4955 enim
1061 4903 1237 4959 doctor
1280 4906 1558 4962 omniscius
1599 4916 1648 4962 et
1695 4917 1945 4978 argutus,
1976 4911 2063 4981 qui
2088 4910 2249 4970 illatis

661 5010 679 5044 ι
718 4994 950 5048 manibus
980 4998 1273 5051 tractandus
1319 5008 1566 5067 nonest,
1618 5016 1708 5054 nec
1756 5001 1916 5056 obiter
1955 5001 2197 5074 legendus
2226 5044 2241 5070 ,

660 5103 678 5137 ι
716 5086 895 5155 ubique
921 5086 1053 5140 enim
1101 5098 1384 5143 remoratur
1403 5090 1653 5145 lectorem.
1686 5091 2093 5150 TERTULLIAUUS
2116 5104 2250 5151 certe

654 5179 1104 5234 excellentissimus
1133 5190 1308 5234 auctor
1335 5191 1406 5235 est
1448 5184 1499 5236 in
1521 5184 1773 5243 omnibus.
1811 5204 1829 5236 ‹
1859 5185 2075 5242 Exstant
2097 5192 2248 5245 etiam

655 5272 934 5328 doctissimi
953 5282 998 5326 et
1020 5272 1389 5327 aecuratissimi
1414 5273 1577 5345 Lipsii
1606 5276 1803 5344 litterw,
1833 5279 1919 5334 lib.
1947 5295 2018 5334 tv.
2039 5279 2137 5351 Ep.
2167 5298 2241 5339 ιι.

655 5370 724 5423 ad
762 5369 1016 5425 Iacobum
1058 5370 1350 5426 Pumelittm
1370 5415 1383 5437 ,
1412 5372 1466 5426 in
1498 5373 1634 5427 hunc
1662 5390 1883 5430 sensum.
1916 5395 1937 5428 ε
1970 5376 2136 5431 Audio
2161 5388 2244 5446 te,

661 5480 682 5518 ς
718 5462 1000 5518 clarissime
1027 5462 1229 5519 Pameli
1246 5504 1261 5531 ,
1293 5464 1346 5518 in
1371 5464 1686 5520 emendando
1715 5467 2096 5526 TEITULLIANO
2118 5486 2245 5525 esse.

661 5573 682 5607 ‹
720 5552 895 5626 Major
915 5596 931 5621 ,
976 5572 1045 5610 an
1071 5556 1249 5611 utilior
1271 5573 1303 5610 α
1327 5564 1375 5612 te
1409 5573 1492 5613 res
1516 5567 1749 5628 suscepta
1772 5601 1785 5623 ,
1821 5561 2006 5615 nescio.
2052 5561 2250 5633 Scrip—

662 5666 683 5699 ι
713 5656 873 5702 torem
892 5648 1098 5718 plenum
1121 5650 1344 5719 antith
1360 5659 1411 5703 et
1430 5651 1708 5707 reconditas
1729 5652 1975 5709 doctrina:
1997 5656 2251 5725 corrigere

662 5756 682 5789 c
717 5741 956 5805 auditum;
981 5740 1214 5798 eumdem
1245 5752 1526 5798 correctum
1565 5745 1700 5811 dari,
1724 5762 1828 5801 non
1873 5748 2039 5802 solum
2081 5758 2246 5805 vestra

663 5843 683 5880 ς
719 5825 1092 5897 Theolagorum
1109 5830 1333 5903 interest,
1360 5833 1451 5886 sed
1468 5846 1643 5892 nostra
1666 5839 1915 5906 omnium,
1944 5841 2032 5909 qui
2057 5842 2250 5897 litteras

2347 4630 2401 4684 in
2427 4631 2522 4683 hoc
2544 4645 2642 4685 uno
2668 4630 2838 4685 libello
2875 4639 2950 4685 est
2976 4641 3252 4687 ostensum.
3286 4629 3385 4685 Per
3408 4639 3578 4701 partes
3609 4647 3725 4686 vero
3748 4630 3944 4684 ivernnt

2346 4721 2560 4789 reliqui,
2589 4721 2665 4776 vel
2692 4719 3089 4779 Entendationes
3112 4721 3168 4778 Ν
3172 4723 3435 4791 otulasque
3483 4722 3547 4775 ab
3572 4722 3807 4776 Auctoris
3832 4738 3946 4790 ope-

2349 4827 2405 4865 re
2434 4812 2709 4880 separatim
2739 4812 2899 4866 editas
2951 4814 3283 4883 reliquerunt.
3317 4813 3461 4880 Quos
3504 4814 3637 4867 inter
3663 4813 3843 4867 eminet
3865 4814 3948 4867 in-

2350 4904 2548 4959 dustria
2570 4904 2839 4962 Desmeun
2873 4904 3136 4972 liensum,
3160 4905 3323 4975 quiin
3350 4904 3483 4958 hunc
3506 4906 3941 4972 APOLOGETICUII,

2349 4996 2430 5049 cui
2455 5005 2500 5049 et
2530 4992 2692 5049 Nobis
2705 5004 2931 5050 antntnnt
2943 5006 2989 5050 et
3001 4996 3328 5067 cogitationes
3354 4995 3575 5065 printum
3598 4993 3859 5065 applicare
3880 4995 3946 5048 li-

2352 5088 2918 5155 buit,Commentarium
2935 5089 3089 5143 varice
3102 5087 3398 5143 eruditionis
3417 5088 3641 5159 plenum,
3666 5088 3950 5159 Digressio-

2354 5197 2574 5252 numque
2600 5181 2754 5237 libros
2782 5198 2905 5236 sane
2927 5183 3101 5236 doctos
3125 5182 3380 5245 condidit;
3399 5180 3489 5235 sed
3513 5190 3561 5235 et
3580 5181 3831 5245 scriptum
3853 5181 3948 5234 hoc

2351 5277 2459 5342 iam
2478 5275 2601 5328 olim
2624 5273 2954 5331 Fauenscus
2974 5274 3256 5331 Zsrunos
3284 5274 3606 5342 Paraphrasi
3621 5274 3843 5344 quadam
3870 5284 3951 5329 ut-

2353 5383 2562 5437 cumque
2579 5367 2948 5433 illustraverat,
2980 5376 3029 5422 et
3076 5370 3255 5423 Amos
3281 5365 3531 5437 Baptistae
3561 5363 3775 5438 Egnatii
3804 5382 3954 5421 secu-

2352 5467 2435 5515 tus
2477 5475 2687 5525 curam,
2734 5459 2963 5515 edideras
3013 5462 3290 5530 separatim
3331 5459 3401 5513 ad
3449 5458 3640 5514 calcem
3675 5459 3955 5526 Lactantii,-

2354 5551 2501 5607 Anno
2527 5568 2689 5608 κων.
2717 5561 2765 5609 et
2804 5568 3039 5608 onxxv.
3078 5552 3245 5621 Quem
3287 5561 3457 5610 tamen
3501 5546 3959 5623 privoccuprtverat

2352 5641 2580 5699 Joannes
2599 5643 2859 5700 Tacuinus
2881 5684 2896 5712 ,
2925 5645 3012 5717 qui
3040 5645 3216 5700 itidem
3242 5643 3514 5699 Lactantio
3545 5652 3861 5698 annexuerat
3888 5644 3961 5698 il-

2354 5737 2460 5790 lum
2496 5735 2712 5791 Venetiis
2732 5779 2747 5803 ,
2775 5754 2909 5791 anno
2940 5753 3093 5792 non.

2430 5827 2493 5883 Et
2509 5836 2675 5884 tamen
2706 5839 2817 5898 post
2843 5838 2912 5884 tot
2940 5838 3200 5889 tantosotte
3215 5828 3348 5884 viros
3379 5830 3432 5883 in
3460 5827 3719 5899 publicum
3738 5825 3965 5899 prodire
