4242 6264
250 336 371 406 253

255 556 497 620 ditarem,
538 562 628 611 aut
675 569 747 608 ea:
780 552 1167 622 reprehensione
1204 554 1566 626 florilegiisque
1593 556 1849 621 aliorum,

253 649 395 720 quod
420 650 635 703 detestor
660 655 706 701 et
728 646 835 711 odi,
863 646 989 701 mihi
1009 647 1175 701 laudis
1200 648 1444 702 corallam
1502 658 1739 716 texerem,
1764 651 1852 704 sed

252 748 309 794 ut
368 738 652 810 Theologus
711 736 972 808 Theologo
1020 738 1062 793 Τ
1068 755 1431 807 enToLLuuo,
1482 732 1852 813 Theologisque

254 833 440 887 nostris
471 847 635 885 meam
679 832 1359 903 qualemcumquenavarem
1409 849 1652 904 operam;
1688 833 1755 889 Ut
1784 836 1853 890 ad

251 924 525 991 Auctoris,
573 926 801 980 omnium
828 925 992 996 elogia
1014 966 1030 991 ,
1074 924 1369 981 Graecarum
1408 928 1854 999 Romanorumque

254 1020 609 1090 antiquitatum
639 1028 687 1074 et
736 1018 1129 1089 disciplinarum
1176 1022 1498 1091 peritissimi,
1540 1022 1852 1078 intellectum

254 1110 693 1165 subministrarem
713 1151 730 1174 ,
776 1110 821 1165 si
852 1110 978 1180 quid
1006 1127 1061 1167 se
1087 1111 1242 1178 mihi,
1275 1111 1396 1167 dum
1418 1113 1571 1179 illum
1602 1119 1731 1184 forte
1757 1114 1851 1169 sub

255 1202 489 1258 manibus
515 1211 621 1257 tero
641 1243 657 1266 ,
685 1205 740 1258 in
763 1204 1028 1274 utriusque
1052 1203 1268 1275 Lingua:
1293 1205 1639 1275 Scriptoribus
1665 1247 1681 1274 ,
1714 1208 1853 1277 quod

255 1295 325 1350 ad
349 1296 443 1349 hoc
471 1296 582 1365 ejus
614 1295 874 1364 Scriptum
899 1300 1113 1367 faceret,
1142 1298 1330 1352 obtulit
1361 1313 1382 1362 ;
1409 1316 1625 1369 quorum
1649 1300 1853 1367 quidem

256 1386 465 1440 lectione
506 1396 553 1441 et
592 1387 869 1441 versatione
913 1404 1016 1441 non
1046 1389 1255 1457 inficior
1299 1406 1377 1443 me
1413 1407 1445 1444 a
1486 1392 1667 1444 teneris
1708 1391 1852 1445 valde

254 1462 415 1549 fuisse
438 1478 739 1532 delectatum
762 1489 1061 1549 raptumque
1087 1495 1107 1542 ;
1133 1478 1363 1551 Denique
1389 1522 1403 1545 ,
1434 1491 1488 1535 ut
1518 1482 1597 1535 illi
1625 1524 1643 1549 ,
1668 1483 1713 1537 si
1739 1482 1852 1551 quis

253 1570 413 1636 alius,
455 1581 569 1640 post
596 1581 667 1624 tot
693 1571 933 1637 medicos,
959 1573 1346 1641 corruptissimo
1367 1574 1539 1627 adhuc
1560 1584 1607 1626 et
1639 1574 1853 1643 pessime

253 1660 441 1729 aﬂ'ecto
472 1700 489 1727 ,
544 1661 848 1716 medicinam
873 1661 1096 1731 aliquam
1128 1665 1366 1734 facerem.
1400 1663 1548 1730 Quod
1573 1664 1853 1731 ultimum,

252 1769 372 1808 cum
398 1753 539 1807 haud
554 1753 783 1823 ignotum
814 1755 939 1809 mihi
966 1765 1125 1823 esset,
1154 1771 1307 1826 quam
1333 1758 1395 1811 sit
1425 1756 1648 1827 diﬁcile.
1674 1758 1728 1817 in
1754 1758 1851 1813 hoc

253 1846 539 1917 prtesertim
561 1846 782 1901 Auctore
808 1887 825 1914 ,
864 1848 941 1900 vel
984 1863 1051 1900 ea;
1074 1849 1153 1900 his
1183 1846 1359 1918 Magni
1408 1848 1661 1919 Scaligeri
1690 1848 1852 1904 verbis

252 1937 309 1995 in
350 1936 693 2009 Scaligeranis
725 1954 845 2009 pag.
878 1937 967 1992 47.
998 1955 1016 1989 t
1055 1937 1189 1991 Bcza
1216 1939 1410 2009 aliquid
1440 1943 1629 2009 fecerat
1648 1941 1698 1994 in
1722 1939 1851 1994 Ter-

258 2046 279 2081 t
319 2028 590 2083 tullianum
615 2071 630 2097 ,
670 2029 759 2083 sed
787 2029 909 2083 bene
946 2030 1066 2101 fecit
1089 2071 1103 2095 ,
1127 2031 1261 2099 quod
1298 2048 1398 2084 non
1423 2030 1622 2086 edidit:
1648 2032 1850 2101 digii-ile

257 2139 277 2174 ι
315 2131 389 2177 est
420 2121 616 2194 aliquid
646 2124 700 2177 in
737 2123 885 2177 illum
911 2123 1179 2178 Auctorem
1206 2126 1353 2179 edere
1374 2126 1483 2179 sine
1510 2125 1677 2181 MSS.
1710 2128 1843 2196 σαερὶ

258 2231 279 2265 e
320 2215 703 2286 circumspicere
729 2214 938 2268 subsidii
960 2216 1091 2277 illud
1114 2233 1305 2287 genus,
1340 2233 1441 2287 quo
1495 2226 1626 2270 certe
1663 2217 1851 2270 eruditi

256 2325 278 2358 ι
324 2322 500 2362 carere
539 2322 640 2362 non
664 2317 891 2377 possunt,
938 2324 1028 2362 nec
1062 2309 1226 2362 arceri
1253 2308 1451 2367 debent.
1482 2326 1501 2359 ι
1532 2306 1642 2361 Nec
1671 2308 1863 2362 tumen’

249 2398 385 2453 mihi
410 2398 780 2452 excurrendum
809 2399 1052 2469 putabam
1074 2398 1358 2470 Augustum
1386 2398 1730 2453 Taurinorum
1762 2416 1850 2453 us-

250 2506 369 2561 que,
393 2490 481 2543 ubi
514 2500 869 2545 sexcentarum
895 2508 1149 2544 annorum
1169 2502 1370 2546 aetatem
1409 2496 1706 2563 referentem
1751 2494 1849 2547 hu-

241 2583 337 2654 jus
364 2584 723 2638 ANLOGE‘TICI
759 2581 997 2638 Codicem
1025 2583 1299 2651 oiendisse
1326 2602 1379 2641 se
1407 2596 1624 2640 testatur
1651 2584 1847 2641 Habil-

253 2673 420 2730 lonius
447 2674 799 2730 iultinerario
848 2675 1069 2745 Italico,
1114 2696 1234 2750 pag.
1277 2681 1328 2735 8.
1364 2679 1646 2753 Consulant
1678 2677 1847 2733 Mem-

253 2769 441 2823 branas
465 2769 588 2824 istas
613 2810 628 2835 ,
660 2768 843 2838 quibus
886 2770 999 2824 licet
1028 2787 1135 2825 esse
1181 2782 1285 2825 tum
1328 2772 1505 2828 beatis.
1541 2774 1708 2831 Nobis
1732 2790 1848 2830 vero

250 2877 361 2916 sese
380 2861 559 2914 obtulit
577 2862 789 2932 insignis
813 2859 987 2916 Codex
1011 2863 1450 2933 Membranaceus,
1476 2869 1527 2922 in
1553 2885 1651 2939 quo
1670 2860 1849 2939 prater

252 2959 391 3007 hunc
434 2952 660 3008 libellum
706 2955 930 3025 plurima
958 2956 1323 3014 TBBTULLIANI
1366 2962 1557 3031 scripta
1582 2964 1846 3017 continen-

251 3056 357 3100 tur.
386 3046 612 3118 Occupat
637 3048 727 3103 ille
771 3050 1045 3103 secundum
1072 3051 1203 3105 inter
1234 3052 1287 3106 Μ
1296 3054 1402 3109 SS.
1447 3055 1849 3109 inslructissimtz

252 3140 570 3195 bibliothecae
598 3138 1090 3213 Lugduna-Batara:
1118 3145 1281 3200 locum
1305 3188 1320 3211 ,
1348 3147 1533 3219 ibique,
1568 3167 1689 3221 pag.
1718 3149 1840 3205 5’24.

251 3243 560 3289 recensetur.
593 3235 751 3304 Quem
787 3236 915 3290 sicut
947 3236 1094 3292 ualde
1138 3249 1352 3295 ueterem
1382 3259 1604 3296 asserere
1630 3259 1730 3296 non
1751 3259 1846 3296 au—

249 3324 458 3390 demus,
487 3334 654 3389 tamcu
681 3343 741 3380 ex
763 3328 954 3401 optimo
983 3339 1028 3383 et
1055 3332 1390 3386 vetustissimo
1412 3350 1517 3387 esse
1541 3334 1845 3399 derivatum,

244 3416 404 3471 nobis
457 3420 826 3488 conferentibus
857 3420 1050 3490 liquido
1101 3424 1413 3491 constitisse,
1462 3434 1508 3479 et
1547 3441 1664 3479 cum
1715 3424 1845 3479 Ful-

247 3506 399 3560 densi
427 3509 645 3577 aliisque
674 3511 873 3579 optimis
890 3513 943 3565 in
972 3514 1144 3568 multis
1156 3517 1442 3583 conuenire,
1471 3532 1842 3593 asseveramus.

329 3601 450 3656 Non
496 3604 630 3657 enim
669 3615 791 3673 puto
834 3623 1050 3677 usquam
1108 3617 1359 3663 terrarum
1401 3610 1598 3681 aliquos
1653 3621 1850 3664 exstare

249 3692 462 3750 Codices
488 3695 642 3765 hujus
667 3697 1047 3763 APOLOGETICI,
1076 3702 1163 3766 qui
1191 3717 1303 3754 cum
1333 3702 1447 3768 illo,
1480 3704 1568 3769 qui
1593 3704 1851 3773 quondam

245 3787 307 3840 iss
332 3783 643 3841 Bibliotheca
667 3787 919 3843 Fuldeusi
958 3792 1074 3859 fuit,
1101 3791 1456 3863 singularitate
1478 3806 1525 3848 et
1553 3795 1850 3862 prtcstantia

248 3879 539 3946 comparari
564 3881 740 3948 possit.
774 3879 943 3952 llujus
966 3881 1165 3939 Codicis
1195 3882 1461 3939 Lectiones
1492 3883 1760 3941 Yariantes
1780 3884 1848 3938 ad

248 3969 513 4040 exemplar
532 3972 666 4041 quod
718 3971 944 4026 Michael
982 3975 1225 4030 Julianus
1251 3977 1373 4046 (non
1406 3993 1521 4031 vero
1548 3988 1603 4031 ut
1630 3977 1844 4043 Jumus,

246 4060 343 4129 qui
366 4061 511 4114 illam
551 4063 822 4117 editionem
849 4105 864 4130 ,
906 4081 1019 4134 qua:
1047 4068 1162 4120 hinc
1208 4086 1239 4120 α
1269 4069 1411 4123 nobis
1435 4070 1586 4122 etiam
1615 4078 1850 4124 accurate

246 4163 326 4206 est
353 4156 600 4209 recensita
621 4197 635 4222 ,
664 4175 766 4212 non
793 4160 1013 4228 inspexit
1032 4203 1046 4227 ,
1079 4161 1250 4215 scribit
1275 4204 1289 4227 ,
1325 4163 1574 4218 “ENATUS
1601 4163 1848 4221 Lunam-

246 4247 392 4318 zws)
423 4246 637 4303 Lutetia:
658 4249 975 4306 Parisiorum
998 4253 1144 4307 Anno
1171 4271 1413 4311 uanxx.
1457 4257 1679 4311 “nunc
1709 4256 1849 4311 LAU-

248 4356 448 4396 nzzsrto
473 4342 710 4398 Bsnnao
738 4355 942 4399 auctare
967 4346 1146 4413 edidit,
1177 4348 1514 4425 adscripserat
1540 4348 1849 4403 Franciscus

249 4432 468 4487 Modius
495 4432 774 4505 Brugensis
799 4478 814 4501 ,
842 4438 918 4490 vir
945 4438 1361 4509 diligentissimus
1390 4441 1847 4511 doctissimusque;

246 4541 367 4595 qua:
391 4542 503 4579 cum
548 4538 719 4595 postea
746 4530 798 4582 in
827 4528 1072 4600 Casparis
1113 4531 1346 4603 Scioppii
1383 4551 1564 4587 manus
1590 4535 1848 4603 pervenis-

246 4630 384 4684 sent,
416 4620 477 4672 ab
502 4620 590 4673 illo
621 4622 687 4673 ad
706 4620 905 4677 JUNIUII
935 4635 1050 4677 sunt
1077 4626 1402 4679 transmisstv.
1436 4620 1546 4680 Sed
1570 4643 1721 4696 quum
1746 4634 1848 4679 tota

236 4713 357 4783 jam
387 4713 640 4766 adornata
666 4724 790 4768 esset
817 4716 926 4785 ejus
963 4716 1141 4782 editio,
1172 4716 1234 4769 ab
1264 4717 1353 4770 illo
1379 4717 1448 4770 ad
1477 4718 1667 4772 calcem
1698 4716 1845 4773 Τεκ-

245 4820 627 4860 τῐῖιιιΑκλκυιι
657 4823 864 4860 suarum
895 4818 1132 4861 notarum
1173 4808 1269 4877 fuit
1293 4809 1501 4876 rejecta.
1542 4808 1692 4876 Quod
1731 4825 1847 4863 vero

222 4897 378 4950 'mihi
399 4898 618 4951 maxime
631 4915 827 4969 semper
846 4901 1032 4953 mirum
1047 4908 1116 4954 est
1136 4900 1317 4967 uisum,
1343 4916 1432 4953 nec
1459 4916 1526 4954 ne
1550 4916 1615 4954 LA
1636 4900 1841 4966 Canos,

247 5004 342 5040 nec
374 4989 483 5057 ipse
517 4988 799 5044 “manus
834 4990 1005 5043 oculos
1032 4991 1084 5043 in
1114 4991 1247 5043 hanc
1292 5000 1396 5043 tam
1424 4990 1642 5043 nobilem
1667 4987 1846 5045 Colla-

246 5086 443 5136 tionem
495 5081 815 5152 conjeccrunt
841 5124 856 5147 ,
878 5082 1119 5152 latuitque
1162 5092 1272 5152 post
1317 5081 1434 5136 illus
1462 5081 1603 5139 Jun"
1634 5081 1799 5135 Notas
1827 5124 1843 5147 ,

243 5175 383 5229 nulli
423 5175 529 5244 fere
570 5176 666 5228 nisi
719 5174 1077 5229 GOTIIOFREDO
1119 5176 1338 5245 cognita.
1385 5173 1560 5228 Donec
1599 5175 1731 5228 acris
1769 5174 1846 5227 uir

243 5270 501 5323 doctrina:
527 5265 792 5322 Nicouus
835 5266 1126 5322 RIGAL'I‘IUS
1154 5268 1257 5322 illis
1285 5269 1337 5320 in
1384 5268 1723 5321 emendutiore
1752 5282 1845 5320 sua

238 5362 506 5434 prioribus
536 5359 755 5415 editione
785 5375 909 5414 usus
928 5368 1026 5425 est,
1054 5360 1144 5414 sed
1168 5359 1259 5424 ita,
1290 5370 1344 5412 ut
1370 5374 1482 5429 qua:
1507 5360 1604 5428 ipsi
1635 5359 1841 5427 placue-

234 5455 388 5520 rint,
419 5452 536 5506 inde
563 5451 933 5523 desumpserit,
967 5466 1127 5521 neque
1164 5450 1323 5505 ullam
1350 5450 1660 5519 reliquarum
1683 5492 1698 5517 ,
1730 5465 1844 5521 qua:

230 5546 376 5601 satis
407 5545 581 5598 multae
607 5552 771 5608 erant,
789 5543 840 5596 in
860 5540 1012 5597 Natis
1041 5543 1146 5595 suis
1176 5542 1479 5596 mentionem
1509 5541 1704 5611 fecerit.
1732 5539 1844 5593 Ita-

228 5654 345 5710 que
370 5646 417 5691 et
453 5636 595 5692 nobis
623 5630 747 5692 satis
775 5636 1071 5709 ftecundum
1097 5651 1161 5690 ea:
1183 5636 1275 5690 illa
1295 5635 1408 5707 ipsa
1447 5634 1732 5690 Collatione
1758 5650 1845 5689 re-

228 5733 393 5803 liquit
437 5730 806 5803 Spicilegium,
859 5731 1006 5802 cujus
1044 5729 1303 5786 Lectiones
1332 5732 1530 5802 ubique
1575 5731 1793 5801 ﬁdeliter
1822 5769 1841 5799 ,

225 5832 397 5898 prout
426 5823 526 5893 fide
554 5825 877 5896 dignissimus
906 5824 1151 5893 excerpsit
1181 5823 1407 5891 Modius,
1439 5826 1493 5879 in
1523 5825 1674 5881 Natis
1720 5840 1837 5879 nos-

1260 342 1321 402 S.
1360 343 1420 401 P.
1464 344 1528 401 D.
1568 340 1998 406 SIGEBERTUS
2034 343 2565 410 HAVERCAMPUS.

252 464 369 519 sum
398 476 585 529 ausus,
618 475 719 516 non
753 464 810 518 ut
849 458 1076 515 studium
1102 475 1268 516 meum
1294 462 1712 534 diligentiamque
1739 465 1848 519 vin-
1877 465 1929 526 Α
1955 467 2047 521 tris
2074 471 2567 536 repra-sentavimus.
2599 471 2820 529 Accessit
2853 475 3061 546 insuper
3086 487 3325 535 accurata
3349 480 3557 538 Cod’icis
3654 496 3663 505 ‘

1872 4395 1927 4454 D

3443 361 3561 425 ω

1957 561 2271 632 Agobardini
2295 563 2536 635 Collatia,
2565 582 2666 623 non
2690 568 2891 637 quidem
2916 569 3079 637 illius,
3117 587 3181 626 ex
3209 590 3308 641 quo
3351 584 3553 633 tantum

1957 668 2057 707 non
2086 669 2150 707 ea:
2192 653 2368 723 inferis
2398 656 2616 711 excitata
2646 660 2761 728 jam
2789 659 3030 727 leguntur
3078 664 3273 733 reliqua
3300 665 3551 722 Tauros.-

1957 760 2095 799 LIANI
2120 746 2310 815 scripta
2335 786 2351 813 ,
2398 757 2444 800 et
2471 748 2524 801 in
2561 765 2659 816 quo
2690 751 2798 805 solo
2825 762 2872 806 et
2901 753 3054 807 unico
3081 794 3098 821 ,
3146 755 3555 824 deprauatissimi

1957 836 2074 894 hinc
2102 837 2351 892 hactenus
2377 837 2481 893 duo
2504 840 2574 894 ad
2605 839 2851 897 Nationes
2881 844 2996 898 libri
3014 845 3357 911 inveniuntur;
3373 849 3461 903 sed
3475 859 3554 905 ta-

1958 947 2070 986 uieu
2096 940 2228 986 nota:
2254 932 2377 986 satis
2402 931 2549 987 bona:
2574 974 2589 999 ,
2618 935 2873 1006 nullisque
2919 938 3166 994 hactenus
3184 982 3198 1003 ,
3230 942 3365 1010 quod
3405 951 3453 996 et
3490 942 3555 998 de

1957 1023 2142 1079 Codice
2171 1023 2646 1096 Lugduno-Batauo
2672 1028 2860 1083 dictum
2884 1031 2970 1096 sit,
3002 1032 3282 1087 editoribus
3310 1034 3554 1090 T13qu-

1955 1131 2095 1171 usm
2143 1116 2660 1186 inspecto..Diversos
2703 1136 2808 1176 esse
2837 1122 2966 1176 duas
3010 1125 3137 1177 istos
3181 1122 3392 1180 Codices
3417 1126 3551 1198 Αςοο

1954 1206 2192 1263 bardinos
2214 1207 2371 1263 tribus
2392 1210 2516 1264 mihi
2546 1214 2853 1281 argumentis
2868 1216 3168 1283 persuadeo.
3190 1216 3388 1282 Prima,
3417 1220 3554 1289 quod

1954 1295 2268 1364 Brennus,
2290 1300 2376 1368 qui
2400 1301 2803 1371 quamplurimas
2827 1302 3129 1359 Tertulliani
3155 1308 3310 1363 libros
3337 1326 3400 1363 ea:
3426 1308 3550 1365 MS.

1954 1389 2309 1459 antiquissima
2336 1392 2660 1462 Agobardino
2685 1381 2809 1448 ante
2832 1397 3148 1467 octingentos
3177 1440 3190 1461 ,
3223 1410 3270 1453 et
3296 1402 3431 1470 quod
3458 1418 3551 1456 es:-

1953 1484 2131 1548 currit,
2155 1499 2315 1538 annos
2340 1486 2549 1554 scripto,
2579 1487 2881 1553 emendavit,
2912 1490 3223 1561 singulisque
3255 1494 3397 1548 libris
3422 1510 3555 1565 pra:-

1954 1573 2145 1649 natuvit
2167 1614 2181 1636 ,
2216 1590 2279 1627 ea:
2300 1590 2400 1644 quo
2447 1575 2577 1629 libro
2607 1586 2653 1631 et
2697 1580 2818 1647 quot
2848 1579 2975 1633 locis
3026 1582 3364 1636 emendaverit
3389 1626 3404 1649 ,
3434 1595 3552 1640 ante

1955 1666 2314 1721 APOLOGE'I‘ICI
2367 1667 2590 1722 libellum
2644 1669 2797 1741 hujus
2847 1672 3052 1727 Codicis
3104 1692 3204 1728 non
3246 1678 3549 1732 meminerit.

1879 1778 1928 1845 Β
1956 1755 2218 1824 Secundo,
2248 1760 2385 1829 quod
2411 1762 2463 1815 in
2488 1762 2872 1816 accuratissima
2903 1763 3218 1835 Agobardiui
3244 1766 3391 1821 istius
3414 1771 3552 1822 anti-

1953 1852 2183 1919 quissimi
2229 1851 2281 1905 Μ
2291 1852 2351 1907 8.
2393 1853 2682 1909 Collatiane
2708 1897 2722 1919 ,
2789 1873 2941 1925 quam
2982 1859 3139 1927 juxta
3193 1858 3553 1918 Pamelianmn

1956 1939 2245 1999 Editionem
2269 1961 2363 1999 sua
2390 1962 2545 2000 manu
2594 1947 2839 2012 instituit,
2872 1947 3134 2019 Agaburdi
3159 1990 3172 2014 ,
3206 1961 3261 2005 ut
3300 1953 3411 2022 ipse
3432 1954 3553 2008 ads-

1953 2037 2161 2105 cripsit,
2191 2038 2338 2091 Anno
2371 2038 2529 2093 £6225.
2561 2038 2739 2094 Josus
2768 2040 3080 2105 MEBCERUS,
3112 2059 3214 2097 non
3248 2060 3363 2098 vero
3385 2045 3551 2101 losu-

1957 2145 2052 2185 Βίεό
2078 2129 2407 2189 Μειοειυυδ.
2434 2139 2487 2183 ut
2528 2132 2829 2200 impressum
2862 2133 2914 2186 iu
2942 2130 3278 2198 Bibliotheca,
3306 2152 3428 2206 pag.
3457 2138 3547 2191 7i.

1959 2223 2055 2277 nisi
2082 2223 2235 2292 plane
2264 2223 2410 2294 fallat
2438 2240 2517 2278 me
2545 2225 2789 2277 memoria
2808 2265 2821 2288 ,
2854 2228 2941 2295 qui
2984 2226 3074 2280 illo
3104 2228 3233 2282 libro
3272 2230 3552 2299 sepissime

1954 2331 2069 2370 sum
2098 2332 2237 2380 usus,
2271 2319 2626 2372 Ανοιοαετιοι
2655 2332 2761 2371 orte
2787 2316 2943 2371 nullis
2969 2318 3102 2371 notis
3118 2335 3403 2390 conspersa
3424 2322 3545 2375 sint.

1966 2404 2156 2459 Visitur
2179 2414 2350 2461 autem
2382 2406 2628 2475 hodieque
2646 2407 2688 2460 is
2708 2406 2833 2462 liber
2853 2410 2906 2460 in
2930 2401 3246 2464 Bibliotheca
3264 2409 3548 2482 Lugduno-

1952 2494 2166 2563 Batava,
2188 2514 2252 2565 Δρ.
2288 2497 2379 2577 71.
2404 2494 2577 2552 Tertio
2605 2498 2856 2570 pra‘ciptte
2876 2538 2890 2562 ,
2918 2502 3055 2569 quod
3082 2501 3309 2558 .Iscosas
3337 2502 3551 2561 Gono-

1951 2605 2155 2646 ruanus
2177 2633 2193 2656 ,
2235 2589 2505 2646 Librorum
2546 2592 2625 2644 Ad
2666 2590 2917 2646 Nationes
2954 2593 3151 2659 editor,
3177 2597 3261 2665 qui
3292 2598 3401 2666 ipse
3425 2598 3549 2651 insi-

1950 2686 2068 2755 gnis
2090 2686 2244 2757 hujus
2276 2684 2544 2751 Thesauri,
2578 2696 2848 2755 antequam
2876 2686 3029 2757 Regis
3058 2686 3327 2743 Gallorum
3344 2689 3546 2745 Biblio-

1952 2777 2109 2832 theca:
2132 2778 2424 2847 inferretur,
2448 2778 2544 2851 fuit
2575 2794 2851 2846 possessor,
2875 2780 2962 2834 ubi
2976 2781 3032 2834 in
3055 2778 3364 2853 Praefatione
3391 2784 3548 2838 libro-

1951 2885 2066 2923 rum
2089 2870 2169 2923 Ad
2196 2868 2444 2924 Nationes
2470 2870 2738 2939 diligenter
2773 2872 3060 2942 catalogum
3094 2870 3313 2927 contexit
3342 2874 3551 2929 illarum

1951 2960 2220 3017 Librorum
2247 3003 2262 3027 ,
2294 2962 2378 3031 qui
2403 2959 2588 3015 Codice
2610 2962 2707 3015 ista
2729 2963 3243 3032 osniprehendantur,
3271 2965 3548 3021 APOLOGE-

1952 3067 2113 3108 'ncuu
2159 3052 2261 3109 illis
2291 3068 2392 3107 non
2430 3061 2744 3108 annumeret.
2776 3051 2903 3107 Huic
2944 3070 3060 3108 vero
3081 3053 3298 3109 Collatia
3335 3056 3549 3109 alterius

1952 3143 2266 3215 Agoburdini
2308 3142 2538 3211 Codicis,
2579 3160 2732 3212 quam
2776 3142 2889 3197 Nos
2928 3145 3033 3210 iam
3070 3145 3253 3199 damus
3294 3146 3469 3199 itidem
3512 3163 3546 3200 α

1950 3233 2113 3289 Josu:
2140 3233 2403 3298 MBBCBBI,
2422 3234 2507 3303 qui
2529 3250 2560 3286 α
2577 3232 2782 3289 lassus
2817 3232 3119 3297 MIRCERIO,
3143 3235 3229 3305 qui
3248 3235 3548 3290 Antecessor

1951 3323 2329 3379 Biturencensis
2369 3324 2504 3394 fuit,
2538 3332 2583 3378 et
2607 3321 2775 3378 Notas
2821 3324 2876 3377 in
2909 3323 3217 3379 Tertulliani
3254 3322 3441 3381 librum
3484 3327 3549 3383 de

1954 3414 2131 3470 Pallio
2154 3416 2453 3485 conscripsit
2478 3456 2494 3481 ,
2527 3424 2571 3470 et
2596 3415 2813 3471 multum
2843 3424 2959 3471 ante
2982 3417 3107 3471 uixit
3126 3457 3144 3483 ,
3173 3417 3505 3489 distinguitur
3529 3459 3545 3486 ,

1953 3505 2217 3577 diligentia
2244 3511 2478 3578 profecta
2503 3517 2597 3562 est.
2628 3506 2861 3562 Testatur
2888 3508 2943 3562 id
2970 3525 3152 3565 manus
3182 3511 3345 3566 Pwu
3366 3512 3545 3567 Com.

1953 3613 2114 3660 IESII,
2144 3598 2232 3669 qui
2261 3599 2369 3652 haec
2396 3611 2500 3652 ora:
2525 3597 2833 3669 Rigaltiaine
2860 3601 3101 3655 editionis
3119 3602 3381 3658 alleeerat.
3421 3622 3440 3656 ι
3470 3603 3546 3659 In

1960 3708 1980 3741 ι
2012 3689 2243 3759 margine
2264 3690 2418 3761 hujus
2445 3692 2712 3746 voluminis
2742 3690 2895 3749 habes
2922 3692 3087 3749 iam:
3115 3692 3361 3750 Meneni
3381 3694 3550 3753 Notas

1961 3802 1980 3834 ι
2013 3792 2058 3835 et
2118 3781 2300 3837 Varias
2342 3781 2605 3839 Lectiones
2635 3800 2662 3838 e
2701 3784 2886 3841 Codice
2910 3787 3239 3863 Agobardino
3278 3790 3343 3844 ab
3368 3792 3544 3844 eodem

1960 3895 1978 3929 ‹
2017 3886 2186 3931 erutas
2234 3877 2513 3948 Descripsit
2565 3878 2867 3953 Soudlejue,
2919 3896 3076 3951 prope
3120 3882 3453 3939 Wiudsnram
3493 3886 3548 3939 in

1961 3990 1977 4021 ε
2007 3969 2249 4024 /Edibus.
2269 3969 2527 4025 Vassianis
2543 3971 3115 4040 PAULUSCOLOIESIUS,
3135 3976 3283 4031 Auno
3305 3993 3550 4032 MDC.le-

1960 4082 1978 4113 i
2000 4080 2127 4119 xu.»
2153 4063 2326 4148 Hujus
2348 4066 2463 4120 libri
2490 4067 2788 4121 mentionem
2810 4067 3051 4138 injecerat
3074 4068 3196 4120 mihi
3219 4067 3549 4125 FRANCISCUS

1953 4147 2259 4225 FABnicws,
2289 4147 2404 4215 SS.
2432 4159 2724 4230 Theologite
2753 4161 2805 4214 in
2847 4161 3121 4215 Academia
3159 4160 3544 4232 Lugduuo-Ba-

1955 4260 2069 4309 tava
2099 4251 2293 4305 Doctor
2322 4262 2368 4304 et
2400 4251 2674 4322 Professor
2698 4251 3052 4308 celeberrimus
3077 4295 3092 4320 ,
3120 4270 3269 4323 seque
3291 4271 3405 4308 eum
3431 4271 3552 4325 pos-

1953 4341 2121 4395 sidere
2142 4342 2342 4396 dixerat
2367 4384 2381 4407 ,
2413 4344 2596 4411 petenti
2619 4342 2734 4396 dein
2764 4344 2980 4414 proferri
2998 4345 3154 4414 jussit
3179 4387 3193 4411 ,
3239 4356 3285 4398 et
3310 4363 3405 4414 pro
3443 4348 3549 4401 sin-

1955 4436 2125 4507 gulari
2149 4452 2241 4490 sua
2266 4437 2581 4490 humanitate
2606 4437 2804 4507 copiam
2827 4440 2938 4509 ejus
2965 4440 3101 4509 fecit.
3122 4439 3227 4494 Sed
3243 4440 3358 4509 jam
3374 4455 3543 4509 aperta

1954 4528 2022 4581 ad
2044 4528 2200 4596 ﬁnem
2226 4544 2383 4598 usque
2410 4527 2535 4598 Cap.
2571 4544 2644 4581 χι.
2675 4538 2819 4581 erant
2850 4546 3153 4599 progressae,
3183 4546 3341 4597 quare
3367 4540 3545 4597 postu-

1955 4620 2063 4674 lare
2105 4619 2228 4672 mihi
2267 4635 2344 4674 res
2373 4621 2476 4673 visa
2507 4621 2602 4690 fuit
2635 4662 2648 4686 ,
2694 4623 3017 4689 utpriorum
3044 4620 3277 4672 undecim
3308 4619 3549 4688 Capitum

1952 4709 2170 4765 Collatia
2196 4709 2456 4763 Addendis
2507 4712 2829 4765 insereretur.
2892 4710 3003 4763 Par
3029 4712 3158 4763 ratio
3186 4708 3417 4763 habenda
3447 4710 3548 4779 fuit
3626 4758 3631 4761 .

1952 4802 2160 4856 alterius
2186 4800 2306 4856 .US.
2332 4799 2727 4869 Membranacei,
2753 4803 2837 4871 qui
2859 4810 3139 4854 recensetur
3161 4802 3212 4853 in
3235 4800 3549 4857 Bibliotheca

1954 4891 2122 4966 Lugd.
2144 4892 2264 4947 Bal.
2288 4910 2408 4963 pag.
2442 4893 2568 4948 576.
2597 4909 2709 4946 cum
2736 4893 2982 4963 Cypriani
3004 4887 3320 4964 aliorumque
3345 4895 3548 4965 scriptis

1953 4987 2244 5058 colligatus.
2263 4983 2488 5057 Fugerat
2514 4986 2558 5040 is
2587 4986 2713 5041 liber
2733 4987 2895 5055 prima
2923 4985 3239 5058 diligentiam
3271 4986 3545 5054 Nostram,
3620 5057 3627 5064 _

1952 5079 2042 5133 sed
2060 5088 2226 5131 tamen
2248 5079 2535 5147 nuperrime
2555 5095 2586 5131 a
2618 5076 2778 5132 Nobis
2806 5076 3191 5150 diligentissime
3210 5081 3425 5134 collatus
3449 5089 3542 5148 est,

1949 5172 2225 5240 iisdemque
2248 5155 2508 5226 Addeudis
2546 5170 2711 5225 Varite
2739 5174 2847 5242 ejus
2887 5170 3146 5227 Lectiones
3171 5174 3375 5226 inserta:
3405 5182 3544 5225 sunt.

1951 5263 2125 5318 Codex
2160 5274 2268 5317 erat
2312 5281 2434 5318 sane
2464 5273 2711 5333 prwstans
2736 5305 2749 5328 ,
2793 5274 2838 5319 et
2886 5264 3001 5318 licet
3031 5264 3320 5332 scriptionis
3350 5263 3547 5316 ratione

1952 5357 2202 5427 prioribus
2223 5357 2387 5429 Lugd.
2412 5356 2527 5411 Bat.
2558 5357 2865 5412 Membrauis
2891 5358 3056 5412 minus
3072 5356 3282 5418 nitidus,
3305 5365 3549 5410 vetustate

1949 5458 2115 5502 tamen
2140 5460 2186 5502 et
2217 5451 2538 5502 accuratione
2563 5465 2831 5515 superans.
2869 5447 3003 5501 Usus
3026 5463 3137 5499 sum
3165 5438 3410 5515 prwterea
3452 5447 3544 5503 JU-

1948 5555 2021 5595 NII
2042 5538 2315 5603 Editioue,
2355 5540 2436 5592 cui
2464 5540 2729 5596 Josspnus
2756 5532 3022 5593 δελίιαειι
3065 5539 3384 5607 conjecturas
3407 5555 3545 5592 non-

1947 5633 2114 5687 nullas
2135 5633 2492 5702 adscripserat,
2515 5647 2629 5705 qua:
2653 5630 2818 5684 debito
2856 5631 3045 5683 honore
3065 5630 3257 5684 nomini
3283 5630 3409 5683 tanti
3431 5630 3525 5683 viri

1947 5726 2130 5797 ubique
2148 5736 2263 5781 sunt
2283 5725 2532 5791 redditae;
2556 5733 2668 5778 utet
2693 5723 2919 5794 ejusdem
2938 5723 3173 5777 editionis
3206 5723 3484 5793 exemplari
3519 5770 3532 5792 λ

1947 5821 2030 5875 cui
2067 5820 2276 5877 Penus
2294 5817 2611 5877 SCRIVBRIUS
2634 5816 3004 5873 emendationes
3024 5815 3295 5871 nonnullas
3338 5830 3401 5870 ex
3420 5812 3491 5870 Ca
