2121 3132
332 179 387 211 255

671 178 816 207 LECTORI
839 176 989 208 CANDlDO
1006 177 1035 206 S.
1057 177 1087 206 P.
1108 177 1140 205 Ι).
1161 175 1374 206 SIGEBERTUS
1393 175 1660 206 HAVERCAMPUS.

1929 180 1982 210 9.56

335 240 432 269 dicibas
445 239 546 268 vetustis
558 238 685 272 adiecerat
697 259 705 271 ,
726 237 794 273 quod
804 237 865 264 mihi
878 235 975 264 dudum
988 243 1020 263 ex
1034 235 1129 263 Biblio-
1145 236 1172 266 Α
1184 235 1252 271 quod
1261 243 1293 262 ex
1305 235 1401 262 duobus
1414 235 1498 270 parvis
1509 235 1549 262 Ad
1564 234 1688 262 Nationes
1706 233 1821 270 Libellis,
1844 244 1894 264 non
1912 245 1981 272 qum-

335 288 406 315 tlieca
416 285 614 313 almeloveuiaua
631 284 658 310 in
668 284 722 319 ejus
737 282 900 310 distractione
912 283 1128 316 comparaverant.

335 329 434 364 Referri
448 329 536 363 forsan
548 326 636 353 debent
649 325 683 353 ad
696 325 799 353 Codices
813 325 920 352 Jesuitw
932 324 1000 351 docti
1020 328 1042 351 et
1055 324 1131 350 amici

334 374 465 407 Scriverii,
481 372 608 401 Heriberti
625 372 768 400 Rosvreidi.
780 372 821 398 Ad
835 372 983 399 illumrerte
1006 370 1130 405 pertinent

334 422 396 453 hinc,
413 428 470 455 qua:
482 420 546 447 libro
559 427 605 447 suo
619 419 681 446 olim
707 418 817 456 prie/iacit
841 418 1002 445 doctissimus
1017 417 1131 444 Scun'E-

336 474 395 495 tuus
408 475 416 494 :
430 476 439 492 ι
459 465 606 494 Heribertus
630 457 742 501 Ilosvveg
755 465 864 500 epistula
873 473 939 491 anno
954 472 1045 491 IDCIII.
1060 468 1131 491 sexto

339 521 348 539 t
364 512 429 540 Maii
446 512 482 539 ad
503 520 542 539 me
556 512 651 546 scripta
667 519 675 538 .'
693 511 792 538 Nactus
804 519 860 537 sum
880 518 961 545 nuper
984 510 1034 536 duo
1048 517 1133 536 exem-

338 569 348 586 i
367 559 449 594 pluria
475 559 609 593 MScripta
631 560 810 586 APOLOGETICI
837 557 1036 585 TERTULLIANEI
1052 577 1059 589 ,
1076 564 1133 591 quae

339 615 348 633 ι
362 607 425 633 mire
444 605 608 640 conspirant,
626 610 648 631 et
668 609 761 631 ueteres
777 604 895 630 lectiones
919 608 1020 629 tuentur
1044 606 1133 628 contra

339 660 349 678 ς
366 651 516 679 Critirorum
529 658 645 677 acumen.
662 649 732 677 Sane
746 650 850 675 miratus
864 657 918 675 sum
934 656 1053 683 magnum
1065 647 1133 675 Sca-

341 706 349 723 ι
364 697 481 732 tigerunt,
495 696 563 731 quod
578 695 743 729 Gomphosin
754 695 826 722 nobis
841 695 867 721 in
883 694 1073 721 TERTL‘LLIANO
1087 701 1133 719 ea:-

341 742 485 778 s'cogilaril
497 763 504 775 ,
522 742 652 777 plausibili
670 742 771 776 quidem
785 742 929 776 conjectura
941 762 947 774 ,
972 740 1016 767 scd
1032 740 1135 768 minime

341 798 350 816 ε
368 788 510 815 necessaria
522 808 529 820 ,
545 792 598 814 etc.
615 797 624 813 ι
648 786 673 813 Ν
677 795 703 813 ec
717 787 774 821 plus
790 791 895 822 apparet
911 786 1014 819 ibidem,
1039 784 1134 812 Prazter

340 836 406 862 hanc
420 834 557 862 MStorum
571 834 693 861 Codicum
705 834 872 861 accessionem
885 855 891 865 ,
909 838 1026 868 quotquot
1050 832 1135 859 hacte-

337 890 386 909 nu-s
397 882 511 908 exierunt
533 880 716 907 TERTULLnuI
742 879 854 914 Operam
867 900 873 911 ,
890 880 928 906 rel
953 876 1135 907 Ανοιὸοετιαῐ
1150 890 1174 920 Β

339 928 415 961 huius
429 928 561 958 editiones,
578 927 713 962 diligenter
729 927 878 961 conquisivi,
891 926 998 957 contuli,
1014 931 1037 953 ct
1049 926 1074 953 in
1085 935 1135 961 quo

338 973 464 1000 variarent
475 973 610 1004 annotavi;
632 977 657 998 ut
679 980 752 999 nemo
776 973 929 1007 imparatum
943 980 982 998 me
992 971 1025 998 ad
1039 977 1136 999 tantum

339 1019 486 1050 Auctorem,
507 1023 529 1045 et
544 1023 595 1045 tam
609 1018 691 1045 nobile
703 1019 759 1053 ejus
775 1018 907 1052 Scriptum
923 1039 929 1050 ,
959 1018 1071 1053 qualein
1084 1018 1137 1050 pri-

338 1066 386 1092 mis
402 1064 443 1091 hic
476 1065 675 1092 Ανοιοῦετιευς
690 1085 697 1096 ,
722 1064 857 1091 accessisse
874 1064 991 1091 dicturus
1009 1065 1050 1091 sit.
1065 1064 1137 1098 Quid

338 1118 397 1138 vero
410 1107 568 1145 praestiterim
578 1110 642 1143 tequi
659 1109 758 1136 lectoris
777 1110 823 1136 crit
838 1110 957 1144 judicare
969 1130 975 1141 ,
989 1110 1033 1145 qui
1059 1110 1138 1137 sicubi

340 1156 427 1191 lapsus
439 1156 521 1190 fuero,
532 1155 600 1189 quod
613 1160 636 1182 et
649 1155 767 1182 maximis
777 1160 835 1182 ante
848 1163 887 1182 me
905 1154 970 1181 Viris
983 1155 1009 1182 iu
1022 1157 1069 1181 hoc
1081 1155 1137 1189 ipso

339 1202 461 1237 opusculo
479 1202 619 1236 saepissime
631 1202 723 1228 accidit
735 1222 742 1232 .
760 1206 782 1228 et
796 1202 821 1228 in
837 1204 884 1230 ista
906 1201 1032 1228 scribendi
1047 1210 1138 1237 genere

339 1248 428 1275 evitari
440 1256 490 1275 non
504 1252 594 1283 potest,
611 1247 732 1283 facile,ut
746 1252 818 1282 puto,
834 1248 997 1274 condonabit.

376 1294 523 1329 Supersunt
539 1294 622 1320 adhuc
641 1294 757 1328 quaedam
773 1294 881 1321 dicenda
902 1295 974 1327 mihi,
988 1302 1043 1327 qute
1056 1294 1135 1329 perti-

340 1345 415 1367 neant
434 1339 468 1366 ad
485 1340 560 1366 vitam
581 1339 772 1372 TERTULIJANI,
801 1348 892 1373 mores,
920 1340 1060 1374 opiniones,
1084 1348 1136 1366 non

340 1395 426 1414 omnes
439 1386 465 1414 in
480 1387 665 1413 omnibustum
680 1387 822 1414 orthodoxa
846 1386 958 1414 Ecclesia
979 1377 1136 1414 consentien:

340 1436 385 1465 tes,
403 1437 500 1467 tempus
519 1440 569 1467 quo
587 1433 794 1460 APOLocE'ncuu
808 1432 875 1459 [tunc
892 1432 1031 1467 scripserit,
1048 1432 1137 1467 quibus

341 1483 399 1505 tunc
414 1479 537 1513 partibus,
550 1483 573 1505 et
586 1487 618 1505 an
633 1478 749 1506 Montani
760 1480 834 1514 fuerit
845 1479 973 1510 addictus,
988 1484 1010 1505 et
1020 1487 1066 1505 cur
1079 1479 1137 1505 huic

339 1526 526 1554 APOLOGE’I‘ICO
538 1525 611 1560 quasi
622 1525 784 1552 autebulones
802 1527 888 1561 fecerit
906 1525 969 1552 duos
987 1525 1028 1552 Ad
1044 1525 1138 1552 Natio-

340 1580 384 1598 nes
397 1570 497 1605 Libros,
517 1571 615 1598 .lustiui
635 1570 758 1606 Martyris
771 1571 877 1602 scilicet,
895 1576 921 1597 ut
941 1571 1003 1597 mihi
1023 1571 1139 1597 observa-
1154 1576 1176 1607 (ς

340 1623 393 1645 tum
403 1623 451 1651 est,
464 1617 581 1652 exemplo
589 1625 599 1650 ,'
613 1618 656 1644 sed
670 1617 724 1644 hwc
746 1610 838 1650 partim
852 1617 952 1644 uberius
964 1617 995 1643 ab
1008 1617 1065 1644 aliis
1079 1625 1138 1651 per-

340 1669 448 1691 tractata
470 1668 539 1697 sunt,
565 1664 658 1698 partim
678 1664 705 1690 in
725 1664 780 1698 ipso
804 1663 851 1690 hoc
874 1662 1059 1690 Commentario
1080 1670 1138 1696 per-

340 1711 510 1746 stringuntur,
529 1710 622 1744 partim
636 1709 712 1736 etiam
725 1711 885 1744 proferentur
896 1717 912 1735 a
924 1709 995 1736 nobis
1007 1709 1033 1735 in
1051 1708 1139 1735 Prole-

341 1756 454 1790 gamenis
473 1755 507 1781 ad
519 1755 640 1790 reliquos,
653 1763 715 1790 quos
730 1754 851 1782 adversus
865 1754 956 1781 Gentes
970 1754 1046 1781 variis
1058 1754 1138 1780 titulis

341 1801 482 1836 composuit
495 1800 587 1833 'libros,
607 1803 668 1836 quos
690 1800 756 1827 brevi
771 1802 829 1835 jam
849 1801 870 1827 si
891 1800 946 1827 Deo
968 1801 1138 1827 Immanarum

341 1855 425 1874 rerum
445 1846 540 1873 arbitra
562 1846 698 1881 placuerit,
725 1846 831 1873 Notu.is
854 1845 956 1873 Nostris
980 1846 1138 1881 aliorumque

341 1894 493 1926 illustratos,
509 1892 582 1919 edere
594 1898 630 1920 est
642 1893 751 1919 animus.
773 1891 807 1919 Et
828 1900 889 1919 sane
911 1900 962 1918 non
985 1892 1136 1919 mediocrem

341 1941 367 1968 in
377 1940 429 1968 illis
444 1940 601 1976 diligentiam
614 1948 629 1967 a
641 1939 721 1967 Nobis
737 1939 846 1974 positam
858 1946 920 1972 esse,
934 1939 972 1965 vel
983 1938 1042 1965 inde
1056 1942 1134 1973 patet,

1184 282 1232 309 sita
1245 282 1290 309 sed
1304 282 1371 309 ultra
1386 282 1470 309 oblata
1482 282 1624 314 occasione,
1641 281 1667 308 in
1679 281 1726 309 hoc
1741 281 1838 310 Nostro
1850 282 1980 312 Commen-

1185 328 1249 355 tario
1264 328 1321 363 plus
1334 328 1422 364 viginti
1438 328 1542 355 mendas
1557 328 1744 361 sustulerimus,
1758 328 1785 355 in
1798 329 1900 364 quibus,
1919 338 1982 366 quo-

1184 374 1253 401 niam
1263 374 1362 401 nullum
1375 383 1391 401 a
1405 374 1489 402 MSS.
1506 375 1580 401 unico
1595 379 1693 402 tantum
1708 376 1851 410 superstite,
1865 382 1981 412 superest

1184 420 1333 452 subsidium,
1349 421 1449 455 ingenio
1462 421 1509 455 fuit
1521 421 1713 456 indulgendum.

1220 464 1254 492 Id
1269 471 1353 492 tamen
1367 466 1426 492 seiri
1447 465 1530 498 velint,
1546 474 1665 500 magnam
1686 474 1736 493 non
1754 467 1829 494 modo
1847 475 1936 495 curam
1957 470 1984 497 in

1185 511 1231 538 hoc
1245 512 1429 539 APOLOGETICO
1442 520 1458 538 a
1474 511 1665 539 TERTULLIANO
1679 512 1829 546 adhibitam,
1844 514 1888 541 sed
1906 519 1929 541 et
1944 515 1984 543 his

1184 555 1252 582 idem
1266 556 1313 582 hoc
1330 555 1471 591 Scriptum,
1486 557 1526 583 hic
1540 557 1594 584 illic
1615 558 1720 591 paulum
1741 559 1767 585 in
1789 559 1871 586 verbis
1884 565 1907 587 et
1925 568 1983 588 ora-

1186 601 1252 628 tione
1271 602 1440 634 inunutatunt,
1463 602 1494 628 ab
1515 602 1560 629 illo
1579 602 1606 629 in
1628 602 1757 636 publicum
1777 604 1896 631 emissum
1917 613 1982 639 esse,

1186 648 1253 682 quod
1265 647 1364 675 Lectori
1376 648 1512 680 euidenter,
1529 653 1556 674 ut
1570 653 1701 683 putamus,
1717 650 1860 685 apparebit,
1881 651 1904 677 si
1921 659 1985 680 cou-

1187 694 1268 728 ferat.
1282 702 1365 727 qutea
1377 693 1448 721 nobis
1463 693 1605 727 afferuntur
1625 695 1725 730 paginis
1740 695 1802 723 292.
1821 697 1846 723 b.
1867 697 1930 729 3l5,
1954 706 1981 725 α.

1186 739 1250 767 409.
1263 740 1299 773 b.,
1316 745 1339 767 et
1352 741 1491 775 praesertim
1505 740 1603 774 459m.
1622 741 1646 767 b.
1663 740 1718 768 Nec
1741 742 1768 767 id
1791 742 1884 769 mirum
1902 743 1983 770 videri

1188 785 1269 819 debet,
1285 786 1383 813 etiamsi
1403 786 1488 813 nullus
1501 791 1560 813 ante
1574 794 1620 813 nos
1631 786 1807 820 observaverit,
1835 796 1893 815 cum
1913 789 1982 817 idem

1188 837 1211 859 et
1223 832 1342 859 Lucretio
1355 838 1377 859 et
1391 832 1496 859 Lucano
1510 833 1632 860 accidisse
1653 833 1679 860 in
1703 838 1823 867 prompta
1843 834 1877 861 sit
1899 840 1983 862 osten-

1188 877 1264 911 dere;
1279 879 1391 913 adeoque
1407 886 1457 905 uon
1478 878 1603 905 immerito
1627 878 1703 914 Hugo
1722 879 1768 906 ille
1790 878 1894 908 Grotius
1918 881 1985 908 ideas

1186 924 1311 959 judicium
1325 925 1356 951 de
1370 924 1474 951 Lucano
1486 925 1551 959 [erat
1564 925 1608 952 lib.
1630 924 1665 951 VI
1672 946 1678 952 .
1689 934 1763 953 verm
1780 926 1841 954 187.
1854 932 1986 962 agnoscat-

1188 977 1237 1004 que
1248 970 1275 996 in
1290 969 1376 997 multis
1395 970 1546 997 Auctoribus
1565 970 1593 997 id
1614 970 1739 998 observari
1759 980 1833 1007 posse
1852 972 1986 1001 Canradus

1192 1015 1386 1049 Ritterslmsius,
1412 1017 1438 1043 in
1460 1016 1647 1044 Commentario
1672 1016 1706 1043 ad
1731 1016 1888 1052 Oppianum,
1913 1019 1987 1055 cujus

1189 1062 1264 1089 verba
1278 1063 1337 1089 itide
1351 1068 1469 1098 excerpta
1484 1062 1633 1090 exhibentur
1649 1072 1664 1090 a
1680 1063 1796 1099 Gaspare
1808 1064 1932 1100 Scioppio
1947 1064 1987 1093 De

1191 1110 1251 1135 Arte
1265 1108 1358 1135 Critica
1375 1118 1434 1145 pag.
1451 1109 1495 1137 87.
1510 1110 1610 1136 inuictis
1622 1110 1730 1145 denique
1737 1112 1892 1147 argumentis
1904 1112 1986 1140 evice-

1189 1154 1222 1180 rit
1236 1162 1343 1189 magnus
1357 1154 1500 1181 Salmasius
1511 1155 1538 1181 in
1549 1154 1626 1182 Notis
1639 1155 1672 1182 ad
1686 1156 1812 1183 Achillem
1829 1156 1940 1184 Tatium.
1963 1184 1965 1192 γ

1227 1200 1260 1227 Et
1276 1201 1329 1227 haec
1341 1200 1441 1236 quidem
1457 1201 1588 1235 hactenus,
1604 1210 1660 1237 quia
1673 1203 1695 1230 si
1709 1203 1753 1229 tibi
1773 1203 1925 1238 placuerint,
1942 1204 1987 1232 be-

1190 1247 1265 1281 nigne
1276 1247 1377 1280 Lector,
1390 1243 1555 1282 spondenius,
1569 1249 1738 1276 indesinenter
1757 1257 1860 1284 operam
1873 1255 1986 1278 nostram
2019 1263 2023 1268 '

1190 1293 1248 1319 usui
1261 1298 1303 1320 tuo
1317 1294 1491 1328 profuturam,
1509 1302 1568 1320 nam
1581 1299 1603 1320 et
1619 1294 1699 1321 multa
1718 1294 1837 1321 habemus
1856 1295 1986 1330 inchoata,

1190 1340 1374 1376 semiperfecta,
1391 1340 1508 1368 absoluta
1528 1341 1616 1374 etiam,
1633 1349 1691 1376 quae
1712 1349 1761 1369 non
1779 1350 1856 1377 parco
1875 1343 1987 1370 mutie~

1191 1394 1246 1413 mus
1259 1388 1327 1420 sinu,
1343 1386 1403 1414 dum
1413 1388 1514 1414 animus
1526 1393 1549 1414 et
1563 1388 1642 1414 otiqu
1655 1389 1776 1423 suppetit,
1790 1393 1814 1416 et
1825 1388 1886 1416 dum

1387 1480 1458 1485 ———
1542 1465 1645 1502 integer
1655 1465 1705 1492 invi

1228 1541 1342 1577 Sanguis
1357 1541 1435 1575 inest,
1448 1542 1592 1577 solida-que
1605 1550 1652 1569 suo
1665 1546 1737 1570 stant.
1752 1542 1850 1571 robore
1863 1542 1948 1571 vires.

1227 1620 1344 1655 Namque
1358 1625 1383 1647 ut
1398 1621 1481 1648 sobrie
1494 1620 1609 1656 prtecipit
1625 1620 1782 1656 Syracusani
1804 1620 1887 1648 dulcis
1911 1620 1989 1648 Musa

1191 1667 1326 1701 Theocriti,
1343 1667 1424 1703 Idylt.
1438 1675 1494 1695 xw.
1511 1675 1584 1694 versu
1599 1667 1689 1694 ultimo
1705 1674 1714 1694 :

1311 1753 1386 1772 ποιεῖν
1399 1758 1423 1773 τι
1435 1747 1469 1772 διϊ
1485 1746 1509 1776 ὃς
1520 1749 1573 1778 γόνυ
1587 1749 1685 1779 χλωρόν.

1190 1833 1290 1860 Dabam
1304 1842 1336 1860 ex
1349 1833 1438 1861 Musca
1448 1841 1514 1866 meo,
1526 1835 1553 1860 in
1562 1842 1630 1869 pago
1641 1833 1705 1862 Stud
1719 1841 1768 1861 ann
1780 1833 1799 1861 ἰ
1812 1833 1987 1869 Hariugvliet,

1225 1879 1359 1907 ininsula
1376 1879 1546 1914 Overllakke,
1566 1881 1628 1915 ipsis
1651 1880 1771 1908 Calendis
1794 1880 1887 1914 Junii,
1913 1879 1987 1907 Anno

1223 1934 1367 1966 unccxvm.

1033 2379 1409 2570 Eii.
