4250 6266
573 295 683 354 279

1995 286 2457 346 TERTULLIANI

3765 294 3884 354 280‘

575 418 867 481 negantes,
900 407 1021 479 quia
1048 402 1573 478 nominis-'praslium
1626 414 1726 461 est.
1757 403 1999 475 Denique
2042 402 2172 474 quid
2202 404 2253 463 A
2350 401 2528 470 Quid?
2578 401 2721 474 quod
2769 402 2841 459 ita
2893 401 3133 475 plerique
3169 401 3367 460 clausis
3407 403 3580 466 oculis
3605 403 3661 462 iu
3691 405 3871 465 odium

576 502 645 558 de
674 502 866 559 tabella
896 498 974 570 (a)
1006 496 1241 553 recitatis
1271 495 1419 550 illum
1449 495 1805 552 Christianum
1827 536 1841 561 ,
1869 511 1967 552 cur
1989 511 2094 552 non
2122 506 2175 553 ct

577 593 944 651 homicidam?
987 591 1047 647 Si
1090 590 1173 661 (l)
1221 588 1486 645 homicida
1540 588 1875 645 Christianus
1898 628 1913 654 ,
1943 603 2039 644 cur
2065 603 2172 645 non

575 684 850 742 incestus?
879 682 960 738 vel
1004 681 1359 753 quodcunque
1408 680 1550 736 aliud
1598 695 1696 736 nos
1747 694 1867 736 esse
1911 679 2174 744 creditis?

573 778 638 834 In
659 775 813 833 nobis
839 775 967 830 solis
989 773 1153 845 pudet
1180 780 1271 829 aut
1313 773 1453 844 piget
1481 773 1610 843 ipsis
1660 772 1964 827 nominibus
2003 772 2170 828 scele-

572 886 696 939 rum
748 868 1092 938 pronuntiare
1167 867 1291 937 (b)?.
1332 864 1687 931 Christianus
1731 865 1775 918 si
1826 864 2021 919 nullius
2085 863 2166 935 (2)

572 959 814 1014 criminis
835 971 959 1013 reus
987 965 1069 1012 est
1092 997 1106 1021 ,
1138 971 1332 1011 nomen
1377 955 1533 1011 valde
1578 954 1824 1011 infestum
1850 997 1864 1021 ,
1913 954 1957 1009 si
1992 953 2167 1021 solius

574 1053 811 1111 nominis
840 1052 1046 1108 crimen
1072 1059 1156 1106 est
1176 1050 1282 1121 (5).

654 1134 659 1137 ’
1042 1165 1053 1176 ·
1248 1139 1401 1195 CAP.
1430 1137 1520 1193 Ill.

585 1234 706 1289 Odit'
730 1234 1207 1289 eorum‘ctecitatem
1246 1232 1499 1299 ostendit,
1528 1231 1614 1301 qui
1652 1247 1775 1303 quos
1798 1231 2084 1301 vituperant
2112 1247 2170 1286 eo

644 1329 756 1397 ipso
784 1327 948 1398 elogio
991 1324 1203 1379 laudare
1228 1333 1479 1394 coguntur
1501 1364 1521 1389 ,
1546 1323 1635 1377 sed
1656 1324 1740 1392 qui
1765 1332 1870 1376 tam
1903 1332 2020 1377 sunt
2039 1321 2167 1390 effe-

645 1417 746 1470 rati
764 1456 778 1482 ,
810 1426 866 1469 ut
891 1415 1070 1469 malint
1097 1430 1304 1468 uxorem
1335 1413 1682 1484 familiamque
1715 1410 1913 1484 probris
1936 1422 2166 1466 onustam

504 1574 510 1580 _
645 1511 795 1579 pati,
841 1524 992 1578 quam
1022 1505 1397 1569 Christianam,
1443 1504 1498 1557 id
1541 1514 1613 1558 est
1652 1503 1991 1558 emendatam.
2042 1503 2169 1559 Cum

556 1633 570 1667 ;
641 1600 810 1669 itaque
855 1598 1048 1657 nudum
1090 1596 1221 1650 illud
1273 1594 1476 1648 Nomen
1521 1603 1688 1648 tantas
1733 1596 1943 1648 concitet
1985 1595 2126 1650 rixas
2150 1637 2165 1662 ,

2277 495 2392 566 ejus
2413 496 2731 568 impingunt,
2755 505 2811 551 ut
2832 496 3032 552 bonum
3052 496 3210 552 alicui
3239 497 3603 554 testimonium
3632 497 3874 559 ferentes

2276 587 2607 643 admisceant
2643 590 2875 645 numinis
2928 588 3397 660 exprobrationem
3460 607 3476 649 :
3546 592 3728 649 Bonus
3794 595 3877 650 vir

2275 680 2437 739 Caius
2462 680 2620 739 Seius
2661 683 2766 754 (c),
2802 692 3005 740 tantum
3036 685 3180 756 quod
3226 684 3310 755 (d)
3349 685 3704 743 Christianus.
3742 688 3874 746 Item

2274 770 2410 827 alius
2458 791 2472 826 :
2540 772 2655 843 Ego
2706 774 2878 829 miror
2926 774 3011 845 (4)
3061 774 3283 831 Lucium
3349 776 3647 848 sapientem
3699 780 3873 838 virum

2275 870 2497 933 repente
2518 863 2714 919 factum
2746 864 3135 922 Christianum.
3160 866 3331 922 Nemo
3360 877 3615 925 retractat
3642 852 3877 929 :Nonne

2275 955 2399 1010 ideo
2452 956 2624 1011 bonus
2687 957 2884 1023 Caius,
2944 967 2998 1014 et
3056 959 3294 1029 prudens
3337 959 3537 1016 Lucius
3593 962 3708 1033 (5),
3754 965 3877 1034 quia

2272 1042 2649 1117 Christianus?
2677 1057 2764 1102 aut
2810 1047 2932 1103 ideo
2975 1048 3342 1117 Christianus,
3386 1052 3509 1121 quia
3553 1054 3789 1122 prudens
3815 1064 3873 1111 et

2272 1138 2479 1194 bonus?
2509 1139 2751 1195 Laudant
2783 1156 2903 1211 qua:
2933 1142 3142 1209 sciunt,
3186 1144 3491 1213 vituperant
3537 1160 3658 1215 qua:
3719 1148 3872 1231 igno-

2274 1240 2429 1298 rant,
2470 1241 2521 1286 et
2553 1232 2602 1287 id
2630 1231 2772 1302 quod
2808 1233 3018 1299 sciunt,
3053 1249 3119 1289 eo
3145 1235 3287 1305 quod
3325 1235 3602 1306 ignorant,
3634 1252 3876 1294 corrum-
3961 1287 3971 1295 .

2275 1333 2436 1393 punt;
2478 1338 2601 1379 cum
2626 1325 2700 1403 sit
2723 1326 2919 1394 justius
2955 1327 3161 1381 occulta
3183 1328 3250 1382 de
3277 1328 3574 1384 manifestis
3612 1332 3868 1402 prtejudi—

2273 1427 2418 1482 care,
2449 1430 2609 1485 quam
2636 1416 2913 1471 inanil'esta
2935 1416 3004 1481 de
3034 1418 3258 1472 occultis
3298 1419 3686 1488 praedamnare.
3728 1422 3868 1490 Alii,

2272 1520 2408 1574 quos
2432 1515 2578 1562 retro
2603 1516 2729 1562 ante
2757 1508 2856 1563 hoc
2884 1523 3080 1564 nomen
3113 1524 3294 1580 vagos,
3319 1510 3468 1576 viles,
3497 1513 3767 1581 improbos
3795 1514 3866 1586 (ε)

2272 1608 2567 1663 noverant,
2617 1613 2682 1654 ex
2730 1599 2846 1670 ipso
2893 1598 3151 1655 denotant
3200 1602 3309 1672 (f),
3359 1618 3465 1673 quo
3510 1604 3726 1658 laudant
3757 1605 3867 1676 (6);

574 1672 582 1686 ’
639 1691 848 1761 inquirit
877 1690 929 1742 in
972 1688 1142 1769 illud,
1186 1688 1322 1756 quod
1363 1701 1613 1755 nusquam
1659 1686 1999 1755 spernendum
2024 1728 2040 1754 ,
2091 1687 2169 1742 vel
2198 1711 2245 1769 Β
2272 1689 2517 1744 Caecitate
2543 1689 2650 1744 odii
2680 1690 2732 1744 in
2780 1689 3090 1761 sull'ragium
3125 1693 3445 1764 impingunt.
3487 1694 3615 1763 Qum
3653 1672 3870 1753 mulier!

643 1797 908 1853 perperam
930 1765 1121 1834 abillis
1147 1779 1530 1850 pronuntiatum
1555 1817 1568 1842 ,
1613 1777 1830 1831 amabile
1870 1778 1992 1847 quid
2040 1795 2166 1833 con-

645 1875 793 1938 tinet,
823 1883 870 1926 et
895 1872 949 1925 id
975 1887 1241 1924 commune
1269 1870 1417 1923 habet
1442 1885 1559 1923 cum
1581 1869 1789 1939 reliquis
1816 1868 2006 1935 Sectis,
2029 1872 2168 1940 quod

643 1963 845 2018 Nomen
869 1963 932 2016 ab
963 1962 1178 2016 Auctore
1209 1970 1467 2015 mutuetur
1487 2001 1502 2025 ,
1534 1976 1650 2013 cum
1698 1969 1866 2015 tamen
1906 1978 2166 2032 nunquam

647 2057 801 2112 Secta
849 2040 1082 2125 quendam
1133 2053 1193 2108 ob
1253 2053 1453 2108 Nomen
1497 2054 1663 2107 solum
1714 2064 2065 2124 persequatur.
2100 2057 2167 2110 At

643 2144 938 2207 Christiani,
970 2155 1015 2197 et
1038 2144 1207 2214 quoad
1235 2143 1468 2209 Sectam,
1498 2153 1544 2196 et
1570 2144 1739 2213 quoad
1772 2143 1970 2199 Nomen
1998 2146 2163 2215 probi,

638 2238 784 2311 justi,
811 2236 871 2290 ob
901 2235 1136 2291 Nominis
1164 2245 1360 2290 tantum
1389 2234 1564 2289 odium
1584 2276 1599 2304 ,
1632 2236 1852 2291 inauditi
1873 2278 1889 2304 ,
1921 2237 2166 2309 incogniti

574 2340 582 2403 ζ
643 2330 1067 2407 condemnentur.

636 2541 709 2607 (1)
742 2539 806 2607 Et
825 2538 964 2607 αᾴάίι
988 2541 1259 2607 ηῗρέιιυέτι.
1592 2605 1598 2607 _
1633 2597 1687 2607 _.

658 2599 710 2661 2)
742 2601 953 2653 Nomine,
974 2600 1112 2664 addit
1138 2599 1300 2664 Paris.
1325 2612 1507 2664 nomen
1523 2605 1607 2664 est
1627 2599 1739 2664 ltig.

660 2658 712 2725 5)
747 2664 869 2712 ch
891 2670 962 2713 est
985 2661 1111 2726 lect.
1136 2659 1290 2726 vulg;
1315 2658 1467 2711 Rhen.
1493 2662 1532 2726 si
1569 2658 1753 2726 _nu_|li't_is
1782 2661 1999 2726 criminis
2014 2661 2167 2726 nomi-

570 2738 638 2774 ne
648 2720 779 2773 'reus
801 2730 897 2781 est,
921 2724 1061 2773 valde
1085 2720 1334 2779 infcst'um,
1360 2731 1456 2771 etc.
1479 2720 1597 2773 Cod.
1617 2720 1766 2772 Fuld.
1789 2720 1902 2781 (τὴν,
1927 2724 1968 2770 si
1992 2722 2172 2772 nullius

534 2832 543 2839 .
571 2786 793 2835 criminis
815 2798 994 2847 nomen
1008 2794 1114 2847 est,
1140 2785 1522 2847 valdeineptum
1541 2798 1571 2847 ;,
1609 2785 1754 2847 codd.
1788 2785 1901 2833 Put.
1926 2789 1972 2833 et
2010 2786 2169 2847 Bong.

569 2850 821 2899 incestum
841 2883 855 2906 ,
890 2845 1036 2918 codd.
1069 2845 1320 2910 Agobardi
1353 2845 1399 2914 et
1439 2846 1592 2908 Lugd.
1633 2846 1851 2909 ineptum
1873 2845 2109 2957 incestu?
2129 2845 2176 2914 si

571 2909 666 2957 sol.
703 2921 832 2957 nom.
860 2920 1050 2957 crimen
1075 2916 1168 2957 est.
1194 2911 1389 2957 Recemt
1426 2907 1553 2956 hanc
1592 2904 1703 2956 lect.
1732 2909 1953 2956 'Havcrc.
1990 2908 2056 2957 ad
2095 2907 2176 2957 itis

571 2909 679 2969 sol,
703 2904 1050 2969 nomﬁcrimen
1075 2904 1168 2958 est.
1194 2905 1389 2969 Recepit
1426 2904 1553 2956 hanc
1592 2904 1703 2956 lect.
1718 2904 1953 2956 "Havcrc.
1990 2904 2176 2957 additis

571 2970 624 3033 in
644 2967 741 3029 fine
764 2966 933 3033 verbis
968 2982 985 3019 :
1014 2969 1154 3020 valde
1178 2966 1438 3027 infestum,
1471 2980 1677 3033 eumque
1714 2974 1905 3019 secutus
1943 2974 2014 3019 est
2064 2970 2170 3019 Ios.

571 3028 886 3096 Iguuium

2274 1796 2435 1849 quam
2486 1780 2719 1847 lasciva,
2771 1797 2931 1852 quam
2987 1782 3209 1839 festiva!
3258 1786 3358 1852 Qui
3411 1785 3658 1854 juvenis!
3716 1806 3873 1860 quam

2274 1873 2531 1939 lascivus,
2594 1889 2751 1944 quam
2808 1877 3075 1932 amasios!
3151 1876 3298 1931 Facti
3373 1888 3499 1950 sunt
3563 1880 3873 1939 Christiani.

2272 1965 2345 2019 Ita
2377 1981 2569 2021 nomen
2601 1966 2962 2022 etiiendationi
2994 1964 3304 2039 imputatur.
3339 1971 3588 2027 Nonnulli
3616 1975 3776 2036 etiam
3801 1976 3869 2033 de

2276 2056 2593 2110 utilitatibus
2632 2057 2743 2111 suis
2773 2073 2893 2112 cum
2938 2058 3063 2114 odio
3102 2061 3205 2115 isto
3233 2063 3606 2132 paciscuntur,
3642 2068 3875 2122 contenti

2272 2146 2465 2217 injuria
2488 2190 2502 2213 ,
2540 2147 2665 2201 dum
2705 2164 2772 2203 ne
2798 2148 2942 2204 domi
2973 2148 3239 2216 habeant,
3267 2153 3407 2223 quod
3438 2154 3684 2210 oderunt.
3732 2157 3872 2213 Uxo—

2267 2254 2387 2311 rem
2405 2238 2513 2309 jam
2548 2239 2627 2308 (7)
2656 2239 2902 2308 pudicam
2939 2239 3014 2310 (g)
3046 2242 3266 2297 maritus
3294 2243 3399 2313 jam
3446 2260 3563 2299 non
3605 2246 3879 2318 zelotypus

2269 2330 2458 2399 ejecit,
2490 2330 2657 2385 tilium
2676 2331 2785 2401 jam
2809 2332 3106 2402 subjectum
3135 2344 3282 2403 pater
3306 2348 3458 2390 retro
3488 2339 3695 2407 patiens
3719 2339 3868 2394 abdi-

1774 2444 2163 2503 LECTIONESV
2195 2442 2617 2502 VARIANTES.

2038 2530 2045 2535 ’
2156 2550 2163 2557 ‘
2198 2574 2205 2579 ρ
2266 2533 2467 2601 caeteri:
2492 2533 2598 2595 Ego
2620 2533 2881 2601 Lucium...
2922 2536 3034 2586 Chr.
3060 2535 3125 2583 de
3163 2535 3271 2585 fero
3291 2573 3304 2598 ,
3340 2536 3470 2601 quod
3486 2549 3541 2601 Av.
3569 2535 3627 2601 in
3657 2536 3877 2601 plurimis

2269 2595 2417 2706 cod‘d.
2432 2593 2696 2706 riggic'nltggoi:
2715 2595 3039 2655 desideratur,
3054 2610 3203 2662 quam
3226 2612 3268 2649 v.
3291 2593 3578 2662 niiror.;Sed
3602 2593 3666 2648 et:
3690 2601 3747 2651 ad
3766 2601 3876 2653 Nat.

2273 2674 2319 2706 C.
2382 2686 2408 2706 .-
2699 2696 2709 2705 .
3437 2694 3448 2703 .
3744 2694 3753 2701 κ

2273 2674 2319 2709 c.
2346 2666 2408 2706 4.·
2432 2666 2546 2706 IIth
2568 2666 2631 2707 Le
2699 2696 2709 2705 .
3437 2694 3448 2703 .
3744 2694 3753 2701 ,

2282 2720 2407 2791 __(5)
2436 2718 2597 2791 .Cod'd.
2628 2671 2847 2791 {gerique
2881 2734 2897 2769 :
2929 2720 3108 2791 Lucius
3127 2735 3169 2770 ιι.
3194 2720 3367 2771 Lutius
3399 2734 3440 2770 s.
3479 2721 3689 2791 Lusius;
3723 2724 3870 2776 codd.

2282 2782 2447 2832 Ursini
2469 2788 2514 2830 et
2539 2782 2773 2831 Scriverii
2792 2795 2809 2832 .'
2828 2782 3054 2844 lascivus.
3190 2842 3199 2844 _
3265 2842 3275 2844 ξ
3503 2786 3515 2796 ⁸

2342 2843 2414 2905 (6)
2458 2845 2682 2908 Wouwer
2713 2856 2777 2896 ca:
2805 2850 2910 2908 vett.
2950 2842 3037 2894 lib.
3066 2844 3136 2908 sic
3182 2842 3294 2908 legit
3343 2857 3368 2908 ,1
3386 2858 3446 2894 ex
3497 2845 3603 2907 ipso
3644 2860 3742 2908 quo
3784 2847 3875 2897 de-

2342 2861 2414 2905 (ο)
2464 2861 2682 2893 wouwer
2713 2861 2777 2896 ca:
2805 2861 2910 2894 νεα.
2950 2861 3031 2894 uo.
3066 2861 3136 2894 su:
3182 2861 3293 2908 tegu
3343 2861 3360 2894 :
3386 2861 3446 2894 ex
3497 2861 3603 2907 Ipso
3680 2861 3742 2896 uo
3784 2861 3875 2897 ae-

2279 2912 2454 2970 notant
2469 2904 2698 2970 laudant_;
2722 2917 2839 2970 c.»o_.
2871 2905 2903 2954 i.
2929 2919 2973 2970 s.
3006 2908 3037 2955 i.
3076 2906 3227 2970 Quod
3256 2905 3450 2965 mulier,
3489 2908 3620 2970 quod
3644 2861 3878 2969 (lasciva,

2316 2967 2407 3015 uod
2431 2965 2623 3016 festiva.
2652 2967 2791 3025 Quod
2808 2967 3037 3029 juvenis,
3064 2967 3191 3031 quod
3217 2967 3424 3019 lascivus
3442 3004 3455 3029 ,
3475 2965 3603 3032 quod
3627 2965 3874 3032 amasius,

2316 3028 2391 3077 icti
2409 3036 2525 3077 sunt
2547 3026 2824 3077 Christiani.

2298 3030 2391 3077 'acti
2409 3036 2525 3077 sunt
2547 3030 2824 3077 Christiani.

643 3072 924 3158 '(‘if‘iiiéizit
942 3096 987 3143 et
1011 3094 1223 3145 Haverc.
1246 3105 1274 3143 e
1293 3091 1407 3143 cod.
1434 3089 1577 3142 Fuld.
1597 3090 1704 3154 Ego
1720 3092 1868 3142 miror
1884 3090 2171 3152 Luc.,etc.;
2198 3072 2242 3134 C
2279 3072 2885 3151 "'(‘i)'i§hfa”6é§i'137a¥ts.

1920 3170 2482 3229 COMMENTARIUS.
2511 3171 2521 3180 ’
2672 3191 2677 3195 ·
2784 3185 2795 3193 ·

651 3269 728 3341 (a)
749 3268 887 3337 Quid
915 3270 978 3324 de
1004 3269 1206 3324 tabella.
1225 3268 1391 3341 Olim,
1412 3267 1587 3341 inquit
1612 3266 1931 3341 Bhenanus,
1957 3275 2173 3341 senten-

576 3337 1156 3396 tia'a'nimadversionis
1183 3339 1426 3409 capitalis
1464 3337 1543 3409 de
1583 3338 1771 3393 tabella
1826 3337 2169 3409 recitabatur.

577 3411 731 3477 Quod
761 3412 1111 3465 conﬁrmatur
1139 3426 1202 3463 ex
1232 3407 1338 3463 rita
1365 3409 1425 3462 D.
1447 3407 1698 3479 Cypriani
1729 3422 1825 3476 per
1852 3407 2103 3462 Pontium
2120 3417 2175 3461 et

579 3481 802 3538 Paulum
838 3479 1150 3533 Diaconum.
1183 3479 1316 3533 Pan.

661 3548 740 3619 (b)
769 3548 907 3619 Ipsis
933 3548 1218 3602 nominibus
1244 3547 1508 3619 scelerum.
1557 3548 1742 3603 Cicero
1767 3546 1835 3601 de
1855 3546 2082 3619 Legibus
2107 3545 2170 3601 11.

582 3618 779 3687 Legum
808 3618 938 3687 leges
965 3634 1081 3672 voce
1102 3635 1403 3687 praponam.
1434 3618 1568 3671 Cutn
1614 3629 1792 3671 autem
1835 3618 2025 3687 reliqui
2071 3632 2169 3671 no-

583 3686 768 3743 centes
792 3686 946 3741 suum
977 3688 1028 3741 in
1055 3686 1243 3756 tabella
1276 3687 1749 3756 babentelogium,
1783 3686 2048 3756 sacrilegi,
2074 3687 2171 3741 ho-

585 3757 829 3821 micidae,
861 3766 990 3814 etc..
1021 3749 1458 3820 cur'Christiani,
1494 3749 1838 3826 inqhit,qnos
1864 3768 1918 3809 et
1947 3749 2168 3812 istorum

581 3836 639 3883 et
664 3828 904 3885 omnium
939 3827 1222 3881 criminum
1266 3842 1386 3882 reos
1416 3826 1622 3882 habetis
1643 3868 1658 3891 ,
1689 3826 1788 3881 soli
1836 3826 1939 3878 isto
1966 3836 2167 3881 tantum

576 3897 975 3963 nomine,uullo
990 3896 1171 3966 addito
1188 3896 1433 3959 crimine,
1460 3897 1863 3966 proponuntur?
1880 3895 2002 3951 hinc
2029 3898 2166 3953 istud

581 3982 780 4023 nomen
822 3977 878 4021 ut
915 3965 1199 4037 peculiaris
1227 3967 1370 4021 illius
1413 3965 1593 4021 titulus
1645 3969 2073 4037 noxzeuoccurrit
2114 3971 2165 4023 in

579 4034 981 4107 elegantissimo
1027 4038 1272 4091 Auctoris
1294 4038 1412 4092 loCo
1459 4052 1509 4107 c.
1564 4037 1745 4091 XLIV.
1790 4034 1991 4091 Vestras
2035 4039 2169 4092 enim

581 4106 925 4163 contestamur
964 4118 1137 4168 actus,
1185 4109 1272 4177 qui
1309 4106 1552 4178 quotidie
1580 4107 1880 4177 judicondis
1926 4109 2168 4163 custodiis

582 4178 886 4248 praesidetis,
905 4179 991 4247 qui
1019 4180 1273 4232 sententiis
1300 4179 1461 4248 elogia
1492 4177 1796 4248 dispungitis
1816 4186 1942 4248 :totr
1970 4194 2001 4229 a
2031 4179 2167 4234 vobis

583 4247 819 4304 nocentes
863 4248 1015 4308 variis
1040 4249 1311 4302 criminum
1340 4247 1515 4319 elogiis
1536 4247 1876 4319 recensentur.
1913 4247 2038 4314 Quis
2061 4249 2167 4303 illic

579 4319 838 4373 sicarius?
877 4319 990 4389 quis
1040 4317 1480 4373 manticuliarius?
1522 4320 1634 4387 quis
1719 4317 2027 4387 sacrilegus.
2078 4330 2167 4373 aut

578 4398 846 4458 corruptor
866 4385 961 4459 aut
974 4388 1249 4442 lavantium
1267 4389 1471 4459 prtedo?
1482 4385 1594 4457 quis
1615 4405 1677 4443 ea:
1703 4389 1805 4442 illis
1828 4385 1977 4442 etiam
1994 4388 2167 4459 Chris-
2192 4385 2244 4443 D

578 4454 750 4513 tianus
778 4458 1110 4515 adscribitur?
1125 4468 1210 4513 aut
1232 4454 1345 4513 cum
1367 4454 1642 4513 Christiani
1656 4466 1753 4513 ‘suo
1778 4460 1923 4512 titulo
1944 4454 2169 4524 offerun-

577 4539 661 4583 tur
684 4570 698 4592 ,
725 4531 839 4600 quis
862 4545 925 4583 ea:
953 4529 1057 4583 illis
1082 4530 1234 4584 etiam
1260 4530 1378 4584 talis
1413 4530 1583 4597 quales
1614 4538 1684 4583 tot
1713 4530 1990 4600 nocentes?
2041 4530 2170 4586 Post

613 4599 906 4654 ronu’ntiare
956 4609 1135 4653 notam
1207 4601 1636 4668 interrogationis
1681 4608 1886 4668 ponunt
1938 4599 2085 4654 Pani.
2116 4611 2170 4655 ct

613 4615 906 4654 renuntiare
956 4615 1135 4653 notaui
1207 4615 1406 4654 interro
1446 4615 1636 4652 attonis
1681 4615 1886 4668 ponunt.
1938 4615 2085 4654 ram.
2116 4615 2166 4655 ct

572 4616 821 4793 Bhenan.
846 4669 1040 4739 Rigalt.
1071 4687 1198 4724 vero
1228 4670 1375 4725 Barr.
1408 4615 1565 4724 guld.
1592 4678 1648 4723 et
1672 4669 1868 4725 Herald
1893 4672 2166 4737 punctuni.

627 4750 872 4793 truinnne
890 4743 1211 4793 rcctum.scd
1239 4742 1517 4793 posteriori
1536 4740 1697 4793 modo
1717 4757 1834 4793 cum
1855 4740 2020 4793 ironia
2042 4756 2166 4793 nro.

627 4750 872 4805 truinqne
890 4743 1211 4805 rcctum,scd
1239 4742 1517 4809 posteriori
1536 4740 1697 4794 modo
1717 4757 1834 4794 cum
1855 4740 2020 4795 ironia
2042 4756 2166 4808 pro.

574 4808 1054 4880 ferri_debet,quasi
1076 4808 1459 4880 scripsissetJn
1480 4812 1631 4864 nobis
1650 4813 1780 4865 solis
1794 4810 2164 4880 scilicctJlAv.

647 4877 721 4950 (c)
740 4879 893 4933 Caius
907 4877 1257 4936 Seius.Verha
1280 4892 1404 4936 sunt
1426 4882 1817 4936 .lureconsultis
1843 4879 2166 4946 frequentis-

574 4951 732 5012 sima,
764 4950 860 5022 ubi
881 4952 1109 5019 exempli
1140 4953 1338 5022 gratia,
1368 4950 1565 5022 aliquid
1596 4952 1864 5006 inculcare
1892 4952 2075 5006 volunt
2100 4952 2168 5009 de

571 5018 823 5088 personis
847 5018 899 5072 in
928 5018 1161 5088 generef
1179 5021 1309 5077 Lac.

648 5088 725 5159 (d)
745 5088 966 5143 Tantum
983 5091 1137 5157 quod.
1162 5091 1462 5147 Familiaris
1485 5092 1704 5147 Anctori
1725 5102 1909 5146 nostro
1930 5092 2161 5150 locutio:

569 5158 863 5215 Suetonius
906 5175 1119 5230 quoque
1148 5163 1199 5215 in
1234 5162 1446 5217 Nerone
1474 5177 1525 5216 c.
1558 5179 1631 5216 γι.
1656 5163 1725 5217 de
1753 5173 1993 5231 tempore
2020 5166 2160 5219 nati-

571 5231 897 5303 vitatisejus
929 5248 942 5285 :
979 5240 1173 5285 tantum
1199 5233 1336 5302 quod
1361 5234 1615 5303 emoriente
1637 5234 1770 5297 sole,
1819 5250 1963 5303 pwne
1987 5244 2041 5289 ut
2069 5252 2157 5289 ra-

569 5299 669 5372 diis
689 5299 982 5372 priusquam
1005 5311 1137 5372 terra
1158 5299 1545 5372 contingeretur.
1566 5302 1768 5359 Sensus
1788 5299 1871 5359 est
1890 5303 2158 5361 Neronem

569 5368 919 5444 intercepisse
949 5371 1127 5427 radios
1170 5368 1416 5444 salares,
1466 5373 1555 5441 qui
1602 5375 1749 5443 prius
1791 5375 1962 5443 ipsum
1993 5391 2155 5444 quam

567 5443 1037 5515 terramlucesua
1066 5441 1412 5515 pgrluderunt
1441 5461 1454 5498 :
1481 5441 1740 5514 sumpsit,
1770 5441 1827 5499 ut
1870 5441 2023 5515 plura
2042 5487 2058 5514 ,
2085 5446 2155 5501 ab

566 5508 835 5566 Lucretio.
865 5512 959 5568 Ille
986 5508 1169 5575 lihLII.
1199 5512 1327 5570 220.

680 5627 868 5673 tantum
889 5624 1020 5687 quod
1041 5637 1220 5676 nomen
1239 5630 1480 5677 mutatum
1498 5624 1668 5678 dicere
1694 5628 1866 5689 possis.

547 5746 767 5807 Veteres
810 5754 990 5817 excusi
1035 5752 1231 5811 habent
1274 5754 1358 5811 hic
1381 5756 1472 5811 sed
1519 5758 1681 5814 malus
1730 5765 1924 5811 tantum
1955 5759 2089 5829 quod
2124 5795 2137 5822 ,

2274 3262 2413 3335 quod
2428 3261 2679 3335 putidum
2711 3262 3125 3335 milliimcliores
3166 3262 3286 3335 libri
3332 3261 3479 3319 MSS.
3516 3274 3867 3335 agnoscunt,

2275 3333 2918 3404 etSalmasius,Bigalt.
2974 3334 3022 3404 la
3052 3334 3224 3388 Cerda
3279 3342 3334 3389 et
3385 3334 3625 3404 Scaliger
3666 3333 3870 3392 delent.

2278 3402 2321 3456 Τ
2321 3414 2497 3456 autum
2525 3404 2661 3473 quod
2688 3402 2828 3457 idem
2856 3403 2996 3473 quod
3029 3403 3219 3473 graccis
3245 3412 3364 3464 πλὴν
3391 3411 3491 3458 ὅσοι
3524 3402 3602 3458 rel
3627 3415 3749 3469 πλὴν
3773 3414 3869 3462 ὃτι.

2274 3472 2565 3544 Syucsius,
2613 3474 2811 3529 citaute
2869 3472 3139 3539 Stephano
3194 3482 3316 3533 πλὴν
3339 3482 3444 3528 ὅσον
3487 3479 3728 3544 ηὐξάμην.
3786 3477 3876 3535 Sic

2274 3544 2897 3613 quoque,Aristophanes
2925 3544 3166 3599 Nubibus
3191 3545 3323 3598 dixit.
3350 3553 3472 3606 πλὴν
3494 3552 3593 3600 ὃτι.
3630 3548 3761 3602 llttv.

2350 3616 2422 3681 (c)
2459 3612 2660 3685 Yagos,
2710 3615 2870 3679 viles,
2902 3616 3177 3685 improbos.
3236 3613 3403 3684 Vagos
3444 3617 3514 3668 ob
3564 3617 3866 3682 libidinem,

2274 3682 2395 3742 viles
2423 3683 2493 3737 ob
2536 3682 2745 3752 copiam
2792 3687 2872 3738 sui
2919 3682 3241 3750 vilifaetain,
3288 3682 3542 3754 improbos
3577 3687 3648 3741 ob
3695 3703 3869 3742 mores

2275 3754 2479 3824 malos:
2506 3770 2658 3824 vagos
2684 3755 2816 3808 istos
2842 3771 2937 3824 per
2982 3756 3243 3810 ambulare
3290 3757 3556 3824 expressit
3606 3757 3870 3814 Adrianus

2272 3821 2454 3879 Czcsar
2480 3821 2651 3896 inille
2681 3825 2745 3896 ad
2777 3821 3193 3896 Eloruin'cpigr.
3225 3821 3664 3896 apud'Spartian.

2525 3894 2631 3957 Ego
2656 3894 2767 3957 nolo
2787 3895 2967 3945 Florus
2986 3894 3133 3957 esse;
3262 3894 3272 3896 ’
3396 3936 3408 3942 -

2432 3988 2439 3991 -
2519 3955 2788 4020 {Ambulare
2807 3996 2819 4015 ,
2855 3971 2945 4020 per
2970 3955 3216 4019 tabernas,

2522 4015 2741 4083 I_.a_t_itare
2767 4015 2867 4083 per'
2875 4020 3097 4083 popinas,

2521 4077 2708 4129 Calices
2720 4077 2827 4143 pati
2851 4077 3101 4131 rotundos.

2343 4138 2414 4215 (ί)
2446 4138 2667 4215 Ea:_ipso
2693 4138 2954 4205 denotant,
2980 4152 3097 4215 etc.
3121 4143 3390 4197 Pamelius
3404 4152 3459 4197 et
3485 4143 3607 4211 Rig.
3638 4145 3821 4215 legunt
3851 4166 3864 4201 :

2273 4224 2334 4287 ea:
2357 4212 2468 4287 ipso
2504 4211 2786 4287 denotant,
2832 4229 2929 4287 quo
2974 4213 3230 4287 laudant,
3282 4216 3506 4287 edacitate
3534 4215 3639 4287 odii
3665 4211 3729 4287 iii
3758 4221 3870 4287 suf.

2271 4280 2494 4355 [rugiuiu
2518 4282 2824 4355 impingunt.
2862 4283 2989 4355 Qua:
3011 4284 3189 4355 mulier
3212 4284 3231 4337 !
3246 4290 3410 4355 i'quam
3443 4284 3630 4338 lasciva
3653 4285 3674 4337 !
3708 4280 3862 4355 quam
3882 4320 3895 4327 -

2270 4349 2488 4417 festiva!
2515 4349 2617 4423 Qui
2632 4349 2880 4417 juvenes!
2902 4354 2987 4423 qui
3015 4351 3203 4407 Lucius
3234 4349 3465 4423 ΙΒὶᾳτιΙι.
3490 4370 3637 4422 quam
3659 4349 3817 4407 lusius
3839 4357 3865 4409 .'

2272 4435 2425 4492 quam
2450 4422 2702 4488 amasius,
2738 4423 2860 4492 facti
2886 4434 3004 4477 sunt
3040 4422 3474 4480 ChristianiJlS.
3505 4423 3655 4477 Fuld.
3684 4440 3747 4477 ea:
3768 4425 3863 4478 hoc

2273 4490 2385 4561 ipso
2406 4492 2681 4555 denotant,
2712 4490 2809 4559 quo
2836 4495 3084 4556 laudant,
3117 4495 3342 4548 cwcitate
3379 4495 3483 4548 odii
3509 4534 3524 4558 ,
3574 4495 3625 4547 in
3673 4493 3866 4561 suifra-

2274 4560 2412 4635 gium
2456 4572 2790 4635 enarrantes,
2835 4580 2949 4631 qua:
2990 4566 3203 4635 mulier,
3250 4582 3402 4633 quant
3439 4566 3626 4618 lasciva
3650 4605 3665 4630 ,
3710 4582 3865 4635 quam

2274 4631 2485 4753 {estival
2506 4633 2590 4700 qui
2608 4633 2820 4702 juvenes
2841 4675 2853 4696 ,
2883 4651 3033 4702 quam
3060 4631 3270 4700 Lusius,
3297 4652 3449 4703 quam
3482 4631 3732 4701 amasius,
3755 4647 3857 4691 etc.

2294 4700 2519 4753 illenan.
2549 4717 2612 4753 ea:
2634 4705 2742 4753 ipso
2772 4705 3050 4753 denotant-
3083 4705 3378 4753 collaudant
3404 4721 3450 4753 ε.
3481 4722 3531 4753 ο.
3564 4704 3676 4753 MS.
3703 4721 3857 4753 «mem

2294 4700 2519 4755 thenan.
2549 4700 2742 4771 eaiipso
2772 4700 3050 4766 denotant,
3083 4700 3378 4759 collaudant
3404 4721 3450 4758 c.
3481 4722 3531 4759 o.
3564 4704 3676 4761 MS.
3703 4700 3862 4769 quem

2272 4771 2538 4843 consuluit
2565 4773 2864 4828 Scriverius
2901 4793 2914 4828 :
2939 4791 3003 4829 ex
3038 4777 3151 4843 ipso
3179 4792 3276 4842 quo
3296 4776 3568 4843 denotant,
3604 4777 3817 4829 laudant
3843 4817 3860 4841 ,

2271 4839 2343 4894 al.
2368 4842 2662 4916 collaudem
2684 4884 2699 4909 ,
2748 4857 2810 4916 et
2847 4861 2970 4899 mox
2994 4886 3008 4908 ,
3061 4839 3199 4912 quod
3222 4845 3404 4916 mulier
3423 4888 3437 4909 ,
3466 4839 3606 4916 quod
3631 4848 3817 4901 lasciva
3842 4839 3858 4913 ,

2270 4912 2407 4986 quod
2433 4914 2608 4983 festiva
2629 4954 2642 4978 ,
2674 4914 2810 4986 quod
2826 4916 3050 4986 juvenis,
3099 4915 3235 4985 quod
3272 4912 3488 4975 lascivus
3508 4959 3521 4978 ,
3553 4918 3689 4986 quod
3714 4933 3862 4971 ama-

2270 4983 2407 5056 sius,
2424 4993 2553 5056 etc,
2577 4983 2906 5056 approbante
2929 4983 3284 5055 illo.Scaligter
3304 4986 3536 5055 denique
3556 4983 3623 5041 ex
3650 4988 3861 5056 ingenio

2268 5052 2580 5126 corrigebat
2591 5055 2870 5109 rotundius
2891 5097 2906 5121 ,
2938 5072 2995 5109 eo
3033 5057 3143 5125 ipso
3169 5052 3266 5126 quo
3295 5052 3541 5110 denotant
3559 5097 3573 5121 ,
3625 5052 3858 5111 laudant.

2240 5164 2243 5169 ι
2270 5120 2530 5195 Diogenes
2557 5123 2805 5179 Laertius
2831 5120 3030 5193 pariter
3046 5120 3119 5179 ile
3147 5120 3504 5195 Aristophane
3538 5120 3607 5180 et
3631 5127 3861 5183 Cornicis

2269 5189 2399 5246 dicit
2445 5194 2600 5258 illos,
2642 5195 2765 5268 dum
2813 5189 3107 5268 Socr:itetn_
3134 5189 3412 5268 traducere
3456 5207 3509 5251 et
3556 5197 3861 5268 vituperare

2266 5273 2550 5334 conantur,
2574 5280 2640 5319 eo
2671 5267 2785 5334 ipso
2818 5265 3238 5321 laudare.Vcrba
3261 5268 3377 5333 ejus
3394 5268 3590 5322 suntin
3619 5265 3860 5323 socratis

2266 5332 2370 5387 vita
2401 5352 2414 5388 :
2449 5337 2498 5388 οἵ
2520 5342 2817 5390 λανθάνουσιν
2844 5345 3057 5401 ζει-νηῦς,
3090 5338 3224 5391 δι’ὧν
3241 5347 3534 5392 animation
3563 5344 3859 5400 inuasit-ars;

2262 5412 2425 5472 αὐτόν,
2442 5415 2496 5459 et
2519 5406 2584 5460 dc
2606 5406 2849 5462 Zenone:
2877 5412 2922 5460 οἵ
2936 5430 2985 5472 γε
2997 5418 3081 5475 μὲν
3095 5418 3292 5475 κωμικοί
3308 5414 3552 5462 ἐλάνθανον
3566 5416 3857 5470 ἐπαινοῦντες

2260 5478 2403 5528 αὐτὸν
2423 5479 2504 5547 διὰ
2528 5487 2617 5531 τῶν
2643 5484 2955 5546 σκωμμάτων,
2977 5478 3010 5531 i.
3036 5492 3086 5530 e.
3110 5478 3288 5532 comici
3305 5488 3471 5532 tanien
3493 5480 3854 5547 imprudentes,

2259 5545 2538 5619 hauddum
2567 5545 2887 5619 vituperant,
2941 5547 3169 5619 laudant.
3233 5548 3489 5619 Spectant
3530 5545 3595 5615 ad
3623 5564 3855 5617 scqucn-
3896 5582 3901 5591 ν

2260 5615 2330 5669 tia
2361 5616 2450 5670 illa
2480 5615 2750 5672 Nostri'atl
2783 5618 2942 5687 Scap.
2973 5631 3089 5687 cap.
3127 5617 3185 5671 II.
3214 5615 3303 5672 nec
3331 5618 3539 5671 aliunde
3591 5615 3856 5673 noscibiles

2256 5700 2409 5754 quam
2437 5687 2498 5741 de
2527 5690 2871 5742 euwrrdutione
2899 5688 3132 5741 vitiorum
3161 5689 3509 5756 pristinorum.
3546 5688 3682 5743 Ilsv.

2330 5757 2406 5830 (g)
2436 5757 2554 5812 Jan:
2584 5760 2841 5839 pudicam.
2870 5758 3042 5819 Blien.
3073 5768 3125 5814 et
3160 5758 3264 5815 MS.
3303 5758 3470 5832 Lugd.
3500 5760 3617 5815 But.
3643 5776 3855 5816 uxorem
