4242 6264
654 324 763 386 509

2034 328 2579 393 APOLOGETICUS.

3854 339 3960 399 510

650 445 759 501 reis
786 457 891 500 non
919 443 1138 516 utique,
1164 443 1405 530 eumve]
1436 457 1503 502 ex
1527 442 1697 502 forma
1727 444 1804 520 (a)
1836 448 2083 505 omnibus
2110 464 2254 521 mys-
2281 458 2333 518 Α
2358 452 2622 525 probavit,
2654 462 2830 512 cessat
2856 468 2997 521 esse,
3019 463 3077 513 et
3096 457 3247 530 quasi
3274 457 3454 518 ofﬁcio
3495 461 3775 519 nuntiandi
3805 462 3958 521 func~

653 536 802 593 teriis
832 536 913 608 (l)
942 535 1138 593 silentii
1185 528 1317 593 ﬁdes
1359 536 1638 595 debeatur.
1687 539 2054 597 Samothracia
2084 539 2160 616 (b)
2192 551 2251 598 et

657 626 931 684 Eleusinia
977 627 1048 700 (c)
1102 628 1431 684 reticentur:
1475 638 1676 700 quanto
1727 632 1897 702 magis
1937 631 2081 699 talia,
2132 647 2252 703 quae

651 717 862 791 prodita
915 719 1128 775 interim
1158 717 1238 791 (‘2)
1284 720 1445 776 ctiam
1498 719 1785 776 humanam
1831 721 2253 778 animadversio-

650 826 775 867 nem
834 810 1228 882 provocabunt,
1297 810 1426 866 dum
1486 810 1664 866 divina
1728 813 2138 884 servatur'(3)?
2193 813 2250 869 Si

652 918 782 976 ergo
804 920 910 960 non
941 904 1041 975 ipsi
1072 904 1371 975 proditores
1397 905 1504 973 sui,
1533 905 1775 977 sequitur
1803 915 1859 960 ut
1898 906 2160 962 extranei.
2190 907 2256 961 Et

652 995 798 1051 unde
840 997 1112 1052 extraneis
1156 998 1386 1052 notitia?
1423 1012 1544 1052 cum
1589 1012 1804 1068 semper
1828 999 1994 1076 etiam
2044 1001 2144 1070 piae
2171 1000 2253 1071 (4)

656 1089 985 1147 initiationes
1015 1089 1096 1164 (ά)
1139 1100 1358 1147 arceant
1406 1089 1659 1162 profanos
1707 1102 1763 1148 ct
1808 1092 1876 1147 ab
1922 1093 2139 1149 arbitris
2172 1091 2252 1164 (5)

546 1208 554 1215 -
654 1194 909 1251 caveant,
941 1185 1043 1239 nisi
1082 1185 1128 1239 si
1173 1185 1318 1255 impii
1347 1186 1523 1241 minus
1553 1186 1840 1242 metuunt?
1870 1195 2058 1244 natura
2097 1186 2254 1245 fama:

655 1277 906 1334 omnibus
940 1286 1064 1334 nota
1101 1288 1204 1334 est.
1246 1277 1497 1335 Vestrum
1537 1288 1650 1336 est:

809 1412 962 1463 Fama
989 1410 1053 1477 (6)
1079 1412 1276 1477 malum,
1301 1428 1517 1479 quonon
1542 1416 1669 1468 aliud
1695 1417 1913 1469 velocius
1931 1416 2102 1469 ullum.

657 1566 768 1623 Cur
812 1568 1013 1624 malum
1060 1568 1196 1623 fama
1238 1567 1357 1640 (7)?
1383 1569 1504 1639 quia
1549 1568 1745 1624 velox?
1772 1570 1894 1640 quia
1947 1569 2147 1626 index?
2190 1584 2260 1625 an

657 1660 780 1732 quia
821 1660 1107 1731 plurimum
1137 1659 1408 1715 mendax?
1452 1677 1570 1732 qua:
1609 1677 1676 1717 ne
1718 1671 1843 1718 tunc
1868 1663 2109 1733 quidem,
2138 1678 2261 1718 cum

659 1752 857 1823 aliquid
893 1754 1000 1808 veri
1026 1752 1202 1819 alI‘ert,
1234 1754 1351 1810 sine
1378 1754 1646 1811 'mendacii
1671 1757 1799 1811 vitio
1818 1766 1921 1826 est,
1945 1757 2256 1823 detrahens,

2357 556 2430 613 ta,
2457 562 2571 603 rem
2619 549 2799 616 tradit,
2829 559 2883 605 et
2913 549 3107 606 exinde
3131 567 3220 609 res
3249 560 3481 624 tenetur,
3508 571 3596 613 res
3625 558 3954 615 nominatur.

2354 632 2789 712 Nec'quisquam
2818 641 3167 718 dicit,,verbi
3208 645 3381 715 gratia
3418 664 3431 701 :
3462 646 3577 703 Hoc
3608 648 3787 711 Roma:
3808 650 3958 707 aiunt

2356 736 2583 803 factum;
2627 745 2721 789 aut
2760 753 2771 788 :
2804 734 2969 790 Fama
3008 745 3081 793 est
3126 737 3272 792 illum
3324 739 3633 809 prouinciam
3689 743 3960 810 sortitum;

2357 825 2453 880 sed
2481 844 2493 879 :
2526 826 2748 883 Sortitus
2776 828 2865 883 ille
2891 829 3222 899 provinciam,
3252 839 3308 887 et
3339 850 3353 886 :
3381 830 3497 888 Hoc
3524 836 3718 905 factum
3746 845 3819 889 est
3847 834 3962 890 Ro-

2358 934 2456 974 mae
2481 918 2583 993 (8).
2612 920 2795 988 Fama,
2829 938 3023 978 nomen
3073 924 3290 992 incerti,
3318 924 3496 982 locum
3523 942 3630 983 non
3663 928 3843 995 habet,
3875 929 3965 986 ubi

2360 1020 2568 1067 certum
2600 1023 2701 1068 est.
2753 1015 2833 1069 An
2866 1030 2995 1071 vero
3022 1016 3176 1073 famae
3214 1018 3420 1086 credat,
3450 1019 3553 1075 nisi
3590 1019 3965 1079 inconsidera-

2359 1103 2483 1160 tus?
2530 1103 2631 1172 Qui
2661 1113 2745 1162 est
2771 1107 3004 1177 sapiens,
3062 1124 3168 1165 non
3215 1109 3387 1166 credit
3431 1111 3636 1167 incerto
3682 1112 3787 1184 (9).
3831 1112 3964 1168 Om-

2361 1196 2509 1253 nium
2561 1207 2643 1254 est
2693 1198 2808 1271 (10)
2852 1200 3122 1256 :rstimare
3172 1200 3306 1273 (Η)
3357 1201 3494 1276 (e),
3538 1216 3967 1276 quantacumque

2362 1289 2451 1345 illa
2481 1288 2597 1362 (i2)
2627 1289 2920 1347 ambitione
2947 1290 3138 1347 dill‘usa
3169 1294 3259 1362 sit,
3289 1303 3721 1367 quantacumque
3749 1310 3965 1353 asseveo

2365 1385 2574 1440 ratione
2612 1395 2945 1442 constructa.
2998 1387 3149 1456 Quod
3180 1388 3248 1443 ab
3279 1403 3388 1443 uno
3407 1388 3697 1460 aliquando
3724 1390 3967 1460 principe

2364 1486 2557 1532 exorta
2574 1478 2665 1546 sit,
2681 1493 2902 1535 necesse
2921 1488 3005 1535 est
3023 1480 3217 1537 exinde
3230 1482 3284 1536 in
3302 1481 3551 1538 traduces
3578 1482 3877 1554 linguarum
3896 1482 3965 1555 (f)

2364 1578 2418 1624 et
2447 1569 2652 1624 aurium
2675 1579 2872 1640 serpat.
2906 1571 2974 1626 Et
2997 1572 3067 1626 ita
3089 1571 3284 1627 modici
3310 1573 3533 1629 seminis
3554 1573 3739 1629 vitium
3762 1582 3962 1630 caetera

2364 1660 2598 1717 rumoris
2635 1661 3048 1734 obscurat(l'5),
3096 1672 3155 1718 ut
3203 1677 3364 1719 nemo
3402 1665 3697 1735 recogitet,
3752 1681 3819 1721 ne
3850 1666 3961 1735 pri-

2367 1769 2511 1808 mum
2542 1752 2672 1832 illud
2711 1768 2773 1810 os
2800 1754 3139 1811 mendacium
3188 1755 3549 1821 seminaverit,
3577 1756 3721 1827 quod
3741 1770 3884 1827 smpe
3905 1754 3966 1810 ﬁt

655 1821 935 1915 adjiciens,
984 1845 1268 1902 demutans
1297 1847 1366 1903 de
1412 1848 1659 1904 veritate.
1693 1848 1874 1917 Quid?
1908 1821 2058 1921 quod
2088 1867 2150 1906 ea
2179 1821 2251 1907 illi
2289 1821 2335 1881 Β
2363 1855 2455 1901 aut
2488 1826 2703 1918 ingenio
2726 1847 3112 1917 aemulationis,
3138 1857 3229 1903 aut
3249 1849 3473 1905 arbitrio
3498 1821 3851 1919 suspicionis,
3876 1857 3969 1903 aut

655 1936 893 1993 conditio
936 1949 1040 2004 est,
1091 1949 1150 1995 ut
1178 1954 1284 1997 non
1325 1942 1427 1997 nisi
1458 1956 1581 1999 eum
1628 1944 1883 1999 mentitur
1920 1956 2250 2015 perseveret,

668 2038 723 2087 et
770 2030 973 2087 tamdiu
995 2032 1144 2099 vivit,
1177 2034 1429 2104 quamdiu
1460 2049 1564 2090 non
1595 2036 1807 2107 probat.
1838 2034 2112 2107 Siquidem
2168 2036 2255 2093 ubi

2362 1955 2467 1994 non
2498 1954 2657 2007 nova,
2703 1939 2798 1995 sed
2828 1940 3060 2012 ingenita
3104 1940 3424 2013 quibusdam
3451 1940 3745 1997 mentiendi
3770 1940 3962 2010 volup-

2364 2044 2491 2091 tate.
2521 2034 2666 2091 Bene
2695 2044 2895 2104 autem,
2923 2034 3069 2107 quod
3091 2035 3269 2091 omnia
3297 2044 3506 2106 tempus
3528 2035 3736 2091 revelat
3761 2031 3837 2107 (g)
3863 2042 3968 2090 tes-

1892 2147 2277 2209 LECTIONES
2315 2150 2726 2208 VARIANTES.

706 2236 795 2303 '(l)
828 2236 1058 2303 Omnium
1077 2238 1363 2303 mysterium
1386 2237 1595 2303 seinter.

746 2299 796 2363 Ξ)
830 2299 1144 2363 Ιηιετὶωθοιξ
1175 2300 1275 2363 jam
1298 2301 1464 2354 Paris.

749 2362 800 2415 3i
833 2362 1104 2413 Servantur
1134 2362 1285 2415 Fi'ttn.

746 2423 797 2487 4)
831 2423 986 2487 Imple
1008 2425 1163 2476 Fran.

742 2486 796 2539 5)
828 2486 891 2537 Ει
908 2486 1124 2538 arbitros
1156 2498 1307 2539 Fran.

742 2547 794 2607 6)
827 2547 888 2598 N.
914 2547 950 2601 f.
975 2564 1026 2601 ο.
1056 2557 1170 2600 nota
1206 2559 1285 2601 est
1327 2560 1563 2604 vestrum.
1596 2550 1685 2605 Est
1708 2552 1838 2605 fama
1863 2567 1929 2606 m.
1955 2555 2197 2607 —Paris.

692 2609 797 2676 l7)
831 2609 996 2663 Famae
1016 2612 1220 2663 malum.
1249 2614 1447 2666 semler.

2423 2246 2498 2311 (κβ)
2533 2246 2680 2311 Fama
2700 2250 2799 2309 est,
2818 2246 2927 2311 hoc
2940 2244 3109 2296 Romae
3132 2244 3311 2311 factum
3331 2243 3500 2311 faris.

2398 2305 2499 2383 ,(9)
2537 2317 2611 2360 ιτα
2645 2305 2968 2383 Ιιιιηίξιξιοριιιη
2993 2306 3275 2383 emendavit
3322 2309 3573 2372 ﬂauere;
3621 2305 3710 2360 alii
3754 2307 3869 2372 quia
3896 2320 3971 2358 εει-

2364 2373 2522 2435 piens“
2540 2386 2636 2435 non
2658 2373 2817 2435 credit
2852 2373 3060 2422 incerto.

2452 2432 2533 2496 10)
2568 2434 2676 2499 Erit
2699 2431 2799 2499 ltig.

2459 2499 2538 2558 ll)
2572 2497 2871 2558 Existimare
2895 2497 3020 2546 Par.

2459 2557 2538 2628 ig)
2572 2559 2658 2628 Illa
2687 2557 2817 2610 delet
2848 2560 3006 2628 Pan.

2464 2623 2538 2685 15)
2574 2621 2851 2673 Obscuram
2882 2621 3047 2671 Paris.

2028 2725 2594 2785 COMMENTARIUS.

653 2862 885 2905 norosos
934 2848 1173 2918 potuisse
1223 2846 1458 2902 facinora
1502 2860 1598 2902 sua
1638 2847 1923 2914 redimere,
1972 2861 2093 2902 eum
2146 2847 2249 2916 ipsi

652 2918 893 2991 quotidie
938 2919 1004 2973 ad
1056 2918 1441 2991 Proconsulem
1496 2919 1971 2989 rertralterentur?
2011 2919 2146 2974 Pu.
2174 2947 2248 2957 -—

652 2990 755 3046 Aut
803 2990 1053 3057 vendidit,
1098 2992 1236 3061 ipsos
1265 2990 1471 3044 trahens
1518 2990 1765 3046 homines.
1813 2991 2138 3061 luterpretes
2165 2991 2242 3044 si-

653 3062 800 3124 lent,
830 3063 911 3116 vel
962 3072 1155 3132 praeter
1183 3061 1374 3131 Rigalt.
1410 3061 1691 3116 turbantur
1726 3065 1872 3117 varie
1895 3072 1949 3117 et
1992 3070 2241 3132 aestuant,

652 3143 712 3189 ut
740 3131 1033 3200 Heraltlus,
1066 3135 1220 3201 cuius
1251 3143 1462 3195 notam,
1518 3142 1574 3186 ut
1612 3148 1776 3202 saepe,
1833 3149 1980 3187 suain
2014 3131 2136 3187 fecit
2168 3132 2239 3186 La

652 3204 846 3261 Cerda.
874 3204 1075 3261 Sensus
1103 3215 1280 3258 tamen
1300 3213 1383 3257 est
1406 3204 1853 3273 simplicissimus.
1878 3204 2014 3258 Dicit
2031 3203 2240 3258 Tertul-

655 3277 850 3338 lianus,
887 3277 1014 3344 Quis
1035 3276 1157 3329 talia
1187 3276 1440 3347 facinora,
1470 3290 1587 3328 cum
1612 3275 1896 3347 invenisset,
1930 3277 2132 3347 celavit_
2155 3284 2246 3328 aut

656 3348 920 3402 vendidit?
943 3346 1149 3402 scilicet
1179 3345 1284 3400 non
1312 3345 1558 3403 homines.
1593 3355 1649 3399 ut
1668 3345 1898 3401 absurde
1930 3350 1980 3398 in
2014 3345 2249 3415 explica-

660 3420 1020 3489 tione,’quam
1074 3423 1212 3473 notis
1250 3417 1360 3471 suis
1411 3415 1603 3489 przeire
1652 3414 1777 3489 fecit
1817 3416 1892 3472 La
1933 3415 2249 3489 Cerda,scd

659 3489 730 3545 ita
770 3487 998 3558 facinora
1029 3489 1115 3543 illa
1165 3498 1387 3558 accepto
1417 3488 1592 3558 pretio
1618 3487 1821 3555 celans,
1863 3489 2001 3557 ipsos
2047 3488 2252 3543 trahens

659 3561 925 3616 homines?
953 3560 989 3615 i.
1021 3576 1070 3615 c.
1114 3576 1234 3613 cum
1285 3569 1461 3615 tamen
1488 3573 1614 3614 reos
1640 3558 1787 3628 ipsos
1814 3574 2001 3614 eorum
2033 3560 2083 3613 in
2104 3559 2250 3629 judi-

657 3634 796 3703 cium
851 3632 1107 3703 raperet?
1151 3631 1254 3685 Pro
1303 3632 1560 3703 invenerat
1598 3630 1685 3703 alii
1714 3630 1914 3703 habent
1960 3631 2247 3703 invenisset.

652 3698 928 3759 Minucius
946 3703 1049 3758 huc
1093 3703 1425 3772 rcSpiciens:
1470 3698 1582 3773 Nec
1620 3702 2020 3773 iutelligebanms
2068 3702 2128 3755 ab
2174 3703 2252 3755 his

655 3776 858 3847 fabulas
908 3776 1032 3847 istas
1091 3771 1288 3847 semper
1330 3771 1584 3840 ventilari,
1631 3780 1677 3825 et
1723 3771 1998 3847 numquam
2055 3773 2132 3827 vel
2174 3773 2254 3847 in-

656 3843 894 3918 uestigari
922 3846 999 3900 vel
1031 3843 1267 3918 probari,
1298 3862 1387 3901 nec
1416 3854 1556 3898 tanto
1604 3853 1825 3918 tempore
1864 3843 2084 3918 aliquem
2118 3845 2250 3898 exis.

656 3916 798 3981 tere,
830 3918 919 3989 qui
962 3917 1192 3988 proderet
1215 3959 1229 3980 ,
1281 3933 1383 3970 non
1422 3925 1620 3969 tantum
1646 3916 1781 3989 facti
1797 3916 1999 3989 neniam
2023 3958 2037 3981 ,
2083 3931 2254 3970 verum

657 3990 809 4043 etiam
839 3984 1026 4058 iudicii
1068 3989 1284 4059 gratiam
1313 3984 1715 4042 consecuturum.
1749 3984 1924 4040 Rhea.
1955 3986 2095 4055 ipsos
2133 4003 2251 4040 uen-

657 4062 782 4115 dens
809 4060 1055 4114 homines.
1088 4059 1224 4114 Hav.

731 4132 808 4201 (a)
837 4130 964 4184 Cum
990 4131 1067 4185 vel
1086 4146 1147 4184 ea:
1168 4132 1354 4202 forma.
1385 4127 1490 4183 MS.
1512 4127 1735 4202 Bat.
1762 4126 2000 4202 exhibet,
2028 4144 2143 4202 cum
2166 4145 2253 4202 ue-

658 4198 749 4273 tus
768 4198 830 4255 ea:
850 4202 1049 4273 forma,
1085 4209 1144 4255 ut
1168 4198 1438 4273 referatur
1459 4200 1524 4255 ad
1555 4198 1605 4253 id
1632 4199 1777 4273 qupil
1804 4200 2045 4273 sequitur
2062 4242 2081 4273 ,γ
2103 4199 2248 4273 ﬁdes.

657 4269 1133 4327 Juliits'Firmicus
1150 4273 1355 4325 Astron.
1391 4271 1480 4324 lib.
1514 4286 1605 4337 vn,
1628 4272 1679 4324 in
1700 4269 2039 4326 Prtel'.:Cunt
2068 4272 2252 4341 ignotis

660 4343 948 4397 ltrminibus
971 4340 1207 4411 Orpheus
1227 4357 1489 4395 sacrorum
1510 4342 1836 4397 ceremonias
1862 4340 2101 4409 aperiret,
2124 4342 2254 4395 nihil

660 4414 807 4467 aliud
829 4414 894 4467 ab
922 4414 985 4468 iis
1013 4430 1138 4483 quas
1160 4414 1411 4479 initiabat,
1433 4414 1486 4467 in
1514 4415 1677 4482 primo
1693 4413 1954 4477 vestibulo,
1983 4414 2082 4467 nisi
2098 4413 2256 4483 juris-

652 4485 872 4553 jurandi
899 4485 1274 4549 necessitatem,
1310 4493 1355 4536 et
1380 4501 1493 4537 cum
1522 4484 1729 4538 terribili
1776 4484 1997 4555 quadam
2027 4484 2251 4537 auctori-

664 4564 764 4609 tate
792 4555 1051 4625 religionis
1091 4556 1266 4627 exigit,
1316 4571 1378 4609 ne
1417 4555 1649 4627 profanis
1703 4554 2169 4627 auribus_inventte
2195 4570 2254 4606 ac

664 4624 955 4696 compositae
979 4624 1238 4696 religionis
1265 4624 1455 4680 secreta
1508 4624 1857 4694 proderentur.
1890 4624 1997 4680 Sed
2026 4636 2072 4678 et
2102 4625 2258 4679 Plato

668 4695 911 4750 Timarum
942 4695 1182 4768 perpetuo
1225 4700 1365 4765 apud
1392 4714 1446 4751 se
1474 4702 1761 4768 frequenter
1786 4696 2055 4761 continuit,
2089 4713 2151 4749 ne
2178 4712 2258 4768 se-

663 4778 918 4821 cretarum
945 4767 1352 4837 disputationum
1381 4767 1669 4822 venerantia
1694 4777 1972 4821 contnteuta
2014 4767 2261 4837 imperitis

664 4839 943 4908 aliquando
967 4841 1242 4902 intimaret,
1281 4840 1541 4907 patiuntur
1579 4841 1713 4892 enim
1743 4839 1851 4891 lucc
1895 4840 2065 4891 omnia
2087 4840 2261 4908 jactu-

667 4926 799 4973 ram,
823 4927 933 4964 cum
962 4912 1173 4979 perditis
1200 4922 1244 4964 et
1264 4911 1542 4978 desperatis
1559 4910 1741 4963 animis
1764 4909 2082 4978 ingeruntur.
2114 4909 2264 4978 Apud

669 4979 1035 5052 Pythagortcos
1100 4993 1269 5036 noster
1317 4980 1640 5051 Porphyrius
1690 4982 1927 5052 religiosa
1976 4981 2264 5051 epulantem

668 5050 896 5106 animuin
922 5062 1146 5107 nostram
1172 5050 1434 5107 silentium
1455 5050 1797 5105 consecravit.
1832 5050 1968 5105 Hav.

744 5120 828 5194 (b)
874 5123 1253 5178 Samothracia.
1307 5142 1325 5174 ‹
1364 5121 1421 5176 1η
1461 5122 1811 5194 Samothrace
1853 5124 2057 5194 insula,
2094 5123 2263 5193 inquit

669 5188 1207 5264 Zepli.,initiationes
1231 5188 1478 5265 quaedam
1502 5192 1663 5249 fuisse
1689 5193 1958 5257 dicuntur,
1996 5192 2060 5265 ad
2085 5188 2264 5248 reme-

672 5265 758 5319 dia
779 5266 1155 5321 nonnullarum
1179 5264 1628 5334 periclitationum
1650 5306 1666 5333 ,
1701 5265 1791 5321 ubi
1819 5274 1873 5320 et
1898 5264 2263 5336 Corybantum

662 5337 927 5407 mysteria
953 5346 1009 5390 et
1041 5337 1267 5392 Hecates
1293 5352 1443 5391 sacra
1471 5337 1905 5404 celebrabantur,
1920 5338 2179 5392 cuicanes
2195 5336 2263 5391 ad

676 5417 887 5462 antrum
916 5407 1229 5463 Zerinthum
1273 5408 1638 5462 immolabant.
1681 5427 1699 5460 ι
1750 5407 1886 5462 ΡΑΙ.

757 5477 833 5553 (c)
866 5478 1441 5553 Eleusiniareticrntur.
1465 5478 1812 5553 Nihilnotunt
1835 5479 2024 5553 magis,
2053 5494 2277 5547 prmscr-

686 5549 781 5605 tim
812 5549 1094 5620 postquam
1127 5550 1339 5605 Mcnrsii
1386 5549 1657 5605 Eleusinia
1704 5552 1907 5604 notiora
1937 5549 2089 5604 iacta
2116 5558 2275 5618 sunt,

2601 2847 2678 2896 Sit
2712 2847 2934 2897 trabibus
2971 2843 3205 2909 fragilem
3235 2823 3431 2899 mecum

2505 2907 2672 2959 Solvat
2696 2909 2975 2973 phaselum.

2348 3016 2543 3073 Noster
2573 3033 2700 3090 vero
2729 3016 2918 3090 pudori
2946 3016 3234 3090 adscribit,
3270 3016 3527 3090 detegens
3556 3033 3745 3087 eorum
3789 3023 3948 3079 nudi-

2350 3097 2510 3143 tatem
2536 3089 2605 3142 ad
2644 3087 2898 3142 Valentia.
2927 3103 2977 3142 c.
3013 3104 3063 3142 ιε
3098 3086 3237 3141 Nam
3264 3099 3312 3143 et
3336 3086 3427 3143 illa
3460 3089 3756 3155 Eleusinia,
3800 3094 3958 3150 luet-es

2349 3170 2395 3231 et
2421 3161 2535 3228 ipsa
2571 3160 2753 3213 Attica:
2801 3158 3217 3231 superstitionist
3247 3160 3385 3231 quod
3424 3170 3617 3228 tacent,
3664 3164 3830 3231 pudor
3862 3176 3954 3220 est.

2272 3228 2318 3292 C
2353 3230 2582 3285 Hsv.—
2602 3230 2785 3283 Patres
2813 3228 2925 3283 fere
2950 3243 3140 3283 omnes
3185 3228 3255 3284 de
3286 3228 3432 3284 hisee
3471 3232 3639 3287 sacris
3665 3228 3945 3290 'meminc-

2352 3311 2497 3356 runt.
2551 3299 2722 3354 Erant
2766 3310 2947 3375 autem
2996 3313 3146 3375 sacra
3196 3298 3384 3375 Cereri
3413 3310 3469 3357 et
3495 3302 3835 3375 Proserpina:
3865 3307 3950 3361 (II-

2352 3383 2493 3438 cata,
2534 3387 2653 3441 qua:
2702 3386 2733 3425 a
2772 3369 2971 3425 Musaeo
3012 3370 3252 3441 instituta
3308 3372 3552 3437 luerunt,
3586 3384 3641 3429 ct
3690 3369 3951 3433 celebrari

2353 3441 2513 3498 solita
2542 3440 2592 3497 in
2623 3455 2758 3513 pago
2797 3440 3027 3512 quodam
3058 3440 3253 3497 Attidis
3281 3443 3371 3510 qui
3403 3444 3614 3571 Elcuiis
3643 3445 3944 3571 dlicebatur.

3582 3532 3614 3570 ιε
3706 3535 3758 3571 ιι.

3582 3532 3614 3570 ε
3663 3518 3758 3572 Pa.

2428 3583 2657 3658 (ὡρίαις
2696 3584 3032 3658 initiationes.
3060 3582 3174 3658 _lta_
3204 3582 3396 3658 Rigalt.
3453 3600 3520 3641 ex
3559 3587 3670 3642 MS.
3704 3589 3863 3645 Ruld.
3904 3601 3961 3646 et

2356 3654 2655 3710 ante’illuin
2694 3655 2955 3711 Heraldus
2979 3666 3034 3711 et
3059 3655 3107 3710 la
3135 3654 3328 3720 Ccrda,
3358 3656 3581 3726 ipseque
3608 3658 3842 3719 Tertull.
3871 3662 3951 3716 Ad

2360 3726 2487 3783 Nat.
2520 3744 2559 3796 ι,
2593 3729 2645 3792 7,
2678 3736 2733 3783 et
2757 3742 2820 3799 os
2853 3727 2924 3782 sit
2959 3726 3213 3792 ferreum,
3242 3740 3335 3799 cor
3362 3728 3691 3799 plumbeum,
3737 3734 3820 3787 cui
3851 3749 3958 3787 non

2358 3799 2632 3882 probetur.
2663 3798 2966 3882 Legebatur
2991 3799 3165 3879 impia:
3192 3799 3264 3882 in.
3287 3797 3420 3853 Cum
3452 3814 3606 3864 vero,
3631 3797 3823 3882 inquit,
3857 3805 3959 3873 pia:

2358 3870 2707 3937 initiationes,
2756 3871 2792 3925 i.
2821 3885 2872 3924 e.
2904 3886 3025 3941 qua:
3052 3872 3151 3939 pia:
3186 3878 3240 3924 et
3281 3881 3640 3927 sacrosancta:
3687 3870 3954 3930 habentur

2358 3941 2502 4015 apud
2530 3958 2646 4015 vos,
2675 3949 2984 4015 _extraneos
3012 3951 3252 4015 arceant,
3305 3954 3375 4015 an
3417 3956 3521 4015 non
3570 3944 3743 4015 multo
3789 3948 3961 4015 magis

2359 4013 2537 4083 impiis
2585 4013 2636 4067 id
2669 4013 2845 4083 facere
2869 4013 3143 4076 convenit,
3177 4019 3323 4065 metu
3360 4013 3494 4080 legis
3515 4014 3677 4069 etiam
3724 4013 3961 4071 territis?

2359 4084 2413 4139 in
2440 4082 2684 4139 extremo
2709 4082 2846 4139 Coll.
2864 4084 3006 4138 Mod.
3024 4084 3170 4154 legit,
3189 4082 3289 4136 nisi
3308 4083 3472 4151 impii.
3490 4084 3736 4142 deletovra
3762 4088 3825 4153 si,
3852 4104 3956 4141 non

2355 4165 2522 4228 recte:
2553 4170 2684 4228 nam
2707 4158 2867 4228 et_sic
2896 4168 3056 4223 supra
3081 4154 3355 4228 eleganter
3380 4163 3466 4210 est
3496 4156 3703 4211 locutus
3724 4173 3844 4228 cap.
3873 4174 3952 4214 tu.

2356 4226 2458 4281 nisi
2486 4228 2531 4281 si
2554 4236 2640 4280 aut
2668 4226 2935 4280 barbaram
2967 4236 3112 4279 sonat
3138 4225 3311 4294 aliqua
3341 4241 3440 4280 νοω
3487 4229 3727 4295 nominis,
3766 4225 3854 4283 aut
3880 4231 3960 4283 in-

2357 4299 2618 4422 faustum:
2652 4298 2738 4351 ubi
2769 4297 2930 4353 etiam
2961 4301 3015 4352 τὸ
3044 4297 3087 4350 si
3115 4295 3398 4361 redundat,
3423 4299 3875 4369 quemadmodum
3903 4302 3955 4353 in

2380 4383 2477 4422 nco
2520 4385 2678 4422 auem
2728 4383 2793 4422 ex
2852 4368 3024 4422 Ovidii
3073 4365 3285 4421 Metam.
3335 4366 3429 4422 lib.
3481 4366 3544 4422 V.
3592 4368 3684 4422 20.
3732 4369 3955 4422 adduxit

2358 4365 2477 4422 luco
2520 4385 2678 4436 quem
2728 4383 2793 4424 ex
2852 4368 3024 4423 Ovidii
3073 4365 3285 4421 Metam.
3335 4365 3544 4437 libfV,
3592 4368 3685 4439 20,
3732 4369 3955 4427 adduxit

2358 4438 2429 4493 ibi
2458 4438 2530 4493 La
2557 4439 2751 4494 Cerda.

2417 4456 2429 4493 I
2458 4455 2530 4493 La
2557 4455 2751 4506 heroa,

2983 4530 3087 4581 Nisi
3111 4532 3153 4581 si
3191 4530 3406 4582 crudelis
3430 4531 3637 4594 idipsum

2547 4593 2738 4657 Exigis,
2784 4602 2840 4646 ut
2879 4600 3074 4657 pereat.

2365 4696 2494 4751 Item
2527 4698 2633 4751 alio
2663 4714 2727 4753 ex
2768 4698 2971 4763 Plinio,
3022 4695 3109 4765 qui
3156 4694 3352 4767 ibidem
3404 4694 3571 4767 videri
3603 4703 3797 4767 potest.
3832 4696 3955 4754 Mox

2365 4769 2420 4824 lu
2475 4768 2582 4824 MS.
2627 4768 2782 4824 Fuld.
2814 4769 2912 4822 nisi
2940 4768 2983 4821 si
3021 4766 3441 4821 inconsideratus.
3494 4766 3636 4823 ΙΙΑν.

2441 4838 2530 4917 (e)_
2559 4838 2893 4917 Omniumgst
2914 4837 3187 4917 wstimare,
3215 4846 3321 4892 etc.
3353 4838 3410 4917 Id
3440 4840 3608 4917 teneri
3630 4839 3759 4902 vult,
3787 4856 3957 4911 quan-

2369 4907 2562 4964 tumvis
2589 4925 2781 4981 tuagno
2810 4907 3069 4982 apparatu
3097 4907 3341 4978 dispersa
3369 4912 3439 4964 sit
3468 4908 3638 4978 fama,
3667 4907 3959 4982 quan’tuin-
4045 4919 4053 4923 ’

2368 4983 2449 5037 vis
2482 4982 2829 5036 adseverelur
2857 4981 3053 5050 palam,
3110 4996 3272 5034 unum
3318 4989 3496 5036 tamen
3528 4981 3730 5036 tantum
3763 4982 3960 5038 habere

2368 5061 2665 5117 auctorem,
2704 5066 2805 5108 nec
2839 5067 3025 5106 omnes
3058 5051 3180 5105 illos
3206 5053 3374 5122 magis
3401 5052 3688 5118 curandus,
3728 5068 3886 5122 quam
3916 5054 3965 5107 si

2367 5139 2505 5178 unus
2544 5123 2814 5194 loquatur,
2850 5125 2957 5177 imo
2999 5122 3292 5187 dilatando,
3323 5122 3679 5190 immutando,
3707 5124 3963 5194 abjicicn-

2368 5196 2457 5261 do,
2490 5194 2758 5258 addendo,
2809 5195 3004 5249 veritas
3044 5194 3321 5248 amittitur.
3358 5194 3495 5247 llav.
3546 5211 3556 5220 ·

2438 5265 2504 5339 (l')
2536 5265 2789 5339 'l‘i-aduces
2814 5264 3223 5339 lingaarumJta
3245 5264 3520 5339 eleganter
3542 5265 3684 5339 illam
3706 5265 3964 5339 appellat,

2367 5335 2525 5405 quam
2556 5336 2762 5392 Hebraei
2791 5335 3051 5391 vocabant
3090 5336 3298 5389 alteram
3326 5335 3577 5459 linguam,
3609 5335 3734 5391 hinc
3782 5337 3970 5390 tradux

2367 5410 2564 5459 incesti.
2594 5423 2644 5459 c.
2678 5424 2715 5459 ι.
2737 5416 2789 5459 et
2816 5407 2879 5459 de
2908 5407 3208 5459 Prtescriat.
3236 5406 3350 5459 adv.
3438 5417 3602 5459 wret..
3636 5424 3684 5459 c.
3704 5422 3871 5459 xxxn.
3892 5408 3970 5459 die

2366 5410 2564 5471 incesti,
2594 5423 2644 5463 c.
2678 5424 2715 5473 ι,
2737 5416 2789 5463 et
2816 5407 2879 5461 de
2908 5407 3208 5475 Prtescript.
3236 5406 3350 5459 adv.
3384 5406 3602 5473 eret.,
3636 5424 3684 5462 c.
3704 5422 3871 5469 xxxii,
3892 5408 3974 5459 «ἥδ

2383 5480 2572 5547 seipuli
2599 5488 2653 5533 et
2678 5493 3017 5534 successores
3054 5476 3432 5543 Apostolorum
3458 5478 3690 5532 traduces
3710 5491 3969 5532 vocantur

2385 5564 2572 5606 corum
2617 5566 2742 5620 quos
2780 5550 2843 5603 ab
2893 5547 3151 5619 Apostolis
3187 5551 3238 5601 in
3268 5548 3614 5620 episc0patum
3640 5549 3969 5614 constitutos,

684 5622 773 5692 qui
799 5620 867 5676 de
898 5622 1001 5676 hoc
1039 5622 1255 5676 silentio
1280 5621 1615 5692 bluribusc.
1637 5636 1730 5692 xix,
1760 5636 1866 5690 quo
1895 5620 1963 5675 de
1994 5620 2141 5677 fonte
2166 5636 2282 5676 om-
2348 5624 2366 5647 θ
2386 5622 2652 5692 apostolici
2681 5621 2884 5674 sentinis
2930 5620 3161 5692 traduces
3199 5621 3399 5673 habent.

684 5690 783 5749 nes
829 5701 1039 5764 potant.
1084 5692 1222 5748 Hinc
1252 5690 1458 5748 .tritum
1493 5690 1620 5747 illud
1666 5691 1866 5747 Horatii
1886 5707 1963 5757 Ill,
2008 5692 2109 5747 Od.
2137 5692 2208 5747 ἓξ

1277 5782 1474 5833 Vetabo
1496 5782 1579 5847 qui
1624 5781 1825 5835 Cereris
1846 5796 2036 5835 sacrum

842 5842 1067 5908 \‘ulgarit
1103 5856 1313 5909 arcanae,
1363 5847 1455 5897 sub
1479 5842 1652 5896 iisdem

2461 5692 2538 5762 (g)
2578 5692 2798 5761 Tempus
2831 5691 3001 5745 omnia
3026 5691 3231 5762 rgerelat,
3275 5692 3479 5745 testibus
3508 5691 3657 5745 etiam
3703 5690 3977 5761 proverbiis

2389 5759 2589 5818 aest—ris.
2619 5759 2880 5833 Agellius,
2920 5762 3012 5833 lib.
3042 5759 3158 5826 XII,
3189 5777 3288 5831 cap
3319 5762 3375 5816 2.
3403 5763 3555 5817 Alius
3579 5759 3794 5833 quidam
3827 5771 3974 5817 vetc-

2392 5850 2512 5892 rum
2539 5831 2839 5905 poetarum,
2867 5831 3017 5904 cujus
3047 5848 3243 5890 nomen
3266 5834 3392 5890 mibi
3418 5848 3557 5892 nunc
3579 5831 3851 5893 memoriae
3868 5848 3972 5889 non
