4250 6266
556 344 664 403 555

1983 298 2439 394 TERTULLIANI

3754 336 3859 394 336

565 474 673 528 tus,
701 472 758 519 ut
784 477 933 518 novae
960 457 1127 529 frugis
1151 443 1514 525 auctor-[quia
1538 456 1784 512 inventor
1805 464 1859 512 et
1882 463 2151 511 ostensor.
2181 457 2235 515 Λ
2259 463 2315 511 et
2338 453 2428 525 qui
2456 451 2740 522 occidunt,
2772 460 2827 510 et
2853 453 2940 525 qui
2970 453 3238 519 furantur,
3268 460 3322 509 et
3345 453 3435 524 qui
3466 451 3776 522 decipiunt,
3806 461 3859 508 et

558 553 919 623 Quamobrem
943 549 988 604 si
1013 549 1081 604 ab
1106 546 1260 602 initio
1279 555 1335 602 et
1358 546 1614 602 instructa
1640 554 1695 601 et
1719 545 1881 601 certis
1902 560 2154 602 exercen-

559 644 753 700 dorum
778 640 1078 698 ofltciorum
1108 652 1327 694 suorum
1367 637 1661 693 rationibus
1698 636 2001 707 dispensata
2028 636 2152 691 uni-

557 733 786 790 versitas
812 731 1070 797 constitit,
1092 739 1250 785 vacat
1272 744 1338 784 ex
1359 728 1461 785 hac
1481 736 1635 800 parte
1654 742 1842 784 caussa
1863 728 2155 799 allegendse

559 823 906 881 humanitatis
936 822 989 877 in
1038 821 1374 877 divinitatem
1400 863 1414 888 ,
1441 822 1562 892 quia
1588 835 1721 891 quas
1741 819 1869 874 'illis
1897 820 2155 881 stationes

558 911 616 973 et
664 922 955 986 potestates
1005 911 1375 977 distribuistis,
1436 920 1543 966 tam
1591 910 1806 966 fuerunt
1856 910 1925 966 ab
1966 911 2153 976 initio,

561 1021 727 1078 quam
752 1012 808 1061 et
832 1004 1059 1061 fuissent
1080 1044 1097 1070 ,
1127 1003 1338 1059 etiamsi
1380 1002 1511 1059 deos
1549 1002 1681 1057 istos
1712 1018 1817 1079 non
1847 1002 2154 1057 creassetis.

565 1099 679 1157 Sed
731 1096 1106 1154 convertimini
1148 1097 1215 1152 ad
1244 1110 1488 1151 caussam
1542 1096 1723 1162 aliam,
1770 1095 2159 1166 reSpondentes

563 1193 908 1250 collationem
953 1188 1029 1262 (α)
1059 1188 1351 1245 divinitatis
1377 1188 1692 1245 meritorum
1734 1188 2157 1259 remunerando-

561 1300 684 1343 rum
702 1284 866 1340 fuisse
887 1283 1170 1339 rationem.
1198 1282 1264 1336 Et
1287 1282 1409 1336 hinc
1429 1280 1757 1346 coucedetis,
1778 1280 1989 1350 opinor,
2009 1281 2158 1337 illum

564 1377 735 1433 Deum
763 1375 1014 1451 deificum
1048 1373 1256 1445 justitia
1285 1372 1630 1443 praecellere,
1660 1372 1750 1443 qui
1795 1387 1893 1451 nec
1923 1381 2127 1428 temere
2145 1413 2161 1440 ,

566 1484 669 1528 nec
712 1469 927 1541 indigne
954 1482 1054 1523 nec
1084 1466 1305 1538 prodige
1331 1474 1539 1522 tantmn
1577 1468 1854 1537 praemium
1883 1467 2164 1537 dispensa-

563 1564 664 1619 rit.
711 1560 848 1617 Volo
895 1561 1055 1632 igitur
1095 1560 1285 1615 merita
1329 1574 1610 1614 recensere
1650 1556 1770 1632 (1),
1803 1574 1869 1614 an
1898 1560 2166 1629 ejus‘modi

568 1655 720 1721 sint,
751 1660 809 1708 ut
835 1653 952 1707 illos
993 1652 1047 1706 in
1094 1651 1289 1707 cretum
1333 1650 1655 1715 extulerint,
1684 1660 1740 1705 et
1766 1666 1872 1706 non
1906 1652 2083 1722 potius
2111 1652 2165 1707 in

567 1747 739 1802 imum
769 1753 1027 1800 tartarum
1055 1743 1407 1800 demerserint
1433 1785 1447 1809 ,
1471 1758 1627 1814 quem
1659 1758 1932 1799 carcerem
1973 1759 2163 1815 poena-

2256 547 2581 617 quicumque
2614 545 2817 601 similes
2856 548 2983 602 sunt
3006 544 3230 616 alicujus
3258 544 3345 600 dei
3377 545 3561 611 vestri,
3593 559 3751 615 quem
3783 543 3860 614 (c)
3924 598 3929 603 .

2258 640 2525 695 neminem
2567 638 2646 711 (2)
2690 640 2957 710 integrum
3004 653 3033 693 a
3078 639 3303 695 crimine
3339 648 3432 694 aut
3465 638 3596 693 vitio
3630 638 3861 709 probare

2258 730 2500 801 poteritis
2523 771 2539 795 ,
2572 729 2675 785 nisi
2717 730 2988 784 hominem
3023 729 3368 800 negaveritis.
3408 729 3603 800 Atquin
3642 737 3701 784 ut
3736 728 3861 785 illos

2260 820 2505 875 homines
2533 818 2698 876 fuisse
2725 835 2833 875 non
2865 820 3091 891 potestis
3120 824 3317 891 negare
3341 861 3356 886 ,
3384 821 3545 875 etiam
3578 820 3693 875 ista:
3721 828 3860 875 nota:

2259 912 2519 968 accedunt
2542 954 2558 979 ,
2587 926 2707 982 qua:
2736 925 2837 967 nec
2862 910 2993 966 deos
3024 919 3208 981 postea
3247 910 3418 967 factos
3445 911 3593 967 credi
3639 910 3863 981 permit-

2263 1013 2399 1060 tunt.
2448 1005 2506 1061 Si
2551 1005 2695 1060 enim
2745 1003 2939 1061 talibus
2978 1018 3071 1060 vos
3118 1005 3401 1076 puniendis
3447 1004 3784 1076 praesidetis,
3815 1004 3865 1061 si

2261 1098 2682 1163 commercium,
2726 1095 3091 1166 colloquium,
3140 1098 3445 1152 convictum
3490 1095 3753 1152 malorum
3806 1102 3865 1152 et

2263 1190 2495 1260 turpium
2521 1187 2678 1259 probi
2705 1187 2904 1258 quique
2929 1186 3183 1258 respuitis
3207 1227 3222 1252 ,
3256 1187 3449 1243 horum
3480 1194 3679 1242 autem.
3700 1199 3860 1257 pares

2267 1283 2410 1339 Deus
2450 1281 2541 1337 ille
2582 1281 2875 1352 majestatis
2900 1295 3011 1335 suae
3040 1281 3311 1336 consortio
3334 1281 3548 1347 ascivit,
3578 1278 3706 1352 quid
3733 1278 3861 1358 ergo

2269 1374 2570 1439 damnatis,
2599 1389 2829 1444 quorum
2872 1372 3109 1443 collegas
3154 1373 3234 1447 (ά)
3278 1372 3555 1429 adoratis?
3597 1371 3862 1443 Suggilla-

2271 1470 2345 1525 tio
2367 1468 2436 1540 (e)
2453 1476 2536 1523 est
2556 1467 2609 1522 in
2648 1466 2789 1523 caelo
2808 1466 2891 1538 ('5)
2913 1477 3086 1522 vestra
3109 1465 3333 1536 justitia.
3365 1465 3501 1520 Deos
3524 1464 3600 1535 (4)
3624 1462 3779 1521 facite
3794 1462 3863 1536 (ί)

2269 1560 2743 1619 criminosissimos
2768 1574 3010 1629 quosque
3036 1556 3136 1631 (g),
3162 1567 3223 1613 ut
3249 1557 3502 1628 placeatis
3524 1556 3627 1611 diis
3648 1556 3860 1612 vestris.

2271 1654 2488 1709 illorum
2535 1660 2619 1708 est
2655 1651 2831 1707 honor
2875 1650 3212 1705 consecratio
3256 1646 3628 1717 coaequalium.
3664 1646 3770 1703 Sed
3808 1657 3868 1704 ut

2275 1730 2516 1804 emittam
2539 1745 2694 1816 hujus
2719 1742 3047 1813 indignitatis
3067 1750 3412 1798 retractatum
3432 1738 3692 1813 (Ii),probi
3715 1748 3769 1794 et
3789 1739 3869 1794 in-

573 1856 697 1898 rum
742 1839 1069 1896 infernarum
1113 1854 1235 1893 cum
1280 1839 1463 1894 multis
1503 1839 1804 1895 afﬁrmatis.
1846 1839 1976 1896 illuc
2022 1842 2167 1897 enim
2199 1812 2247 1871 Β
2277 1842 2411 1912 tegri
2456 1851 2510 1896 et
2567 1839 2691 1893 boni
2740 1836 2953 1893 fuerint.
3009 1836 3149 1905 Quot
3206 1845 3386 1891 tamen
3439 1835 3674 1905 puliores
3726 1834 3870 1890 viros

572 1929 816 1988 abstrudi
844 1930 921 2001 (ὁ)
963 1929 1138 1985 solent
1184 1930 1332 1999 impii
1377 1930 1574 2001 quique
1624 1931 1676 1986 in
1719 1942 2003 2001 parentes,
2035 1944 2088 1989 ct
2118 1934 2172 1990 in

569 2037 786 2080 sorores
826 2022 1015 2079 incesti
1037 2062 1053 2088 ,
1090 2031 1145 2077 et
1175 2022 1484 2082 maritarum
1514 2022 1777 2091 adulteri,
1808 2035 1863 2081 et
1904 2027 2166 2098 virginum

569 2125 822 2188 raptores
842 2123 899 2172 et
917 2128 1202 2187 puerorum
1223 2116 1696 2189 contaminatores,
1719 2127 1775 2174 et
1799 2121 1888 2191 qui
1911 2122 2160 2191 saeviunt,

2276 1935 2415 2007 apud
2445 1932 2645 1989 inferos
2669 1930 3000 2001 reliquistis?
3028 1930 3259 2001 aliquem
3289 1928 3356 1983 dc
3385 1927 3645 2000 sapientia
3671 1925 3870 1983 Socra-

2277 2041 2386 2087 tem
2415 2029 2499 2101 (i),
2533 2026 2598 2083 de
2623 2022 2830 2096 justitia
2858 2022 3148 2079 Aristidem
3206 2022 3300 2093 (j),
3332 2021 3398 2078 de
3428 2020 3615 2075 militia
3646 2019 3867 2076 Themi-

1698 2260 1706 2269 ι
1770 2235 2064 2293 LECTION
2075 2238 2158 2294 ES
2197 2231 2612 2294 VARIANTES.

628 2320 704 2451 iii
915 2323 1024 2436 ’ἐὲθέ

734 2384 887 2439 Men.
924 2381 1195 2437 et'GeleuJ
1221 2388 1378 2445 Quem
1426 2386 1672 2438 hominem
1695 2392 2040 2452 negaveritis?

2332 2327 2403 2387 (5)
2429 2326 2548 2377 Cod.
2576 2321 2722 2387 Ffuld.
2747 2323 2945 2387 et_Hav.
2973 2334 2990 2371 :
3016 2322 3067 2370 in
3093 2319 3287 2371 malum.

2332 2328 2384 2387 (5
2429 2327 2548 2377 Cod.
2576 2327 2722 2373 Futd.
2747 2329 2793 2372 et
2818 2327 2920 2372 Har

2331 2327 2405 2452 (ιζ
2440 2388 2573 2438 Deos
2593 2384 2750 2436 facitis
2769 2384 2920 2434 Send.

1924 2494 2485 2553 COMMENTARIUS.

564 2590 710 2662 liauo
738 2589 791 2644 in
819 2586 1043 2662 lib._Ad.
1077 2585 1199 2662 Nat.
1246 2586 1307 2641 ll.
1340 2586 1716 2662 16._Cerasi_u_m
1750 2588 1845 2644 Cn.
1878 2588 2169 2662 Pompeius.

564 2662 631 2718 de
660 2660 825 2715 Ponto
854 2658 1045 2728 primus
1071 2654 1241 2729 Italite
1262 2659 1595 2729 prava/gavit.
1624 2658 1762 2716 Hsv.

623 2729 699 2815 fa)
718 2727 1339 2815 Collatiouem'diviuitatis
1360 2727 1651 2815 meritorum
1674 2732 2163 2813 remunerandorum

566 2799 725 2873 fuisse
747 2802 1013 2873 rationem.
1043 2799 1255 2873 Plinius
1279 2799 1415 2854 libro
1444 2816 1500 2873 ιι,
1528 2799 1621 2855 llic
1645 2812 1730 2856 est
1776 2804 2169 2858 vetustissimus

564 2869 828 2941 referendi
856 2872 993 2941 bene
1016 2869 1343 2941 merentibus
1367 2871 1590 2941 gratiam
1614 2886 1751 2937 mos,
1767 2880 1824 2927 ut
1844 2873 1974 2929 tales
1996 2876 2170 2929 numi-

569 2942 730 2999 nibus
756 2940 1148 2996 adscribantur.
1191 2940 1307 2998 th.
1437 2997 1450 3004 ,

629 3012 711 3096 (1))
733 3010 1147 3096 Αιειιςιιάξρᾳιειιι
1168 3012 1330 3096 impii,
1347 3020 1450 3096 etc.
1471 3012 1758 3096 Enumerat
1773 3015 1841 3096 ibi
1864 3016 2061 3096 pariter
2076 3018 2172 3071 hos

576 3080 845 3139 Lucianus
869 3082 929 3160 ill
950 3080 1321 3160 Necrgmantia
1350 3100 1364 3135 ἒ
1417 3080 1630 3153 irrepere"
1672 3089 1745 3160 δὲἱ
1771 3080 1963 3160 inquit,
1988 3102 2172 3160 προσή-

575 3178 735 3227 γοντα,
755 3164 885 3227 etc.,
909 3153 952 3227 _i.
979 3168 1032 3208 e.
1066 3151 1149 3207 Ea:
1171 3154 1332 3227 altera
1359 3168 1473 3227 vero
1494 3151 1652 3227 parte
1678 3151 2057 3213 adducebantur
2091 3176 2172 3212 or-

580 3224 701 3280 dine
722 3226 869 3280 multi
900 3224 1053 3294 longa
1078 3233 1254 3295 catena
1280 3224 1429 3279 vincti
1452 3263 1467 3287 ,
1498 3226 1585 3294 qui
1608 3225 1900 3282 dicebantur
1924 3229 2166 3295 adulteri,

575 3298 815 3370 lenones,
852 3295 1145 3370 publicani,
1186 3294 1481 3370 adulatores
1502 3337 1516 3360 ,
1540 3298 1897 3370 _schphantw,
1926 3310 2076 3368 atque
2100 3294 2171 3355 is?-

577 3367 817 3421 tiusmodi
839 3364 998 3420 turba:
1023 3364 1218 3436 quidvis
1244 3368 1295 3418 in
1320 3367 1423 3419 vita
1449 3364 1779 3423 turbandam.
1811 3364 2050 3436 Respicit
2077 3387 2172 3427 no-

579 3445 695 3492 ster
722 3436 1085 3507 Tertullianus
1109 3438 1237 3490 satis
1257 3436 1534 3507 evidenter
1559 3438 1892 3507 majestatem
1922 3436 2171 3507 Virgilia-

582 3521 710 3581 nam
730 3546 747 3572 ,
764 3521 886 3581 quis
905 3508 958 3581 in
983 3505 1338 3581 describenda
1361 3505 1997 3581 pinnarum’inl'ernalium
2021 3505 2169 3581 loco,

583 3575 725 3647 inter
744 3575 890 3647 alia,
928 3576 1058 3647 hinc
1081 3576 1328 3632 edisserit
1356 3596 1370 3630 :
1398 3576 1491 3647 lib.
1518 3593 1593 3639 γι.
1640 3594 1778 3635 vers.
1809 3582 1935 3640 (.08.
1967 3587 2092 3642 tiu.
2122 3575 2177 3647 et

582 3645 712 3713 62!,
737 3644 810 3701 Ξι
838 3644 993 3702 Vide.
1480 3643 1491 3654 ’

661 3716 735 3788 (c)
772 3715 933 3782 Quem
973 3720 1238 3773 neminem.
1260 3717 1371 3773 Non
1401 3717 1582 3773 debuit
1604 3719 1742 3777 hanc
1769 3724 2049 3782 lectionem
2079 3733 2185 3786 ειιΙ-
2212 3738 2231 3756 ⁸

585 3786 790 3859 licitare
817 3788 1092 3855 Latinius,
1125 3805 1227 3845 nec
1263 3791 1605 3859 depravatgm
1637 3792 1728 3846 alii
1768 3795 2008 3854 laudare.
2040 3801 2184 3857 Lati-

591 3858 815 3936 nissime
840 3859 982 3936 enim
1004 3860 1212 3916 loeutus
1227 3870 1309 3915 est
1326 3859 1451 3914 Afer
1469 3871 1649 3936 noster
1668 3903 1683 3925 ,
1707 3866 1935 3936 etplane
1963 3879 2019 3924 ut
2041 3874 2148 3929 Sne
2168 3903 2181 3915 -

588 3932 765 3991 tonius
784 3933 853 3990 de
877 3933 1089 3990 Nerone
1119 3950 1169 3989 c.
1194 3951 1376 3990 xxxix.
1406 3936 1457 3991 in
1487 3934 1606 3991 Vita
1623 3938 1739 4006 ejus
1768 3932 1791 3992 ί
1810 3938 1895 3994 Ea:
1922 3944 2181 3999 nonnullis

588 4006 842 4076 comperi,
871 4006 1311 4075 persuasissimum
1353 4006 1586 4061 [rubuisse
1612 4024 1724 4061 eum
1744 4051 1757 4074 ,
1791 4012 2039 4067 neminem
2081 4015 2172 4069 ho-

587 4072 773 4130 minem
822 4072 1061 4151 pudicum
1084 4086 1214 4151 ,uaut
1244 4076 1351 4151 ulla
1380 4080 1604 4151 corporis
1649 4072 1790 4148 parte
1818 4096 1997 4148 purum
2024 4101 2170 4151 esse;

589 4157 763 4200 verum
788 4147 1398 4213 plerosquedissimulare
1422 4149 1597 4202 vitium
1619 4191 1632 4213 ,
1651 4147 1710 4203 et
1737 4147 2015 4208 calliditate
2038 4147 2177 4209 obtel-

589 4230 723 4285 gere.

591 4282 735 4358 Deus
762 4303 911 4358 penes
940 4304 1026 4341 vos
1056 4305 1200 4343 nemo
1225 4282 1317 4343 est.
1348 4290 1498 4356 Quod
1529 4282 1657 4345 vero
1685 4291 1781 4345 Ed.
1807 4293 1994 4348 Aldina
2018 4295 2178 4351 habet

590 4365 647 4410 et
675 4355 847 4413 Rhea.
894 4358 1145 4414 hominem
1170 4402 1185 4423 .
1211 4355 1597 4429 quasi’novum
1631 4362 1716 4416 hic
1754 4362 2066 4420 Tertulliani
2094 4382 2181 4420 ara

589 4437 900 4496 gumentutn
936 4429 1151 4499 incipiat
1174 4471 1188 4493 ,
1217 4433 1441 4498 probare
1485 4445 1589 4484 non
1631 4447 1844 4497 possum
1865 4475 1881 4499 ,
1912 4451 2010 4490 nec
2035 4437 2174 4491 enim

815 4217 972 4271 udum
995 4216 1154 4272 modo
1178 4234 1336 4287 supra
1364 4219 1494 4273 dixit
1517 4234 1632 4289 cap.
1666 4236 1721 4273 κ.
1750 4223 1873 4275 Aule
1894 4224 2175 4279 Saturnum
2239 4270 2246 4277 .

2264 2587 2467 2659 judicio
2494 2599 2554 2640 se
2583 2584 2721 2638 Deos
2764 2596 2892 2637 suos
2906 2580 2924 2644 ',
2953 2594 3092 2659 quos
3114 2578 3166 2634 in
3198 2579 3349 2636 emlis
3374 2580 3707 2659 collocarunt
3731 2624 3745 2647 ,
3769 2582 3869 2659 _da-

2272 2651 2490 2722 innare,
2521 2669 2747 2726 quorum
2794 2659 2940 2708 certe
2965 2651 3186 2726 _nullum
3229 2666 3352 2707 esse
3373 2652 3614 2726 probat,
3641 2654 3783 2723 quod
3815 2665 3871 2711 et

2270 2729 2469 2801 passim
2519 2723 2798 2801 constabat
2838 2723 2980 2801 apud
3021 2737 3247 2801 omnes,
3295 2725 3420 2790 quin
3468 2725 3540 2776 sit
3588 2725 3860 2791 incestus,

2273 2792 2499 2858 adulter,
2525 2795 2628 2858 fur,
2660 2792 2920 2849 homicida
2944 2835 2958 2855 ,
2986 2793 3247 2863 virginum
3274 2803 3329 2847 et
3361 2808 3659 2865 puerorum
3685 2805 3873 2865 raptor

2275 2880 2437 2940 atque
2478 2876 2792 2940 corruptor;
2822 2879 2991 2940 quare
3013 2862 3175 2933 quum
3201 2877 3357 2940 pares
3389 2862 3619 2940 Deorum
3646 2862 3868 2922 suorum

2275 2933 2435 3008 atque
2474 2939 2527 2993 in
2571 2933 2863 3008 sceleribus
2891 2935 3123 3008 collegas
3164 2934 3415 3008 puniant,
3442 2933 3716 3008 hocecrte
3740 2951 3867 2992 cou-

2277 3005 2549 3066 tumeliam
2587 3007 2654 3061 ab
2697 3007 2797 3060 illis
2826 3006 3153 3075 deputabunt
3197 3005 3274 3059 Dii
3323 3006 3437 3071 sui,
3470 3014 3528 3060 ut
3553 3005 3786 3077 loquitur
3812 3008 3865 3064 in

2260 3081 2385 3137 .fine
2414 3098 2462 3135 e.
2495 3095 2607 3134 xm.
2640 3077 2777 3132 Hav.
3282 3116 3285 3117 ν

2355 3152 2422 3224 (f)
2452 3150 2584 3224 Deos
2610 3150 2780 3219 facite,
2807 3156 2914 3224 etc.
2931 3145 3152 3224 Ut_unda
3177 3146 3394 3224 undam,
3413 3146 3490 3203 sic
3521 3147 3682 3224 telum
3710 3150 3872 3224 telum

2278 3217 2420 3293 apud
2465 3217 2715 3293 Nostrum
2744 3217 2962 3287 excipit.
2988 3218 3149 3282 Quasi
3175 3217 3287 3286 jam
3328 3226 3586 3293 patronus
3613 3219 3871 3293 _itnpietati

2276 3287 2445 3359 factus
2470 3334 2483 3358 ,
2516 3288 2764 3345 defendet
2784 3302 2903 3344 eam
2926 3329 2939 3351 ,
2971 3302 3077 3357 quo
3099 3300 3245 3343 certe
3270 3287 3467 3359 auxilio
3488 3290 3571 3343 vel
3594 3287 3871 3349 defensore

2278 3358 2384 3419 non
2414 3361 2659 3430 gaudeat.
2708 3360 2807 3413 Par
2845 3373 3151 3430 sarcasmus
3171 3397 3187 3423 ,
3216 3375 3371 3427 quem
3414 3358 3651 3414 invenies
3677 3374 3725 3415 c.
3757 3375 3869 3415 xui.

2280 3435 2386 3490 Sed
2415 3429 2566 3503 digne
2596 3430 2999 3503 imperatoribus
3035 3429 3286 3499 defunctis
3326 3430 3574 3503 honorem
3599 3432 3872 3486 divinitatis

2280 3498 2505 3584 dicatis,
2526 3498 2704 3584 quibus
2729 3510 2773 3582 et
2801 3499 3071 3584 viventibus
3087 3498 3222 3584 _eum
3264 3502 3534 3584 addici-tis,
3563 3513 3780 3584 accepta
3798 3504 3873 3575 fe-

2281 3585 2389 3629 rent
2419 3573 2505 3627 Dii
2535 3571 2715 3636 uestri,
2746 3572 2847 3643 imo
2875 3571 3285 3643 gratulabuntur,
3308 3572 3443 3642 quod
3471 3588 3617 3643 pares
3645 3571 3715 3626 eis
3741 3571 3869 3643 ﬁant

2290 3646 2482 3699 domini
2508 3644 2605 3699 sui.
2638 3642 2877 3697 Pessime
2904 3657 3031 3697 vero
3056 3642 3220 3697 editio
3252 3642 3477 3697 Panielii
3494 3643 3710 3697 exhibet
3734 3642 3872 3698 Deos

2289 3716 2476 3787 facitis.
2510 3715 2617 3787 Diis
2646 3715 2787 3787 enim
2806 3755 2828 3787 ,_
2842 3728 2938 3767 cur
2960 3730 3062 3787 non
3090 3728 3155 3768 es
3179 3715 3365 3768 vinctis
3394 3712 3650 3787 pessimos
3676 3727 3875 3787 nocen.

2290 3782 2369 3841 tes
2410 3786 2547 3841 Deos
2582 3785 2787 3844 facitis,
2820 3785 2920 3839 hoc
2964 3784 3103 3839 facto
3146 3801 3258 3839 rem
3298 3794 3498 3853 gratam
3538 3782 3647 3837 Diis
3676 3786 3870 3839 vestris

2288 3856 2606 3927 pragstabitis
2626 3871 2762 3927 ,par
2784 3857 2925 3927 enim
2956 3858 3066 3927 pari
3093 3857 3305 3927 gaudet.
3342 3854 3503 3927 [lecte
3534 3855 3719 3927 itaque
3735 3856 3869 3910 scri-

2285 3923 2419 3999 bunt
2459 3927 2610 3996 facile
2650 3923 2968 3999 Metnbr._l.;
3005 3926 3064 3979 Β.
3097 3923 3311 3982 lierald.
3357 3923 3430 3979 La
3459 3923 3661 3994 Certis,
3692 3924 3867 3999 Rigal.
3915 3961 3930 3975 ο

2286 3997 2529 4054 llhenan.
2562 4006 2612 4050 et
2644 3996 2853 4065 reliqui.
2882 3996 3014 4052 Hsv.

2342 4066 2421 4139 (g)
2444 4067 2891 4139 Ci'iiitiiiOsiss_imos
2920 4085 3156 4139 quosque.
3182 4067 3450 4129 Arnobius
3474 4069 3565 4123 lib.
3596 4085 3649 4123 ν.
3670 4068 3731 4125 Si
3753 4086 3871 4126 con-

2279 4137 2493 4207 temptor
2511 4139 2693 4208 aliquis
2725 4137 3005 4193 Numinum
3028 4183 3043 4207 ,
3058 4137 3112 4194 iet
3135 4140 3368 4210 sacrilegi
3395 4142 3612 4203 pectoris
3636 4142 3871 4210 inuitaui-

2282 4217 2381 4262 tate
2407 4210 2660 4279 furiosus,
2689 4210 2980 4263 intendisset
3024 4212 3249 4265 animum
3296 4209 3596 4264 maledicere
3636 4209 3745 4263 Diis
3784 4227 3868 4265 ve-

2280 4280 2439 4351 stris:
2459 4280 2664 4334 auderet
2685 4282 2737 4332 in
2757 4295 2841 4333 eos
2860 4281 3134 4351 quidquam
3154 4284 3356 4351 gravius
3377 4281 3541 4351 dicere
3563 4320 3579 4344 ,
3604 4297 3753 4349 quant
3773 4282 3869 4334 ista

2286 4349 2453 4422 prodit
2475 4351 2685 4422 historia
2703 4393 2715 4413 ,
2734 4367 2905 4421 quam.
2929 4349 3060 4406 velut
3076 4349 3318 4422 quiddam
3341 4350 3569 4422 mirabile
3586 4391 3600 4415 ,
3617 4366 3870 4422 commeu-
3904 4370 3907 4373 ·

2286 4420 2403 4473 tarii
2432 4421 2712 4474 contulistis
2737 4420 2789 4474 in
2822 4420 3144 4490 formulam?
3170 4439 3228 4475 ac
3253 4439 3314 4475 ne
3335 4423 3480 4474 illum
3506 4421 3575 4473 ris
3605 4421 3864 4488 temporis,

589 4480 1149 4571 gujg_';',;jé;rgigggjg'
1164 4480 1438 4571 gié,',;,’,“;,;
1458 4480 1588 4556 ςξίέίί
1618 4480 1890 4565 ,ξπῑῇῖξῇέζ
1912 4480 2010 4561 ἶ,έῖ
2036 4480 2174 4562 ξξξίίῖ
2201 4480 2256 4539 D
2282 4501 2327 4543 et
2349 4480 2982 4571 vetuslatisﬁobsolefitceret
3003 4492 3283 4571 longitudo.
3305 4491 3655 4571 perpetuitatis
3676 4480 3867 4571 Ii'onqre

589 4569 799 4642 bendus
826 4569 1011 4642 locus,
1039 4570 1180 4640 apud
1203 4569 1359 4641 quem
1392 4573 1583 4626 frustra
1615 4589 1824 4642 quaeras
1856 4576 1939 4630 illa
1974 4578 2132 4631 verba
2160 4598 2172 4632 :

580 4640 764 4715 atquin
784 4641 1094 4715 uthamt'nes
1119 4640 1235 4715 illos
1258 4642 1417 4715 fuisse,
1440 4660 1539 4715 non
1565 4640 1768 4715 potestis
1798 4662 1998 4715 negare.
2034 4647 2170 4703 ΗΑγ,

664 4709 1021 4789 (d)_Collegas.
1049 4710 1120 4768 Ut
1139 4709 1273 4767 infra
1301 4730 1314 4768 :
1342 4713 1470 4789 nihil
1490 4709 1996 4789 aliud_depi'eliciido,
2024 4735 2175 4789 quam

590 4781 849 4860 materias-
867 4781 1064 4860 sorores
1084 4798 1208 4860 _esse
1244 4786 1590 4860 uasculorum,
1629 4781 2175 4860 instrumentorumque

589 4853 954 4928 communium.
979 4852 1182 4928 Psellus
1203 4852 1270 4928 ad
1292 4853 1535 4928 Nazianz.
1561 4870 1612 4924 p.
1642 4858 1795 4912 1084.
1823 4859 2057 4926 Quonam
2075 4852 2171 4928 pa-

589 4926 671 4973 cto
700 4919 957 4977 derideant
994 4924 1118 4977 tales
1143 4924 1309 4984 cultus
1337 4925 1361 4978 ?
1390 4919 1650 4980 idolorum
1678 4943 1755 4989 se.
1785 4919 2173 4987 ct'simulac'ro-

502 5046 510 5059 ,
590 5002 739 5069 rum,
768 5002 817 5047 et
854 4994 1169 5069 subsannabo
1207 5010 1290 5049 eos
1333 4996 1417 5064 qui
1448 4997 1570 5050 talia
1597 4998 1764 5051 colunt
1785 4998 1811 5051 ?
1837 5008 1882 5052 et
1909 5001 1997 5069 qui
2020 5001 2167 5053 attri-

589 5058 748 5139 buunt
797 5062 966 5117 cultus
1012 5058 1068 5116 et'
1100 5063 1312 5120 honores
1346 5058 1598 5139 creatura
1621 5077 1665 5120 et
1693 5058 1961 5123 nmteriei':
1990 5071 2034 5122 si
2062 5071 2171 5139 ipse

587 5131 809 5205 adorem
845 5148 1109 5205 conseruos
1132 5173 1159 5205 ,ᾗ
1179 5143 1224 5205 et
1254 5152 1367 5205 quae
1408 5136 1536 5190 nihil
1564 5138 1641 5191 vel
1669 5155 1851 5205 parum
1879 5131 2167 5194 distant-ab

586 5201 698 5282 his,
725 5203 1109 5282 quiapudillos
1139 5201 1386 5260 habentur
1411 5205 1515 5261 Dii.
1548 5201 1805 5282 Loquitur
1825 5209 2169 5282 defigmento

581 5272 726 5345 circa
752 5272 946 5345 Filium
978 5274 1108 5340 Dei,
1134 5282 1194 5328 ut
1213 5286 1576 5331 creaturarum
1609 5272 1858 5345 primum.
1890 5272 2023 5336 Ηιῖν.
2138 5299 2147 5308 ·

618 5340 1351 5434 εςῇὶὲαέξθίέίαξέοξείίνξρει·
1380 5363 1429 5402 υ·
1447 5347 1533 5434 με
1559 5340 1847 5434 σόη-,ιερὰ
1870 5367 2027 5422 «nam
2045 5367 2168 5434 pro:

578 5409 871 5494 biSsimam'
892 5424 1165 5494 expertam
1203 5409 1396 5494 passim
1421 5433 1653 5494 sequor.
1681 5420 1783 5494 Alii
1811 5409 2018 5494 om'nes,
2045 5409 2161 5494 pari

578 5482 693 5538 fere
718 5499 914 5552 sensu,
964 5482 1018 5540 iu
1038 5487 1181 5541 caelo.
1203 5482 1325 5542 Non
1348 5482 1549 5543 abludit
1578 5490 1699 5545 hinc
1719 5491 1847 5546 illud
1879 5509 1945 5548 ex
1975 5482 2064 5549 lib:
2101 5511 2158 5550 ll.

576 5552 662 5631 Ad
689 5554 810 5631 Nat.
841 5570 959 5631 gap.
987 5556 1019 5610 7
1047 5557 1293 5631 sepulcris
1319 5558 1516 5631 Regum
1557 5572 1835 5617 vestrorum
1872 5562 2051 5619 cwlu'm
2076 5567 2159 5621 iu—

576 5626 801 5692 famulis.
842 5626 1112 5704 Cancrum
1156 5628 1371 5704 elegans
1396 5626 1498 5704 'est
1547 5632 1724 5704 locus.
1755 5643 1809 5689 et
1842 5634 2029 5704 plenus
2051 5638 2164 5693 aeri

573 5707 890 5772 s_comr_nate.
916 5697 1050 5772 Cum
1089 5697 1231 5772 enim
1247 5697 1565 5772 maleficos,
1594 5697 1867 5760 adulteros
1890 5748 1905 5772 ,
1937 5707 2162 5762 homici-

574 5763 675 5819 das
692 5804 708 5832 ,
731 5766 874 5822 fures
895 5806 909 5834 ,
937 5767 1080 5837 justc
1106 5768 1159 5822 in
1191 5771 1345 5825 terris
1367 5763 1622 5845 puniant,
1647 5789 1752 5831 non
1775 5763 1953 5832 vident
1974 5774 2161 5834 eodem

2281 4562 2553 4615 mactastis.
2585 4560 2721 4627 Quid
2751 4560 2821 4615 est
2848 4564 2979 4615 enim
3006 4563 3069 4616 de
3091 4560 3209 4617 Diis
3235 4563 3285 4617 in
3307 4560 3371 4615 ea
3398 4560 3621 4632 positum
3643 4601 3659 4626 ,
3688 4560 3868 4631 quidve

2279 4631 2618 4699 conscriptum
2644 4674 2657 4694 ,
2689 4632 2826 4698 quod
2853 4649 2952 4686 nou
2974 4675 2986 4695 ,
3017 4636 3059 4686 si
3090 4634 3141 4687 in
3185 4631 3438 4686 hominem
3484 4633 3674 4686 dixeris
3714 4632 3865 4700 pudi-

2280 4701 2458 4754 bundis
2482 4702 2732 4763 moribus,
2762 4712 2809 4755 et
2838 4704 3123 4769 disciplinis
3154 4702 3521 4758 horridioribus
3560 4703 3825 4756 educatum
3846 4744 3861 4767 ,

2276 4782 2324 4848 et
2350 4773 2665 4848 contumelia:
2688 4780 2802 4848 reus
2826 4774 2893 4848 sis
2914 4816 2927 4837 ,
2958 4786 3013 4848 et
3033 4774 3238 4848 injuria:
3256 4817 3269 4836 ,
3298 4784 3345 4827 et
3369 4773 3668 4848 offensionis
3696 4772 3869 4848 odium

2275 4842 2612 4915 simultatibus
2637 4846 2816 4898 subeas
2845 4842 3231 4915 ine-upiabilibus
3259 4842 3608 4915 comparatum
3631 4844 3657 4897 ?
3731 4843 3865 4899 "AV.

2352 4913 2669 4987 (lijPotiores
2690 4916 2824 4968 vivos
2846 4913 2983 4985 apud
3006 4918 3194 4987 inferos
3222 4915 3514 4987 reliquistis.
3546 4914 3735 4987 Libera
3766 4929 3864 4983 pa-

2275 4982 2528 5055 riter'vox
2570 4985 2846 5055 Diogenis,
2879 4982 2967 5053 qui
3021 4982 3337 5051 rogantibus
3366 4985 3784 5055 Atheniensibus
3811 4996 3865 5041 ut

2276 5054 2594 5133 ini-timetur,
2626 5053 2786 5125 atque
2848 5056 3150 5133 dicentibus
3179 5099 3194 5121 ,
3224 5057 3363 5126 quod
3404 5053 3783 5133 apud‘inferos
3828 5056 3863 5109 ii

2274 5125 2364 5194 qui
2406 5125 2593 5198 initiati
2640 5138 2799 5192 sunt,
2843 5125 3369 5194 prmsidenLI‘sioio-i,
3402 5134 3508 5198 ἔφη,
3535 5129 3574 5177 si
3602 5125 3859 5191 Α’γησιὶας

2272 5203 2355 5261 μὲν
2400 5206 2481 5248 καὶ
2517 5195 2870 5263 Ε’παμινώνδκς
2898 5203 2944 5250 εν
2970 5221 3034 5267 τῳ
3058 5207 3272 5269 βορϐὀρῶ
3299 5195 3558 5264 Brother”,
3587 5206 3783 5269 εὐτελιςς
3809 5201 3859 5249 δέ

2272 5288 2394 5338 τινες
2422 5276 2707 5338 μεμνημένοι
2737 5274 2781 5321 li
2797 5272 2905 5329 ταῖς
2933 5266 3157 5338 uetuit.qu
3182 5266 3337 5329 νῆσοις
3360 5267 3630 5338 Esau-atq].
3654 5283 3707 5322 e.
3739 5266 3858 5321 Per-

2272 5335 2543 5410 ridiculum
2561 5379 2575 5400 ,
2604 5338 2895 5410 respondit,
2921 5335 3168 5408 siquidem
3194 5339 3457 5410 Agesilaus
3477 5350 3525 5394 et
3552 5336 3859 5410 Epaminon-

2273 5406 2365 5461 das
2393 5407 2444 5481 i_n
2469 5424 2607 5481 creua
2637 5406 2848 5481 degerit,
2871 5406 2993 5465 viles
3014 5421 3182 5465 autem
3207 5406 3381 5481 quiqui
3401 5410 3585 5464 initiati
3608 5408 3662 5463 in
3688 5409 3855 5465 beato-

2263 5492 2375 5531 rum
2398 5478 2579 5532 insalis
2597 5490 2762 5533 erant.
2796 5478 2931 5535 llnv.
3219 5478 3228 5481 ⁷
3310 5478 3313 5479 ⁷
3918 5538 3923 5541 .

2341 5549 2402 5620 (υ
2443 5548 2725 5623 Socratem.
2755 5549 2852 5623 Qui
2880 5550 3199 5623 recteiinter
3225 5552 3494 5622 sapientes
3512 5551 3715 5622 primas
3741 5566 3860 5623 par-

2264 5626 2344 5673 tes
2372 5622 2609 5690 assignat
2633 5660 2647 5684 ,
2681 5622 2750 5676 ab
2776 5620 2891 5691 ipso
2918 5621 3166 5693 Apolline
3194 5620 3624 5692 sapientissimus
3656 5620 3861 5681 morta-

2263 5686 2392 5744 lium
2418 5689 2582 5744 dicto.
2619 5690 2752 5745 llsv.
3822 5695 3829 5701 “

2285 5695 2392 5744 ium
2418 5695 2582 5744 dicto.
2619 5695 2752 5745 Hsv.
3822 5695 3829 5701 ’

2342 5758 2406 5833 (j)
2431 5760 2723 5817 Aristidem.
2757 5761 2922 5835 Cujus
2952 5771 3096 5821 tanta
3117 5762 3170 5822 in
3203 5764 3496 5825 tolerandis
3510 5764 3753 5824 adversis
3776 5777 3872 5837 pa-
