4258 6274
519 333 628 390 34-3

524 543 690 599 iidem
703 539 851 603 estis,
879 535 966 606 qui
998 533 1257 589 Senecam
1281 529 1603 601 (a)aliquem
1630 528 1867 598 pluribus
1892 540 1944 585 et
1966 545 2117 585 ama-

524 611 756 688 rioribus
803 627 870 681 de
914 632 1091 680 vestra
1129 621 1507 692 superstitione
1555 629 1892 691 perorantem
1930 634 2120 689 repre-

526 721 789 778 hendistis
824 719 923 790 (I).
952 717 1116 788 Igitur
1151 717 1214 772 si’
1248 724 1450 770 statuas
1502 723 1558 770 et
1607 715 1864 784 imagines
1905 712 2120 783 frigidas

477 847 483 855 -
525 823 860 870 mortuorum
904 823 1122 863 suorum
1153 806 1452 861 simillimas
1482 820 1588 859 non
1633 804 1918 859 adoramus
1941 845 1956 870 ,
1988 818 2121 874 quas

525 904 679 960 milvi
710 903 783 972 (b)
810 908 865 957 et
891 913 1072 955 mures
1100 906 1155 953 et
1179 911 1390 952 araneae
1421 895 1760 964 intelligunt,
1791 910 1971 949 nonne
2001 894 2120 948 lau-

528 995 650 1051 dem
675 995 864 1064 magis,
886 1006 1045 1062 quam
1071 1005 1305 1060 poenam,
1329 987 1635 1043 merebatur
1652 986 1938 1057 repudium
1960 986 2125 1057 agniti

530 1086 768 1144 erroris?
789 1084 1079 1139 Possumus
1106 1083 1252 1137 enim
1275 1079 1442 1134 videri
1463 1077 1662 1133 laedere
1685 1092 1801 1145 eos,
1829 1092 1963 1148 quos
1989 1077 2126 1132 certi

530 1192 718 1234 sumus
745 1174 965 1230 omnino
995 1187 1102 1228 non
1135 1172 1288 1228 esse?
1316 1169 1467 1238 Quod
1501 1185 1605 1224 non
1636 1173 1739 1236 est,
1775 1168 1906 1223 nihil
1930 1169 1996 1224 ab
2017 1168 2128 1224 ullo

530 1270 749 1340 patitur,
776 1268 900 1339 quia
926 1281 1030 1322 non
1062 1273 1142 1320 est
1164 1263 1263 1332 (2).

1120 1397 1348 1454 CAPUT
1388 1396 1527 1452 XIII.

537 1543 931 1598 AncUMEN'rL'n.
959 1568 1028 1578 —
1059 1536 1119 1591 Si
1146 1545 1310 1589 tamen
1343 1535 1450 1589 [uec
1484 1536 1697 1588 nmnina
1731 1536 1921 1588 censeri
1957 1535 2131 1600 velint,

609 1636 773 1688 colere
818 1633 986 1701 utique
1040 1629 1338 1699 Oportebat,
1389 1643 1488 1681 non
1515 1644 1778 1697 spernere,
1811 1628 1944 1697 quod
1969 1636 2136 1682 tamen

611 1727 802 1797 passim
828 1728 994 1795 facere
1018 1723 1135 1776 illos
1155 1721 1392 1784 ostendit,
1422 1737 1535 1773 cum
1556 1721 1742 1790 singuli
1756 1720 1926 1789 plures
1942 1722 2132 1785 colant,

1939 319 2396 380 TERTI‘LLIANI

523 463 686 505 voces
707 489 721 514 ,
749 462 780 501 ο
811 444 1068 512 sacrilega
1107 437 1382 494 convicia!
1415 435 1706 492 infrendite
1731 477 1746 502 ,
1780 437 2113 507 inspumate’!
2145 438 2197 496 Α

3715 321 3823 379 δη

2294 445 2342 489 et
2368 433 2470 506 ipsi
2499 433 2616 488 deos
2663 433 2891 502 faciunt;
2942 442 2994 487 at
3041 441 3174 489 certe
3201 432 3564 498 meretricibus,
3593 433 3820 500 cincdis,

2295 525 2645 595 similibusque
2675 523 2888 595 publica:
2913 525 3140 580 libidinis
3166 525 3415 592 victimis’,
3447 541 3549 580 non
3573 525 3684 580 sine
3701 526 3827 581 insi-

2293 618 2382 690 gni
2429 619 2640 672 deorum
2665 617 2970 671 contumelia
2992 657 3006 682 ,
3041 617 3154 672 licet
3243 618 3344 688 ipsi
3368 617 3529 672 nihilo
3556 618 3826 674 nobiliores

2302 710 2425 776 sint,
2448 707 2620 762 addici
2643 716 2824 778 potest.
2898 729 2912 740 -
3840 715 3846 720 '

2294 800 2399 858 Sed
2447 800 2602 864 nobis
2656 799 2729 855 dii
2782 810 2949 868 sunt,
3002 801 3243 872 inquitis.
3285 801 3354 856 Et
3382 801 3651 873 quomodo
3675 815 3830 859 vose

2227 891 2683 964 contrario-impii
2728 903 2783 950 et
2821 894 3061 964 sacrilegi
3105 903 3161 950 et
3201 895 3485 967 irreligiosi
3529 910 3658 966 erga
3695 895 3832 952 deos

2229 997 2440 1043 vestros
2485 984 2968 1056 deprehendimini,
3014 985 3102 1056 qui
3147 1001 3284 1057 quos
3323 988 3650 1056 praesumitis
3686 1001 3828 1054 esse,

2233 1077 2535 1150 negligatis,
2563 1092 2697 1148 quos
2721 1077 2944 1144 timetis,
2972 1077 3280 1145 destruatis,
3313 1093 3452 1150 quos
3478 1080 3638 1136 etiam
3670 1080 3834 1136 vindi-

2231 1170 2388 1235 catis,
2444 1166 2724 1224 illudatis?
2774 1168 3193 1238 Recognoscite,
3242 1171 3286 1225 si
3345 1172 3592 1228 mentiar.
3646 1174 3832 1232 Primo

2233 1261 2472 1333 quidem,
2494 1276 2616 1316 eum
2643 1260 2732 1314 alii
2763 1259 2895 1316 alios
2924 1261 3118 1324 colitis,
3144 1262 3328 1331 utique
3363 1278 3496 1333 quos
3524 1279 3630 1320 non
3656 1267 3833 1324 colitis

2235 1350 2502 1408 ollenditis
2527 1351 2623 1424 (ε).
2648 1352 2896 1407 Praelatio
2935 1353 3154 1408 alterius
3180 1353 3296 1408 sine
3338 1357 3661 1412 contumelia
3693 1360 3833 1415 alte-

2237 1446 2348 1501 rius
2390 1461 2494 1500 non
2541 1453 2716 1514 potest
2768 1445 3079 1515 procedere,
3134 1446 3254 1516 quia
3300 1461 3397 1501 nec
3461 1448 3650 1503 electio
3715 1453 3833 1508 sine

2239 1539 2638 1608 reprobatione.
2663 1537 2780 1592 .lam
2807 1553 2934 1608 ergo
2969 1539 3311 1612 contemnitis
3344 1555 3479 1610 quos
3505 1543 3826 1611 reprobatis,

2239 1646 2372 1702 quos
2423 1629 2758 1700 reprobando
2805 1628 3078 1685 offendere
3157 1646 3262 1685 non
3319 1631 3540 1686 timetis.
3588 1633 3724 1688 Nam
3785 1644 3845 1691 ut

2242 1738 2400 1792 supra
2426 1722 2834 1792 perstrinximus
2867 1723 2968 1793 (5),
2996 1730 3165 1776 status
3193 1721 3278 1777 dei
3309 1723 3566 1794 cujusque
3597 1725 3648 1780 iu
3684 1743 3842 1781 sena-

611 1838 727 1874 cum
751 1819 986 1872 divinitas
1015 1816 1078 1869 ab
1099 1817 1322 1868 humano
1345 1814 1556 1882 pendeat
1569 1813 1800 1878 arbitrio,
1833 1829 1947 1866 cum
1975 1816 2133 1868 simu-
2169 1814 2215 1872 B
2246 1823 2329 1869 tus
2357 1813 2712 1869 mstimatioue
2739 1811 3022 1882 pendebat.
3053 1813 3190 1868 Deus
3218 1827 3320 1867 non
3345 1822 3482 1880 erat,
3501 1829 3658 1884 quem
3685 1815 3846 1874 homo

615 1913 755 1964 [acra
805 1925 997 1971 eorum,
1032 1916 1083 1959 ut
1115 1906 1386 1960 domestica
1435 1906 1765 1959 instrumenta
1786 1906 2133 1977 pignerentur,

613 2006 954 2064 venditantur,
978 2017 1065 2054 nec
1082 2000 1275 2070 privata
1289 2007 1506 2062 tantum,
1524 1997 1612 2051 sed
1633 2007 1677 2051 et
1705 1997 1989 2068 publica,ut
2009 1985 2138 2052 adeo

613 2098 854 2167 majestas
901 2091 1207 2162 quaestuaria
1252 2090 1543 2158 efﬁciatur:
1588 2088 1803 2142 mortuis
1849 2105 2044 2159 quoque
2086 2089 2140 2142 id

619 2186 826 2240 honoris
853 2182 990 2251 quod
1030 2182 1128 2236 diis
1154 2181 1418 2245 habeatur,
1447 2181 1535 2250 qui
1562 2188 1702 2234 tanto
1730 2180 1933 2250 dignius
1953 2181 2141 2236 scilicet

613 2274 1000 2346 imperatoribus
1023 2273 1298 2325 etianmum
1331 2270 1606 2324 viventibus
1631 2270 1886 2334 tribuitur,
1901 2273 2140 2340 quoniam

2243 1895 2521 1962 consitltus
2548 1905 2805 1960 noluisset
2825 1914 2879 1960 et
2906 1905 3137 1960 nolendo
3157 1905 3484 1961 damnasset.
3515 1907 3849 1979 Domesticos

2244 2000 2376 2055 deos
2399 2000 2502 2073 (ά),
2530 2013 2667 2070 quos
2696 1999 2834 2053 lares
2863 1999 3041 2053 dicitis
3067 2039 3081 2060 ,
3109 1998 3400 2054 domestica
3440 2008 3706 2069 potestate
3737 2011 3846 2056 tra-

2243 2093 2399 2147 ctatis
2447 2091 2794 2160 pignerando,
2824 2090 3170 2155 venditando,
3201 2090 3526 2146 demutando
3563 2093 3850 2162 aliquando

2244 2187 2296 2240 in
2325 2184 2636 2240 caeabulnm
2667 2184 2738 2255 (e)
2760 2183 2827 2238 de
2851 2183 3083 2239 Saturno
3113 2183 3223 2252 (4),
3247 2183 3535 2253 aliquando
3559 2185 3610 2239 in
3633 2186 3848 2241 trullam

2243 2275 2312 2332 de
2337 2276 2566 2330 Minerva
2591 2316 2606 2340 ,
2641 2284 2698 2329 ut
2723 2275 2950 2345 quisque
2973 2275 3236 2330 contritus
3257 2283 3417 2345 atque
3444 2283 3702 2332 contusus
3725 2287 3807 2334 est
3829 2317 3844 2344 ,

1751 2361 2129 2422 LECTIONES
2165 2366 2580 2422 VAIIIANTES.

615 2460 686 2522 (Ι)
721 2456 930 2509 Herald.
968 2469 994 2506 e
1032 2454 1177 2522 codd.
1205 2459 1309 2522 rut.
1333 2458 1384 2522 et
1409 2455 1557 2522 ἦρί-9.
1601 2466 1618 2502 :
1650 2465 1797 2516 quam
1833 2455 2064 2522 pluribus
2089 2467 2142 2522 et

552 2515 956 2581 amarioribus—
979 2515 1387 2581 reprehendistis.
1436 2515 1744 2581 _W6u_we_rl_e
1782 2515 1932 2581 codd.
1970 2517 2144 2571 Pithwi

551 2591 596 2634 et
623 2586 688 2634 F.‘
715 2578 880 2632 Ursini
906 2593 922 2629 :
952 2575 1055 2627 non"
1083 2576 1491 2639 reprehendistis.
1535 2575 1650 2626 Cod.
1675 2577 1848 2638 Lugd.,
1874 2580 1952 2628 ed.
1989 2581 2139 2631 Rhen.

546 2644 728 2695 et-Ald.
757 2657 774 2694 :
805 2642 928 2705 plur.
957 2647 1009 2705 et
1029 2656 1058 2705 ει
1087 2639 1348 2705 majoribus
1371 2666 1429 2674 —
1454 2640 1840 2705 reprehendistis
1859 2641 1942 2705 vel
1965 2657 2144 2705 repre-

547 2707 776 2756 henditis.
805 2700 936 2754 'Cod.
965 2701 1156 2752 Fuld.:
1185 2706 1492 2764 perorantem
1535 2701 1769 2764 probetis.
1809 2700 1916 2764 Rig.
1959 2711 2003 2753 et
2028 2700 2145 2755 'Ha.

2245 2471 2376 2522 vettc.
2403 2459 2662 2522 :aliquem
2684 2485 2745 2522 έ-
2769 2472 2932 2520 peror.
2961 2459 3196 2522 probatis.

2309 2521 2380 2586 (ἓ)
2413 2521 2491 2570 Ab
2515 2534 2576 2570 eo
2601 2519 2779 2586 patitur
2800 2522 2880 2586 qui
2907 2519 3001 2586 non
3027 2531 3121 2581 est,
3149 2519 3357 2570 Semler.

2315 2580 2384 2646 (5)
2422 2580 2986 2646 prtest_ruximus,'Sentl.
3056 2641 3086 2646 ,Α
3110 2580 3139 2646 ⁷,
3436 2644 3447 2646 μ
3620 2645 3625 2646 γ
3831 2599 3836 2603 ’

2311 2641 2384 2706 (4)
2420 2641 2482 2694 In
2505 2642 2621 2694 edd.
2651 2641 2803 2707 Rheni.
2829 2651 2883 2707 et
2901 2641 3086 2693 Gelenii
3105 2642 3279 2707 desunt
3312 2657 3384 2693 vv.
3407 2644 3664 2707 aliquando
3681 2647 3729 2694 in
3748 2658 3849 2696 cae.

2245 2704 2558 2756 de‘S'aturno.
2583 2704 2726 2755 codd.
2754 2704 2902 2755 Fuld.
2928 2711 2973 2755 et
2998 2706 3152 2770 Lugd.
3187 2717 3203 2755 :
3225 2704 3556 2756 caccabulum.

1907 2787 2466 2846 COMMENTARIUS.

552 2899 727 2954 aeque,
751 2882 844 2936 sed
875 2881 980 2954 alio
1014 2894 1198 2954 sensu,
1230 2877 1299 2954 d_e
1351 2876 1560 2954 Baccho
1608 2877 1898 2946 vapulante
1952 2879 2152 2936 Iliacus

553 2949 695 3024 apud
726 2951 1136 3021 Aristophanem
1168 2949 1220 3003 in
1247 2949 1558 3024 RanisAct.
1592 2964 1648 3002 ιι.
1683 2963 1761 3024 se.
1794 2966 1868 3004 vr.

626 3014 776 3092 έίπερ
812 3014 1211 3092 θεὸς-γάρέστιν,
1254 3023 1335 3073 οὐκ
1377 3023 1677 3092 ᾳὶσθῄςεται,
1713 3020 1748 3072 I.
1804 3035 1853 3075 ϐ.
1910 3020 1972 3076 SI
2015 3024 2149 3078 enim

553 3095 676 3150 deus
714 3089 809 3157 est,
835 3093 962 3146 nihil
991 3091 1256 3160 plagarum
1274 3090 1469 3143 sentiet.
1496 3089 1629 3144 Hsv.

627 3166 708 3237 (τι)
728 3165 749 3217 l
756 3165 887 3218 idem
901 3164 1018 3218 estis
1030 3162 1115 3228 qui
1138 3160 1381 3237 Senecam
1396 3160 1610 3225 aliquem
1625 3161 1852 3237 pluribus
1866 3173 1919 3237 et
1930 3164 2149 3237 amario-

552 3231 696 3290 ribus
719 3236 780 3298 de
822 3245 984 3289 vestra
1009 3231 1359 3301 superstitione
1385 3242 1701 3298 perorantent
1724 3233 1965 3300 probatis.
1988 3233 2045 3286 In
2080 3236 2146 3288 li.

556 3307 671 3362 bris
701 3307 907 3361 scilicet
934 3320 1067 3374 quos
1097 3301 1164 3355 de
1191 3301 1962 3374 superstitioneRomanorum
1992 3321 2143 3360 eom-

557 3377 862 3448 ptishit,qui
885 3371 1002 3429 lib'ri
1031 3373 1259 3448 citantur
1280 3371 1348 3448 ab
1376 3373 1668 3448 Augustino
1694 3373 1787 3448 lib_.
1817 3373 1901 3428 VI.
1931 3375 1998 3430 de
2027 3376 2144 3431 Civ.

560 3441 679 3502 Dei.
727 3441 866 3500 una
892 3456 1070 3498 autem
1114 3441 1434 3510 Septimius,
1477 3443 1708 3510 aliquem
1747 3443 2042 3508 Senecam,
2090 3456 2148 3500 ut

563 3518 688 3570 alibi
735 3519 960 3584 passim,
1009 3513 1185 3581 aliqua
1231 3511 1364 3564 Dido
1384 3552 1398 3576 ,
1422 3513 1612 3584 aliquis
1639 3513 1890 3570 Liciantts
1913 3557 1927 3580 ,
1956 3516 2148 3584 aliquis

563 3580 816 3642 Lazarus.
852 3585 1034 3651 Itaque
1062 3580 1166 3634 non
1196 3592 1276 3636 est
1299 3580 1440 3650 quod
1467 3580 1685 3638 movere
1717 3599 1813 3638 nos
1837 3584 2030 3638 debeat
2051 3580 2149 3639 au-

565 3657 784 3710 etoritas
837 3653 1326 3707 codicis’Pitbmaui
1358 3666 1513 3718 quem
1549 3652 1779 3706 laudavit
1818 3652 1934 3708 Nic.
1978 3655 2150 3709 Faber

562 3725 878 3796 praefatione
892 3725 955 3778 ad
971 3725 1227 3777 Senecam
1243 3720 1441 3796 editum
1458 3721 1749 3796 Lutetia-bl.
1763 3723 1823 3796 l).
1840 3724 2146 3796 LXXXVII.

563 3792 740 3852 Credo
785 3796 906 3864 quia
959 3804 1082 3846 tunc
1128 3793 1403 3864 temporis,
1434 3807 1554 3846 cum
1585 3792 1748 3864 editio
1797 3795 1881 3848 illa
1929 3795 2150 3850 Seneca:

567 3861 844 3939 prodiret,
888 3863 1062 3917 adhuc
1105 3864 1156 3916 in
1205 3861 1890 3939 'I‘ertulliano“legebatur,
1925 3867 2150 3939 pluribus

567 3933 613 3992 ct
645 3937 919 4007 majoribus
946 3944 1264 4007 perorantem
1285 3933 1675 4007 reprehendistis
1697 3949 1714 3996 ;
1741 3950 1862 4007 qua:
1888 3937 2151 4004 scriptura

566 4007 696 4061 vitio
719 4002 828 4059 non
852 4005 1088 4059 carebat.
1123 4002 1182 4055 In
1213 4002 1574 4074 vetustissimo
1616 4006 1910 4074 exemplari
1963 4002 2153 4060 biblio-

566 4079 737 4132 thecze
771 4077 1022 4130 Puteana:
1047 4072 1400 4128 disertissime
1427 4075 1682 4141 scriptum
1712 4072 1935 4140 legimus
1955 4115 1971 4139 ,
2004 4075 2152 4129 Idem

559 4149 677 4202 estis
710 4148 796 4212 qui
818 4147 1066 4202 Senecam
1095 4143 1314 4212 aliquem
1338 4143 1566 4211 pluribus
1598 4153 1643 4196 et
1669 4146 2002 4199 amarioribus
2035 4163 2152 4214 per-

561 4228 789 4272 orantem
834 4216 1263 4286 reprehendistis;
1294 4215 1490 4267 omissa
1525 4229 1804 4286 perperam
1846 4216 1897 4268 in
1945 4227 2154 4284 postre-

559 4290 663 4342 mis
714 4289 829 4341 istis
873 4284 1106 4340 dictione
1127 4324 1142 4346 ,
1171 4298 1330 4352 quam
1366 4285 1598 4338 servavit
1630 4284 1959 4352 l‘ithteanus,
1986 4301 2158 4351 eoque

560 4373 692 4413 sane
718 4368 953 4428 praestat.
985 4355 1041 4408 In
1071 4354 1225 4428 Fuld.
1267 4355 1456 4428 legitur
1507 4356 1752 4428 probatis.
1805 4357 1922 4412 th.
1955 4387 2028 4398 -ρ
2055 4358 2156 4424 Qui

563 4425 813 4483 Senecam
833 4429 1071 4495 aliquem.
1100 4426 1303 4496 Seneca
1328 4425 1573 4496 volumen
1606 4427 1822 4496 scripsit
1858 4433 1926 4482 de
1968 4444 2156 4495 super-

562 4500 778 4552 stitione
804 4497 1080 4567 gentilium
1103 4494 1254 4564 cujus
1283 4495 1524 4568 meminit
1543 4494 1790 4551 Aurelius
1805 4494 2152 4568 Augustinus.

2258 2892 2373 2946 rat,
2414 2883 2545 2937 satis
2583 2881 2934 2951 signiﬁcavit,
2983 2891 3236 2951 quantum
3291 2881 3342 2935 in
3371 2882 3529 2938 idolis
3554 2884 3847 2952 squalloris

2257 2954 2550 3015 resideret,
2596 2952 3030 3022 quandoquidem
3079 2967 3291 3008 aranete
3338 2953 3391 3008 in
3438 2953 3570 3022 ipsis
3609 2953 3852 3012 habitare

2257 3025 2512 3078 solerent.
2556 3022 2631 3077 Le
2669 3038 2754 3076 ru.

2324 3113 2478 3168 CAP.
2508 3110 2803 3181 XIIl.—(c)
2836 3111 2956 3167 Non
2981 3114 3163 3175 colitis,
3193 3113 3469 3180 oﬂ'enditis.
3487 3113 3721 3181 Quorum
3754 3114 3851 3170 ita-

2255 3200 2358 3253 que
2383 3185 2512 3237 iram
2531 3183 2711 3242 miseri
2732 3193 2787 3238 et
2801 3184 3082 3238 vindictam
3097 3195 3410 3252 exspectare
3425 3184 3852 3241 habebant.Cur-

2255 3255 2358 3309 tius
2371 3254 2754 3309 deAlexandro
2769 3256 2819 3306 in
2837 3269 2964 3308 nece
2975 3254 3097 3309 Cliti
3114 3253 3854 3324 l.Vl|I.c.2.Scrutantemque,

2252 3343 2374 3378 num
2403 3327 2480 3378 ira
2529 3325 2737 3378 deorum
2777 3326 2844 3376 ad
2874 3336 3070 3378 tantum
3100 3330 3244 3395 nefas
3293 3336 3436 3380 actus
3473 3337 3633 3391 esset,
3681 3327 3854 3394 subit,

2252 3396 2655 3449 anniversarium
2708 3411 2907 3448 sacrum
2938 3395 3120 3449 Libero
3167 3397 3300 3465 patri
3330 3413 3430 3450 non
3468 3413 3575 3451 esse
3603 3397 3856 3451 redditum

2254 3475 2437 3518 statuto
2493 3475 2746 3536 tempore,
2799 3467 2965 3532 itaque
3012 3467 3142 3519 inter
3189 3467 3360 3519 vinum
3408 3477 3454 3521 et
3499 3467 3678 3530 epulas
3721 3468 3859 3521 crede

2259 3537 2556 3598 commissa,
2602 3537 2731 3588 iram
2779 3536 2860 3588 dei
2885 3536 3056 3606 fuisse
3099 3538 3441 3605 manifestam.
3497 3537 3626 3605 Qua:
3669 3537 3857 3592 eadem

2254 3621 2374 3660 cum
2407 3615 2674 3660 narrasset
2704 3606 2960 3660 Arrianus
2993 3607 3083 3660 lib.
3108 3607 3193 3661 IV.
3227 3624 3277 3673 p.
3308 3609 3430 3673 163,
3455 3607 3583 3660 edit.
3616 3606 3853 3662 Gronov.

2257 3676 2568 3744 prudenter,
2626 3686 2681 3730 ut
2729 3675 3102 3746 philosolthus,
3152 3670 3298 3730 addit
3340 3695 3352 3728 :
3400 3670 3519 3731 ἐπεὶ
3567 3679 3665 3731 οὐδ’
3725 3683 3860 3747 αὖτῷ

2255 3752 2415 3800 ἄκοντι
2443 3753 2496 3808 ἧν
2520 3753 2565 3808 ἐς
2594 3763 2735 3814 μῆνιν
2763 3755 2846 3801 τοῦ
2875 3755 3015 3810 θείου,
3045 3756 3220 3814 μᾶλλον
3245 3755 3272 3807 ἢ
3299 3759 3385 3806 τήν
3409 3751 3557 3801 αὐτοῦ
3585 3757 3853 3812 κακότητα,

2255 3821 2560 3888 ἀναφέρεσθαι
2624 3824 2710 3876 eiu
2748 3825 2999 3889 cupimus.
3035 3817 3296 3884 Siquidem
3350 3834 3448 3871 non
3504 3819 3758 3888 ingratum
3812 3820 3860 3889 ei

2256 3897 2396 3948 erat,
2449 3904 2620 3940 casum
2669 3889 2812 3940 illum
2843 3888 2927 3940 ad
2971 3890 3100 3942 iram
3147 3889 3366 3941 numinis
3411 3889 3578 3956 potius
3607 3905 3756 3958 quam
3786 3888 3856 3942 ad

2256 3974 2400 4012 suum
2429 3957 2735 4024 maleﬁcium
2764 3959 2962 4022 referri.
2994 3958 3186 4027 Ingens
3218 3960 3394 4027 itaque
3433 3957 3714 4012 admiratio
3741 3959 3855 4012 vir-

2259 4028 2385 4081 tutis
2427 4027 2488 4082 C.
2543 4029 2685 4082 Fabii
2735 4030 2986 4082 Dorsonis
3023 4029 3160 4095 apud
3201 4029 3407 4082 Livium
3447 4029 3539 4082 lib.
3568 4029 3632 4081 V.
3678 4045 3726 4082 ο.
3756 4027 3851 4084 46.

2257 4099 2344 4168 qui
2385 4099 2646 4168 Capitolio
2673 4116 2701 4150 a
2734 4098 2901 4152 Gallis
2926 4101 3148 4153 obsesso
3189 4099 3512 4155 sacriﬁcium
3557 4100 3700 4168 genti
3746 4115 3860 4153 sua:

2221 4187 2226 4192 ·
2264 4169 2314 4222 in
2356 4169 2492 4223 colle
2531 4169 2790 4236 Quirinali
2821 4171 3061 4224 salemne
3086 4211 3100 4233 ,
3121 4185 3224 4238 per
3253 4170 3454 4224 medias
3483 4170 3712 4223 hostium
3752 4179 3860 4222 sta-

2262 4239 2438 4294 tiones
2477 4240 2676 4293 vadens
2723 4241 2943 4309 peregit.
3001 4240 3108 4295 Sed
3167 4256 3331 4294 vanos
3380 4240 3478 4292 hos
3525 4250 3695 4294 metus
3751 4255 3859 4294 non

2263 4309 2531 4364 immerito
2577 4310 2713 4363 ridet
2747 4309 3054 4364 Lactantius
3084 4311 3176 4364 lib.
3211 4310 3298 4364 XI.
3333 4327 3381 4364 c.
3413 4311 3500 4364 17.
3533 4310 3737 4373 Quoties
3767 4325 3860 4362 au-

2262 4389 2359 4432 tem
2391 4380 2615 4450 pericula
2645 4380 2952 4450 impendent,
2984 4381 3043 4435 ob
3081 4383 3308 4450 aliquant
3351 4381 3571 4450 ineptam
3611 4389 3664 4450 et
3702 4379 3862 4450 levem

2261 4448 2491 4504 caussam
2519 4466 2573 4504 se
2593 4448 2893 4518 proﬁtentur
2915 4453 3070 4505 iratos
3094 4468 3112 4505 :
3130 4451 3257 4504 sicut
3276 4449 3416 4503 Juno
3450 4449 3691 4510 Varroni,
3719 4448 3856 4518 quod

2263 4523 2542 4590 formosum
2568 4535 2780 4590 puerum
2809 4523 2860 4573 in
2892 4523 3079 4590 templo
3107 4521 3252 4574 Joris
3271 4522 3338 4574 ad
3381 4521 3588 4574 exuvias
3616 4520 3858 4590 tenendas

561 4570 872 4660 Ilum-vanus.
903 4569 1277 4660 Tnsetrecari-t“
1296 4567 1535 4660 aliquem.
1573 4569 1758 4660 Eistat
1788 4567 1942 4660 hujus
1971 4568 2038 4660 de

2262 4567 2534 4645 collocarat
2625 4601 2672 4644 et
2702 4591 2761 4643 ob
2788 4592 2918 4645 Iumc
2939 4567 3172 4646 ca'itssam
3196 4592 3478 4645 Romanum
3510 4607 3690 4644 nomen
3719 4589 3859 4660 apud

563 4639 878 4706 perstitione
928 4639 1316 4707 fragmentum,
1362 4637 1503 4706 quod
1578 4637 1731 4692 all‘ert
1788 4639 1997 4707 Lipsius
2063 4640 2152 4693 lib.

563 4709 630 4763 Il.
664 4712 968 4779 Elect.cap.
1022 4706 1107 4760 l8.
1148 4716 1201 4779 c._t
1235 4709 1461 4776 sumpsit
1488 4723 1552 4762 ex
1589 4713 1810 4778 August.
1847 4706 1938 4763 lib.
1978 4707 2059 4762 \‘I.
2092 4710 2157 4764 de

561 4781 721 4833 Civit.
761 4777 850 4834 Dei
882 4776 999 4848 cap.
1049 4779 1135 4831 10.
1167 4776 1297 4831 Lac.

635 4850 716 4920 (b)
748 4850 888 4912 Quas
917 4852 1054 4904 milvi
1089 4889 1104 4915 ,
1133 4859 1177 4902 et
1201 4865 1367 4904 mures
1385 4891 1397 4913 ,
1421 4861 1464 4904 et
1495 4866 1695 4905 aranea:
1719 4851 2023 4919 intelligunt.
2042 4849 2155 4904 IIoc

568 4929 686 4984 est,
716 4921 902 4974 Sciunt
930 4938 1033 4975 non
1065 4937 1183 4974 esse
1226 4920 1391 4986 deos;
1424 4923 1516 4976 sed
1563 4939 1668 4976 aera
1694 4962 1708 4986 ,
1741 4922 1822 4975 vel
1863 4935 2020 4985 saxa,
2069 4921 2151 4975 vel

569 4990 735 5060 ligna.
770 4989 820 5042 ln
849 4990 912 5042 iis
937 5007 1065 5061 ergo
1107 4990 1430 5044 nidulantur.
1456 4994 1620 5047 immo
1647 4993 1759 5046 lucc
1783 4991 1895 5058 ipsa
1919 5006 2035 5060 qua:
2056 5007 2150 5060 pro

567 5061 680 5116 Diis
711 5062 882 5115 colitis
906 5102 919 5126 ,
959 5063 1238 5132 inquinare
1279 5061 1424 5115 omni
1455 5063 1774 5118 contumelia
1808 5077 1913 5114 non
1947 5077 2150 5132 veren-

571 5141 677 5202 tur.
713 5132 914 5202 Nempe
956 5135 1004 5202 id
1031 5131 1129 5187 sibi
1156 5147 1248 5200 per
1279 5134 1422 5201 ipsos
1455 5137 1666 5201 impune
1691 5133 1811 5202 fore
1835 5131 2151 5202 intelligunt.

573 5201 689 5256 Ilue
715 5197 945 5272 pertinet
965 5197 1167 5272 'lepida
1206 5197 1499 5272 illa—Priapi
1531 5197 1818 5257 'lloratiani
1857 5197 2115 5272 tlejeratio
2139 5243 2155 5269 ,

691 5270 905 5336 Mentior
929 5285 979 5324 at
1000 5270 1198 5336 siquid,
1227 5271 1408 5323 merdis
1430 5270 1573 5335 caput
1595 5273 1821 5336 inquiner
1853 5270 1976 5321 albis

688 5335 973 5385 (lorvorum.
996 5335 1106 5385 Rm.

559 5425 630 5437 -
661 5397 866 5463 Milvus,
899 5411 944 5453 et
991 5416 1176 5463 mures,
1229 5406 1272 5451 et
1326 5413 1545 5451 amnem.
1572 5396 1820 5451 Clemens
1849 5396 2028 5458 Alex.,
2062 5396 2162 5450 Ar-

559 5469 789 5541 nobius,
859 5471 1054 5541 aliique
1138 5469 1481 5524 vetustissimi
1556 5467 1860 5541 christiana:
1931 5467 2145 5541 religio-

556 5539 639 5592 nis
668 5537 1016 5607 defensores,
1069 5543 1290 5596 deormn
1361 5541 1499 5609 apud
1566 5540 1790 5610 gentiles
1866 5537 2143 5610 stultitiam

553 5611 849 5680 arguebant
899 5627 964 5667 ex
1011 5612 1210 5666 incuria
1254 5619 1308 5665 et
1336 5607 1592 5666 sordibus
1627 5610 1818 5680 quibus
1845 5607 2141 5680 scatebunt,

552 5679 675 5739 cuin
716 5699 896 5738 mures
927 5686 980 5737 in
1010 5683 1075 5736 iis
1111 5683 1476 5736 nidularentur
1498 5723 1513 5747 ,
1557 5691 1608 5735 et
1635 5679 1851 5734 araneze
1882 5679 2018 5734 telas
2049 5694 2143 5733 ex-

554 5756 852 5808 tenderent.
904 5754 1098 5824 Sicque
1125 5767 1377 5824 rourtnus
1400 5754 1810 5824 illciimpcrator
1834 5751 1922 5820 qui
1959 5751 2141 5802 senio-

549 5839 667 5879 rum
694 5839 856 5893 opera
885 5825 1070 5880 decem
1123 5823 1347 5878 millium
1381 5823 1556 5894 pondo
1587 5836 1903 5878 aranearum
1937 5835 2137 5889 coege-

2264 4661 2467 4732 Cannas
2513 4678 2638 4732 pene
2685 4661 2906 4713 deletum
2937 4675 3027 4716 est.
3057 4663 3189 4716 Cum
3243 4663 3402 4715 etiam
3453 4662 3582 4715 satis
3635 4659 3858 4732 ridicule

2260 4731 2400 4800 apud
2427 4729 2722 4786 Lueianum
2757 4733 2806 4784 in
2838 4732 3194 4802 Philospeude
3223 4745 3396 4786 :ereus
3435 4732 3624 4801 aliquis
3653 4729 3859 4802 llippo-

2258 4811 2438 4856 crates
2488 4803 2729 4874 neglecto
2778 4803 2985 4856 soleum
3026 4801 3301 4874 sacriﬁcio
3341 4816 3529 4874 omlnes
3571 4801 3861 4874 pixidcset

2257 4881 2446 4928 cuncta
2514 4873 2901 4928 medicamenta
2974 4873 3293 4942 perturbet,
3361 4871 3433 4925 ut'
3486 4881 3758 4942 ιιδιυιπειιιιιξΔ
3788 4871 3858 4926 ibi

2257 4957 2374 5013 pag.
2404 4943 2527 4999 485.
2553 4944 2652 4999 Pro
2664 4944 2931 5013 procedere
2944 4940 3046 4999 .lIS.
3064 4943 3217 4998 Fuld.
3244 4957 3365 4996 mox
3380 4942 3541 4996 habet
3562 4958 3686 4996 esse.
3717 4940 3854 4996 Hsv.

2328 5035 2409 5108 (ό)
2438 5034 2910 5108 Domesticosdeos.
2930 5037 3212 5108 Quomoth
3237 5036 3404 5108 Lares
3419 5036 3598 5108 etiam
3624 5033 3857 5108 appellat

2264 5105 2625 5179 Hieronymus
2653 5108 2702 5160 in
2754 5107 2900 5161 Isaia:
2930 5123 3048 5179 cap.
3080 5106 3254 5162 LVIII.
3296 5105 3665 5179 Nullusfuerit
3692 5105 3856 5170 locus,

2259 5180 2342 5249 qui
2375 5176 2482 5231 non'
2503 5179 2806 5232 idololatria:
2823 5176 3054 5232 sordibus
3080 5179 3371 5247 inquinetur
3389 5176 3507 5238 ,sed
3545 5176 3598 5228 in
3627 5183 3821 5249 tantum
3841 5214 3856 5239 ,

2262 5245 2318 5302 ut
2348 5257 2460 5318 post
2509 5253 2643 5320 fores
2691 5249 2956 5320 domorum
2999 5245 3157 5302 idola
3184 5257 3458 5318 ponerent,
3491 5261 3614 5316 quos
3655 5245 3858 5320 domes-

2264 5315 2388 5374 ticos
2419 5315 2676 5389 appellant
2705 5318 2862 5374 Lares
2882 5360 2895 5384 ,
2929 5330 2975 5372 et
3021 5331 3126 5372 tam
3167 5315 3362 5387 publice
3414 5315 3862 5389 quatit__priuittim

2265 5385 2565 5444 animalium
2626 5407 2831 5444 suorum
2887 5385 3186 5460 sanguinem
3237 5385 3524 5460 funderent.
3575 5387 3710 5460 Vide
3770 5385 3857 5460 III.

2265 5463 2532 5529 (Superum
2563 5462 2613 5515 in
2661 5461 2902 5531 Insqript.
2952 5456 3004 5514 ei
3048 5456 3353 5531 Marmorib.
3395 5458 3584 5531 fAntiq.
3617 5456 3860 5531 _I_Iomeri

2248 5527 2549 5602 Apatbeosi
2582 5527 2842 5602 subnesis'
2865 5547 2917 5600 p.
2954 5531 3077 5587 279.
3109 5531 3196 5586 ubi
3222 5530 3293 5602 de
3315 5529 3549 5600 Sylvano
3571 5569 3596 5602 ,κ
3617 5527 3854 5602 Phoebo,

2247 5597 2461 5658 et'Jove
2492 5603 2608 5672 ipso
2648 5597 2948 5657 domestico
2968 5603 3176 5658 erudite
3200 5597 3454 5663 disserit,
3486 5609 3540 5654 et
3571 5599 3670 5652 hoc
3710 5597 3856 5653 Auc-

2237 5676 2376 5730 toris
2406 5674 2457 5728 in
2483 5682 2659 5737 partes
2691 5683 2862 5727 vocat.
2895 5673 3033 5728 Htv.

2319 5747 2393 5816 (e)
2447 5743 2804 5798 Caecabulum.
2837 5745 2922 5816 lla
2966 5745 3250 5798 manifeste
3303 5741 3527 5816 Membr.
3579 5738 3744 5816 _Fuld_.
3803 5745 3857 5790 et

2245 5810 2414 5888 Lugd.
2442 5817 2553 5870 llat.
2581 5829 2684 5868 non
2713 5814 3030 5871 caeabulnm.
3081 5816 3214 5882 Qure
3245 5827 3344 5869 vos
3381 5812 3590 5868 etiamsi
3623 5810 3853 5864 notione
