4258 6274
385 339 497 394 569

1793 338 2062 397 APOLOG
2072 340 2329 397 ETICUS.

3597 350 3703 407 570

391 455 474 528 (i)
514 456 601 512 illa
636 454 950 511 vexillorum
1003 464 1058 513 et
1107 457 1483 513 cantabrorum
1535 454 1613 532 (α)
1668 459 1821 515 stolm
1874 476 1999 515 cru.
2025 462 2077 523 Α
2106 460 2329 527 Persas,
2374 459 2420 515 si
2460 458 2540 535 (ἓ)
2584 459 2754 529 forte,
2785 461 3161 533 deputabimur
3194 463 3339 535 (licet
3378 463 3548 521 solem
3591 481 3701 523 non

392 565 518 606 cum
556 549 630 621 (ὁ)
671 559 815 605 sunt.
848 548 1030 604 Laudo
1058 548 1386 620 diligentiam
1409 594 1425 618 ,
1470 552 1716 635 uoluistis
1746 553 1914 607 nudas
1939 561 1994 609 et

394 643 626 701 incultas
659 658 848 699 cruces
877 659 1224 705 consecrare.
1268 646 1370 701 Alii
1417 646 1573 718 plane
1618 646 1906 701 humanius
1935 654 1988 702 et

392 735 736 792 verisimilius
781 735 960 792 Solem
997 740 1226 792 credunt
1267 736 1428 795 deum
1478 748 1723 794 nostrum
1772 739 1870 811 (c).
1902 737 1983 792 Ad

2098 552 2153 606 in
2190 551 2356 607 linteo
2398 552 2483 625 (ιι)
2536 553 2806 624 depictum
2844 555 3166 625 adoremus)
3214 555 3474 613 habentes
3518 559 3697 631 ipsum

2098 645 2293 717 ubique
2332 645 2413 720 (3)
2460 648 2514 702 in
2563 662 2661 703 suo
2687 648 2877 721 clypeo
2908 649 3001 721 (e).
3053 648 3294 718 Denique
3346 651 3473 708 inde
3514 654 3694 725 suspi-

2094 741 2208 808 cio,
2258 740 2400 812 quod
2454 743 2747 798 innotuerit
2798 757 2898 799 nos
2940 743 3008 800 ad
3053 745 3276 801 orientis
3304 745 3578 815 regionem
3626 746 3695 820 (f)

1620 850 1998 909 LECTIONES
2032 852 2448 912 VARIANTES.

454 969 522 1037 (1)
560 969 718 1037 ginem
741 978 760 1018 :
785 967 970 1037 _Sypara
993 966 1074 1018 illa
1098 980 1211 1020 vex.
1238 975 1291 1019 et
1314 967 1737 1027 candelabrorum,
1766 974 1863 1019 etc.

452 1031 526 1095 (2)
558 1031 654 1081 Sic.
676 1031 841 1082 Paris.

2155 968 2230 1035 (5)
2267 969 2445 1035 Utique
2476 974 2537 1022 ν.
2572 974 2627 1023 C.

1755 1128 2320 1193 COMMENTARIUS.

390 1233 679 1303 imaginum
714 1239 770 1285 ut
800 1230 1051 1286 monialia
1102 1244 1321 1303 crucum
1346 1230 1571 1303 egregie
1601 1237 1895 1303 apparent,
1927 1228 1980 1282 in

390 1300 612 1359 nummo
633 1302 831 1357 Tiberii
860 1317 1019 1371 quem
1047 1301 1282 1371 vulgavit
1310 1302 1522 1356 clariSs.
1549 1300 1816 1372 Seguinus
1848 1301 1985 1372 inter

388 1375 584 1433 Select.
615 1375 775 1430 Num.
809 1370 1030 1441 p.109.
1077 1370 1341 1442 quemque
1371 1373 1552 1438 modo,
1580 1370 1669 1427 ubi
1707 1372 1776 1428 de
1805 1370 1983 1441 aquila

387 1461 572 1501 sermo
599 1455 716 1500 erat
761 1443 1119 1499 exhibuimus.
1153 1443 1248 1497 Cui
1308 1443 1564 1497 simillimi
1594 1444 1721 1505 duo,
1756 1456 1982 1512 quorum

386 1519 528 1571 alter
566 1515 871 1572 Germanici
899 1514 1129 1569 Cmsaris
1159 1522 1590 1578 est,-nccurrunt
1619 1513 1758 1581 apud
1782 1514 1979 1567 Illustr.

385 1587 595 1656 Spanlt.
624 1588 693 1642 de
720 1584 828 1656 Usu
855 1596 908 1640 et
937 1586 1024 1639 Pr.
1049 1584 1201 1656 Num.

384 1654 481 1716 sus
507 1658 650 1730 apud
674 1655 923 1713 eumdem
953 1672 1006 1727 p.
1039 1654 1163 1711 558.
1195 1655 1245 1708 in
1273 1654 1492 1710 denario
1520 1654 1707 1712 Gentis
1735 1655 1984 1781 Valgia}.

1784 1764 1795 1770 »
1896 1743 1983 1781 av.

1784 1764 1795 1770 ~
1845 1743 1983 1781 I‘IAV.

457 1799 948 1874 (alACantabrormn.
988 1796 1066 1874 Ita
1092 1806 1145 1851 et
1171 1797 1458 1874 Minucius,
1482 1796 1749 1874 et__No_st_cr
1791 1812 1978 1874 rursus

384 1867 474 1927 ad‘
503 1872 778 1932 Nationes,
829 1884 994 1939 quare
1045 1867 1240 1923 frustra
1291 1869 1499 1939 litigant
1523 1869 1636 1924 Viri
1671 1869 1833 1933 docti,
1866 1883 1978 1923 mu-

385 1945 548 1998 tando
572 1943 654 1998 vel
680 1943 732 1996 in
764 1941 950 1995 condes
981 1940 1294 2003 laborarunt,
1327 1951 1384 1995 ttt
1413 1941 1674 2011 Scaliger,
1695 1941 1779 1997 vel
1799 1950 1977 1994 canto-

383 2015 609 2080 brorum,
640 2014 721 2068 vel
753 2012 1198 2077 candelabrorum,
1228 2012 1312 2067 vel
1358 2012 1670 2073 labaroram,
1695 2020 1752 2066 ut
1793 2011 1880 2066 alii
1923 2020 1978 2067 ct

382 2086 538 2141 Barr.
559 2095 613 2141 et
639 2084 828 2146 Aldus,
846 2098 966 2138 cum
991 2082 1149 2153 fuerit
1174 2083 1353 2137 vexilli
1378 2098 1546 2153 genus
1566 2083 1720 2151 cujus
1745 2082 1977 2137 nominis

382 2158 535 2228 origo
561 2157 738 2228 ignota
763 2164 866 2218 est,
889 2169 1010 2228 quae
1039 2152 1234 2228 forsan
1252 2155 1317 2209 ad
1349 2152 1561 2217 Persas,
1591 2154 1864 2228 Romanos
1893 2154 1977 2209 vel

382 2224 653 2296 Hispanos
696 2241 801 2281 non
833 2224 1003 2295 magis
1048 2224 1237 2279 referri
1295 2235 1488 2294 potest,
1519 2240 1681 2295 quam
1720 2225 1785 2279 ad
1832 2225 1978 2294 ipsos

384 2298 565 2362 Afros,
610 2299 696 2368 qui
721 2297 972 2366 quoniam
1019 2297 1185 2350 multa
1212 2312 1333 2368 cum
1386 2297 1623 2368 llcbrzpis
1671 2299 1976 2368 communia

385 2366 640 2425 vocabula
662 2368 974 2432 habuerunt,
1006 2382 1193 2421 vocem
1219 2366 1517 2423 habuerunt
1539 2366 1717 2421 forsan
1746 2367 1973 2422 similem

381 2439 600 2496 Persico
623 2438 824 2493 Kanatb
845 2438 927 2493 vel
949 2438 1109 2493 llebr.
1134 2437 1359 2508 Kendes,
1383 2453 1609 2507 quchue
1634 2435 1803 2508 magis
1830 2436 1977 2493 hisce

381 2512 653 2566 cantabris
674 2509 1199 2581 appropinquavcrit.
1225 2507 1405 2564 Inveni
1433 2507 1813 2581 quoqueapud
1845 2523 1972 2578 pos-

384 2583 610 2638 teriores
668 2579 806 2636 inter
832 2579 1154 2635 vexilliferos
1181 2583 1448 2635 recenseri
1499 2580 1868 2644 cantabrarios,
1920 2588 1977 2635 ut

379 2654 537 2709 docet
571 2669 656 2709 me
680 2653 833 2707 Dom.
865 2651 935 2705 du
960 2649 1139 2721 Cange
1153 2666 1219 2705 ex
1249 2652 1284 2706 l.
1313 2651 1447 2706 2.0.
1478 2651 1579 2705 Th.
1609 2651 1676 2706 de
1698 2650 1973 2720 Collegiat.

381 2725 588 2796 Sypara
625 2725 819 2792 passim
857 2721 1154 2796 editiones,
1181 2722 1288 2796 _scd
1330 2722 1631 2796 i-ec‘teﬂllig.
1673 2722 1979 2796 Sypharaut

377 2791 512 2851 God.
531 2791 682 2851 Fuld.
704 2803 759 2850 et
781 2792 1193 2863 Agobard.quod
1216 2802 1264 2847 ct
1286 2794 1395 2847 vult
1414 2793 1543 2847 L.B.
1560 2795 1649 2847 ubi
1666 2791 1861 2864 Sifara.
1884 2791 1971 2864 Id.

450 2867 532 2936 (h)
561 2866 724 2921 Stolo!
745 2881 953 2936 crucum
977 2874 1113 2918 sunt.
1145 2864 1297 2930 Quod
1314 2864 1636 2919 bellenculis
1666 2863 1786 2936 sese
1814 2863 1973 2919 exhi-

379 2934 470 2993 bet
494 2934 543 2992 in
576 2938 808 2992 nummis
836 2935 1177 3006 quibusdam,
1206 2937 1295 3004 qui
1328 2936 1523 3004 passim
1557 2934 1786 2990 inveniri
1834 2936 1975 2990 inter

379 3010 745 3063 Arscltotanns
799 3017 1045 3077 possunt,
1095 3007 1319 3077 Augusti
1371 3022 1588 3068 aureus,
1621 3007 1711 3061 ubi
1759 3007 1974 3075 egregie

378 3081 555 3135 crucis
582 3089 798 3151 apparet
835 3080 1022 3150 ligura,
1051 3080 1350 3151 Argeuteus
1367 3077 1637 3151 Maxentii.
1661 3077 1749 3151 ubi
1779 3077 1972 3145 aquilze

379 3152 544 3221 ligura
584 3148 735 3205 δίοιδε
762 3148 964 3221 intesta
989 3148 1354 3221 conspicitur.
1398 3149 1703 3221 Constantis
1733 3149 1860 3202 item
1884 3162 1972 3221 ar-

378 3218 603 3292 genteus
630 3223 800 3291 ipsam
832 3220 1018 3292 labari
1038 3219 1133 3275 sed
1160 3218 1439 3292 christiani
1468 3228 1524 3273 et
1552 3235 1708 3274 sacro
1755 3219 1973 3275 nomine

380 3289 683 3363 insignitam
722 3291 957 3347 ostendit
994 3289 1362 3363 formam._ld_.

453 3359 530 3435 (ἑ)
570 3363 732 3435 Deum
758 3372 1007 3435 nostrum.
1047 3360 1291 3417 Juvenal.
1320 3360 1389 3417 de
1408 3359 1631 3429 Judzeis,
1680 3376 1816 3434 quos
1853 3375 1974 3417 cum

380 3433 690 3490 citriStiauis
712 3433 1107 3488 confundebaut
1138 3451 1152 3487 :

537 3522 671 3575 Nihil
692 3529 871 3588 praeter
900 3524 1059 3573 nubes
1083 3529 1135 3574 et
1156 3522 1266 3575 coeli
1290 3537 1472 3575 numen
1501 3526 1719 3578 adorant.

378 3630 536 3689 Unde
564 3629 756 3686 Noster
783 3629 915 3683 inira
941 3643 1061 3698 cap.
1089 3642 1239 3683 xxiv.
1262 3627 1407 3683 Colat
1433 3629 1566 3683 alius
1615 3629 1804 3698 Demn,
1838 3636 1972 3693 alius

378 3702 575 3767 Jovem,
610 3702 743 3755 alius
770 3700 837 3754 ad
867 3698 1047 3755 coelum
1074 3700 1329 3769 supplices
1377 3717 1560 3755 manus
1588 3704 1759 3757 tendat
1793 3721 1811 3760 :
1838 3708 1972 3763 alias

378 3779 447 3828 ad
471 3790 615 3827 aram
633 3774 770 3846 fidei,
785 3768 938 3846 alius,
963 3774 1006 3824 si
1025 3771 1120 3825 hoc
1139 3768 1350 3840 putatis,
1377 3772 1533 3827 nubes
1556 3785 1780 3829 numeret
1796 3794 1969 3846 orans,

377 3847 510 3901 alia's
531 3845 814 3899 lacunaria.
838 3844 975 3903 Hsv.

452 3918 535 3987 (d)
583 3915 647 3969 In
687 3915 840 3968 linteo
877 3914 1152 3987 depictum.
1187 3914 1259 3987 De
1286 3914 1429 3987 cultu
1455 3913 1594 3971 Solis
1620 3917 1758 3985 apud
1783 3918 1971 3977 Persas

378 3984 547 4044 multa
576 3988 919 4058 Interpretes,
953 3984 1149 4058 quibus
1174 3985 1332 4058 digna
1361 3986 1486 4058 addi
1519 3984 1803 4058 sunt’quzn
1856 3995 1970 4048 col-

377 4060 506 4130 legit
538 4059 778 4128 ampliss.
818 4055 1118 4130 Brissnnius
1171 4056 1224 4110 in
1252 4056 1430 4111 libello
1454 4057 1522 4130 de
1548 4055 1738 4127 Rvgno
1771 4061 1964 4119 Persa-

378 4127 497 4185 ruin
532 4127 705 4185 Ιὶιιζιι.
734 4145 784 4183 c.
814 4145 850 4182 ι.
877 4128 978 4181 Pro
1006 4127 1220 4182 diverso
1248 4143 1374 4181 vero
1411 4129 1555 4182 cultu
1582 4130 1825 4185 diversus
1863 4134 1960 4188 ha-

376 4201 523 4257 bitus
569 4200 763 4271 depicti
794 4198 934 4271 solis
981 4207 1119 4271 erat,
1173 4198 1314 4266 quod
1331 4197 1494 4271 disco
1520 4216 1585 4254 ex
1630 4206 1965 4261 memorabili

380 4273 503 4329 loco
529 4268 696 4327 Flavii
720 4268 935 4339 Vopisci
967 4271 1017 4322 in
1039 4269 1153 4321 Vita
1183 4268 1477 4335 Aureliani,
1504 4272 1588 4324 cui
1618 4273 1755 4327 inter
1781 4275 1882 4329 alia
1910 4286 1965 4331 et

378 4342 483 4399 hoc
533 4342 831 4413 prodigium
874 4341 1032 4394 futuri
1081 4341 1285 4413 imperii
1333 4341 1621 4413 obvenisse
1671 4344 1963 4401 observat:

379 4409 547 4468 Datus
575 4423 648 4468 est
682 4409 1017 4484 éiprtvterea,
1046 4427 1200 4484 quum
1232 4409 1450 4484 Legatus
1478 4412 1545 4465 ad
1583 4412 1779 4484 Persas
1806 4421 1925 4471 isset
1948 4460 1964 4484 ,

378 4487 544 4557 qualis
567 4485 690 4557 solet
722 4480 1121 4557 Imperator-ilius
1167 4481 1280 4557 dari
1306 4499 1339 4535 ιι
1381 4480 1518 4553 Rege
1551 4482 1866 4557 Persarum,
1915 4480 1968 4543 in

1239 1599 1289 1651 p.
1320 1583 1442 1638 120.
1472 1584 1583 1638 lmu
1609 1584 1778 1639 abhis
1806 1583 1986 1639 diver-
2026 1646 2033 1653 _

2087 1223 2451 1302 lacrum_apud
2476 1222 2596 1302 i_l_los
2634 1239 2757 1302 esse
2793 1224 3000 1302 discum
3028 1226 3245 1302 brevem
3276 1229 3493 1302 perticas
3516 1244 3679 1302 supra

2089 1293 2414 1365 longissimae
2441 1292 2869 1369 afﬁxumiQuod
2889 1297 3059 1365 ipsum
3093 1297 3144 1351 in
3173 1292 3389 1369 Trajani
3419 1302 3565 1358 Decii
3587 1292 3689 1357 au-

2088 1380 2182 1438 reo
2221 1380 2441 1438 nummo
2464 1365 2703 1438 exhiberi
2727 1367 3031 1438 suspicatus
3050 1378 3131 1424 est
3174 1365 3510 1428 Hemelarius
3532 1414 3549 1438 ,
3593 1373 3688 1430 illo

2087 1435 2205 1490 scil.
2239 1436 2322 1488 cui
2351 1436 2660 1491 inscribitur
2681 1437 3072 1494 PANNONI/E.
3103 1440 3238 1496 Hsv.
3264 1481 3271 1485 μ

2132 1505 2236 1579 (θ)
2271 1505 2546 1586 Ubiquejn
2572 1524 2666 1561 suo
2691 1509 2888 1579 clypeo.
2934 1510 3690 1586 Loctts_no_tabilis,quemque

2088 1578 2210 1633 cum
2241 1578 2449 1648 priores
2477 1578 2794 1647 interpretes
2832 1594 2937 1634 non
2980 1581 3371 1639 intellexissent
3394 1578 3464 1639 VIa
3511 1578 3683 1641 Cerda

2090 1651 2304 1721 primus
2326 1660 2472 1721 recte
2504 1664 2606 1702 non
2639 1649 2705 1704 ad
2732 1649 2943 1721 Persas,
2972 1652 3064 1706 sed
3091 1654 3156 1705 ad
3188 1653 3332 1721 ipsos
3366 1655 3688 1713 christianos

2089 1720 2361 1790 pertinere
2403 1720 2812 1775 demonstravit.
2841 1720 2946 1777 Sed
2974 1732 3028 1776 et
3058 1738 3086 1774 a
3120 1720 3274 1778 nobis
3316 1725 3496 1781 lucem
3543 1729 3689 1784 accio

2092 1806 2219 1861 pere
2244 1805 2351 1845 non
2377 1790 2773 1860 dedignabitur.
2802 1791 2935 1847 Nam
2961 1794 3013 1847 in
3038 1793 3127 1847 illo
3153 1796 3403 1851 assentiri
3429 1797 3685 1853 doctissi-

2005 1843 2055 1902 Β
2085 1843 2346 1944 ἧιῖζνίξίε
2380 1843 2439 1950 1εὲ
2457 1843 2651 1916 ιςὲηιῴ
2666 1843 2738 1944 ..ιι
2754 1843 3121 1950 signasse...“
3151 1843 3688 1950 paggaa'Jsgaaiié.

2080 1948 2242 2008 voces
2262 1934 2317 1986 in
2344 1933 2523 2003 clypeo
2531 1933 2838 2008 suoipsum
2867 1935 2996 1989 solis
3022 1936 3228 2008 orbem,
3261 1939 3411 2007 quasi
3433 1933 3682 2008 clypeum

2082 2005 2198 2079 Dei,
2224 2013 2280 2058 ut
2300 2002 2477 2079 _voe_at
2523 2002 2697 2079 Ovid._
2724 2003 2939 2079 Metam.
2971 2022 3059 2079 xv.
3088 2006 3213 2079 192.
3246 2002 3540 2079 intelligit!
3562 2025 3685 2065 nam

2079 2075 2275 2149 omium
2300 2073 2385 2131 hic
2415 2074 2636 2149 intelligi
2666 2073 2846 2149 debet,
2872 2076 2922 2129 in
2949 2076 3102 2149 cujus
3128 2078 3259 2134 orbe
3279 2073 3477 2149 prwtér
3502 2081 3683 2137 lunam

2080 2146 2370 2220 stellasque
2390 2178 2395 2182 -
2417 2145 2932 2220 mi_uores,‘_insignis
2962 2148 3052 2202 Sol
3070 2145 3293 2220 eminet;
3319 2150 3462 2219 Quot
3507 2150 3686 2220 ipsum

2079 2217 2276 2290 caelum
2300 2257 2316 2282 ,
2345 2216 2496 2290 quasi
2527 2216 2745 2290 dimidia
2775 2232 2866 2290 sua
2900 2228 3048 2286 parte
3072 2218 3246 2290 clypei
3287 2216 3571 2290 imaginem
3600 2238 3688 2278 re-

2081 2289 2260 2345 ferens
2290 2287 2501 2362 poetico
2528 2287 2758 2362 artiﬁcio
2786 2289 2977 2360 clypeo
2998 2287 3222 2344 Achillis
3245 2287 3554 2362 insculpens
3577 2292 3684 2349 llo-

2080 2373 2283 2436 meru_s_,
2313 2357 2482 2413 solem
2523 2358 2689 2436 etiam
2726 2360 2779 2413 in
2822 2357 2891 2415 eo
2911 2375 3014 2415 non
3058 2362 3308 2432 neglexit.
3339 2357 3539 2420 Versus
3564 2364 3682 2436 ejus

2078 2438 2207 2485 sunt
2229 2428 2293 2484 ll.
2315 2438 2367 2482 Σ.
2400 2443 2558 2484 versu
2582 2429 2712 2484 485.

2265 2525 2394 2597 ξνῗμὶν
2416 2538 2524 2584 γαῖαν
2540 2532 2667 2581 ιτιυξ⁹,
2682 2536 2718 2571 ἰν
2741 2531 2953 2587 δὀὒρανὸν,
2974 2538 3010 2575 ἂν
3032 2533 3075 2577 δὶ
3097 2538 3282 2578 θάλασσαν
3296 2540 3305 2551 ”

2266 2596 2395 2635 Ἠέλιόν
2418 2597 2453 2634 τ’
2475 2596 2681 2643 ἀκάμαντα,
2698 2597 2849 2645 σιλήνην
2872 2613 2912 2638 τι
2928 2599 3150 2647 πλήθουσαν,

2268 2649 2315 2697 ἐν
2332 2654 2375 2697 δι
2390 2659 2439 2696 τὰ
2456 2660 2575 2709 “ipse
2588 2660 2709 2697 πάντα.
2728 2660 2776 2698 τά
2789 2665 2865 2706 τοῖς
2882 2662 3069 2712 τὀὗρανός
3089 2664 3342 2715 ἐστεφάνωται.

2080 2728 2117 2783 i.
2142 2744 2193 2805 e.
2225 2726 2294 2782 In
2322 2746 2380 2783 eo
2408 2729 2610 2799 quidem
2642 2728 2816 2805 (scuto
2844 2730 3136 2805 Vttlcanus)
3168 2744 3357 2787 terram
3382 2734 3607 2805 efﬁnxit,
3626 2744 3676 2789 et

2080 2800 2291 2863 (mlum,
2322 2809 2367 2875 et
2389 2816 2562 2865 mare,
2609 2800 3239 2875 solemqueindefessum,
3272 2800 3547 2875 lunamque
3570 2807 3681 2875 ple-

2080 2887 2220 2942 nam,
2254 2870 2534 2942 syderaquc
2552 2872 2725 2926 omnia
2744 2914 2755 2935 .
2781 2870 2965 2940 quibus
3016 2870 3200 2928 cwlam
3246 2870 3544 2929 coronatum
3570 2870 3672 2929 est.

2081 2941 2150 3013 Et
2172 2957 2292 3013 qua:
2312 2951 2629 3011 sequuntur,
2663 2944 2713 2995 in
2741 2943 3118 3013 compendium
3148 2946 3371 3001 collecta
3394 2948 3463 3001 ab
3489 2945 3680 3003 Ovidio

2080 3012 2294 3067 Metam.
2324 3028 2438 3067 xm.
2471 3028 2625 3068 versu
2658 3013 2779 3068 110.

2231 3105 2337 3170 Nec
2353 3105 2554 3170 clypeus
2577 3107 2695 3170 vasti
2719 3104 2925 3170 eiulatus
2944 3109 3157 3170 imagine
3179 3108 3361 3158 mundi.
3509 3169 3512 3170 ν
3632 3136 3639 3143 ~

2076 3168 2192 3240 Jam
2225 3168 2324 3240 tibi
2348 3168 2520 3240 clinici
2541 3168 2801 3240 vocabulo
2831 3171 3027 3240 caelum
3045 3168 3287 3225 occurrit
3332 3172 3382 3223 iu
3410 3169 3673 3240 antiquis-

2080 3239 2232 3311 simis
2257 3238 2363 3293 illis
2387 3226 2544 3311 Ennii
2564 3238 2806 3311 versibus
2828 3238 3180 3311 exilphigenia
3212 3241 3506 3311 Euripidis,
3539 3226 3675 3311 quos

2081 3309 2299 3436 aelilquili
2326 3309 2841 3365 nobislatinissitnus
2868 3310 3037 3365 Varro
3066 3310 3115 3365 itt
3139 3310 3318 3367 medio
3341 3309 3456 3366 lere
3484 3309 3574 3367 lib}
3596 3328 3668 3366 Vt.

2119 3396 2149 3436 e
2222 3418 2235 3434 .
2307 3424 2319 3436 .

2119 3396 2319 3436 ειμι..

2334 3451 2460 3510 Quid
2476 3454 2602 3502 nocti
2624 3452 2837 3502 videtur!
2864 3452 2920 3501 In
2942 3452 3149 3503 altisono

2332 3508 2451 3577 Coeli
2475 3513 2650 3577 clupeo
2677 3523 2809 3564 temo
2829 3524 3033 3577 superat
3166 3508 3171 3521 ¹

2328 3574 2525 3636 Stellas,
2553 3574 2738 3636 cogens
2759 3574 2970 3627 sublime
2993 3579 3142 3628 etiam

2327 3638 2492 3702 Atque
2517 3640 2663 3688 etiam
2688 3641 2844 3690 noctis
2866 3645 2978 3690 iter.

2155 3724 2257 3778 Hie
2283 3724 2499 3777 multant
2520 3733 2716 3778 noctem
2744 3726 3007 3780 ostendere
3031 3726 3136 3779 vult
3181 3742 3212 3778 a
3251 3724 3462 3779 temonis
3506 3732 3666 3789 motu,

2080 3796 2253 3863 inquit
2276 3795 2463 3849 Varro.
2494 3795 2671 3862 Quare
2700 3796 3023 3864 suspiciendi
3055 3797 3275 3851 veniunt
3296 3796 3347 3849 hi
3369 3796 3476 3849 duo
3504 3811 3663 3849 num-

2078 3869 2150 3921 mi
2182 3866 2393 3934 Trajani
2417 3875 2473 3921 et
2495 3867 2777 3921 Alexandri
2813 3867 3217 3937 Imperatorum.
3252 3868 3302 3921 in
3352 3866 3545 3937 quibus
3573 3866 3666 3920 Sol

2077 3946 2130 3992 et
2164 3937 2295 4009 luna
2321 3952 2440 3991 cum
2463 3937 2744 3992 duodecim
2772 3938 2971 3993 zodiaci
3002 3939 3167 3998 signis
3206 3939 3258 3991 in
3285 3938 3474 4009 clypeo
3513 3937 3664 4006 quasi

2074 4008 2748 4079 cmliinsculptiiapparent.
2771 4010 3007 4079 Denique
3028 4009 3151 4064 hinc
3172 4017 3333 4079 patet,
3356 4023 3460 4063 non
3476 4008 3666 4077 utique,

2113 4079 2213 4133 uod
2240 4080 2353 4133 vult
2408 4078 2801 4143 Wouvverius,
2858 4078 3198 4150 sequiturque
3227 4081 3277 4133 in
3305 4079 3539 4150 editione
3569 4093 3667 4133 sua

2113 4096 2213 4133 non
2240 4096 2353 4133 vutt
2416 4096 2801 4143 wouvvertus,
2858 4096 3198 4150 sequiturque
3227 4096 3277 4133 tn
3305 4096 3539 4135 eotuone
3569 4096 3660 4132 sua

2070 4096 2351 4221 gigaltius,
2386 4150 2507 4221 sed
2531 4150 2712 4217 ubique
2755 4151 3023 4221 quomodo
3051 4166 3171 4206 cum
3214 4151 3301 4204 alii
3344 4149 3505 4221 MSS.
3549 4159 3660 4221 tuin

2070 4219 2233 4277 etiam
2264 4220 2535 4292 Agobard.
2565 4219 2815 4292 exhibet.
2847 4221 3129 4290 legendum
3162 4235 3301 4292 esse.
3326 4220 3461 4288 Quia
3492 4219 3666 4292 inquit

2069 4290 2381 4362 Septimius,
2406 4307 2511 4362 non
2544 4291 2692 4362 illum,
2728 4292 2897 4362 solem
2926 4293 2976 4345 in
3007 4292 3202 4346 tabella
3228 4291 3402 4359 aliqua
3435 4290 3662 4359 suspici-

2069 4361 2188 4416 mus
2219 4377 2375 4416 manu
2407 4361 2639 4416 hominis
2665 4361 2955 4431 depictum,
2978 4363 3071 4417 sed
3102 4364 3271 4429 ipsum
3293 4362 3386 4417 Dei
3412 4362 3656 4430 digitum,

2072 4433 2124 4487 in
2159 4447 2257 4487 suo
2283 4434 2402 4486 loco
2423 4474 2439 4495 .
2470 4442 2525 4487 et
2545 4432 2739 4502 ubique
2767 4441 3051 4497 terrarum,
3081 4433 3332 4501 quoniam
3356 4432 3555 4502 ubique,
3581 4432 3662 4483 In-

2071 4513 2176 4575 cet.
2206 4502 2315 4575 lmo
2363 4505 2567 4575 ubique,
2622 4500 2860 4572 inquam,
2913 4500 3195 4573 legendum
3240 4512 3344 4575 est,
3373 4500 3514 4571 quod
3546 4501 3687 4575 ipsa_

380 4552 483 4643 qua
504 4555 793 4638 insculptas
819 4553 1062 4643 erat.Sol’
1076 4569 1133 4607 eo
1162 4552 1334 4606 habitu
1358 4568 1457 4643 uno
1482 4554 1739 4643 cplebatur
1764 4560 1963 4643 iri-tem-

2078 4573 2288 4628 Luciani
2321 4552 2478 4627 verba
2509 4552 2708 4628 dueerel
2732 4552 2996 4639 possunt?
3017 4590 3174 4643 quem
3199 4552 3409 4641 quidem
3439 4585 3539 4639 ego
3568 4552 3662 4643 ile-

382 4625 471 4697 plo
499 4628 551 4681 in
576 4643 674 4696 quo
702 4635 861 4679 mater
893 4627 1005 4690 eius
1034 4628 1198 4696 fuerat
1226 4625 1480 4697 sacerdos.
1510 4625 1690 4696 Itaque
1730 4629 1888 4683 verba
1915 4633 1969 4684 in

382 4695 536 4753 linteo
565 4695 837 4766 depictum,
872 4713 975 4750 non
1007 4695 1211 4749 tantum
1233 4695 1542 4766 dervexillis
1574 4695 1854 4753 Persarum
1880 4718 1972 4756 ac-

378 4771 541 4839 cipio,
574 4769 668 4824 sed
695 4770 762 4823 de
790 4769 1228 4840 quibuscumque
1258 4765 1450 4840 tabulis
1475 4775 1529 4840 et
1555 4768 1667 4821 lino
1694 4768 1745 4823 in
1776 4770 1970 4840 quibus

379 4836 589 4896 Numen
619 4840 742 4893 illud
770 4836 1039 4909 depictum
1071 4839 1208 4891 intra
1232 4836 1416 4907 templi
1439 4838 1520 4890 sui
1545 4842 1741 4909 naenia
1768 4836 1836 4894 ab
1863 4842 1969 4897 illis

381 4912 680 4968 colebatur.
711 4908 864 4981 Apud
882 4908 1166 4981 Egyptios
1192 4918 1340 4981 certe
1368 4910 1513 4962 varia
1541 4908 1709 4963 forma
1746 4910 1837 4965 Sol
1861 4914 1972 4979 pin.

378 4979 842 5054 gebatur,_inlaus,
860 4979 1009 5048 puer,
1024 4979 1258 5054 juvenis,
1283 4980 1383 5044 vir,
1406 4993 1590 5054 senex,
1611 4989 1667 5033 ut
1686 4991 1834 5054 notat
1855 4982 1937 5038 Ma
1951 5015 1970 5027 -

381 5050 599 5110 crobius
628 5052 723 5107 lib.
753 5068 790 5107 ι.
821 5052 934 5108 Sat.
961 5067 1109 5106 xvnt.
1131 5050 1295 5117 Cujus
1311 5050 1471 5103 Verba
1497 5061 1654 5104 sunt:
1683 5050 1782 5106 Ha:
1801 5065 1970 5115 autem

381 5135 591 5181 relatam
637 5124 953 5177 diversitates
979 5122 1048 5175 od
1073 5121 1246 5176 Solem
1290 5123 1599 5191 referuntur,
1623 5130 1678 5176 ut
1727 5127 1970 5191 parvulus

382 5198 613 5252 videatur
651 5193 859 5249 hiemali
879 5193 1094 5248 solstitio
1124 5192 1325 5264 qualem
1350 5189 1593 5262 Egyptii
1620 5189 1882 5264 proferunt
1908 5213 1972 5251 ea:

380 5268 539 5338 adyto
568 5266 651 5322 die
674 5276 810 5338 certa
833 5281 852 5321 :
877 5265 1013 5337 quod
1034 5274 1151 5338 tunc
1183 5263 1470 5317 brevissimo
1496 5264 1579 5317 die
1597 5263 1755 5338 ueluti
1784 5283 1972 5338 parvus

381 5349 429 5393 et
452 5334 631 5407 infans
661 5334 898 5390 videatur
934 5351 953 5389 :
994 5334 1177 5409 exinde
1208 5343 1379 5409 autem
1420 5334 1800 5409 procedentibus
1838 5356 1972 5409 aug-

380 5405 564 5475 menti:
579 5409 879 5475 tequinoctio
900 5407 1090 5460 vernali
1104 5405 1335 5459 similiter
1350 5414 1498 5474 atque
1512 5407 1841 5463 adolescentis
1861 5405 1974 5462 adi-

380 5481 596 5552 piscitur
622 5481 771 5542 vires,
805 5480 1071 5552 ﬁguraque
1080 5477 1284 5552 juvenis
1306 5486 1537 5552 ornatur.
1567 5476 1755 5552 Postea
1783 5482 1967 5533 statui-

382 5545 466 5606 tur
493 5553 604 5624 ejus
629 5561 753 5605 tetas
781 5545 1094 5620 plenissima
1110 5548 1279 5628 effigie
1306 5545 1486 5628 barbae.
1500 5548 1718 5602 solstitio
1761 5551 1931 5606 ωειὶυο
1947 5568 1967 5617 ;

378 5640 479 5695 quo
512 5620 759 5695 tempore
797 5636 1051 5695 summum
1110 5620 1188 5695 sui
1252 5620 1571 5695 consequitur
1621 5633 1965 5695 augmentum.

378 5688 586 5749 Exinde
616 5688 705 5762 per
727 5694 1094 5747 deminutiones
1120 5691 1315 5762 dierum
1336 5688 1489 5762 ueluti
1516 5688 1789 5745 senescenti
1807 5709 1966 5761 quar-

382 5775 436 5819 ta
465 5761 628 5834 forma
654 5762 793 5818 Deus
821 5761 1229 5836 ﬁguratur._Sed
1252 5769 1304 5815 et
1336 5761 1559 5836 Paeones
1583 5762 1760 5836 Solent
1789 5765 1967 5836 colere

382 5832 644 5895 Maximus
671 5832 1064 5907 Tyt'ius'scribit
1086 5832 1234 5889 Orat.
1276 5845 1499 5887 xxxvttt.
1532 5834 1777 5906 Solisque
1798 5834 1964 5891 simu-

2073 4644 2332 4716 prehendi
2365 4644 2678 4716 mirabiliter
2718 4646 2978 4715 Septimio
3025 4640 3225 4716 nostro
3249 4643 3301 4716 in
3332 4643 3513 4716 multis
3544 4640 3658 4708 pla-

2075 4712 2269 4779 cuisse,
2296 4715 2619 4782 impietatem
2643 4727 2697 4769 et
2720 4712 3076 4783 blasphetnias
3097 4713 3343 4768 excludo.
3365 4712 3456 4766 llle
3478 4712 3662 4783 itaque

2075 4786 2144 4840 de
2174 4785 2275 4839 Dea
2303 4780 2458 4855 Syria
2491 4801 2541 4852 ρ.
2573 4785 2698 4839 901.
2732 4780 2870 4839 hanc
2919 4786 3182 4839 rationem
3229 4783 3421 4842 reddit.
3464 4797 3562 4855 cur
3590 4780 3662 4834 ibi

2074 4857 2193 4911 aliis
2205 4856 2316 4910 Diis
2329 4854 2571 4922 efﬁgiatis
2585 4856 2725 4909 Solis
2738 4864 2787 4908 et
2805 4855 2965 4909 Luna:
2980 4858 3237 4924 imagines
3256 4870 3359 4908 non
3386 4854 3666 4923 reperian-

2076 4926 2628 4995 ιιΙΓεΛξγουσι,ἱιιιιηίι,
2652 4942 2774 4981 τοῖσι
2801 4937 2884 4992 μὲν
2910 4932 3288 4991 ἄλλοιτιὲεοῖσι,
3320 4933 3663 5004 humilius-{oti

2072 5009 2219 5064 ξόανα
2244 5003 2501 5054 πθιεῖσθαι⁶
2518 5002 2573 5052 αὖ
2597 5005 2686 5069 γὰρ
2706 5007 2850 5070 σφέων
2886 5003 3092 5069 ἐμφανέα
3117 5006 3258 5052 scitust
3287 5005 3352 5051 τὰ
3402 5001 3545 5052 εἴδεα.
3578 5001 3608 5047 11
3620 5002 3668 5047 ἐ·-

2076 5075 2174 5129 λιος
2220 5073 2307 5134 δὲ,Δ
2335 5080 2417 5124 καὶ
2464 5078 2685 5140 ᾳεληναίη
2714 5076 2918 5137 πάμπαν
2953 5073 3179 5140 ἐναργέες,
3211 5080 3293 5123 καὶ
3329 5076 3465 5139 epist;
3494 5073 3665 5125 πάντες

2071 5142 2272 5210 ὀρεουσὶ,
2304 5151 2415 5202 ποίη
2440 5137 2518 5211 οὖς)
2540 5145 2680 5203 αἰτίη
2707 5137 3179 5211 ξοανουργίηςίτοῖσι
3204 5146 3248 5193 ἓν
3272 5150 3337 5208 τῷ
3362 5137 3667 5211 nimim-go-

2074 5207 2278 5282 μένων
2320 5212 2355 5264 i.
2387 5226 2439 5266 e.
2467 5210 2672 5265 Creteris
2701 5207 2901 5280 quidem
2935 5211 3032 5264 diis
3059 5213 3137 5282 fas
3156 5227 3263 5267 esse
3282 5211 3425 5262 aiunt
3450 5207 3665 5282 simula-

2074 5297 2161 5351 cra
2184 5281 2369 5350 facere.
2398 5299 2612 5351 quarunt
2627 5278 2814 5349 species
2841 5298 2941 5335 non
2962 5278 3080 5335 sunt
3104 5282 3334 5335 omnibus
3353 5278 3659 5349 conspicua'.

2077 5350 2172 5406 Sol
2218 5362 2386 5405 autem
2411 5350 2457 5405 et
2492 5353 2615 5406 luna
2644 5352 2796 5423 plane
2821 5363 2938 5407 stmt
2967 5353 3244 5422 manifesti,
3277 5351 3490 5420 illosque
3514 5364 3662 5402 nemo

2076 5439 2177 5476 non
2197 5424 2349 5476 videt.
2369 5423 2623 5490 Quorsum
2646 5426 2799 5492 igitur
2826 5439 2999 5477 eorum
3029 5439 3142 5477 cum
3166 5423 3221 5475 in
3240 5438 3356 5475 aere
3379 5426 3664 5489 appareant

2077 5494 2299 5565 efﬁgiem
2324 5495 2674 5566 effinxissem?
2723 5494 2797 5566 De
2839 5494 3087 5566 caelatura
3133 5493 3442 5566 clypeorum
3472 5498 3667 5566 pr:_n_tet‘

2072 5558 2138 5635 ea
2165 5558 2284 5634 qua:
2315 5558 2820 5635 in'digressionibus
2845 5564 2912 5618 ad
2936 5567 3077 5620 hunc
3099 5558 3371 5635 auctorem
3399 5558 3664 5635 Alleraldus

2072 5633 2253 5700 habet,
2284 5635 2450 5690 videri
2463 5633 2649 5704 potest
2666 5635 3089 5702 promuscondus
3109 5633 3442 5705 antiquitatis
3469 5641 3661 5705 etum-

2072 5706 2155 5760 nis
2174 5701 2489 5761 litteraturae
2510 5701 2851 5775 elegantioris
2882 5706 3015 5760 liber
3039 5705 3125 5760 .lo.
3155 5701 3359 5760 Alberti
3392 5701 3619 5775 Fabricii
3640 5742 3656 5765 ,

2071 5777 2161 5847 qui
2191 5777 2506 5831 inscribitur
2533 5771 2921 5846 Bibliograpbia
2951 5777 3261 5847 Autiquaria
3293 5791 3346 5846 p.
3370 5773 3497 5832 562.
3518 5771 3655 5847 ﬂav.

2142 5846 2204 5918 (Γ)
2237 5848 2315 5903 Ad
2344 5848 2547 5903 orientis
2566 5844 2837 5919 regionem.
2859 5844 3122 5907 Exstatdc
3151 5848 3255 5905 hoc
3292 5844 3395 5904 ritu
3422 5844 3661 5917 singula-
