4258 6274
529 318 639 381 315

1878 346 1881 349 -
1963 306 2429 381 TERTULLIANI

3704 376 3717 383 ἡ
3742 308 3848 366 576

538 446 761 510 pentes,
790 444 844 493 et
891 436 1069 507 planta
1108 431 1205 503 (α)
1236 431 1319 486 vel
1352 436 1499 502 tergo
1527 428 1682 487 alites
1704 426 1789 502 (b)
1809 428 1940 485 deos
1973 443 2128 485 rece-
2156 432 2211 494 Α
2236 428 2409 484 manis
2466 425 2577 500 (6)
2641 427 2887 484 sensibus
2965 429 2987 498 (
3008 428 3081 501 ε)
3145 428 3486 493 aestimetur;
3548 424 3669 483 ideo
3734 426 3850 499 (7)

538 541 752 604 perunt.
776 531 901 586 llaec
930 544 995 583 ex
1032 524 1358 592 abundanti,
1390 540 1458 580 ne
1477 523 1606 597 quid
1631 524 1864 580 rumoris
1903 523 2135 593 irreper-

536 637 750 681 cussum
800 620 906 691 (1)
962 616 1118 689 quasi
1169 614 1237 671 de
1290 615 1618 672 conscientia
1684 614 2132 686 praeterissemus.

2242 534 2402 575 verus
2428 527 2481 575 et
2514 526 2690 574 tantus
2710 528 2809 575 est.
2826 519 3095 577 Cancrum
3121 521 3263 593 quod
3284 521 3452 576 videri
3469 520 3847 586 communiter,

2244 611 2387 682 quod
2417 611 2834 681 comprehendi,
2865 610 3006 684 quod
3036 613 3290 669 aestimari
3322 622 3497 685 potest
3527 613 3610 684 (d)
3634 654 3650 681 ,
3673 612 3853 668 minus

490 704 495 709 ’
542 715 672 783 Qiue
720 709 931 776 omnia,
964 707 1214 764 conversi
1240 707 1350 778 jam
1380 707 1461 778 (2)
1510 705 1579 762 ad
1624 705 2139 780 demonstrationem
2247 713 2332 761 est
2377 713 2432 762 et
2474 704 2645 761 oculis
2691 706 2885 777 quibus
2926 716 3247 779 occupatur,
3300 716 3356 762 et
3383 706 3631 762 manibus
3659 707 3854 778 quibus

541 803 819 877 religionis
845 808 1065 868 nostra),
1092 800 1494 870 repurgavimus
1531 800 1631 873 (5).

1125 892 1356 951 CAPUT
1399 892 1561 949 XVII.

548 992 948 1049 AnGUtIEN'wI.
970 984 1230 1041 —Deum
1255 1001 1447 1052 verum,
1490 986 1575 1057 qui
1602 986 1777 1040 omnia
1807 985 1941 1055 fecit,
1975 986 2145 1057 cujus,

633 1094 679 1138 et
708 1091 945 1136 naturam
969 1077 1225 1143 describit,
1251 1077 1565 1132 Christianos
1585 1077 1937 1132 colereasserit
1961 1077 2149 1146 :Itujus

624 1173 855 1229 notitiam
906 1179 956 1225 et
1005 1170 1313 1240 agnitionem
1352 1168 1654 1222 naturaliter
1704 1168 1895 1221 homini
1944 1168 2151 1222 insitam

526 1252 533 1257 ⁸
626 1266 769 1321 docet
797 1305 813 1332 ,
853 1264 927 1317 ita
973 1272 1028 1316 ut
1068 1261 1468 1333 magnitudinem
1496 1262 1607 1332 ejus
1631 1302 1646 1324 ,
1679 1261 1975 1327 bonitatem,
2009 1260 2153 1315 beni-

625 1358 889 1431 gnitatem,
931 1354 1182 1409 auxilium
1211 1362 1257 1407 et
1297 1353 1554 1425 justitiam
1601 1369 1702 1407 non
1747 1353 1967 1424 ignoret,
2008 1352 2159 1422 inque

630 1452 770 1507 caelis
789 1465 939 1523 agere
959 1489 975 1513 ,
1008 1465 1108 1504 non
1139 1448 1192 1502 in
1221 1458 1377 1513 terra,
1405 1447 1598 1503 credat.

629 1543 784 1622 Quod
832 1543 1059 1599 colimus
1105 1539 1274 1614 [nos]
1325 1541 1445 1613 (4),
1499 1541 1637 1597 Deus
1688 1556 1824 1596 unus
1880 1549 1996 1607 cst;
2070 1539 2161 1611 qui

561 1646 728 1693 totam
772 1634 968 1689 molem
1000 1633 1157 1688 istam
1191 1648 1312 1686 cum
1353 1633 1499 1687 oumi
1536 1632 1893 1688 instrumento
1935 1631 2166 1688 elemen-

560 1740 772 1793 torum,
828 1740 1146 1795 corporum,
1198 1725 1515 1795 spirituum,
1566 1724 1764 1791 verbo,
1816 1740 1923 1795 quo
1965 1724 2161 1793 jussit,

562 1821 773 1876 ratione
790 1859 804 1882 ,
827 1833 932 1889 qua
962 1816 1257 1888 disposuit,
1290 1816 1484 1873 virtute
1502 1859 1516 1882 ,
1540 1832 1641 1887 qua
1663 1817 1867 1888 potuit,
1901 1816 1970 1873 de
1996 1816 2164 1871 nihilo

563 1911 861 1984 expressit,
900 1911 952 1965 in
993 1919 1369 1969 ornamentum
1403 1908 1701 1980 majestatis
1738 1923 1893 1964 suae:
1937 1907 2078 1963 unde
2109 1915 2166 1964 et

564 2005 740 2063 Graeci
761 2019 957 2062 nomen
980 2003 1179 2059 mundo
1200 2014 1372 2072 κόσμον
1396 2001 1958 2059 accommodaverunt.
1988 2001 2170 2056 Invisi-

564 2099 688 2155 bilis
724 2106 807 2154 est
827 2097 909 2170 (5)
933 2138 948 2162 ,
978 2097 1078 2153 etsi
1110 2097 1387 2164 videatur;
1430 2096 2024 2169 incomprehensibilis,
2065 2095 2170 2152 etsi

567 2207 665 2265 per
710 2190 937 2264 gratiam
982 2199 1432 2262 reprzcsentetur;
1465 2190 1886 2256 intestimabilis,
1917 2188 2020 2245 etsi
2071 2188 2171 2244 hu-

2251 796 2665 865 contaminatur,
2724 807 2779 854 et
2816 798 3064 853 sensibus
3111 798 3305 870 quibus
3362 798 3654 854 invenitur.
3698 797 3853 865 Quod

2253 906 2385 948 vero
2408 891 2731 947 immensum
2755 901 2858 958 est,
2885 893 2987 947 soli
3009 892 3108 948 sibi
3140 902 3322 948 notum
3344 900 3445 948 est.
3469 891 3583 948 Hoc
3604 901 3689 948 est
3707 890 3852 964 quod

2252 983 2422 1039 Deum
2472 984 2733 1039 aestimari
2764 982 2926 1050 facit,
2955 984 3081 1041 dum
3109 984 3366 1040 mstimari
3409 1000 3516 1039 non
3566 986 3707 1055 capit
3753 984 3854 1058 (e).

2253 1075 2332 1131 Ita
2364 1073 2442 1149 (8)
2484 1090 2607 1132 eum
2664 1077 2745 1132 vis
2791 1077 3172 1148 magnitudinis
3223 1085 3281 1133 et
3317 1087 3501 1133 notum
3551 1077 3858 1134 hominibus

2255 1167 2440 1240 objicit
2479 1177 2535 1223 et
2577 1169 2837 1240 ignotum.
2886 1168 2956 1223 Et
3008 1169 3124 1224 lucc
3173 1168 3254 1242 (9)
3302 1178 3385 1225 est
3430 1185 3641 1225 summa
3676 1168 3859 1226 delicti

2261 1260 2331 1333 (ῃ
2358 1261 2653 1316 nolentium
2686 1276 3096 1331 recognoscere,
3120 1276 3281 1331 quem
3311 1262 3557 1332 ignorare
3583 1277 3690 1317 non
3721 1276 3849 1333 pos-

2262 1363 2409 1410 sunt.
2439 1353 2614 1410 Vultis
2641 1369 2704 1409 ex
2733 1354 2987 1424 operibus
3021 1355 3189 1426 ipsius
3221 1363 3299 1410 tot
3323 1369 3387 1410 ac
3412 1354 3637 1420 talibus,
3667 1355 3861 1426 quibus

2262 1446 2620 1512 continemur,
2653 1430 2849 1517 quibus
2893 1445 3012 1520 (10)
3051 1447 3398 1507 sustinemur.
3439 1445 3630 1515 quibus
3679 1446 3859 1502 oblec-

2265 1547 2475 1606 tamur,
2504 1538 2663 1594 etiam
2724 1538 2918 1609 quibus
2949 1548 3315 1605 exterremur,
3355 1536 3519 1593 vultis
3565 1552 3630 1591 ex
3676 1537 3867 1593 anima:

2268 1631 2435 1703 ipsius
2481 1632 2789 1688 testimonio
2818 1632 3270 1703 comprobemus?
3313 1632 3445 1700 Qua:
3488 1633 3613 1687 licet
3653 1645 3871 1687 carcere

2266 1725 2512 1795 corporis
2554 1738 2767 1795 pressa,
2810 1723 2937 1801 licet
2985 1723 3407 1779 institutionibus
3439 1725 3617 1794 pravis
3654 1723 3729 1795 (g)
3761 1722 3870 1778 cir-

2266 1817 2591 1887 cumscripta
2611 1858 2628 1879 .
2674 1818 2799 1872 licet
2828 1817 3136 1873 libidinibus
3180 1833 3242 1873 ac
3271 1818 3729 1887 concupiscentiis
3757 1815 3868 1872 evi-

2268 1917 2475 1981 gorata,
2506 1907 2632 1964 licet
2659 1908 2805 1964 falsis
2851 1907 2954 1964 diis
2994 1910 3313 1966 exancillata
3350 1909 3486 1980 (li),
3521 1925 3644 1965 cum
3690 1917 3869 1966 tamen

2269 2002 2568 2073 resipiscit,
2620 2010 2677 2056 ut
2724 2017 2787 2057 ex
2829 2003 3078 2073 crapula,
3111 2013 3169 2058 ut
3198 2018 3262 2059 ex
3307 2008 3500 2058 somno
3552 2001 3665 2075 (li),
3715 2011 3775 2058 ut
3811 2018 3880 2058 ex

2273 2090 2447 2165 aliqua
2499 2093 2844 2160 valetudine,
2888 2104 2944 2150 et
2995 2096 3277 2150 sanitatem
3327 2109 3479 2149 suam
3519 2092 3634 2166 (12)
3676 2094 3873 2164 patitur

2276 2187 2374 2261 (i),
2406 2186 2605 2267 DEUM
2644 2187 2920 2257 nominat,
2946 2186 3049 2243 hoc
3075 2187 3193 2244 solo
3226 2187 3473 2255 nomine,
3501 2186 3623 2259 quia
3665 2186 3884 2259 proprio

1799 2302 2180 2363 LECTIONES
2215 2301 2630 2360 VARIANTES.

662 2426 685 2476 1

661 2489 690 2536 2

661 2550 692 2598 5

664 2611 694 2659 4

741 2422 1102 2487 Impercussum
1122 2419 1288 2487 Paris.

746 2484 1034 2547 Conversari
1052 2484 1155 2547 jam
1178 2486 1301 2547 Jun.

744 2543 1143 2617 ﬁepurgabirjius
1160 2543 1327 2597 Paris.

746 2608 849 2659 Nos
869 2608 999 2661 abest
1018 2608 1184 2660 Paris.

665 2668 717 2724 5i
749 2670 811 2722 Et
831 2672 871 2721 si
893 2668 1061 2722 Paris.

663 2732 716 2799 6}
748 2732 1007 2785 Sensibilis
1021 2732 1187 2785 Paris.

691 2421 717 2739 ξ

636 2425 662 2797 ἒ

2366 2420 2417 2474 7)
2449 2420 2589 2472 Adeo
2611 2422 2768 2474 Fran.

2262 2502 2270 2510 '
2341 2483 2419 2546 (8)
2452 2483 2657 2546 Sobjicit
2682 2486 2803 2536 Sun.

2360 2543 2413 2597 9i
2445 2545 2534 2597 Est
2548 2543 2683 2597 itetet
2707 2543 2871 2597 Paris.

2370 2607 2452 2734 10}
2486 2607 2674 2667 Quibus
2695 2609 2998 2659 sustinemur
3019 2608 3150 2660 abest
3172 2607 3336 2660 Paris.

2370 2671 2422 2734 ll
2481 2668 2778 2734 ljxanculata
2796 2671 2918 2734 Iun.

2368 2668 2449 2722 Ill
2481 2668 2778 2720 Exanculata
2796 2671 2918 2722 Jun.

2345 2730 2452 2796 (12)
2484 2731 2547 2783 Et
2561 2732 2681 2783 add.
2708 2730 2871 2785 Paris.

1937 2836 2497 2896 COMMENTARIUS.

584 2965 904 3017 recensente
928 2955 1323 3013 Montfaueonio
1343 2955 1396 3011 in
1430 2955 1609 3012 Diario
1633 2954 1822 3011 Italico
1849 2969 1904 3026 p.
1934 2953 2179 3026 443.,An

585 3045 718 3087 vero
770 3029 1058 3085 draconem
1114 3028 1263 3085 illum
1298 3042 1422 3082 cum
1464 3027 1699 3083 humano
1727 3025 1937 3095 capite?
1966 3025 2181 3096 qualem

588 3101 858 3173 depictum
910 3100 962 3154 in
1007 3114 1226 3173 nummo
1261 3097 1503 3173 quodam
1536 3096 2059 3173 Amphipolitarum,
2107 3096 2187 3173 vi-

590 3169 735 3229 disse
765 3186 824 3228 se
850 3181 1112 3227 memorat
1144 3170 1225 3225 Ill.
1255 3169 1547 3239 Spanhem.
1595 3171 1663 3225 de

590 3259 648 3315 p.
679 3243 806 3299 174.
839 3258 1103 3315 quemque
1123 3241 1319 3315 ibidem
1351 3256 1404 3311 p.
1426 3240 1560 3315 181.
1592 3241 1644 3296 in
1674 3240 2181 3315 Nic_omedi:e_num~

590 3309 682 3370 ᾖιο
711 3315 811 3369 sub
835 3309 1108 3369 Caracalla
1140 3309 1404 3384 signato'a
1425 3311 1971 3384 Tristanovulgatunt
1984 3309 2143 3384 docet
2167 3327 2181 3365 :

593 3386 841 3441 eumdem
864 3384 1067 3440 scilicet
1096 3381 1253 3455 quem
1284 3383 1536 3438 describit
1564 3383 1833 3438 Luciauus
1860 3386 1912 3436 in
1942 3381 2184 3437 Pseudo-

592 3456 783 3518 manti,
822 3465 877 3509 et
904 3456 1056 3523 cujus
1076 3455 1188 3525 jam
1215 3470 1246 3508 a
1274 3462 1515 3525 tempore
1553 3455 1946 3525 Antoninorum
1994 3466 2185 3525 magna

594 3526 697 3581 sub
720 3525 1009 3580 Glauconis
1053 3526 1288 3587 nomine.
1337 3524 1650 3589 divinitatis,
1700 3524 1839 3594 apud
1880 3524 2185 3593 imperitum

595 3596 807 3666 vulgus,
835 3594 977 3666 fama
1016 3604 1152 3666 erat.
1180 3595 1279 3666 Cui
1304 3594 1420 3666 fere
1444 3594 1914 3666 cunctagapplicari
1945 3594 2185 3666 possint,

596 3664 801 3722 nullum
828 3665 970 3719 aliud
999 3665 1203 3720 Numen
1230 3664 1386 3719 video
1411 3680 1569 3734 quam
1601 3664 1826 3728 unum,
1856 3665 1924 3718 de
1950 3678 2055 3734 quo
2081 3665 2190 3718 Deo

598 3738 710 3806 egit
755 3736 1012 3805 singulari
1054 3751 1219 3806 opere
1257 3734 1358 3791 Pb.
1386 3733 1637 3790 a’Turre.
1666 3736 1837 3790 Etiam
1868 3733 2018 3806 apud
2050 3734 2190 3790 Gor-

594 3805 757 3865 laéum
789 3807 843 3862 in
873 3805 1137 3863 Abraxeis
1160 3820 1374 3874 semper
1423 3806 1533 3861 fere
1575 3806 1834 3875 anguibus
1885 3805 2191 3871 comitatur,

598 3880 775 3950 Capite
816 3877 978 3933 etiam
1024 3878 1238 3950 leonino
1265 3885 1340 3950 ut
1388 3877 1569 3932 videre
1616 3886 1718 3950 est.
1770 3876 2023 3931 Eminent
2056 3892 2195 3950 vero

599 3946 786 4005 iconcs
808 3990 823 4015 ,
848 3963 982 4020 quas
1008 3948 1301 4020 publicavit
1338 3956 1392 4020 et
1428 3947 1822 4020 contemplatus
1850 3956 1935 4020 est
1958 3946 2193 4020 antiqui-

598 4021 727 4075 tatis
757 4017 1184 4076 studiosissiitius
1212 4018 1408 4075 Bcrnb.
1439 4017 1508 4074 de
1536 4017 1888 4073 ’Montfaucon
1918 4019 1971 4073 in
2018 4017 2197 4073 Diario

602 4089 805 4161 Ital._p.
836 4090 962 4147 I98.
1005 4090 1145 4146 an.

676 4159 764 4235 (a)
782 4162 824 4216 Α
838 4162 1375 4233 planta.Mercurium
1398 4161 1571 4217 innuit
1588 4160 1887 4233 Cyllcnium
1915 4159 2090 4229 illum,
2107 4160 2199 4231 qui

1104 4278 1313 4343 pedibus
1334 4277 1506 4329 talaria
1528 4278 1686 4329 nectit

723 4341 913 4415 ῥητῷ,
934 4353 1046 4404 qua:
1068 4341 1459 4415 sublimemalis,
1482 4343 1803 4415 sive_a2quora
1826 4350 1991 4415 supra,

727 4403 834 4456 Seu
857 4403 1041 4455 terram
1061 4404 1231 4467 rapido
1246 4405 1433 4469 pariter
1449 4417 1558 4455 cum
1579 4403 1776 4454 ﬂamine
1794 4409 2013 4467 portant;

609 4514 767 4587 Apud
787 4513 949 4587 Yirg-
964 4513 1054 4587 1V.
1083 4513 1218 4587 Ain.
1236 4528 1394 4587 versu
1418 4513 1547 4587 2M.
1571 4511 1657 4587 Id.

685 4582 1149 4660 (1))ΑΤεῐθοριὶιεε.
1179 4582 2198 4660 Cupidinem-intelligitetagmen‘Amo-

602 4655 754 4722 rum,
779 4655 1130 4729 ἱρεόπτὶρόεις
1159 4662 1262 4710 ὅσον
1287 4664 1432 4727 ὄρνις,
1465 4657 1599 4729 sicut
1614 4655 2196 4729 pqunipotens_auis_cir-

607 4725 882 4794 cumvot‘at,
911 4725 1252 4784 descriheute
1274 4725 1441 4781 matre
1462 4726 1603 4798 apud
1628 4726 1902 4783 Moschum
1935 4725 2105 4797 Eidyl.
2142 4726 2163 4779 I
2180 4766 2192 4779 .

605 4799 812 4856 Horum
852 4800 1089 4854 onuiium
1133 4801 1428 4869 pleniorem
1475 4798 1723 4869 notitiam,
1763 4798 2196 4869 dabituspectalgc

604 4869 924 4925 eruditionis
972 4871 1051 4924 vir
1079 4865 1266 4925 Matth.
1317 4870 1602 4925 Brouerius
1641 4868 1729 4937 qui
1757 4868 1825 4924 tle
1871 4865 1981 4921 Diis
2029 4867 2198 4922 Alatis

607 4950 885 5012 syntagma
938 4943 1183 5010 promisit
1243 4943 1296 4995 in
1361 4941 1672 5012 prmfutionc
1725 4940 1792 4994 ad
1843 4938 2079 4994 libellum
2129 4937 2198 4992 de

606 5011 1026 5068 Adorationihus
1050 5012 1325 5068 Veterum.
1359 5011 1448 5066 Id.

681 5084 836 5138 CAP.
866 5083 1032 5138 XVII.
1047 5113 1118 5124 —-
1131 5083 1476 5154 (c)‘Hunumis
1488 5082 1733 5137 sensibus.
1748 5081 1964 5137 Tacitus
1977 5080 2043 5135 V.
2062 5079 2196 5154 Ijist.

608 5154 782 5210 Judazi
812 5164 973 5209 mente
996 5152 1147 5226 sola,
1169 5152 1422 5226 unumque
1454 5153 1658 5208 Numen
1705 5154 2008 5226 intelligunt.
2060 5152 2201 5226 Pro-

612 5230 795 5299 fanos,
867 5227 977 5299 qui,
1008 5225 1170 5279 Deum
1216 5224 1499 5299 imagines,
1533 5224 1832 5299 mortalibus
1864 5225 2106 5299 materiis,
2147 5224 2199 5299 in

608 5294 799 5370 species
843 5294 1105 5370 hominum
1151 5294 1405 5370 eﬂingaut.
1443 5296 1592 5351 Facit
1619 5297 1721 5350 huc
1747 5294 2087 5351 locus.Pauli
2131 5294 2200 5350 ad

610 5368 927 5439 Ephesiosc.
967 5368 1033 5425 V.
1082 5368 1241 5426 versu
1272 5368 1377 5423 '17.
1418 5376 1512 5423 Διὰ
1540 5371 1678 5423 τοῦτο
1698 5379 1767 5437 μὴ
1783 5374 1956 5433 γένεσθε
1973 5372 2162 5438 ἄφρονες
2181 5406 2197 5434 ,

610 5446 739 5496 ἀλλὰ
775 5449 1001 5511 eunti-nt;
1028 5450 1076 5495 τί
1103 5451 1157 5496 τό
1185 5450 1367 5508 θέλημα
1395 5439 1479 5495 τοῦ
1507 5447 1707 5511 Κυρίσυ.
1740 5439 1875 5495 ΗΑν.

682 5513 763 5640 ((1)
812 5510 986 5567 Minus
1030 5521 1123 5567 est.
1161 5512 1521 5568 Pulcherrima
1556 5513 1749 5580 oratio,
1797 5526 1898 5581 qua
1941 5511 2197 5567 docemur

707 5586 753 5638 le
777 5584 936 5639 nimis
960 5582 1126 5638 altum
1151 5598 1358 5640 sapere.
1377 5598 1499 5638 cum
1521 5582 1619 5637 sibi
1636 5597 1952 5639 arcanorum
1975 5596 2192 5638 suorum

604 5582 753 5642 nolle
777 5584 936 5639 nimis
960 5582 1126 5638 altum
1151 5598 1358 5653 sapere,
1377 5598 1499 5638 cum
1521 5582 1619 5637 sibi
1636 5597 1952 5639 arcanorum
1975 5596 2192 5653 suorum

608 5658 757 5712 solus
776 5655 1021 5710 conscius
1049 5656 1120 5709 sit
1148 5652 1288 5710 Deus
1306 5697 1320 5719 ,
1354 5654 1508 5710 nobis
1537 5671 1602 5709 ex
1631 5654 1697 5711 iis
1717 5670 1835 5723 qua:
1859 5652 2115 5709 revelavit
2139 5662 2195 5708 et

605 5726 902 5799 secundum
926 5740 987 5799 e_a
1015 5725 1216 5799 (Taciti
1246 5727 1422 5799 verbis
1444 5726 1600 5799 utar)
1621 5724 1787 5799 gloria
1817 5725 2065 5799 obsequii
2077 5725 2191 5781 sola

601 5801 790 5854 relicta
823 5797 912 5853 sit.
942 5795 1058 5852 luto
1080 5797 1205 5853 inde
1227 5797 1449 5867 gloriam
1480 5795 1641 5868 futuri
1667 5798 1765 5852 :evi
1794 5795 2189 5868 praestantiam-

599 5880 707 5938 que
728 5868 1061 5941 perfectioris
1097 5866 1304 5925 natura:
1326 5879 1529 5928 nostra:
1553 5866 1767 5926 deducit
1797 5866 2191 5941 lpostolorum

2282 2953 2639 3039 coryphaeus,
2674 2954 2815 3039 quod
2843 2955 3067 3039 .plenior
3103 2963 3158 3039 et
3187 2954 3887 3039 perspicaciorpeiinptitnia

2291 3025 2446 3080 nobis
2471 3025 2541 3079 sit
2569 3026 2823 3096 seposita.
2843 3026 2917 3081 Ita
2938 3027 3082 3082 enim
3103 3026 3246 3082 ille].
3274 3027 3341 3081 ad
3368 3025 3610 3081 Corinth.
3634 3026 3768 3081 XIII.
3795 3026 3884 3083 l2.

2286 3104 2523 3164 Βλέπομεν
2534 3102 2748 3169 γὰρᾶρτι
2775 3099 3048 3169 δι’ἓτόπρου
3075 3108 3120 3151 ὲν
3145 3101 3416 3165 αἰνίγματι,
3447 3106 3554 3152 τότε
3577 3102 3625 3151 δὲ
3650 3108 3891 3169 πρόσωπον

1754 3185 1815 3223 Stt
1864 3178 1941 3241 et”
1970 3168 2061 3223 Pr.
2109 3166 2175 3223 Ν.
2205 3166 2251 3229 C
2285 3177 2396 3238 πρὸς
2418 3166 2681 3239 πρόσωτὲονλ
2714 3174 2828 3239 ἄρτι
2853 3166 3060 3241 γινόξέκω
3083 3175 3133 3223 ἐκ
3159 3178 3468 3241 μέρους,τότε
3503 3172 3550 3221 δὲ
3574 3166 3890 3238 inc/urbecum

2284 3247 2433 3301 καθὼς
2459 3251 2541 3293 καὶ
2570 3248 2872 3308 ἂπιγνώσθην.
2930 3240 3066 3295 "AV.

2360 3310 2437 3382 (e)
2482 3310 2651 3383 canit.
2688 3309 2762 3383 Ila
2790 3311 3061 3383 graecissat
3113 3309 3306 3365 Noster
3361 3326 3525 3381 δωρεά.
3567 3310 3643 3366 De
3696 3310 3882 3383 Spect.

2286 3396 2354 3455 c._
2386 3380 2464 3436 ιη.
2509 3380 2824 3455 Generaliter
2877 3382 3070 3436 dictum
3151 3380 3565 3455 intelligamush
3590 3398 3706 3437 cum
3734 3380 3883 3455 r'quid

2290 3453 2440 3506 etiam
2483 3453 2767 3523 specialiter
2791 3454 3110 3521 interpretari
3133 3455 3291 3519 capit.
3323 3453 3472 3508 'Adv.
3517 3453 3679 3509 Marc.
3726 3454 3767 3508 ι.
3819 3453 3886 3509 ν.

2289 3538 2340 3596 c.
2379 3523 2721 3596 10._animale
2746 3524 2847 3578 dici
2873 3525 3026 3596 cupit.
3071 3524 3208 3595 capit
3250 3533 3335 3580 est
3383 3530 3621 3595 ὲνδιχιται
3653 3535 3709 3579 ut
3746 3534 3892 3580 recte

2293 3593 2345 3647 Ia
2369 3593 2559 3649 Corda.
2585 3595 2724 3650 Hav.
2936 3593 2944 3596 ⁷
3136 3593 3143 3595 “
3350 3609 3356 3615 ·

2366 3665 2432 3738 (f)
2462 3665 2677 3740 summa
2704 3666 2897 3722 delicti.
2928 3658 3372 3740 ᾖνακφαὶαίωσις,
3403 3666 3631 3740 reductio
3656 3667 3711 3720 in
3748 3683 3892 3720 sum-

2294 3752 2465 3809 mam,
2495 3738 2654 3792 breve
2682 3738 3094 3808 compendium,
3126 3740 3192 3791 ita
3225 3740 3398 3809 potius
3440 3738 3680 3806 esplico,
3725 3753 3888 3808 quam

2296 3818 2353 3861 ut
2375 3806 2486 3872 alii,
2514 3823 2783 3863 summum
2805 3806 3077 3864 delictum.
3105 3806 3240 3864 Havl

2372 3878 2452 3948 (g)
2481 3876 2893 3934 lnstitutiouibus
2919 3882 3105 3950 prauis.
3133 3880 3291 3935 Multa
3334 3880 3471 3934 bona
3513 3878 3670 3934 docte
3714 3877 3886 3950 Inter:

2298 3958 2478 4021 pretcs
2527 3961 2914 4017 congesserunt
2960 3951 3027 4006 ad
3081 3953 3217 4007 hanc
3270 3952 3458 4021 capitis
3498 3960 3736 4021 partem:
3788 3949 3886 4006 sed

2300 4020 2520 4074 omnino
2568 4022 3101 4078 animadvertendum
3150 4031 3234 4078 est
3287 4020 3416 4077 nihil
3471 4020 3576 4075 tam
3608 4023 3675 4075 ah
3700 4021 3896 4079 Nostro

2302 4092 2531 4159 spectari
2554 4134 2568 4156 ,
2599 4108 2758 4162 quam
2783 4093 3193 4159 pulcherrimam
3219 4094 3360 4148 illam
3382 4093 3597 4148 Cebctis
3620 4094 3888 4161 tabellam,

2304 4162 2391 4215 ubi
2418 4163 2521 4234 lue
2564 4179 2741 4233 pravre
2770 4163 3170 4234 Institutiones,
3218 4166 3410 4234 quibus
3447 4163 3609 4219 homo
3656 4165 3891 4220 circum-

2302 4233 2582 4299 scribitur,
2624 4234 2662 4289 i.
2716 4252 2767 4289 c.
2816 4233 3045 4296 fallitur,
3092 4244 3217 4290 sunt
3245 4233 3441 4301 Δόξαι,
3487 4234 3799 4304 Opiniones,
3848 4242 3896 4289 et

2303 4309 2675 4378 secubantem},
2703 4306 2824 4378 falsi
2848 4307 3065 4360 nominis
3094 4307 3310 4361 eruditio
3329 4350 3342 4365 .
3366 4307 3571 4368 Poeta}.
3607 4307 3892 4378 Oratores,

2306 4376 2599 4448 Dialectici.
2623 4375 2806 4431 Mu'sici
2829 4388 2882 4430 ct
2909 4379 3229 4448 quicumque
3259 4378 3329 4432 ibi
3354 4386 3719 4448 recensentur:
3744 4375 3893 4433 Libi~

2303 4445 2457 4516 dines
2505 4457 2557 4502 et
2595 4439 3042 4516 concupiscentiae
3082 4439 3160 4503 ibi
3196 4439 3496 4515 ἐπιθυμίαι,
3533 4458 3615 4501 καὶ
3684 4440 3891 4514 ιὶδςναί,

2222 4550 2277 4610 D
2306 4515 2617 4610 Cupiditates
2654 4528 2719 4601 et.
2773 4515 3501 4610 V‘oluptatcsLappellamur;
3533 4517 3576 4572 Τ
3580 4517 3782 4610 audent.

2301 4589 2516 4658 crapula
2561 4590 2824 4656 resipiant
2872 4588 2939 4653 ii,
2986 4588 3271 4660 quibusin
3321 4590 3533 4645 afflictis
3571 4588 3733 4644 rebus
3758 4588 3896 4645 forte

2299 4666 2580 4730 Μετάνοια,
2636 4659 2942 4715 Poenitentia
2992 4663 3049 4715 fit
3089 4662 3330 4730 obviam.
3375 4677 3493 4730 qua:
3539 4660 3644 4714 illis
3673 4660 3896 4715 comites

2299 4729 2435 4785 dans
2474 4733 2605 4786 alias
2648 4732 2938 4803 Qpiniones
2977 4741 3028 4787 et
3071 4724 3494 4803 Cupiditatesdg
3523 4743 3609 4803 est»
3650 4731 3899 4803 Α’ληθινῂν

2300 4806 2546 4874 βαιδιιαν,
2576 4803 2640 4874 ad
2676 4801 2859 4857 Veram
2884 4801 3218 4859 eruditionem
3251 4802 3512 4874 perducit.
3537 4802 3706 4871 Quem
3740 4802 3897 4858 libel-

2301 4872 2410 4927 lum
2439 4888 2559 4928 cum
2583 4873 2730 4930 hisce
2750 4875 2999 4930 conferre
3017 4916 3033 4939 ,
3058 4876 3100 4928 si
3131 4872 3558 4945 quis’dignetur,
3587 4889 3769 4944 operm
3791 4887 3894 4945 non

2303 4946 2601 5013 pteuitebit.
2632 4946 2823 5000 Statim
2850 4945 3014 5002 Aldus
3054 4956 3101 5001 et
3126 4943 3341 5015 concup.
3380 4961 3486 4999 non
3514 4943 3644 4999 vero
3681 4961 3766 5010 ac;
3800 4943 3897 5000 sed

2304 5030 2408 5068 non
2434 5024 2516 5070 est
2544 5016 2696 5071 tanti.
2727 5017 2860 5073 llav.
3894 5040 3901 5047 '

2379 5085 2584 5158 (lt)WEa:
2619 5105 2816 5144 somno.
2851 5090 3079 5158 Prosper
3103 5088 3346 5145 Senteut.
3379 5086 3473 5142 lib.
3499 5103 3562 5141 cx
3593 5086 3890 5156 Augustino

2305 5172 2355 5212 c.
2380 5157 2700 5231 CCXV.7Sic
2724 5170 2870 5226 sunt,
2898 5157 2993 5231 qui
3010 5162 3183 5214 colunt
3212 5160 3380 5221 idola,
3418 5158 3669 5229 quomodo
3706 5158 3795 5227 qui
3842 5158 3898 5212 in
4002 5206 4007 5211 .

2304 5231 2493 5301 somnis
2524 5230 2688 5284 vident
2719 5247 2865 5287 vana.
2906 5230 2966 5287 Si
2994 5242 3164 5285 autem
3192 5232 3388 5301 evigilet
3416 5231 3588 5284 anima
3631 5230 3858 5299 ipsorum
3878 5270 3894 5297 ,

2304 5300 2538 5373 intelligit
2581 5318 2614 5355 a
2652 5318 2753 5373 quo
2782 5306 2918 5373 facta
2955 5301 3049 5362 sit.
3081 5312 3128 5355 et
3170 5300 3423 5373 non'coliti
3446 5302 3581 5367 quod
3612 5301 3727 5371 ipsa
3757 5302 3896 5372 fecit.

2303 5368 2859 5428 Idem'Lucia'uus'in
2901 5372 2989 5428 Bis
3029 5374 3225 5429 Aecus.
3272 5388 3326 5442 p.
3366 5372 3492 5428 523.
3523 5368 3643 5426 Kal
3668 5368 3822 5443 ὧστὲιρ
3847 5379 3899 5439 ἐξ

2304 5447 2629 5516 ὕπνουβοιθιος
2653 5447 3011 5516 ἀνεγειρόμενος,
3032 5456 3139 5499 etc.
3159 5487 3173 5509 ,
3210 5444 3243 5496 i.
3268 5459 3318 5499 e.
3335 5442 3407 5516 Ac
3432 5444 3565 5497 velut
3595 5459 3622 5495 e
3644 5442 3900 5512 profundo

2299 5513 2476 5586 somno
2521 5513 2834 5586 experrectus
2855 5556 2869 5581 ,
2917 5532 3109 5569 cumse
3137 5513 3410 5586 aspiciebat
3454 5530 3555 5584 quo
3585 5524 3733 5586 pacto
3774 5523 3901 5568 esset

2297 5585 2544 5652 eiectus,
2578 5583 2684 5641 tum
2721 5590 2876 5643 vitam
2911 5583 3206 5641 anteactam
3221 5583 3529 5651 damnabat,
3560 5596 3605 5639 et
3636 5583 3790 5639 rubor
3812 5586 3901 5639 ille

2297 5672 2361 5712 ea;
2404 5656 2717 5714 temulentia'
2738 5672 2939 5714 coortus
2982 5657 3376 5728 deﬂorescebat,
3416 5656 3837 5727 cuuuescebatque
3876 5673 3897 5711 :

2294 5729 2403 5799 ipse
2427 5740 2595 5786 autem
2626 5747 2734 5801 pra:
2762 5733 2954 5802 pudore
2978 5746 3152 5785 eorum
3173 5744 3287 5799 quia
3313 5731 3524 5801 fecerat,
3553 5728 3895 5855 erubescltz'bat.

3804 5816 3890 5855 av.

3804 5816 3890 5855 Αν.

2365 5871 2428 5945 (i)
2455 5872 2522 5928 Et
2594 5872 2860 5930 sanitatem
2922 5889 3071 5932 suam
3130 5874 3344 5945 patitur.
3403 5870 3638 5928 Mirabar
3701 5872 3899 5943 potitur
