4252 6278
364 314 495 392 '377

1780 322 2318 384 APOLOGETICUS.

3594 324 3705 388 378

390 451 498 508 Dei
527 447 643 506 veri
682 465 695 503 :
735 446 877 503 Deus
905 457 1153 509 manus,
1183 456 1317 501 usus
1345 456 1546 513 nouus,
1595 449 1651 498 et
1692 456 1828 509 quon
1867 456 2000 498 usus
2025 446 2079 504 Α
2103 439 2400 497 deservire.
2436 439 2596 496 Viros
2632 439 2776 497 enim
2820 438 3024 511 justitia
3055 449 3103 497 et
3156 441 3459 498 innocentia
3512 441 3704 514 dignos

394 560 626 603 DEDEBI‘I‘
645 586 659 609 ,
683 539 922 598 omnium
953 553 1055 593 vox
1084 546 1186 593 est.
1216 536 1461 593 Iudicem
1487 552 1699 608 quoque
1728 546 2000 592 contesta-

397 647 487 693 tur
528 635 711 700 illum,
761 648 895 689 usus
942 647 1137 696 VIDI-31‘,
1170 641 1223 687 et
1253 646 1355 686 nuo
1386 645 1708 695 conneuno,
1760 639 1814 685 et
1866 645 2003 687 usus

397 747 511 787 tum
537 742 771 784 neuneu.
802 725 849 782 Ο
876 725 1241 781 testimonium
1266 724 1460 779 anima!
1481 723 1792 778 naturaliter
1823 723 2000 778 chris-

394 824 553 878 tiana:
592 819 703 892 (tt)!
740 819 983 889 Denique
1025 817 1376 898 pronuntians
1407 815 1553 881 lucc,
1586 831 1690 871 non
1731 814 1799 870 ad
1842 814 2000 885 Capi-

397 914 618 976 tolium,
649 910 747 966 sed
790 910 858 965 ad
888 911 1081 967 coelum
1128 910 1369 981 respicit.
1419 908 1579 963 Nmil
1621 909 1765 964 enim
1813 908 1998 964 sedem

393 1007 488 1065 Dei
508 1006 652 1073 vivi;
682 1004 891 1074 abillo,
924 1013 979 1062 et
1004 1004 1129 1060 inde
1148 1002 1446 1061 descendit.

965 1095 1195 1154 CAPUT
1234 1094 1421 1152 XVIII.

392 1193 873 1249 Auennemuu.—-
896 1188 1065 1244 Istum
1093 1188 1277 1253 Deum,
1297 1204 1397 1242 non
1419 1180 1711 1243 contentum
1738 1186 1893 1243 insita
1917 1186 1999 1242 sui

464 1285 753 1342 hominibus
794 1284 1006 1351 notitia,
1048 1283 1341 1337 aberrantes
1368 1281 1516 1337 verbo
1552 1291 1601 1336 et
1625 1281 1876 1351 scriptura
1904 1280 1998 1335 do-

464 1396 575 1435 cere
585 1378 804 1434 voluisse
823 1377 1041 1431 ostendit
1061 1392 1079 1431 :
1097 1377 1265 1446 itaque
1296 1375 1573 1447 prapltctas
1586 1375 1781 1429 misisse
1795 1374 1999 1444 Spiritu

466 1471 635 1526 diuino
662 1470 962 1535 inundatos,
980 1468 1067 1538 qui
1080 1469 1324 1538 populum
1339 1482 1487 1521 suunt
1500 1469 1563 1521 de
1574 1483 1627 1520 se
1646 1481 1838 1536 suoque
1857 1464 1999 1519 cultu

471 1573 517 1618 et
545 1562 772 1633 potentia
786 1561 1073 1616 edocerent.
1096 1559 1245 1624 Ηιεο,
1260 1559 1501 1629 quoniam
1528 1558 1869 1629 praerogativa
1890 1565 1998 1611 erat

468 1653 808 1718 Judteorunt,
861 1651 1149 1707 ltebruicam
1201 1649 1525 1723 requirebant
1589 1651 1867 1721 linguam;
1905 1649 1995 1704 sed

465 1747 707 1819 quoniam
735 1746 887 1818 jussu
926 1743 1197 1800 Ptolemtei
1224 1746 1279 1799 in
1308 1760 1525 1816 grtecam
1554 1744 1781 1816 linguam
1810 1737 1995 1797 monu-

463 1849 635 1895 menta
662 1839 736 1894 ita
782 1853 925 1894 versa
965 1847 1130 1906 erant,
1159 1837 1311 1909 facile
1340 1837 1476 1891 adiri
1506 1852 1651 1907 posse
1676 1878 1691 1904 ,
1716 1844 1859 1890 tanta
1886 1837 2000 1907 qui-
2026 1820 2074 1880 Β

463 1933 578 1988 dem
592 1931 817 1987 veritatis
839 1931 888 1985 vi
902 1931 1246 1996 coruscantia,
1276 1939 1331 1985 ut
1352 1930 1436 2003 qui
1460 1930 1636 2001 legerit
1656 1930 1734 1985 vel
1755 1931 1997 1999 audierit,

462 2025 617 2079 etiam
645 2023 851 2078 credere
876 2032 1109 2094 cogatur.

464 2116 575 2173 Sed
629 2130 739 2187 quo
784 2115 993 2186 plenius
1023 2124 1078 2170 et
1103 2115 1419 2186 impressins
1448 2124 1555 2171 tam
1587 2115 1761 2188 ipsum
1810 2114 1997 2186 dispo-

393 2208 619 2265 sitiones
663 2207 781 2277 ejus
837 2218 892 2261 et
929 2206 1233 2263 voluntates
1282 2206 1556 2263 adiremus
1583 2248 1598 2273 ,
1680 2208 2000 2264 instrumen-

396 2308 513 2355 tum
540 2297 732 2369 adjecit
758 2297 1094 2366 litteratum,
1121 2299 1165 2354 si
1196 2298 1286 2370 qui
1309 2298 1437 2354 velit
1465 2299 1533 2355 de
1565 2299 1675 2355 Deo
1706 2298 1997 2370 inquirere,

397 2402 455 2449 et
485 2391 734 2463 inquisito
759 2390 1037 2457 invenire,
1080 2400 1135 2448 et
1165 2391 1385 2448 invento
1429 2391 1685 2460 credere,
1715 2401 1767 2448 et
1794 2392 2001 2449 credito

2105 532 2265 589 deum
2314 546 2477 589 nosse
2525 540 2580 589 et
2623 533 2910 589 ostendere
2938 548 2967 587 a
3013 533 3308 605 primordio
3353 535 3406 590 in
3445 535 3703 591 steeulum

2103 628 2282 683 emisit
2336 626 2533 698 spiritu
2592 626 2774 682 divino
2825 625 3143 691 inundatos,
3192 640 3299 697 quo
3351 627 3707 697 praedicarent

2108 718 2275 775 Deum
2328 720 2547 774 unicum
2599 733 2756 785 esse,
2807 719 2897 789 qui
2947 718 3197 774 universa
3241 718 3581 791 condiderit,
3613 721 3705 791 qui

2104 810 2375 867 hominem
2433 811 2503 867 de
2559 811 2721 867 humo
2799 812 3092 878 struxerit;
3144 812 3232 869 hic
3286 812 3431 869 enim
3492 822 3576 870 est
3627 814 3705 888 (1)

2102 920 2281 983 verus
2311 904 2699 970 Prometheus;
2749 906 2839 976 qui
2880 906 3135 962 sarculum
3187 907 3367 962 certis’
3402 917 3705 977 temporum

2103 982 2547 1067 dispositionibus
2584 1006 2639 1053 et
2695 998 2929 1054 exitibus
2975 997 3334 1065 ordinaverit;
3382 998 3576 1055 exinde
3614 1001 3705 1070 qui

2100 1090 2253 1163 signa
2305 1089 2382 1164 (b)
2431 1089 2739 1161 majestatis
2764 1106 2875 1146 sua:
2909 1091 3198 1163 iudicantis
3226 1091 3453 1147 ediderit
3477 1107 3573 1162 per
3602 1093 3705 1148 im-

2100 1185 2263 1251 bres,
2309 1201 2404 1256 per
2431 1185 2581 1257 ignes
2612 1184 2719 1258 (c);
2754 1186 2844 1257 qui
2890 1185 3219 1242 demerendo
3249 1187 3349 1242 sibi
3396 1187 3706 1259 disciplinas

2101 1277 2566 1346 determinaverit,
2598 1293 2729 1349 quas
2774 1278 3031 1349 ignoratis
3070 1288 3161 1333 aut
3189 1279 3441 1335 deseritis
3468 1279 3580 1353 (tl);
3611 1281 3705 1336 sed

2103 1380 2158 1426 et
2215 1370 2635 1427 observantibus
2701 1369 2779 1441 (2)
2840 1371 3060 1443 praemia
3128 1370 3443 1439 de5tinarit,
3497 1381 3553 1427 ut
3615 1373 3705 1444 qui

2106 1463 2189 1535 (5)
2219 1464 2474 1534 prodacto
2503 1477 2619 1518 :evo
2659 1465 2761 1517 isto
2801 1462 3137 1533 iudicaturus
3172 1464 3243 1518 sit
3291 1477 3418 1518 suos
3467 1464 3706 1521 cultores

2103 1557 2156 1612 in
2196 1558 2319 1613 vitae
2360 1565 2577 1612 aeterna:
2626 1556 3077 1622 retributionem,
3130 1556 3386 1629 profanos
3430 1558 3482 1613 in
3530 1559 3704 1630 ignem

2101 1666 2254 1722 atque
2301 1659 2579 1722 perpetem
2636 1659 2694 1706 et
2740 1649 2960 1720 jugem,
3013 1651 3283 1705 suscitatis
3329 1650 3580 1707 omnibus
3638 1650 3707 1708 ab

2102 1743 2255 1798 initio
2293 1740 2577 1808 defunctis,
2606 1752 2661 1797 et
2712 1740 3018 1797 reformatis
3066 1750 3121 1797 et
3172 1742 3478 1808 recensitis,
3515 1742 3588 1813 (e)
3640 1743 3707 1799 ad

2104 1839 2381 1908 utriusque
2410 1836 2585 1893 meriti
2614 1835 3068 1907 dispunctionem.
3105 1835 3231 1891 llaec
3260 1844 3315 1892 et
3353 1850 3451 1891 nos
3492 1835 3709 1892 risimus

2102 1931 2410 2002 aliquando.
2444 1931 2520 1986 De
2551 1931 2746 1986 vestris
2776 1929 2973 1985 fuimus
2996 1928 3104 2003 (f);
3137 1929 3306 1997 liuut,
3341 1946 3446 1984 non
3471 1945 3709 1985 nascun-

2102 2035 2188 2080 tur
2226 2023 2506 2080 christiani
2536 2029 2553 2093 (
2575 2021 2667 2095 g).
2699 2023 2844 2091 Quos
2889 2022 3121 2077 diximus
3163 2020 3243 2093 (4)
3283 2021 3701 2093 prmdicatores,

2100 2115 2379 2189 pr0phetze
2429 2115 2499 2171 de
2544 2114 2721 2171 ofﬁcio
2755 2110 3013 2184 pra-fandi
3061 2115 3142 2187 (5)
3198 2123 3477 2169 vocantur.
3541 2113 3712 2170 Voces

2102 2222 2289 2264 eorum
2315 2208 2551 2280 itemque
2578 2208 2802 2263 virtutes
2835 2205 2917 2279 (It)
2938 2247 2951 2269 ,
2984 2221 3117 2278 quas
3143 2205 3209 2261 ad
3239 2205 3398 2261 fidem
3420 2205 3713 2263 divinitatis

2103 2303 2371 2367 edebant,
2419 2302 2472 2357 in
2524 2301 2793 2357 thesauris
2831 2300 3131 2357 litterarum
3159 2307 3415 2365 manent,
3449 2314 3549 2355 nec
3594 2299 3712 2357 ista:

2106 2410 2248 2451 nune
2294 2396 2480 2452 latent.
2529 2395 2942 2452 Ptolemsorum
2972 2394 3366 2452 eruditissimus
3406 2392 3503 2468 (i),
3551 2410 3712 2467 quem

1628 2505 2020 2567 LECTIONES
2057 2508 2475 2566 VARIANTES.

480 2624 526 2696 1)
557 2622 667 2696 139“
692 2628 771 2674 εει
791 2631 1001 2696 Fati“!-
1035 2685 1072 2696 _
1138 2685 1151 2696 .

480 2624 526 2687 1)
557 2624 667 2673 Non
692 2628 771 2674 est
792 2631 1001 2696 aranea.
1138 2685 1151 2696 ο

450 2624 530 2814 ξξς
1026 2685 1191 2738 rm

2168 2618 2244 2752 ft)
2276 2623 2496 2675 Dicimus
2525 2626 2647 2675 Jun.
2746 2686 2758 2697 υ

2192 2689 2243 2748 5)
2276 2687 2609 2751 Prophetandi
2631 2690 2758 2739 Part

2192 2689 2243 2748 5)
2276 2687 2609 2751 Prophetandi
2631 2687 2800 2741 Paris.
2816 2750 2819 2753 γ

1771 2852 2334 2914 COMMENTARIUS.

393 2975 628 3052 Digaltio
676 2974 730 3029 in
786 2972 1113 3052 editionibns
1169 2971 1470 3052 placuisse,
1515 2969 1608 3052 _se_tl
1647 2968 1847 3052 postea
1898 2970 2005 3052 vidi
2112 2988 2294 3052 peram
2322 2974 2446 3052 alii,
2475 2991 2594 3052 qtae
2617 2977 2939 3052 ignoratiset
2958 2977 3206 3052 deseritis,
3241 2978 3324 3034 vel
3350 2980 3530 3051 quibus
3559 2982 3711 3052 igno-

393 3041 586 3104 Priorii
616 3062 764 3111 esse,
794 3044 937 3116 quod
966 3041 1146 3099 forsan
1169 3041 1329 3116 habet
1356 3058 1386 3097 a
1412 3043 1623 3116 Latinio
1642 3084 1657 3108 ,
1690 3042 1785 3097 sed
1815 3044 2009 3116 patitur

393 3121 558 3174 etiam
598 3117 785 3173 Codex
815 3114 897 3171 VL.
942 3116 1057 3170 Btt.
1088 3124 1143 3171 et
1186 3115 1316 3170 editi
1357 3129 1563 3169 omnes.
1597 3114 1700 3168 I’ro
1731 3122 1777 3166 et
1809 3114 2033 3167 tnavult'

2110 3047 2238 3120 ratis
2277 3055 2366 3120 aut
2402 3046 2651 3101 desertis.’
2673 3050 2778 3120 Aut
2801 3048 2943 3101 enim
2969 3050 3308 3120 ignorarunt
3334 3046 3520 3120 gentes
3547 3046 3712 3107 disci-

2111 3115 2286 3191 plinas
2340 3116 2471 3182 has,
2506 3126 2562 3171 ut
2613 3118 2834 3191 verbum
2874 3119 2977 3191 Dei
3015 3115 3232 3175 'Juda‘is
3261 3115 3374 3175 suis
3419 3122 3667 3177 traditmn
3691 3166 3707 3191 ,

394 3192 519 3245 dum
549 3190 793 3262 Latinius
815 3230 830 3253 ,
882 3186 1033 3262 Fuit].
1079 3185 1189 3241 MS.
1233 3184 1398 3262 del_et.
1450 3184 1571 3238 Pati
1614 3193 1821 3262 veroet
1850 3183 1919 3262 de
1950 3199 2007 3262 re
2027 3181 2078 3262 _C
2113 3181 2207 3239 aut
2231 3185 2623 3262 deseruerunt;
2655 3188 2773 3262 illas
2811 3189 3013 3262 scilicet
3057 3206 3162 3243 non
3195 3200 3434 3256 tantum,
3464 3208 3593 3262 quas
3643 3181 3708 3249 ei

393 3262 517 3317 laeta
559 3271 614 3315 et
657 3259 881 3314 adversa
927 3259 1154 3319 dicitur,
1205 3267 1264 3309 ut
1298 3256 1580 3316 Graecum,
1615 3255 1755 3324 quod
1809 3255 2035 3308 imitari'

395 3332 601 3391 voluit,
632 3338 855 3398 πάσχειν.
886 3330 1048 3383 Suam
1077 3328 1163 3383 hic
1201 3327 1440 3396 emphasi
1473 3341 1576 3379 non
1602 3325 2007 3398 caret,gsedcst

396 3412 462 3456 ut
498 3395 763 3456 contrario
792 3411 848 3456 et
874 3400 1095 3455 tristiori
1126 3395 1300 3454 sensu
1332 3400 1385 3453 in
1427 3396 1707 3453 notissimo
1759 3396 1849 3450 illo
1891 3395 2004 3451 dic-

399 3481 516 3527 tutu
533 3512 549 3537 ,

652 3564 864 3630 Quisque
888 3579 1004 3615 suos
1027 3566 1238 3629 patimur
1262 3576 1434 3613 manes
1452 3597 1467 3621 ,

398 3671 543 3742 apud
565 3671 748 3741 Virgil.
776 3673 869 3728 lib.
902 3673 986 3727 VI.
1020 3672 1072 3726 In
1102 3672 1298 3728 Codice
1330 3667 1600 3742 Agobard.
1628 3676 1711 3725 est
1748 3669 1995 3740 pascitur,

396 3744 544 3815 quod
562 3747 801 3868 Rrohare
830 3759 936 3798 non
961 3760 1201 3813 possum.
1230 3745 1365 3800 Ilsv.

465 3814 542 3868 (al
600 3814 885 3868 'aturaliter
915 3815 1237 3868 Christianae.
1256 3816 1329 3868 De
1358 3814 1365 3831 '

465 3814 542 3887 (ει)
562 3812 885 3869 Naturaliter
915 3812 1237 3887 Christianae.
1256 3816 1329 3869 De
1350 3813 1581 3887 _Teslim.
1603 3812 1831 3887 Anima:
1857 3827 1907 3866 c.
1939 3814 1993 3868 1.

390 3882 500 3942 Sed
525 3882 630 3940 non
659 3903 771 3940 eam
798 3898 846 3941 te
865 3886 1056 3940 advoco
1085 3883 1369 3957 (animam)
1399 3899 1512 3955 qua:
1537 3882 1725 3957 scholis
1751 3884 1991 3957 formata,

386 3957 701 4012 bibliothecis
737 3957 1044 4021 exercitata,
1094 3954 1367 4011 academiis
1412 3954 1458 4008 et
1494 3954 1768 4023 porticibus
1812 3954 1995 4010 Atticis

383 4038 589 4099 partam
634 4030 938 4099 sapientiam
985 4041 1175 4082 ructas.
1224 4028 1317 4099 Te
1340 4025 1621 4099 simplicem
1646 4026 1903 4099 ‘et‘rudem
1945 4036 1993 4099 et

380 4095 704 4171 intpolitam,
736 4109 782 4153 et
806 4101 1065 4153 idicticam
1096 4098 1381 4169 compello,
1409 4097 1609 4167 qualem
1634 4095 1849 4162 habent,
1901 4097 1991 4167 qui

382 4180 434 4225 te
455 4171 620 4226 solum
650 4171 832 4224 habent
859 4181 963 4225 etc.

450 4240 608 4296 CAP.
631 4241 817 4296 XVIII.
836 4272 910 4281 —
934 4246 950 4313 ί
962 4242 1014 4311 b)
1035 4241 1235 4295 Exinde
1254 4241 1341 4310 qui
1356 4241 1522 4310 signa.
1544 4239 1890 4313 Locu_s_varie
1915 4237 1985 4294 ab

378 4310 553 4368 doctis
587 4309 966 4382 interpretibus
996 4309 1344 4375 sollicitatus,
1376 4309 1533 4382 prout
1561 4310 1700 4380 apud
1728 4309 1977 4365 Wouwe-

378 4384 542 4454 rium.
562 4384 636 4439 La
670 4385 1177 4454 Certlam,aliosqne
1204 4383 1388 4438 videre
1409 4388 1512 4436 est.
1546 4382 1833 4454 Patuelius,
1871 4382 1978 4437 MS.

376 4453 559 4527 liugd.
600 4455 717 4510 Bal.
768 4456 934 4525 Agob.
989 4453 1202 4510 llerald.
1248 4466 1302 4510 et
1355 4454 1583 4527 denique
1619 4453 1976 4527 Rhenanam,

377 4524 586 4598 Eﬁnde
619 4541 735 4596 qua:
769 4524 917 4598 signa
940 4527 1220 4598 majestatis
1247 4540 1354 4579 sua:
1375 4525 1656 4598 iudicantis
1685 4524 1898 4598 ediderit
1922 4541 1975 4598 Ap.

374 4595 577 4667 i.,elc.;
594 4595 1034 4667 quomodoetiatn
1053 4598 1280 4651 Ald.nisi
1296 4597 1435 4666 quod
1454 4598 1496 4667 is
1515 4597 1670 4667 habet
1685 4595 1976 4667 indicantis.

380 4666 576 4738 Iiigalt.
605 4666 799 4723 melius
819 4711 835 4733 ,
863 4667 1066 4721 Exinde
1091 4672 1175 4738 qui
1196 4686 1239 4721 s.
1270 4685 1339 4721 nt.
1371 4686 1414 4722 s.
1434 4666 1977 4738 jttdicantisfdiderit.

374 4737 531 4794 Barr.
551 4740 805 4804 maiestati
819 4757 926 4794 sate
941 4736 1276 4800 vindicandw,
1306 4740 1446 4806 quod
1466 4739 1707 4804 sequitur
1725 4736 1980 4791 Wouwe-

374 4810 513 4866 rius.
563 4810 806 4880 Optimus
859 4811 1129 4866 Fuldauus
1185 4828 1199 4865 :
1250 4811 1530 4879 ntajestalis
1568 4824 1676 4863 sua:
1728 4808 1975 4873 ediderit,

369 4880 658 5007 indicando
681 4882 917 4937 ediderit.
953 4882 1103 4938 Unde
1141 4892 1366 4953 apparet
1392 4881 1677 4935 lectionem
1711 4894 1828 4932 eam
1880 4893 1973 4933 vo-

398 4952 544 5007 nisse
602 4971 616 5006 :
667 4952 871 5007 Exinde
923 4954 1009 5007 aui
1056 4954 1202 5007 siuna
1246 4953 1525 5007 maiestatis
1572 4966 1680 5004 sua:
1725 4948 1973 5007 ediderit.

398 4952 544 5025 uisse
602 4971 616 5006 :
667 4952 871 5007 Exinde
923 4954 1009 5022 qui
1056 4948 1525 5025 sigua'majestatis
1572 4966 1680 5004 sua:
1725 4948 1973 5025 ediderit,

362 5023 655 5108 iudicando
681 5041 773 5108 per
796 5020 1128 5108 imbres,etc'_.
1160 5020 1406 5108 Eorsilan
1448 5020 1978 5108 legendunt,.I_‘3-.’vind_tt

375 5097 470 5166 qui
489 5097 640 5168 signa
669 5100 918 5168 majestati
942 5116 1049 5155 sua:
1074 5102 1397 5156 vindicanda:
1429 5102 1664 5167 ediderit,
1700 5102 1987 5168 judicando

370 5167 689 5242 perimbres,
715 5167 823 5242 etc.
856 5171 991 5225 Dicit
1017 5171 1105 5227 hic
1126 5174 1325 5234 ea‘inde,
1347 5183 1478 5233 etc.,
1512 5172 1654 5242 quod
1691 5167 1811 5240 cap.
1842 5172 1984 5228 XIX.

372 5246 425 5292 et
467 5252 589 5294 mox
636 5240 868 5295 ultricem
912 5243 1363 5313 iniqnilalisﬂlins
1398 5244 1490 5298 teri
1522 5240 1620 5296 eiut
1668 5245 1983 5369 cataclgﬁmi.

1896 5332 1983 5369 sv.

1896 5332 1983 5370 Αν.

444 5376 527 5453 (e)
562 5382 663 5438 Per
684 5382 889 5443 imbres.
920 5385 1158 5455 Respicit
1180 5385 1448 5455 judicium
1478 5385 1634 5455 primi
1664 5387 1846 5440 mundi
1872 5428 1886 5451 ,
1932 5398 1987 5443 et

368 5464 589 5528 pennam
621 5455 905 5528 Sodoma):
950 5474 1073 5528 quae
1113 5459 1219 5512 duo
1276 5459 1432 5527 plane
1479 5462 1551 5512 ita
1593 5456 1987 5526 conjunguntur

368 5524 534 5579 etiam
569 5541 597 5578 a
639 5526 833 5591 I’CII‘O,
864 5524 1035 5597 Epist.
1087 5545 1143 5585 ll.
1204 5524 1345 5587 λδ.
1379 5531 1433 5586 6.
1462 5542 1543 5587 καὶ
1569 5524 1775 5600 ἀρχάίου
1798 5524 1975 5600 nde/tau

368 5602 455 5651 ei»:
475 5600 715 5676 ἔμειτα-το,
754 5599 864 5676 ἀ).λῖ
889 5606 1047 5667 ὃγδοον
1077 5609 1186 5656 Νῶι
1211 5608 1506 5665 damnum;
1532 5599 1716 5674 κήρυκα
1754 5610 1969 5676 ὶφύλαξε,

364 5675 701 5735 κατακλυσμὸν
739 5671 896 5742 κόσίῖῳ
932 5676 1119 5744 ἀσεβῶν
1154 5680 1353 5740 ἐπάξας.
1425 5682 1525 5728 Καὶ
1564 5671 1722 5735 ubist;
1763 5671 1973 5743 2036;46”

365 5745 733 5818 “trenching
777 5754 1009 5815 τερρώσας
1045 5753 1347 5818 καῖᾳστρορῇ
1385 5754 1669 5816 κατέκρινεν,
1711 5751 1972 5816 ὑπόδειγμα

364 5814 631 5877 μλὶύκων
652 5814 835 5868 ἀπιδεῖν
850 5824 1083 5876 τεθεικώς.
1114 5814 1248 5870 ΙΙΛν.

441 5876 525 5953 (tl)
553 5881 694 5951 Quas
713 5884 959 5955 ignoratis
992 5896 1100 5941 aut.
1135 5886 1455 5946 Rectissime
1501 5889 1572 5945 ita
1606 5887 1801 5961 Rigalt.
1840 5888 1971 5948 Per-

2111 3257 2294 3311 mundi
2345 3260 2561 3327 opilieio
2605 3271 2657 3313 et
2701 3259 2929 3313 mirabili
2985 3275 3162 3314 rerum
3228 3257 3709 3320 ontniutn'ortlite

2109 3328 2363 3403 colligere
2411 3330 2938 3403 dt-btterztnt,_pront
2959 3329 3092 3403 hinc
3120 3342 3521 3403 argumentatur
3565 3337 3710 3403 Apo-

2113 3400 2286 3454 smlus
2316 3399 2509 3456 Paulus
2536 3406 2654 3455 Aet.
2686 3400 2851 3455 XVII.
2872 3400 2962 3455 27.
2992 3399 3267 3457 eollatoﬁc.
3306 3402 3446 3459 XIV.
3486 3405 3575 3460 16.
3615 3399 3703 3462 17.

2107 3471 2250 3539 quod
2290 3470 2466 3527 Moses
2506 3474 2683 3527 lsraeli
2717 3475 2963 3527 inculcat.
2993 3472 3029 3526 l.
3068 3472 3134 3527 ν.
3171 3489 3221 3529 c.
3252 3475 3340 3529 17.
3380 3476 3468 3531 19.
3505 3476 3707 3533 doct-us

2109 3544 2516 3614 praerogativam
2556 3543 2826 3612 ipsorum,
2858 3558 2993 3612 quos
3038 3544 3137 3599 sibi
3179 3561 3274 3614 per
3302 3561 3361 3601 se
3392 3548 3563 3614 ipsum
3605 3550 3703 3602 do-

2108 3612 2310 3686 cendos
2348 3625 2713 3686 assutnpserat
2760 3615 2933 3678 Deus,
2986 3612 3206 3683 reliquis
3237 3612 3447 3686 populis
3471 3618 3699 3683 cmlmn,

2105 3685 2271 3760 solem
2294 3727 2310 3752 ,
2350 3685 2562 3760 lunam,
2595 3685 3163 3760 stellasdtstrihuens,
3196 3698 3253 3742 ιιι
3297 3689 3366 3760 ita
3400 3704 3493 3758 per
3519 3692 3705 3760 longas

2102 3756 2316 3828 demum
2377 3757 2631 3828 ambages
2679 3757 2882 3828 ruditer
2938 3766 3140 3811 tantum
3189 3756 3430 3813 notitiam
3487 3756 3704 3816 Deitatis

2101 3827 2378 3900 cujusdam
2421 3827 2713 3892 haberent;
2745 3827 2838 3882 sed
2867 3838 2955 3900 et,
2985 3828 3126 3897 quod
3158 3830 3243 3884 hic
3280 3833 3545 3900 pra-cipue
3583 3849 3701 3887 res-

2101 3897 2261 3975 picit,
2290 3900 2409 3975 jam
2435 3900 2546 3975 sibi
2574 3901 2731 3953 etiam
2765 3914 2860 3969 per
2888 3899 3020 3954 Novi
3066 3897 3392 3957 Testanienti
3422 3897 3703 3975 indulgeu-

2102 3972 2226 4022 tiam
2251 3971 2478 4025 oblatas.
2507 3971 2641 4026 lisv.

2171 4040 2247 4110 (e)
2275 4038 2577 4096 Recensitis.
2605 4042 2741 4097 Cod.
2767 4041 2922 4096 Fuld.
2969 4043 3208 4098 recensis.
3249 4044 3404 4113 Quod
3452 4045 3697 4115 sequitur

2097 4111 2401 4183 dispungere
2425 4130 2453 4167 a
2487 4130 2544 4167 re
2572 4115 2871 4186 nummaria
2917 4124 3003 4168 est
3054 4111 3358 4182 sumptum,
3400 4111 3700 4186 tabulisqne

2089 4187 2294 4250 accepti
2316 4194 2369 4237 et
2397 4185 2640 4253 expensi.
2674 4183 2826 4240 Unde
2857 4196 2911 4239 et
2940 4185 3025 4240 illa
3050 4186 3247 4239 locutio
3285 4189 3452 4256 Apoc.
3505 4203 3583 4243 ιιι.
3614 4183 3694 4243 ’5.

2084 4266 2157 4318 μὴ
2186 4259 2412 4323 ἐξαλείψω
2428 4265 2483 4309 τὸ
2498 4263 2645 4324 ὄνομα
2661 4260 2814 4311 αὐτοῦ
2849 4262 2899 4310 ix
2922 4274 3003 4318 τῆς
3032 4265 3199 4310 Βίϐλον
3237 4274 3322 4320 τῆς
3370 4268 3515 4322 ζωῆς.
3555 4260 3695 4315 IIAV.

2158 4324 2226 4400 (l'_)
2267 4327 2532 4400 Depestris
2561 4328 2776 4400 fuimus.
2809 4327 3073 4400 Diogenes
3107 4328 3351 4400 Laertius
3371 4334 3438 4384 dc
3464 4332 3698 4400 Diogene

2084 4392 2306 4469 Cynico.
2347 4395 2437 4451 Ille
2483 4392 2829 4469 exprobranti
2863 4392 2995 4464 sibi,
3047 4399 3189 4464 quod
3230 4401 3519 4469 aliquando
3561 4392 3696 4455 falso

2087 4468 2365 4541 pet-.ttniatn
2420 4469 2714 4535 sigttasset,
2776 4465 2839 4521 liv
2883 4492 3018 4533 arare,
3066 4470 3257 4540 inquit,
3309 4465 3468 4541 ,ᾖρὸνος
3524 4478 3695 4534 ἐκεῖνος

2083 4533 2286 4608 ὅτ’-ἥμην
2312 4542 2399 4603 ἐγὼ
2426 4550 2637 4600 τοιοῦτος
2657 4544 2814 4601 ὁποῖος
2828 4547 2883 4592 σὺ
2911 4544 3004 4593 νῦν·
3035 4546 3192 4603 ὁποῖος
3219 4533 3350 4608 δ’ἐγῶ
3368 4554 3467 4603 νῦν,
3494 4551 3549 4596 σὺ
3571 4546 3699 4595 οὐδέν

2088 4624 2223 4680 ποτεΑζ
2251 4607 2288 4661 i.
2318 4624 2368 4661 e.
2401 4617 2597 4676 tempus
2620 4612 2713 4680 fuit
2737 4610 3021 4679 quunttalis
3050 4626 3187 4664 erant
3206 4652 3220 4671 ,
3241 4607 3411 4680 qualis
3443 4623 3492 4664 ttt
3513 4614 3695 4667 modo:

2083 4678 2249 4745 qualis
2275 4688 2442 4735 autem
2467 4696 2557 4749 ego
2585 4678 2874 4734 modo'sutn
2899 4721 2913 4746 ,
2945 4698 3201 4749 nunquam
3246 4678 3300 4735 tu
3343 4683 3466 4736 eris.
3500 4683 3637 4739 Hav.

2158 4748 2234 4819 (ε)
2268 4749 2461 4816 Fiunt,
2502 4748 2926 4805 nonnascuntur.
2970 4748 3069 4804 De
3098 4753 3282 4806 Anima
3337 4770 3386 4806 c.
3432 4754 3484 4808 1.
3543 4754 3690 4809 Fieri

2084 4820 2239 4885 enim,
2273 4837 2373 4875 non
2397 4823 2538 4875 nasci
2563 4823 2694 4875 soles
2735 4822 3037 4876 christiana.
3088 4822 3219 4878 Nam
3250 4824 3555 4880 christianos
3582 4844 3683 4880 non

2084 4893 2208 4968 facit
2249 4894 2507 4968 generatio
2527 4934 2543 4957 ,
2571 4893 2661 4968 sed
2688 4894 2998 4968 regeneratio
3016 4936 3030 4957 ,
3062 4894 3353 4968 secundum
3397 4897 3681 4968 Augustin.

2083 4964 2119 5016 Ι.
2158 4979 2234 5018 Ill.
2265 4965 2331 5019 de
2364 4978 2567 5032 peccat.
2600 4967 2731 5020 Mer.
2784 4974 2840 5019 et
2868 4964 3020 5020 Rem.
3049 4982 3099 5020 c.
3127 4967 3181 5020 9.
3213 4968 3420 5022 scilicet
3448 4964 3606 5025 aliter
3626 4984 3693 5022 ac

2086 5046 2279 5103 poetic,
2307 5037 2727 5106 quinascuutur.
2746 5051 2850 5092 non
2878 5040 3026 5091 liunt.
3057 5038 3246 5093 Exstat
3271 5039 3335 5092 ad
3367 5040 3564 5095 dictum
3592 5041 3695 5093 hoc

2094 5106 2407 5160 Tertulliani
2474 5108 2946 5164 eonnnentariolus
3014 5109 3200 5165 Mattlt.
3273 5109 3691 5167 Zimntermanni

2059 5217 2063 5220 ~
2092 5175 2288 5248 Lipsiae
2318 5177 2478 5233 1662.
2502 5178 2557 5234 4.
2595 5181 2729 5234 ΙΙΑγ.

2169 5248 2249 5320 (lt)
2286 5249 2524 5325 Virtutes.
2549 5251 2645 5325 De
2692 5251 2932 5325 moribus
2968 5251 3273 5325 intelligunt
3331 5253 3648 5325 interpretes
3671 5295 3687 5318 .

2092 5335 2214 5396 cum
2272 5322 2460 5396 potius
2489 5322 2762 5396 miracula
2801 5338 2899 5394 per
2945 5324 3064 5377 illos
3106 5322 3279 5390 edita,
3326 5342 3445 5395 qua:
3475 5322 3692 5396 'passint

2091 5391 2486 5468 uirtutesittA‘S.
2646 5391 3256 5468 audiunt,innituntur.
3309 5391 3427 5451 Mox
3478 5391 3575 5468 pro
3624 5397 3694 5450 ad

2090 5463 2244 5532 fidem
2273 5462 2360 5517 ed.
2387 5463 2509 5517 Ald.
2536 5463 2749 5519 llerald.
2776 5474 2829 5519 et
2866 5465 3039 5519 Iihen.
3063 5462 3131 5518 ad
3158 5467 3330 5533 ﬁnem.
3362 5462 3517 5524 male.
3553 5470 3689 5524 Ilav.

2161 5534 2223 5606 (i)
2257 5532 2652 5609 Ptolemteorutn
2677 5537 3067 5590 eruditissimus.
3107 5532 3307 5609 Ilicesi
3346 5553 3469 5594 vera
3520 5542 3692 5609 scrip.

2079 5613 2195 5680 tura
2235 5613 2317 5659 cst
2340 5649 2354 5675 ,
2385 5607 2657 5675 quomodo
2684 5609 2947 5664 hactenus
2973 5624 3162 5664 omnes
3190 5608 3457 5664 editiones
3488 5627 3599 5680 pra:
3630 5607 3694 5665 Se

2077 5676 2284 5754 ferunt,
2336 5680 2565 5754 inlinere
2610 5680 2727 5754 vult
2769 5689 2933 5754 totam
2994 5680 3406 5754 Ptolemzcorum
3455 5676 3684 5754 gentem

2074 5749 2263 5822 studiis
2308 5750 2460 5802 valde
2498 5750 2660 5806 fuisse
2695 5750 2929 5822 deditam
2961 5751 3269 5822 :quomodo
3305 5749 3481 5806 omnis
3506 5754 3667 5808 etiam

2072 5818 2345 5873 Ctesarutn
2397 5822 2555 5890 stirps
2602 5837 2631 5874 a
2675 5821 2815 5877 .Iulio
2867 5818 3199 5879 descendens
3252 5825 3383 5877 satis
3433 5824 3665 5881 litterata

2072 5890 2237 5948 fuisse
2265 5891 2508 5950 traditur.
2534 5892 2602 5949 Et
2630 5904 2773 5951 certe
2801 5909 2906 5950 non
2930 5904 3135 5951 tantum
3164 5895 3375 5965 imperii
3404 5896 3663 5954 formator
