4258 6274
364 368 484 427 ,385

1752 368 2183 432 APOLOGETIC
2193 374 2296 432 US.

3567 378 3677 447 386

374 501 497 543 rum
522 484 588 543 ad
613 483 999 558 disponendam
1027 483 1279 541 ﬁduciam
1304 485 1613 542 futurorum
1634 503 1647 541 :
1668 485 1858 544 eadem
1885 505 1970 544 vc-
1997 490 2049 550 A
2073 480 2531 562 giuesfordines,
2565 504 2730 549 venas
2759 494 2993 550 veterani
3022 494 3283 568 cujusque
3319 499 3445 573 styli
3475 503 3674 573 vestri,

380 592 473 635 ces
502 577 579 651 (α)
609 578 1031 650 prmdicaveruut
1059 586 1344 649 utramque
1390 587 1597 649 partem
1628 578 1731 651 (b),
1785 579 1974 636 eadem

378 671 571 727 litterze
599 680 939 728 notaverunt.
983 671 1159 727 Unum
1186 682 1270 728 est
1307 683 1519 744 tempus
1547 674 1619 745 (c)
1656 672 1796 744 apud
1839 673 1977 740 illas,

376 762 518 833 quod
542 763 682 835 apud
710 778 810 820 nos
833 765 1070 832 separari
1091 766 1323 821 videtur.
1344 765 1422 820 lta
1444 764 1622 822 omnia
1637 780 1754 835 qua:
1787 780 1976 835 super-

378 868 503 913 sunt
523 858 816 929 improbata
845 857 927 931 (1)
954 869 1079 914 sunt
1100 859 1181 931 (d)
1197 859 1377 927 nobis,
1406 860 1529 929 quia
1547 874 1669 914 cum
1700 858 1826 924 illis,
1855 875 1976 929 qua:

378 951 599 1021 probata
630 961 785 1019 sunt,
822 962 946 1007 tunc
989 951 1181 1008 futuris
1232 953 1675 1022 praedicabantur.
1708 952 1928 1008 Habetis
1957 994 1973 1019 ,
2047 952 2067 965 ‘

378 1041 520 1112 quod
562 1042 727 1098 sciam
771 1045 875 1115 (c),
922 1054 977 1100 et
1016 1058 1112 1100 vos
1132 1043 1413 1131 Silﬂllam,
1445 1057 1708 1116 quatenus
1734 1046 1974 1117 appella-

381 1132 528 1189 tione
570 1135 642 1190 ita
673 1150 799 1191 vera
851 1146 1002 1192 vates
1044 1135 1129 1191 dei
1180 1136 1295 1190 veri
1327 1138 1525 1208 passim
1543 1152 1703 1208 super
1726 1147 1974 1206 caeteros,

379 1224 470 1294 qui
495 1226 772 1281 vaticinari
824 1226 1165 1295 videbantur,
1194 1237 1446 1297 usurpata
1474 1236 1577 1296 est,
1619 1229 1761 1284 sicut
1783 1241 1975 1285 vesme

378 1314 920 1391 Sibyllmenm
950 1320 1457 1397 veritate‘mentita:
1479 1365 1494 1391 ,
1523 1323 1973 1390 quemadmodum

378 1423 435 1469 et
480 1413 564 1495 dei
598 1415 764 1469 vestri
794 1413 943 1487 (2).]

448 1505 649 1562 Omnes
671 1507 848 1578 itaque
868 1506 1211 1578 substantias,
1239 1521 1533 1578 omnesque
1556 1507 1837 1577 materias,
1868 1511 1971 1564 ori-

2076 594 2263 655 gentes
2284 586 2443 641 etiam
2468 587 2752 659 plerasque
2773 598 2827 644 et
2849 589 3012 645 urbes
3033 589 3295 661 insignes,
3328 591 3673 653 bistoriarmn

2080 693 2248 734 cauas
2297 680 2410 752 (3),
2467 690 2522 737 et
2572 683 2980 751 memoriarum,
3014 683 3156 753 ipsas
3198 684 3429 756 denique
3468 686 3677 758 efﬁgies

2080 770 2153 844 (f)
2189 772 2509 841 litterarum,
2544 775 2747 830 indices
2786 776 3146 848 cuStodesque
3175 794 3379 846 rerum,
3421 789 3476 836 et
3511 780 3680 851 (puto

2078 863 2255 919 adhuc
2308 865 2483 920 minus
2535 866 2789 941 dicimus)
2822 868 2966 939 ipsos
3018 870 3235 941 inquam
3266 871 3399 928 deos
3441 884 3671 943 vestros,

2079 956 2193 1028 ipsa
2220 957 2417 1028 templa
2447 968 2501 1014 ct
2520 960 2738 1015 oracula
2766 971 2821 1016 et
2840 976 2992 1017 sacra
3019 962 3178 1018 unius
3202 964 3415 1019 interim
3448 963 3679 1035 prophe-

2082 1060 2149 1106 ta:
2173 1051 2430 1107 scrinium
2458 1052 2541 1124 (g)
2568 1053 2783 1108 szeculis
2813 1054 2998 1121 vincit,
3022 1055 3199 1126 inquo
3229 1056 3436 1112 videtur
3462 1056 3681 1113 thesau-

2080 1143 2478 1201 ruscollocatus
2501 1145 2660 1201 totius
2684 1144 2893 1201 Judaici
2923 1148 3266 1213 sacramenti,
3318 1158 3372 1204 et
3420 1148 3546 1204 inde
3590 1148 3670 1223 (4)

2080 1235 2242 1291 etiam
2285 1237 2476 1292 nostri.
2523 1236 2579 1294 Si
2658 1253 2817 1308 quem
2879 1238 3108 1295 audistis
3158 1239 3369 1295 interim
3433 1240 3678 1313 Moysen,

2076 1329 2275 1399 Argivo
2304 1328 2503 1383 Inacho
2530 1331 2730 1400 pariter
2750 1339 2908 1385 :etate
2936 1342 3048 1398 est;
3080 1332 3484 1404 quadringentis
3537 1344 3678 1405 pene

2080 1418 2159 1494 (Ii)
2189 1421 2365 1490 annis,
2390 1436 2513 1477 nam
2543 1431 2598 1478 et
2624 1431 2830 1494 septem
2863 1424 3074 1492 minus,
3101 1423 3371 1491 Danaum,
3415 1434 3470 1481 et
3503 1426 3680 1497 ipsum

1601 1647 1982 1705 LECTIONES
2020 1647 2433 1705 VARIANTES.

435 1783 508 1855 (l)
545 1779 785 1855 Scoppius
806 1797 825 1835 :
840 1785 940 1849 jam
963 1784 1182 1847 probata.
1207 1781 1493 1855 Haverc._in
1516 1785 1736 1855 probate.
1773 1784 1861 1836 sed
1899 1784 1969 1836 ιε·
1998 1794 2047 1855 Β
2066 1760 2293 1855 Sibyliae,
2319 1800 2498 1837 nomen
2520 1787 2586 1839 de
2610 1791 2816 1840 veritate
2830 1790 3067 1851 mentitae,
3089 1792 3500 1854 quemadmodum
3524 1804 3579 1848 et
3597 1796 3684 1848 dei

371 1851 758 1958 ger‘tdumtsctatuo
785 1863 804 1898 :
837 1861 948 1911 quae
969 1853 1234 1911 supersunt
1269 1849 1569 1912 improbata,
1614 1849 1818 1912 probata
1855 1855 1971 1899 sunt

372 1924 438 1958 no
456 1925 528 1958 us.
554 1925 582 1958 e
638 1946 650 1958 .

372 1913 528 1969 ilobis,
554 1918 650 1960 etc.

437 1973 509 2037 (Ξ)
545 1972 780 2039 Comata.
805 1971 1034 2039 Habetis,
1055 1971 1183 2035 quod
1209 1973 1377 2039 sciam,
1407 1981 1457 2024 et
1478 1986 1567 2039 nos
1583 1973 1833 2039 Sibyllam,
1856 1988 1972 2039 qua-

373 2034 519 2085 tenus
538 2036 801 2097 appellatio
825 2039 984 2085 ista—
1004 2034 1083 2083 dei
1111 2036 1282 2085 nostri.
1312 2045 1514 2086 Haverc.
1542 2034 1697 2085 locum
1733 2034 1801 2087 ita
1832 2034 1971 2087 resti-

372 2097 460 2149 lut't
490 2097 810 2162 :__Habemus,
846 2098 976 2161 quod
1012 2100 1189 2162 sciam,
1232 2106 1286 2148 et
1316 2111 1405 2162 nos
1442 2099 1691 2162 Sibyllam,
1730 2106 1975 2162 quatenus

377 2160 649 2224 appellatio
673 2163 763 2211 ista
788 2160 920 2224 vera;
943 2162 1066 2210 vatis
1100 2160 1182 2210 dei
1222 2160 1328 2210 veri
1364 2160 1543 2222 passim
1559 2174 1711 2224 super
1746 2160 1972 2221 caeteras,

375 2222 491 2285 quia
515 2223 763 2274 vaticinari
794 2222 1101 2285 videbantur,
1124 2236 1219 2274 usu
1256 2223 1457 2286 probata
1483 2231 1577 2274 est.
1602 2222 1773 2274 Sciunt
1794 2232 1975 2274 vestra:

2074 1863 2225 1900 VCSll'l
2236 1887 2247 1898 .

2136 1913 2205 1976 (5)
2245 1911 2484 1976 Rhemet
2527 1914 2713 1976 Gangn.
2768 1914 2991 1965 historias
3038 1922 3089 1965 et
3168 1929 3364 1967 caussas
3417 1921 3683 1971 memoria-

2071 1974 2203 2033 rum,
2215 1982 2336 2045 pte;
2357 1974 2477 2045 μά.
2504 1974 2814 2026 historiarum
2835 1985 2887 2026 et
2904 1990 3101 2027 caussas
3122 1991 3267 2045 canas
3290 1981 3419 2043 ipsas
3435 1989 3489 2045 et
3510 1995 3684 2045 metm;

2076 2034 2280 2104 μεγαλα.
2320 2034 2628 2088 historiarum
2667 2052 2838 2089 causas
2870 2046 2923 2104 et
2960 2034 3336 2104 memoriarum}
3378 2043 3489 2094 cod.
3531 2034 3683 2096 Γαιάῖ

2075 2100 2392 2173 historiarum
2416 2109 2465 2173 et
2488 2114 2664 2150 arcana
2689 2102 3071 2173 memoriarum;
3097 2102 3244 2154 codd.
3288 2100 3397 2156 P'ut.
3437 2112 3484 2157 et
3523 2106 3680 2173 Lugd.

2077 2162 2390 2213 historiarum
2415 2170 2468 2212 et
2490 2176 2637 2212 canas
2658 2165 3021 2215 memoriarum.

2148 2225 2212 2289 (4)
2252 2225 2467 2276 Proinde
2491 2238 2535 2276 υ.
2563 2237 2608 2275 c.

1742 2327 2303 2391 COMMENTARIUS.

379 2448 828 2534 per_Pr0plietias
860 2448 1001 2532 Deus
1041 2448 1286 2534 przedixit
1308 2490 1323 2518 ,
1359 2463 1489 2520 ergo
1516 2457 1570 2505 et
1600 2464 1720 2520 quae
1765 2457 1970 2504 restant

378 2521 785 2591 ituplementum
810 2521 1093 2591 accipient.

475 2592 530 2666 a)
561 2592 736 2649 Voces.
764 2590 948 2666 Vivte,
980 2592 1196 2666 illaque,
1222 2590 1369 2666 addit
1387 2608 1506 2662 qua:
1544 2592 1829 2659 dixerunt,
1864 2607 1969 2648 non

381 2663 728 2731 efﬂukeruut,
759 2663 857 2719 sed
880 2674 935 2719 et
955 2664 1167 2733 scriptis
1192 2664 1500 2734 consignata
1527 2673 1670 2720 sunt.

456 2734 533 2810 (b)
551 2734 830 2810 Utramque
857 2746 1069 2810 pariam.
1091 2734 1155 2789 Et
1183 2734 1324 2805 quod
1346 2736 1457 2805 jam
1485 2745 1569 2791 est
1596 2735 1895 2807 impletum,
1918 2744 1973 2791 et

383 2806 524 2879 quod
551 2806 727 2879 adhuc
752 2806 1078 2875 implebitur.

458 2878 532 2950 (c)
560 2877 730 2933 Unum
754 2888 827 2933 est
852 2887 1067 2950 tempus.
1085 2876 1158 2933 Ita
1186 2877 1510 2949 iutcllige,id
1536 2878 1675 2950 quod
1703 2879 1858 2934 nobis
1887 2894 1973 2933 se-

385 2949 609 3035 paratim
625 3020 636 3035 ι
653 2960 727 3031 ει,
751 2964 850 3035 pei;
870 2949 1134 3035 diversos"
1152 2959 1451 3019 temporum
1482 2949 1682 3035 tractus
1705 2950 1967 3035 occurrit,

386 3019 440 3078 id
482 3020 761 3090 PrOphetis
817 3019 1050 3087 Spiritus
1102 3021 1329 3076 Sanctus
1384 3037 1491 3076 uno
1529 3022 1716 3076 obtutu
1756 3032 1809 3076 et
1848 3029 1967 3075 actu

385 3093 807 3162 repra‘scntavit.
841 3092 950 3145 lmo
990 3102 1045 3145 ut
1080 3091 1218 3160 apud
1250 3092 1413 3146 Deum
1449 3093 1729 3162 praesentia
1752 3134 1765 3154 ,
1797 3092 1968 3146 futura

388 3164 518 3219 nihil
548 3164 598 3216 in
627 3163 931 3234 cngnitione
960 3162 1232 3229 dill'erunl,
1260 3162 1331 3217 ita
1357 3179 1455 3219 nec
1479 3164 1617 3234 apud
1650 3163 1771 3218 illos
1798 3178 1827 3217 a
1864 3163 1971 3217 Deo

388 3234 671 3305 inspiratus
702 3245 755 3289 et
783 3234 1129 3289 illumiuatos.

462 3304 544 3378 (d)
566 3304 858 3375 Improbum
889 3316 1025 3359 satu.
1044 3304 1322 3360 Manifesta
1336 3305 1609 3370 vitiosum,
1625 3304 1857 3360 correxit
1883 3306 1974 3360 ita-

390 3392 498 3448 que
523 3377 800 3445 SciOppius
826 3379 947 3445 iam.
960 3378 1171 3442 probata
1200 3388 1336 3431 sunt.
1370 3378 1474 3432 Sed
1505 3378 1694 3433 melius
1724 3378 1788 3430 ad
1817 3393 1970 3432 meu-

392 3458 505 3504 tcm
527 3448 765 3515 Septimii
786 3460 839 3502 et
867 3448 1159 3503 litterarum
1183 3448 1423 3514 ductum,
1448 3449 1492 3503 si
1509 3449 1653 3519 legas
1682 3449 1733 3502 in
1761 3449 1972 3518 probato

392 3530 533 3582 sunt,
572 3519 621 3572 id
661 3528 760 3584 est,
795 3519 1083 3587 probantur
1110 3520 1282 3574 facile.
1318 3521 1410 3575 Est
1440 3536 1567 3575 vero
1599 3522 1649 3573 in
1678 3535 1764 3585 co,
1799 3531 1853 3573 ut
1879 3520 1973 3575 de-

391 3602 695 3654 monstret,
724 3589 955 3646 futurum
989 3602 1199 3661 tempus
1240 3592 1389 3661 quasi
1434 3608 1596 3646 unum
1644 3599 1697 3646 et
1740 3605 1976 3660 pra-scus

392 3662 673 3733 Prophetis
699 3663 1009 3733 apparuisse
1033 3705 1048 3727 ,
1080 3662 1219 3732 quod
1250 3663 1465 3732 quidem
1499 3663 1651 3717 nobis
1679 3674 1760 3715 est
1799 3661 1976 3715 diver-

392 3749 511 3789 sum
536 3776 551 3801 ,
577 3736 697 3805 quia
739 3743 945 3805 partem
983 3742 1186 3788 tantmu
1224 3749 1287 3788 ex
1316 3744 1509 3789 eventu
1540 3734 1762 3805 probare
1787 3748 1975 3803 possu-

392 3820 547 3874 mus,
582 3804 704 3878 pars
732 3804 1001 3877 probanda
1029 3822 1094 3861 ex
1144 3806 1333 3861 l‘uturis
1376 3815 1577 3861 restat:
1608 3804 1697 3878 Sic
1720 3847 1733 3871 ,
1762 3805 1971 3878 inquit,

394 3888 447 3932 et
479 3879 562 3945 id,
585 3875 865 3948 quodjam
906 3888 989 3934 est
1028 3879 1339 3948 impletum,
1371 3878 1617 3947 quodque
1649 3875 1975 3948 implendum

395 3958 669 4021 superest,
701 3947 896 4022 inipso
918 3951 1043 4022 olim
1073 3947 1431 4022 pra-dictionis
1459 3958 1716 4022 tempore,
1745 3958 1806 4022 ut_
1841 3947 1984 4022 lutu-

394 4019 514 4077 rum
543 4019 869 4076 considerari
897 4020 1101 4086 debuit,
1134 4022 1255 4091 quia
1283 4021 1412 4074 nihil
1440 4019 1613 4073 adhuc
1645 4029 1769 4073 tunc
1795 4019 1985 4087 imple-

395 4102 508 4147 tum
525 4102 661 4148 erat.
674 4092 839 4162 Cujus
858 4093 992 4162 parti
1009 4094 1165 4160 priori
1185 4093 1434 4161 quoniam
1449 4091 1720 4159 respondit
1736 4099 1979 4151 eventus,

396 4163 522 4219 inde
560 4167 720 4218 etiam
768 4166 1067 4219 futurorum
1118 4163 1491 4219 certitudiuem
1538 4166 1590 4214 in
1636 4170 1881 4231 promptu
1933 4171 1987 4215 et

397 4236 622 4305 probato
647 4235 921 4290 habemus.

473 4305 550 4377 (c)
565 4305 777 4361 Habetis
797 4349 810 4371 ,
843 4308 980 4379 quod
1006 4308 1183 4362 sciant.
1201 4306 1368 4361 Totus
1392 4307 1478 4361 hic
1503 4303 1893 4379 locusmirilicc
1907 4311 1993 4358 est

397 4375 679 4447 corruptus
699 4421 713 4443 ,
745 4375 1047 4434 nec'ullum
1096 4395 1282 4433 samun
1329 4376 1850 4447 sensumﬁadmittit,
1882 4375 1991 4447 imo

399 4445 588 4519 quater
609 4449 870 4506 medicina
899 4451 1120 4521 indiget.
1140 4450 1383 4505 Restituo
1411 4451 1479 4503 ita
1507 4468 1519 4503 :
1546 4446 1827 4521 Habemus,
1852 4445 1987 4516 quod

401 4518 559 4575 sciam
581 4565 601 4593 ,7
624 4532 670 4575 et
698 4538 791 4575 nos
819 4518 1105 4593 Sibyllam,
1135 4532 1381 4591 quatenus
1419 4518 1696 4590 appellatio
1732 4519 1829 4593 ista
1857 4531 1989 4593 certe

399 4593 530 4664 ratis
578 4592 671 4646 Dei
711 4594 847 4655 veri,
878 4588 1065 4664 passim
1111 4588 1264 4663 super
1302 4588 1544 4664 crateras,
1572 4604 1685 4660 quae
1724 4588 1989 4664 vaticinari

401 4663 699 4718 videbantur
724 4706 740 4729 ,
780 4660 887 4719 usu
908 4663 1121 4736 probata
1165 4660 1257 4718 est.
1300 4663 1483 4719 Sciunt
1517 4671 1705 4736 Δυειςιναξ
1749 4660 1984 4736 sibyllae,

403 4749 585 4788 nomen
614 4738 676 4789 de
706 4731 1171 4800 veritate'mentita',
1190 4733 1614 4800 quemadmodum
1659 4740 1704 4785 ct
1724 4731 1795 4783 dii
1816 4731 1985 4785 vestri.

403 4804 482 4861 Ita
508 4822 665 4876 snpra
687 4821 807 4876 cap.
825 4822 880 4862 v.
898 4806 1008 4862 Scit
1035 4805 1110 4859 Μ.
1135 4802 1384 4861 ZEmiliua
1405 4806 1467 4859 de
1492 4806 1585 4876 deo
1623 4819 1714 4856 suo
1740 4802 1984 4856 Alburno.

404 4875 655 4948 Intelligit
716 4875 843 4933 vero
892 4877 1200 4934 Chaldmam
1268 4878 1350 4931 vel
1400 4875 1987 4948 Erytlumamtquam

403 4963 551 5018 sznpe
582 4942 781 5004 'laudat
830 4949 1137 5005 Lactantius
1161 4991 1177 5016 ,
1209 4948 1402 5019 aliique
1447 4942 1634 5019 Patres
1674 4942 1992 5019 credulitate

405 5016 569 5076 nimia
628 5021 797 5090 decipi
862 5021 1064 5076 faciles.
1120 5016 1478 5091 Deisibyllis
1497 5016 1708 5091 _vi_deri_
1734 5025 1989 5086 possunt,

405 5101 605 5168 pneter
647 5084 867 5168 Suidam
889 5135 904 5160 ,
934 5092 1019 5148 J0.
1048 5092 1169 5168 alb.
1199 5084 1471 5168 Fabricius
1496 5088 1636 5168 Bibl.
1669 5084 1763 5141 Gr.
1794 5096 1922 5168 toni.
1951 5102 1988 5140 ι.

406 5158 464 5233 ἱ).
495 5163 621 5219 167.
659 5158 902 5223 Pctitus.
931 5180 1032 5218 van
1063 5164 1227 5219 Dalen
1257 5204 1273 5230 ,
1303 5162 1516 5231 aliique.
1546 5158 1793 5233 Testatur
1807 5158 1989 5233 _etiam

406 5228 678 5290 Semlerus
709 5236 761 5290 in
805 5235 1133 5291 Bibliotheca
1176 5228 1500 5290 GeSneriana
1521 5275 1535 5298 ,
1558 5229 1775 5285 recondi
1807 5228 1994 5285 Roma:

408 5305 464 5361 in
497 5306 615 5361 Bib.
646 5306 898 5361 Vaticana
931 5322 1043 5361 xw.
1075 5306 1239 5361 libros
1263 5301 1501 5376 Sibyllae,
1526 5304 1770 5357 diversos
1800 5304 1935 5376 forte
1963 5314 1995 5354 a

348 5430 355 5435 .
411 5377 718 5453 illiapsodia
765 5378 849 5453 illa
898 5393 1061 5453 quam
1104 5372 1382 5432 habemus.
1431 5375 1753 5453 Memoratur
1799 5372 1996 5453 ibidem

411 5448 518 5505 bdc
547 5451 699 5504 titulo
723 5448 999 5505 volumen.
1028 5448 1100 5507 Εκ
1123 5461 1213 5505 τῶν
1238 5458 1552 5520 προφητικῶν,
1575 5451 1825 5520 -Σλιβὺλὶης-
1872 5449 2000 5520 ὶᾷγος

410 5529 456 5577 ο.
502 5530 643 5593 μέχρι
681 5534 765 5576 τοῦ
802 5531 868 5576 lt.
916 5521 1106 5576 Exstat
1145 5514 1313 5593 etiam
1332 5514 1401 5593 de
1440 5514 1656 5593 Sibyllis
1693 5516 1884 5593 erant:
1906 5514 2005 5593 hu-

411 5583 709 5667 manissimi
731 5594 1134 5667 doctissimique
1152 5590 1339 5667 Jensii.
1363 5583 1666 5658 Pergit‘jam
1686 5586 1820 5640 Cod.
1845 5583 2000 5667 till]:

413 5664 485 5719 ita
515 5681 531 5719 :
563 5665 750 5721 Omnes
775 5666 945 5736 itaque
967 5655 1690 5731 substantiw,etc.,quae'cap.
1716 5673 1807 5711 xu;
1836 5655 2002 5711 videri

488 5748 637 5792 εειιιιι
646 5779 659 5793 .

412 5751 787 5882 ῳῗῆωέῂὶῃὶεε
804 5809 1086 5882 litterarum
1104 5807 1316 5863 indices.
1332 5804 1448 5861 Non
1477 5800 1837 5882 inventionem
1859 5801 2005 5856 litte-

411 5872 598 5941 rarum
623 5872 827 5940 eam
876 5880 1087 5951 innuit,
1115 5895 1275 5952 quam
1301 5884 1548 5935 versutus
1574 5873 1664 5933 ille
1682 5872 1916 5932 Cadmus
1935 5886 2007 5929 ex

2074 3322 2237 3376 ειπερ,
2274 3306 2439 3376 p.15.
2470 3302 2626 3376 novae
2666 3302 2805 3376 edit.
2823 3302 2986 3358 refert
3004 3305 3163 3376 illum
3205 3305 3435 3374 linguam

2076 2448 2349 2505 Phtenicia
2380 2432 2431 2505 in
2454 2448 2716 2523 Graeciam
2746 2450 2944 2516 attulit,
2975 2452 3059 2507 cui
3092 2454 3291 2523 popqu
3317 2454 3456 2511 hanc
3489 2455 3684 2512 famam

2072 2529 2327 2648 gggstans
2353 2522 2586 2578 vindicat
2603 2522 2804 2592 Opinio,
2836 2523 2980 2578 unde
3004 2522 3143 2594 apud
3164 2524 3436 2583 Lucanum
3463 2527 3555 2583 lib.
3587 2528 3685 2598 Ill,

2199 2707 2463 2772 Phoenices
2486 2708 2647 2772 primi,
2673 2706 2816 2758 fama:
2834 2710 2877 2759 si
2901 2709 3143 2769 creditur,
3172 2714 3276 2761 ausi

2202 2771 2478 2820 Mansuram
2490 2771 2708 2821 rudibus
2730 2784 2899 2823 vocem
2921 2775 3121 2836 signare
3145 2775 3335 2839 liguris.

2074 2880 2340 2948 Qualesvc
2384 2879 2437 2933 iu
2474 2877 2780 2933 Alcumenre
2808 2879 3054 2949 sepulcro
3077 2880 3319 2934 inventas
3350 2879 3512 2935 tradit
3540 2880 3669 2936 Plu-

2078 2952 2292 3006 tarchus
2319 2951 2369 3004 iu
2393 2951 2484 3004 lib.
2516 2950 2581 3004 de
2608 2949 2843 3023 Socratis
2876 2950 3068 3023 Genio,
3095 2953 3480 3007 vetustissimas
3500 2995 3512 3018 ,
3536 2968 3670 3023 quas

2075 3032 2228 3078 vocat
2254 3031 2361 3082 τοὺς
2387 3027 2559 3082 τύπους
2586 3035 2684 3092 seu
2702 3020 2901 3092 fortnas
2928 3021 3068 3075 illius
3095 3024 3478 3092 grammaticae,
3510 3020 3669 3092 quam

2078 3094 2268 3148 Proteo
2318 3101 2573 3160 regnante
2601 3091 2785 3145 didicit
2822 3090 3115 3146 Herculesﬁ
3163 3092 3258 3146 sed
3289 3102 3343 3147 et
3372 3090 3670 3147 litterarum

2076 3179 2229 3219 usum
2253 3164 2475 3232 sculptis
2522 3160 2843 3231 etelligiatis
2889 3162 3209 3217 animalibus
3256 3178 3472 3218 sensum
3502 3163 3667 3218 animi

2075 3234 2388 3290 ell‘erebant.
2415 3233 2867 3304 P0rphyrius,qui
2892 3243 2944 3304 et
2966 3232 3223 3296 Malchus,
3242 3233 3294 3287 in
3324 3232 3444 3289 Vita
3473 3232 3670 3304 Pytha-

2078 3322 2237 3376 ειπερ,
2274 3321 2326 3374 p.
2354 3320 2439 3358 ιξι.
2474 3321 2626 3358 nava:
2666 3320 2793 3358 emt.
2823 3320 2986 3358 retert
3017 3320 3163 3357 Illllllt
3205 3320 3435 3374 lingu-im
3464 3320 3668 3376 [Egyp-

2078 3381 2269 3432 tiomm
2296 3375 2977 3445 perdidicisseﬁtriplexque
3003 3375 3299 3429 litterarum
3327 3390 3518 3441 genus,
3537 3377 3675 3444 epis-

2078 3450 2291 3503 tolicqu
2317 3446 2549 3513 scilicet,
2576 3445 3031 3517 hieroglyphicum
3063 3456 3115 3499 et
3154 3448 3531 3517 symbolicum.
3549 3454 3673 3501 ’Τῶν

2080 3529 2165 3587 μὲν
2183 3528 2593 3587 nenolo-laughter
2645 3523 2770 3570 κατὰ
2787 3523 2989 3586 μίμησιν
3007 3558 3022 3583 ,
3060 3530 3150 3571 τῶν
3190 3522 3237 3571 δὲ
3262 3520 3675 3586 ἄλλη-φορουμένων

2079 3598 2208 3646 ιατά
2252 3614 2383 3651 τινας
2425 3594 2696 3658 ain-Ipsm;
2731 3590 2765 3643 i.
2806 3605 2865 3644 'e.
2921 3587 3148 3653 Quorum
3173 3590 3302 3642 illud
3327 3592 3587 3659 propriam
3626 3598 3680 3643 et
3768 3638 3771 3643 .

2081 3678 2393 3716 communem
2425 3660 2661 3730 loquendi
2709 3661 3119 3715 consuetudinem
3164 3661 3426 3725 imitatur;
3480 3662 3677 3723 reliqua

2080 3749 2172 3803 per
2200 3733 2493 3805 allegorias,
2522 3733 2613 3786 sub
2648 3731 2950 3805 guibusdqm
2981 3732 3302 3801 anigmatam
3350 3732 3626 3786 involucris
3656 3771 3674 3799 ,

2080 3801 2281 3859 cerasum
2306 3801 2613 3873 exprimunt.
2646 3803 2853 3858 Rursus
2883 3801 3133 3857 Lucanus
3166 3819 3179 3855 :

2212 3915 2436 3967 Nondum
2459 3916 2718 3966 ﬂumineas
2742 3915 2983 3979 Memphis
3003 3922 3277 3979 contexere
3302 3916 3464 3969 biblos

2214 3979 2433 4045 ISoverat
2459 3993 2470 4027 :
2496 3986 2549 4029 et
2575 3982 2708 4045 saxis
2731 3978 3288 4045 tantum,volucresque,
3308 3982 3563 4045 ferreque,

2215 4040 2513 4106 Sculptaque
2535 4042 2798 4092 servabant
2819 4044 3032 4105 [tragicas
3056 4040 3279 4092 animalia
3307 4040 3519 4106 linguas.

2095 4148 2373 4204 Servabant
2404 4190 2419 4216 ,
2473 4148 2668 4204 Nostro
2697 4149 2927 4203 custodes
2954 4165 3120 4202 rerum
3161 4149 3283 4203 inde
3314 4150 3492 4207 dictte.
3522 4150 3712 4208 Voca-~

2093 4220 2286 4275 bantur
2318 4220 2715 4291 bieroglypbica
2754 4262 2768 4284 ,
2799 4221 2865 4274 de
2887 4221 3087 4291 quibus
3110 4220 3436 4290 singularem
3468 4238 3692 4291 compo-

2096 4293 2200 4345 suit
2226 4292 2460 4345 libellum
2489 4291 2647 4356 Oras,
2680 4292 2970 4344 illustratus
3014 4305 3043 4343 a
3066 4290 3149 4344 .lo.
3207 4293 3444 4348 Merccro
3466 4305 3517 4348 et
3547 4290 3687 4348 aliis.

2092 4362 2214 4427 Quo
2241 4363 2291 4415 in
2322 4363 2499 4415 studio
2525 4363 2665 4416 inter
2686 4377 2874 4416 omnes
2899 4362 3093 4416 emicat
3131 4363 3387 4418 industria
3419 4364 3711 4423 Laurentii

2015 4409 2069 4469 D
2095 4409 2523 4501 ῑίῖέςῖιὸὶὶίίῗῐιῖξν.

2169 4525 2247 4595 (g)
2275 4525 2553 4579 Scrinium.
2577 4525 2859 4595 Quonde
2884 4525 3234 4582 Prudentium
3264 4526 3423 4581 etiam
3454 4526 3690 4581 locutum

2092 4595 2327 4651 ostendit
2375 4596 2449 4651 La
2500 4595 2693 4653 Cerda.
2742 4598 2923 4667 inepta
2967 4598 3190 4667 scriptio
3224 4607 3279 4652 et
3321 4596 3523 4653 insulsa
3550 4596 3693 4668 apud

2092 4668 2335 4724 Persium
2363 4669 2476 4723 Sat.
2509 4670 2563 4723 1.
2592 4684 2750 4724 versu
2781 4670 2902 4724 106.

2216 4785 2323 4837 Nec
2346 4786 2563 4848 pluteum
2586 4786 2746 4846 caedit,
2771 4796 2866 4835 nec
2880 4784 3135 4834 demorsos
3154 4785 3282 4848 sapit
3303 4794 3515 4845 ungues.

2095 4872 2214 4999 ξιέςὸξ
2243 4871 2493 4927 Horatius
2520 4881 2576 4924 ut
2612 4869 2808 4925 Noster
2838 4883 2937 4940 pro
2963 4868 3256 4938 scriptioiie
3285 4884 3324 4923 ι.
3356 4866 3446 4923 lib.
3484 4865 3599 4923 Sat.
3633 4868 3689 4924 1.

2683 5032 2760 5084 Ne
2785 5045 2866 5082 me
2891 5032 3096 5095 Crispini
3122 5032 3296 5095 scrinia
3318 5030 3434 5095 lippi

2221 5097 2518 5163 Compilasse
2542 5104 2704 5161 putes,
2731 5097 2937 5147 verbum
2961 5094 3057 5145 non
3080 5094 3287 5158 amplius
3303 5094 3491 5144 addam.

2094 5203 2229 5261 Cod.
2264 5204 2434 5274 Agob.
2466 5205 2534 5257 ita
2563 5204 2711 5273 legit,
2739 5203 2876 5258 intus
2904 5201 3108 5257 interim
3160 5200 3419 5271 praplteta:
3450 5197 3694 5253 scrinium

2096 5277 2285 5331 uacula
2300 5276 2469 5344 vincit.
2489 5275 2623 5330 llav.

2172 5370 2255 5444 (li)
2298 5367 2714 5444 Quadringentis.
2745 5367 2819 5422 Ita
2843 5367 3001 5422 etiam
3026 5361 3155 5444 de.
3176 5362 3334 5444 Fuld.
3366 5360 3695 5444 perdideras

2103 5436 2431 5510 exprimens,
2463 5436 2767 5510 ut’passim.
2799 5453 2964 5510 cccc._
2982 5448 3035 5493 et
3063 5436 3180 5510 haec
3200 5436 3315 5489 siue
3339 5436 3696 5510 distinctione

2103 5505 2467 5580 superioribus
2482 5505 2837 5565 conuertens.
2866 5508 3037 5564 Aldus
3062 5506 3223 5577 legit,
3250 5505 3547 5580 octingentis
3570 5518 3698 5572 pene

2106 5575 2252 5636 annis
2267 5591 2383 5635 ante
2399 5580 2581 5635 Urbem
2597 5583 2871 5644 conditam,
2884 5589 3081 5632 centum
3098 5575 3415 5646 septuaginta
3436 5575 3694 5646 Danaum,

2107 5655 2274 5724 ipsum
2300 5655 2439 5722 apud
2469 5668 2555 5705 vos
2581 5652 2991 5724 vetustissimum,
3017 5644 3427 5724 praevenitIQua:
3454 5644 3695 5715 profecto

2111 5719 2249 5779 haml
2272 5719 2497 5778 absurda
2515 5731 2656 5777 sunt.
2674 5719 3024 5790 Quocumque
3039 5720 3179 5774 enim
3197 5719 3355 5773 modo
3384 5725 3696 5787 computum

2109 5795 2333 5870 inieris,
2358 5794 2531 5870 Moses
2555 5795 2858 5870 et_Dauaus
2886 5807 2982 5862 per
3024 5790 3442 5870 quadringentqs
3471 5800 3639 5870 annos
3663 5800 3697 5841 ιι

2108 5882 2169 5926 se
2196 5856 2423 5927 invicem
2458 5864 2735 5923 discedere
2759 5879 2866 5923 non
2886 5856 3129 5936 possunt.
3155 5861 3226 5918 Et
3247 5856 3371 5934 apte
3396 5858 3552 5917 Urbis
3582 5856 3697 5915 Ro—
