4252 6278
575 311 683 371 599

1996 304 2038 361 Τ
2044 301 2463 365 EBTULLIANI

3769 301 3875 362 400

528 452 537 461 υ
576 429 779 497 vocari,
807 436 862 487 et
879 427 1038 486 deum
1064 434 1121 484 et
1144 425 1377 482 animum
1403 423 1552 481 Jovis
1573 419 1673 496 (a),
1702 431 1757 480 et
1785 421 2162 480 necessitatem
2193 424 2244 484 A
2267 420 2562 487 Christum,
2596 418 2803 476 scilicet
2827 415 3020 491 quibus
3036 419 3312 490 prophetae
3332 416 3709 489 loquebantur.
3740 417 3874 475 Nam

576 526 818 582 omnium
846 538 1047 587 rerum,
1078 520 1204 577 Haec
1225 517 1517 576 Cleanthes
1544 519 1596 574 in
1623 517 1868 588 spiritum
1897 517 2176 589 congerit,

578 634 738 689 quem
767 623 1152 687 permeatorem
1169 611 1531 667 universitatis
1546 609 1797 665 afﬁrmat.
1816 609 1880 665 Et
1897 623 1994 664 nos
2016 608 2176 664 etiam

575 709 825 767 Sermoni
849 716 1007 778 atque
1024 704 1233 760 Rationi
1259 704 1495 775 itemque
1516 701 1837 772 Virtuti,per
1858 715 1977 772 quae
1998 700 2176 755 omnia

577 804 822 863 molitum
849 802 1018 857 Deum
1045 800 1329 867 ediximus,
1359 795 1630 871 propriam
1652 795 2006 852 substantiam
2029 792 2177 864 spiri-

577 906 691 955 tum
714 894 796 968 (1)
827 894 1185 961 insoribinius,
1217 894 1302 950 cui
1332 901 1388 948 et
1410 893 1602 949 Sermo
1627 888 2171 963 insitprouuntianti,

578 999 637 1048 et
662 990 820 1046 Ratio
843 988 986 1045 adsit
1005 987 1335 1058 disponenti,
1363 995 1414 1042 ct
1452 986 1623 1041 virtus
1647 983 1829 1055 prmsit
1854 980 2172 1053 perlicienti.

576 1082 736 1139 Hunc
759 1096 827 1137 ex
850 1080 962 1137 Deo
989 1080 1255 1151 prolatum
1278 1077 1584 1141 didicimus,
1608 1086 1662 1131 et
1685 1072 1981 1145 prolatione
2006 1086 2172 1143 gene-

576 1185 839 1241 ratum,ct
863 1175 1062 1231 idcirco
1082 1172 1279 1228 Filium
1303 1171 1399 1228 Dei
1418 1180 1471 1227 et
1489 1171 1656 1228 Deum
1673 1168 1871 1224 dictum
1890 1183 1956 1223 ex
1974 1166 2177 1221 unitate

578 1267 915 1329 substantias.
945 1265 1078 1322 Nam
1115 1274 1168 1321 et
1195 1264 1334 1320 Deus
1359 1263 1597 1335 spiritus.
1624 1262 1689 1316 Et
1734 1276 1855 1316 cum
1882 1258 2086 1327 radius:
2109 1272 2176 1313 cx

579 1365 696 1421 sole
723 1362 1033 1433 porrigitur,
1063 1360 1239 1431 portio
1263 1373 1329 1413 ex
1356 1372 1595 1423 summa;
1634 1354 1730 1411 sed
1759 1354 1839 1409 sol
1868 1353 1972 1408 erit
2007 1351 2060 1406 in
2090 1366 2180 1406 ra-

580 1457 670 1513 dio
700 1455 802 1528 (2),
821 1454 943 1525 quia
968 1453 1099 1509 solis
1121 1459 1205 1508 est
1223 1449 1422 1513 radius,
1445 1462 1543 1503 nec
1563 1455 1841 1517 separatur
1858 1442 2178 1509 substantia,

579 1546 677 1604 sed
696 1544 1018 1604 extenditur.
1038 1542 1115 1598 Ita
1145 1542 1213 1599 de
1237 1541 1436 1614 Spiritu
1465 1540 1716 1611 Spiritus,
1735 1548 1789 1594 et
1814 1536 1881 1593 de
1909 1536 2019 1592 Dco
2040 1535 2182 1591 Deus

580 1639 663 1711 (ὅ)
684 1680 701 1707 ,
727 1646 787 1693 ιιι
821 1637 1000 1694 lumen
1025 1635 1092 1690 dc
1118 1635 1319 1690 lumine
1344 1646 1653 1689 accensum.
1682 1629 1859 1686 Manet
1884 1629 2087 1699 integra
2126 1634 2182 1682 et

590 1728 854 1787 indefecta
879 1727 1116 1782 materia:
1146 1725 1335 1781 matrix
1360 1765 1375 1790 ,
1405 1724 1505 1781 etsi
1534 1724 1711 1794 plures
1739 1721 1819 1794 (ι)
1845 1719 1969 1776 inde
1998 1717 2183 1774 tradu-

2281 522 2511 593 θερίζεις
2529 511 2975 587 annitimini
2978 520 3319 587 exspectant,
3353 525 3453 567 nec
3480 510 3582 566 alia
3605 512 3771 581 magis
3796 510 3877 564 in-

2280 616 2364 663 ter
2401 620 2501 661 nos
2550 613 2606 662 et
2641 605 2759 660 illos
2800 603 3150 674 compulsatio
3169 612 3275 671 est,
3301 616 3462 674 quam
3493 602 3635 673 quod
3650 602 3760 671 jam
3782 616 3877 658 vc-

2279 698 2424 755 uisse
2449 713 2554 753 non
2596 697 2840 754 credunt.
2869 696 3085 752 Duobus
3111 696 3253 752 enim
3284 695 3605 752 adventibus
3632 696 3749 766 ejus
3792 695 3874 751 si-

2276 791 2544 865 gnificatis
2569 808 2582 844 :
2606 791 2796 861 primo,
2826 788 2915 861 qui
2931 789 3041 859 jam
3073 797 3371 861 expunctus
3389 796 3474 844 est
3494 787 3547 842 in
3574 785 3876 843 humilitate

2278 882 2602 940 conditionis
2624 885 2892 950 humanae;
2910 881 3164 951 secundo,
3179 882 3270 954 qui
3292 879 3664 938 concludendo
3678 879 3879 935 saeculo

2280 977 2525 1032 imminet
2554 976 2607 1031 in
2636 973 2963 1030 sublimitate
2987 973 3277 1029 divinitatis
3302 981 3531 1029 exserte
3575 988 3590 1025 :
3635 970 3874 1042 primum

2282 1082 2388 1124 non
2411 1065 2778 1138 intelligendo,
2808 1064 3124 1133 secundum,
3148 1080 3304 1137 quem
3323 1062 3655 1120 manifestius
3678 1062 3876 1132 praedi-

2282 1171 2458 1219 catum
2475 1162 2593 1235 (12)
2615 1169 3030 1232 sperant,unum
3047 1159 3506 1216 existimaverunt.
3529 1156 3607 1214 Ne
3622 1158 3766 1215 enim
3790 1158 3878 1213 in-

2283 1256 2583 1326 telligerent
2624 1252 2932 1325 pristinum,
2961 1252 3214 1310 credituri
3288 1252 3333 1307 si
3363 1251 3785 1319 intellexissent,
3822 1258 3881 1308 et

2280 1347 2619 1407 consecuturi
2645 1346 2871 1401 salutem
2906 1346 2958 1400 si
2996 1345 3373 1411 credidissent,
3391 1344 3640 1401 meritum
3662 1343 3759 1399 fuit
3782 1342 3879 1399 de-

2280 1442 2463 1510 lictum
2480 1454 2668 1497 eorum
2682 1440 2825 1511 (15).
2840 1438 2948 1510 Ipsi
2965 1438 3147 1510 legunt
3165 1435 3238 1493 ita
3253 1438 3506 1507 scriptum
3522 1436 3802 1493 mulctatos
3814 1450 3880 1494 se

2284 1536 2542 1607 sapientia
2570 1544 2624 1590 et
2644 1531 2994 1604 intelligentia
3018 1539 3074 1588 et
3097 1530 3373 1586 oculorum
3396 1540 3447 1585 et
3469 1529 3677 1585 aurium
3703 1530 3873 1601 fruge.

2285 1628 2455 1698 Quem
2479 1628 2637 1699 igitur
2652 1626 2989 1682 solummodo
3010 1624 3284 1679 hominem
3302 1624 3422 1695 (11)
3438 1618 3891 1695 praesumpserant

2287 1720 2356 1777 de
2391 1720 2690 1775 humilitate
2711 1761 2726 1786 ,
2754 1718 3079 1789 sequebatur
3105 1718 3181 1773 uti
3222 1732 3435 1788 magum
3464 1718 3796 1773 mstimarent
3819 1715 3888 1773 de

584 1836 674 1878 ces
699 1820 1008 1892 qualitatum
1065 1817 1324 1873 mutueris
1359 1814 1462 1888 (ὃ).
1489 1815 1565 1870 Ita
1592 1825 1647 1870 et
1682 1812 1764 1886 (6)
1803 1811 1942 1883 quod
1985 1810 2053 1867 de
2075 1811 2185 1867 Deo
2214 1798 2584 1884 Fpotestatc,
2625 1826 2747 1867 cum
2805 1810 2895 1866 ille
2941 1810 3108 1866 verbo
3158 1809 3424 1865 daemonia
3463 1810 3534 1865 de
3577 1808 3889 1875 hominibus

581 1913 877 1986 profectum
918 1920 1025 1985 est,
1045 1912 1185 1967 Deus
1207 1920 1311 1978 est,
1334 1917 1388 1965 et
1418 1908 1512 1964 Dei
1539 1908 1740 1975 Filius,
1763 1917 1813 1963 ct
1847 1922 1985 1993 unus
2003 1905 2183 1960 ambo.

588 2007 660 2064 Ita
709 2005 857 2064 etde
886 2004 1086 2076 Spiritu
1140 2003 1402 2075 Spiritus,
1435 2011 1487 2058 et
1530 2001 1598 2057 de
1628 2001 1742 2057 Deo
1778 2000 1919 2055 Deus
1961 1997 2179 2054 modulo

582 2103 833 2168 alterum,
866 2114 974 2155 non
997 2113 1221 2154 numero
1243 2096 1317 2168 (b)
1343 2137 1359 2163 ,
1386 2096 1586 2167 gradu,
1618 2110 1726 2150 non
1755 2102 1895 2150 statu
1919 2090 2002 2165 (7)
2023 2090 2178 2154 fecit,

578 2206 634 2253 ct
673 2212 703 2251 a
732 2195 958 2251 matrice
988 2209 1094 2248 non
1145 2187 1423 2255 recessit,‘
1454 2190 1547 2246 sed
1586 2189 1837 2246 excessit.
1878 2186 1982 2242 Iste
2025 2185 2184 2256 igitur

583 2287 674 2344 Dei
697 2286 899 2353 radius,
919 2293 979 2341 ut
998 2294 1145 2341 retro
1163 2297 1377 2354 semper
1394 2280 1782 2355 przedicabatur
1804 2277 1904 2350 (8),
1934 2276 2184 2347 delapsus

580 2382 633 2436 in
661 2380 917 2452 virginem
948 2376 1258 2449 quamdam,
1289 2385 1344 2430 et
1370 2375 1424 2430 in
1454 2383 1606 2429 utero
1625 2372 1745 2443 ejus
1771 2385 1899 2426 caro
1926 2369 2182 2440 liguratus

576 2470 679 2547 (9),
704 2472 945 2529 nascitur
967 2471 1138 2527 Homo
1162 2469 1275 2525 Deo
1303 2468 1513 2524 mistus.
1543 2466 1681 2523 Caro
1709 2464 1899 2536 spiritu
1924 2464 2182 2518 instructa

579 2565 699 2638 (10)
728 2564 957 2621 nutritur
976 2605 991 2629 ,
1019 2561 1298 2628 adolescit,
1327 2560 1519 2615 affatur
1537 2602 1552 2627 ,
1595 2558 1781 2624 docet,
1832 2565 2105 2628 operatur,
2128 2562 2184 2610 et

573 2657 822 2713 Christus
861 2665 962 2713 est.
996 2654 1237 2725 Recipite
1263 2653 1475 2709 interim
1506 2652 1641 2723 hanc
1673 2649 1903 2707 fabulam
1924 2691 1940 2716 ,
1987 2647 2181 2704 similis

575 2758 659 2807 est
678 2748 873 2806 vestris
892 2790 908 2816 ,
934 2747 1063 2805 dum
1086 2746 1420 2804 ostendimus
1460 2743 1732 2816 quomodo
1754 2738 1758 2742 ’
1780 2742 2028 2798 Christus
2049 2754 2177 2812 pro-

579 2845 755 2899 betur.
799 2840 1051 2898 Sciebant
1093 2848 1150 2896 et
1186 2839 1279 2910 qui
1318 2852 1485 2909 penes
1524 2852 1620 2893 vos
1662 2834 1926 2907 ejusmodi
1969 2833 2175 2891 fabulas

576 2935 796 2991 :cmulas
822 2932 888 2989 ad
914 2932 1333 2989 destructionem
1354 2930 1594 2986 veritatis
1622 2926 1930 2985 istiusmodi
1957 2927 2175 2998 praemi-

583 3028 945 3087 nistraverunt
973 3022 1111 3098 (11).
1159 3023 1413 3081 Sciebant
1451 3034 1507 3080 et
1534 3022 1703 3080 Judaei
1737 3031 2017 3079 venturum
2057 3032 2178 3076 esse

2289 1910 2773 1982 excuteretgczncos
2799 1905 3143 1960 reluminaret
3171 1903 3309 1977 (15),
3338 1903 3578 1979 leprosos
3603 1911 3888 1975 purgaret,

2284 2000 2607 2072 paralyticos
2625 1999 2990 2069 restringeret,
3022 2006 3268 2053 mortuos
3289 1996 3524 2068 denique
3552 1996 3722 2052 verbo
3756 1995 3886 2053 red-

2285 2095 2437 2150 deret
2468 2093 2610 2158 vitm,
2643 2091 2910 2147 elementa
2940 2090 3051 2161 ipsa
3079 2088 3368 2145 famularet
3409 2087 3476 2159 (c)
3500 2129 3516 2155 ,
3546 2101 3892 2158 compescens

2286 2186 2548 2260 procellas
2575 2195 2627 2241 ct
2653 2183 2785 2241 freta
2818 2184 3169 2255 ingrediens,
3192 2183 3485 2239 ostendens
3518 2197 3579 2238 se
3620 2196 3741 2238 esse
3772 2190 3891 2237 A0-

2288 2288 2417 2337 rON
2447 2280 2562 2347 Dei,
2590 2279 2642 2334 id
2671 2290 2754 2334 est
2784 2278 3007 2334 verbum
3036 2276 3163 2332 illud
3192 2274 3533 2347 primordiale
3551 2274 3666 2347 (I6)
3695 2275 3894 2346 primo-

2293 2374 2561 2445 genitum,
2587 2373 2784 2426 virtute
2812 2378 2868 2426 et
2896 2371 3103 2425 ratione
3129 2368 3468 2433 comitatum,
3497 2379 3554 2423 et
3576 2367 3767 2439 spiritu
3786 2367 3893 2422 ful-

2243 2460 2245 2463 ’
2286 2475 2397 2521 tum
2431 2464 2568 2536 (l7),
2597 2462 2845 2519 eumdem
2866 2462 3346 2533 quiverboomnia,
3369 2471 3429 2516 et
3449 2460 3668 2527 faceret,
3697 2471 3748 2517 et
3771 2459 3889 2532 (I8)

2283 2556 2517 2614 fecisset.
2535 2554 2614 2611 Ad
2645 2554 2943 2611 doctrinam
2973 2569 3100 2610 vero
3128 2554 3264 2625 ejus,
3283 2570 3383 2625 qua
3407 2551 3890 2626 (I9)re\'inceban-

2285 2658 2371 2705 tur
2410 2646 2652 2719 magistri
2700 2649 3070 2717 primoresque
3117 2645 3460 2712 Judaaorum,
3494 2647 3562 2723 ita
3593 2660 3890 2716 exaspera-

2283 2740 2498 2803 buntur,
2526 2739 2763 2794 maxime
2785 2738 2927 2809 quod
2955 2737 3020 2793 ad
3043 2753 3164 2794 eum
3184 2740 3371 2810 ingens
3397 2722 3677 2794 multitudo
3693 2739 3893 2797 deﬂec-

2278 2842 2417 2890 teret
2452 2831 2590 2907 (20),
2617 2839 2678 2887 ut
2710 2840 2981 2901 postremo
3001 2830 3236 2886 oblatum
3262 2830 3654 2912 Pogtfipji‘lato
3682 2832 3891 2902 Syriam

2280 2933 2406 2981 tunc
2418 2940 2483 2979 ex
2520 2932 2670 3000 parte
2697 2922 2812 2997 (21)
2826 2922 3062 2978 Romana
3081 2921 3199 2995 (Ξὲ)
3222 2922 3302 2996 (d)
3329 2924 3640 2994 procuranti
3658 2923 3753 2998 (ε).
3772 2922 3891 2979 vico

2283 3017 2444 3073 lentia
2476 3014 2850 3087 suffragiorum
2894 3016 2946 3072 in
2972 3032 3185 3074 crucem
3213 3015 3329 3089 (25)
3360 3016 3482 3074 dedi
3511 3017 3611 3074 sibi
3643 3026 3891 3074 extorse-

1825 3132 2213 3193 LECTIONES
2248 3128 2666 3190 VAllIANTES.

668 3259 714 3335 1)
746 3254 1145 3335 mites?”-

668 3264 684 3314 1
746 3259 782 3312 S
819 3260 959 3311 ’ritus
978 3259 1145 3309 Paris.
2030 3290 2033 3291 ν

665 3325 696 3376 2
749 3274 866 3375 Egit
887 3323 1009 3372 Jun.

662 3390 692 3438 5
750 3384 820 3436 Ita
844 3384 909 3434 de
931 3397 1007 3446 sp.
1024 3408 1085 3419 -
1101 3380 1240 3432 Deus
1260 3376 1430 3430 desum
1453 3391 1505 3430 ut
1530 3378 1642 3430 cod.
1664 3375 1817 3429 Fuld.
1842 3383 1890 3428 et
1910 3375 1992 3429 ed.
2021 3374 2171 3427 Rhea.

750 3446 1089 3576 Iv‘uld.
1112 3510 1159 3556 et
1184 3498 1365 3555 Pamel.
1384 3503 1661 3567 qualitatis;
1688 3501 1847 3567 Lugd.
1874 3501 1939 3553 II.
1968 3500 2171 3552 traducis

610 3446 1089 3623 ἑὲξωξῐὲέἶῗηω.
1112 3510 1159 3556 et
1184 3498 1365 3555 Pamel.
1384 3503 1661 3567 qualitatis;
1688 3501 1847 3567 Lugd.
1874 3501 1939 3553 II.
1968 3500 2183 3552 traducis

577 3587 858 3638 (ιιιξιμιεέεεο

662 3632 716 3681 61
750 3630 811 3681 Et
832 3628 964 3680 abest
986 3631 1153 3679 Pam.

662 3634 694 3680 6
750 3634 811 3681 Et
832 3634 964 3680 abest
986 3634 1153 3679 Pam.

640 3634 716 3759 (Ἰ)
746 3691 852 3742 Non
877 3691 1029 3759 gradu
1064 3690 1152 3759 sed
1182 3693 1311 3759 statu
1336 3685 1503 3740 Paris.
1542 3686 1736 3738 Modulo
1773 3686 2015 3738 alternum
2034 3724 2049 3748 ,
2086 3699 2180 3736 nu—

578 3752 771 3807 merum
794 3753 966 3814 gradu,
990 3766 1086 3803 non
1103 3756 1231 3814 statu
1258 3752 1408 3799 Fran.

643 3819 715 3880 (8)
747 3809 1115 3880 Ijraedicebatur
1136 3812 1248 3880 cod.
1268 3820 1358 3862 vet.
1384 3809 1637 3880 Scriverii.

642 3872 1008 3944 (9)_Figuratus
1031 3877 1151 3944 (uti.
1179 3876 1415 3944 ﬂorem;
1450 3874 1706 3944 qua_mda_m
1739 3878 1793 3924 et
1829 3874 1876 3922 iu
1909 3880 2055 3923 utero
2072 3872 2181 3935 ejus

578 3932 949 4005 carofﬂgti‘ratur
973 3938 1093 4005 cod:
1105 3934 1235 4005 Fgld
1257 3948 1279 4005 ς
1300 3932 1499 3998 figurata
1526 3932 1734 3985 Semler.

672 3993 977 4055 lOIUStructa
1002 4002 1051 4049 Μ
1057 4001 1109 4050 S.
1137 3993 1286 4048 Fuld.

672 4006 729 4055 10
783 4006 977 4052 Structa
1002 4006 1109 4050 MS.
1137 4006 1286 4048 Eum.

645 4006 869 4129 (uisu
895 4061 1053 4129 locum
1075 4062 1385 4129 restituerunt
1410 4055 1659 4129 Scriver_.,
1698 4054 1807 4123 Rig.
1822 4063 1893 4129 _e_l
1929 4060 2179 4120 Haverc.;

583 4121 1111 4188 an'leu'leg.iprobetur
1125 4130 1188 4188 Aet
1209 4123 1293 4185 qui
1315 4146 1373 4157 —
1398 4121 1909 4184 praeministraverint.

671 4189 748 4251 12)
782 4185 960 4251 Gelen.
977 4199 991 4251 ς
1010 4185 1307 4251 praedictum.

673 4244 752 4314 15)
784 4248 935 4301 Illum.
968 4244 1025 4298 iu'
1042 4248 1119 4298 ed.
1147 4247 1218 4306 I.,
1265 4244 1414 4305 Δία..
1459 4245 1669 4323 PameQ,
1708 4246 1969 4305 Barrwus,
1998 4246 2175 4311 Gang.:

2208 3251 2253 3313 Ο
2283 3249 2515 3313 meritum
2539 3246 2630 3313 fuit
2651 3247 2965 3313 delictorum.

2346 3308 2451 3498 ΞΜ)
2486 3310 2650 3361 Solum
2676 3310 2926 3360 hominem
2950 3311 3093 3361 modo
3113 3311 3270 3364 Seml.

2375 3373 2453 3436 15)
2488 3371 2795 3422 Illuminaret
2817 3371 2986 3425 Paris.
3104 3396 3112 3403 ν

2378 3436 2452 3498 16)
2490 3436 2608 3485 Cod.
2636 3434 2781 3485 Fuld.
2808 3437 3077 3487 ostendens
3097 3449 3156 3487 se
3180 3449 3270 3487 ess

2375 3371 2453 3436 15)
2488 3371 2795 3436 Illuminaret
2817 3371 2986 3425 Paris.
3104 3396 3112 3403 ν

2378 3434 2452 3498 16)
2490 3436 2608 3485 Cod.
2636 3434 2781 3485 Fuld.
2808 3437 3077 3487 ostendens
3097 3449 3156 3487 se
3180 3449 3293 3488 esse
3316 3435 3467 3488 tilium
3493 3446 3546 3489 et
3569 3439 3704 3490 illum
3726 3436 3840 3491 olim
3862 3453 3893 3493 ι

2282 3496 2396 3548 Deo
2418 3496 2726 3560 praedicatum
2748 3534 2762 3557 ,
2797 3506 2851 3548 et
2885 3498 2951 3560 ad_
2981 3500 3196 3560 omnium
3232 3499 3441 3550 salutem
3479 3510 3645 3552 natum
3685 3504 3890 3553 verbum

2282 3558 2546 3627 Deii'llud,
2576 3566 2764 3627 etc.,_§t
2786 3558 2977 3627 omissis
3020 3558 3210 3627 verbis:
3241 3563 3471 3612 eumdem
3493 3564 3889 3627 qui—fecisset.

2283 3621 2659 3734 “ﬁmbriam,
2686 3623 2829 3685 Her.,
2860 3624 3046 3687 Gangn.
3074 3636 3091 3673 :
3116 3625 3431 3685 instructum,
3459 3621 3571 3676 σόα.
3602 3626 3759 3692 Lugd.
3786 3625 3892 3677 suf-

2345 3745 2448 3818 (18)
2464 3748 2494 3796 Ι
2495 3751 2616 3818 stam
2631 3760 2734 3818 (me.
2751 3747 2980 3818 eumdem
2995 3774 3063 3818 -;
3072 3746 3273 3799 fecisset
3286 3746 3411 3799 delet
3428 3746 3686 3818 Rigauius;
3702 3751 3891 3818 Haver-

2283 3808 2500 3882 compius
2519 3808 2679 3882 autem
2701 3815 2860 3882 tuetur
2882 3808 2957 3862 sic
2981 3809 3326 3877 reformalam:
3352 3808 3582 3861 eumdem
3606 3813 3688 3874 qui
3726 3813 3890 3863 ornnia

2285 3878 2338 3921 et
2361 3870 2547 3921 faceret
2571 3877 2623 3920 et
2644 3870 2861 3922 fecisset.

2347 3931 2451 3992 (19)
2485 3932 2607 3992 Quia
2631 3935 2755 3983 Par.

2374 3933 2429 3982 19
2485 3932 2607 3992 Quia
2631 3935 2755 3983 Par.

2347 3931 2451 4114 ξεοξ
2482 3995 2766 4045 Conﬂueret
2788 3994 2896 4046 rod.
2923 3998 3073 4050 Fuld.

2372 4056 2453 4114 21)
2490 4056 2648 4107 Plebe
2674 4059 2785 4107 MS.
2812 4059 2964 4114 Luad.
2999 4062 3073 4110 Ba

2372 4056 2453 4121 et)
2490 4056 2648 4121 Plebe
2674 4059 2785 4121 MS.
2812 4059 2964 4121 Lugd.
2999 4062 3110 4111 Bal.

2350 4062 2425 4114 (21
2491 4062 2648 4107 Plebe
2674 4062 2785 4107 MS.
2812 4062 2964 4123 Lugd.
2999 4062 3110 4111 Bal.

2350 4062 2605 4231 (ἓξὲξ)
2636 4119 2788 4185 Lugd.
2816 4135 2881 4170 ex
2907 4121 3055 4185 plebe
3080 4122 3298 4173 Romana
3317 4156 3332 4184 ,
3358 4123 3509 4175 Fuld.
3536 4137 3599 4175 ex
3628 4129 3769 4188 parte
3791 4122 3894 4175 Ro-

2284 4194 2567 4307 m?%?Ila
2587 4244 2698 4296 cod.
2720 4243 2889 4306 Fuld.;
2912 4244 3024 4297 alii:
3048 4248 3096 4297 in
3119 4261 3190 4299 cr.
3214 4247 3386 4298 Jesum
3411 4247 3552 4301 dedi.

1949 4352 2506 4413 COMMENTARIUS.

657 4496 736 4571 (θ)
769 4495 1019 4551 Eumdem
1059 4504 1103 4549 et
1148 4497 1315 4619 {alunt
1359 4494 1528 4547 vocari
1554 4501 1598 4547 et
1648 4490 1813 4547 Deum
1857 4501 1904 4546 et
1949 4492 2176 4546 animum

658 4570 750 4619 uis.
798 4565 1001 4619 Eadem
1058 4580 1152 4619 ver
1172 4580 1219 4619 )a
1246 4564 1386 4619 anud
1435 4564 1786 4619 Lactantium.
1814 4561 2059 4618 Laertius
2084 4578 2176 4616 au.

582 4547 750 4625 solii.
769 4547 1014 4623 Ῑξέίᾶέὶἧ
1058 4547 1219 4622 verba
1246 4564 1386 4634 apud
1435 4564 1786 4619 Lactantium.
1814 4561 2059 4618 Laertius
2084 4578 2179 4616 au-
2207 4547 2260 4610 D

585 4650 695 4697 tem
721 4639 952 4696 Zenonis
980 4637 1300 4712 sententiam
1328 4636 1409 4690 sic
1455 4635 1667 4712 retulit,
1717 4640 1765 4688 ἓν
1791 4658 1842 4688 τε
1871 4638 2023 4691 ricam
2061 4641 2177 4689 Θεὸν

585 4723 670 4767 καὶ
698 4718 847 4773 Νοῦν,
877 4716 1184 4779 Εἱμαρμξνην
1207 4749 1221 4773 ,
1245 4705 1334 4761 ’καὶ
1360 4716 1476 4761 Δία.
1508 4705 1627 4761 RIG.

657 4782 737 4853 (b)
786 4775 1293 4853 Modulo'ollerum,
1343 4794 1442 4831 non
1475 4792 1707 4853 numero.
1756 4775 1908 4853 Alius
1957 4791 1986 4830 ιι
2022 4775 2176 4853 filio

585 4847 748 4908 Pater
771 4861 889 4916 cst,
930 4865 1032 4921 qua
1065 4850 1258 4921 Pater,
1302 4864 1407 4903 non
1439 4863 1540 4919 qua
1561 4849 1734 4921 Deus.
1767 4848 1916 4921 alios
1945 4862 1992 4921 ag
2018 4847 2176 4921 Patre

586 4924 729 4977 illius
755 4931 839 4977 est
862 4964 877 4981 .
927 4918 1033 4990 qua
1062 4920 1203 4974 filius
1231 4961 1245 4986 ,
1273 4935 1380 4975 non
1409 4918 1510 4990 qua
1539 4919 1607 4974 de
1637 4921 1747 4973 Deo
1775 4918 1937 4973 Deus.
1970 4918 2119 4973 Alius
2144 4935 2175 4974 a

585 4992 744 5049 Patre
773 5001 828 5047 et
855 4991 992 5047 Filio
1020 4991 1250 5060 Spiritus
1269 5032 1285 5057 ,
1314 5006 1416 5060 qua
1447 4989 1679 5060 Spiritus
1698 5030 1715 5056 ,
1764 5004 1870 5043 non
1917 5004 2021 5060 qua
2051 5004 2173 5045 cum

583 5063 701 5121 Deo
731 5063 895 5133 Patre
936 5070 989 5116 et
1017 5059 1153 5133 Filio
1204 5059 1349 5116 Deus
1394 5059 1502 5116 est.
1525 5059 1670 5133 Nam
1701 5073 1822 5114 cum
1863 5059 1957 5133 sit:
1983 5075 2173 5133 unusa

583 5135 747 5190 Patre
772 5145 827 5190 et
858 5132 993 5187 Filio
1020 5130 1249 5201 Spiritus
1272 5170 1288 5199 ,
1320 5145 1428 5186 uno
1457 5131 1686 5200 spiritu,
1745 5146 1850 5185 una
1879 5130 2173 5186 substantia

584 5203 748 5262 Pater
775 5215 830 5260 et
857 5204 1022 5259 Filius
1068 5210 1123 5257 et
1165 5201 1396 5272 Spiritus
1426 5216 1589 5256 unum
1619 5209 1746 5257 sunt
1767 5241 1782 5263 .
1817 5201 1980 5272 quod,
2006 5219 2173 5258 unum

584 5275 731 5332 Deus
774 5284 875 5331 est.
920 5274 1036 5330 ηις.
1076 5301 1142 5314 -
1189 5271 1402 5326 Modulo
1471 5273 1708 5326 alterum.
1754 5271 1845 5328 Sic
1918 5271 2176 5329 adversus

583 5345 883 5408 Praxeam.
934 5360 1053 5416 pag.
1112 5342 1238 5416 640.
1298 5342 1427 5416 Non
1464 5352 1631 5398 tamen
1678 5342 1968 5416 diuersitate
2014 5344 2173 5416 alium

584 5418 754 5488 ﬁlium
780 5435 811 5471 a
836 5413 1026 5482 Patre;
1054 5417 1144 5470 sed
1167 5413 1527 5488 distributione
1548 5430 1568 5479 ,°
1595 5429 1684 5488 nec
1715 5413 2135 5488 divisigzeralium
2156 5458 2170 5483 ,

583 5483 680 5543 ἱρά
703 5489 1057 5553 distinctione,
1088 5486 1207 5556 quia
1223 5502 1325 5556 non
1353 5485 1417 5538 sit
1438 5484 1571 5539 idem
1613 5483 1843 5556 Paleruet
1868 5483 2064 5547 Filius.
2097 5487 2176 5543 vel

582 5559 795 5615 modulo
836 5559 969 5613 alius
1007 5557 1070 5611 ab
1101 5554 1240 5611 'alio.
1288 5555 1356 5610 Et.
1399 5570 1517 5627 pag.
1569 5555 1697 5611 645.
1764 5554 2016 5611 ι’ἱδὶὑὶιεηι
2059 5574 2178 5614 vero

584 5628 638 5685 F
640 5629 785 5701 ilium
813 5643 1148 5701 agnoscamus
1170 5668 1185 5693 ,
1218 5642 1311 5697 pro
1341 5627 1547 5681 modqu
1591 5627 1970 5701 derivationis.‘
1994 5628 2178 5701 Itaque

579 5700 779 5758 modus
806 5697 866 5756 et
885 5698 1133 5754 modulus
1161 5707 1242 5752 est
1267 5706 1535 5754 certarum
1563 5712 1742 5752 rerum
1772 5697 2066 5754 secundum
2091 5697 2177 5754 sui

620 5772 799 5893 sueris
852 5770 1085 5826 rationes
1132 5768 1450 5839 dispositio,
1501 5767 1807 5835 ordinatio,
1855 5770 2176 5827 oeconomia.

655 5855 756 5893 em.

2357 4478 2937 4576 (οηεήηιηιαιςειρυρη
2963 4510 3122 4576 _u-s_u_m
3159 4497 3308 4576 verbi
3350 4514 3456 4576 non
3483 4498 3886 4576 intelligerent,

2289 4562 2682 4647 substituerunt
2705 4567 2757 4621 iu
2784 4565 2919 4647 Cod.
2948 4568 3143 4624 Aldino
3168 4572 3515 4647 etAgobard.
3545 4562 3886 4647 [uincitur-ent;

2289 4633 2473 4719 Voluit
2501 4635 3029 4719 NOSter'cvprimere
3053 4633 3526 4719 ετξςξοιιὶιτιξόουλορν,
3545 4633 3691 4712 quod
3723 4652 3806 4697 est
3833 4644 3890 4697 in

2283 4708 2576 4831 ἷῐῖῖἓὶιαιεὶη
2601 4708 2850 4780 redigere,
2899 4722 2952 4766 et
2983 4708 3216 4767 ita“alios
3244 4713 3407 4768 etiam
3449 4708 3660 4769 locu'tos
3700 4722 3891 4769 notant

2398 4792 2519 4831 rnre
2545 4792 2625 4831 cs.

2282 4791 2625 4847 interpretes.

2354 4848 2440 4930 (d).
2462 4847 2549 4930 .lt’z
2577 4859 2722 4930 parte
2752 4848 3008 4930 _Ro_maug.
3038 4851 3148 4930 MS.
3174 4852 3235 4909 L.
3345 4871 3420 4930 ea:
3449 4855 3592 4927 plebe
3630 4856 3888 4930 Romanis.

2280 4917 2443 4985 Quasi
2462 4917 2647 4977 innuat
2666 4921 2926 4997 plebeiam
2950 4924 3262 4980 Pontiorum
3283 4917 3702 4997 fuisse'gentem.
3724 4926 3882 4983 Fuld.

2280 5006 2410 5045 vero
2451 5007 2515 5046 ea:
2558 5002 2702 5059 parte
2741 4993 3052 5060 Romanam,
3100 4999 3250 5060 quasi
3307 4993 3491 5053 nollet'
3521 4998 3887 5054 Romanorum

2284 5063 2575 5139 provinciis
2617 5066 2965 5139 annumerari
3011 5066 3062 5139 in
3111 5063 3264 5137 Syria
3295 5066 3636 5139 Coniugenen
3688 5078 3743 5124 et
3784 5068 3885 5124 Ju-

2279 5132 2703 5215 dwatn,_ttt_pote_
2717 5136 2830 5190 suis
2853 5134 3095 5215 dynastis
3117 5132 3170 5215 ei
3201 5139 3399 5215 regulis
3429 5132 3723 5215 subjectas.
3750 5139 3891 5197 Erat

2279 5219 2418 5286 vero
2441 5204 2567 5286 illud
2606 5204 2822 5286 solitum
2857 5204 3113 5286 Romanis
3135 5204 3636 5286 istis’temporibus,
3667 5220 3726 5286 ut
3765 5225 3891 5267 sese

2282 5273 2509 5330 turbidis
2548 5276 2708 5331 rebus
2736 5278 3054 5351 populorum
3100 5289 3157 5351 et
3203 5273 3660 5351 regutti'dissidiis
3706 5282 3889 5337 immi-

2279 5355 2513 5423 soerent,
2545 5361 2654 5423 quo
2685 5349 3017 5423 potentiores
3043 5350 3133 5420 qui
3180 5349 3311 5423 nutu
3344 5365 3459 5423 suo
3489 5351 3684 5423 Remp.
3723 5368 3885 5423 rege-

2279 5416 2410 5500 bant
2434 5427 2488 5472 et
2518 5417 2711 5500 pedum
2755 5418 2908 5489 pulsu
2940 5416 3211 5476 exercitus
3232 5422 3567 5500 colligerent,
3591 5416 3656 5500 ej:
3678 5416 3887 5500 rapi'uis

2282 5486 2606 5563 ditescerent
2627 5495 2683 5543 et
2703 5486 2875 5563 regna
2888 5505 2952 5563 ac
2978 5501 3292 5560 potestates,
3321 5486 3518 5563 quibus
3541 5486 3760 5561 vellent,
3782 5495 3887 5550 do-

2282 5568 2491 5635 narent.
2517 5558 2798 5627 Quomodo
2820 5561 2900 5635 illi
2926 5558 3145 5617 obnoxii
3172 5558 3419 5635 patronis
3437 5565 3551 5622 suis
3575 5580 3644 5622 ne
3673 5558 3887 5624 hiscere

2283 5629 2500 5700 quidem
2520 5639 2707 5686 contra
2734 5631 3022 5689 audebant.

2357 5698 2798 5773 (e)Proguranti.
2829 5702 3046 5760 Tacitus
3062 5706 3128 5762 de
3152 5720 3286 5763 nece
3305 5705 3508 5762 Christi
3536 5708 3733 5763 Annal.
3763 5704 3884 5773 XV.
3990 5710 4007 5717 ’

2283 5770 2377 5851 μέ
2569 5771 2768 5827 Tiberio
2808 5774 3146 5851 inaperigznle,
3180 5794 3272 5847 per
3297 5770 3886 5851 ProcuratoremAAPoit-

2285 5841 2412 5896 tium
2429 5840 2659 5899 Pilatum
2676 5840 2930 5916 supplicio
2947 5840 3161 5915 allectus
3180 5840 3305 5905 erat.
3338 5848 3561 5908 Hieron.
3588 5850 3648 5907 in
3678 5847 3883 5908 Chron.
