4258 6274
343 371 446 433 401

1743 372 2012 431 APOLOC
2022 373 2281 432 ETILUS.

3545 382 3655 438 £02

345 487 478 544 rint.
508 485 831 543 Pratdixerat
857 491 913 541 et
954 485 1068 556 ipse
1115 485 1186 540 ita
1216 482 1470 541 facturos.
1500 484 1697 542 Parum
1739 484 1862 552 hoc,
1893 488 1937 544 si
1968 490 2021 549 A
2047 496 2129 545 rat
2174 490 2499 560 sepulcrum,
2552 499 2609 549 et
2656 492 2899 549 custodia
2955 509 3155 565 pavore
3199 496 3454 569 disjecta,
3487 499 3648 557 nullis

350 595 458 635 non
484 592 537 636 et
553 578 826 649 propheta:
855 585 1019 633 retro.
1049 576 1114 631 Et
1139 585 1319 649 tamen
1346 576 1572 633 sufﬁxus
1598 578 1844 648 spiritum
1866 580 1947 652 (l)

350 685 472 729 cum
515 671 680 726 verbo
704 676 897 741 sponte
918 668 1145 736 dimisit,
1166 678 1438 740 praevento
1466 668 1734 726 carniﬁcis
1767 669 1949 727 ofﬁcio

353 762 452 837 (a).
497 764 698 820 Eodem
744 772 1019 819 momento
1047 761 1190 828 dies,
1245 762 1480 818 medium
1509 762 1610 834 (b)
1643 762 1720 834 (2)
1760 763 1947 820 orbem

355 858 601 929 signante
626 856 764 924 sole,
795 855 1057 912 subducta
1076 863 1178 910 est.
1206 854 1507 926 Deliquium
1538 855 1609 927 (ε)
1644 855 1828 926 utique
1852 871 1949 925 pu-

351 959 613 1017 taverunt,
654 950 745 1022 qui
792 950 846 1005 id
898 964 1110 1020 quoque
1156 963 1320 1019 super
1349 948 1569 1003 Christo
1600 948 1947 1018 prmdica‘tum

348 1058 456 1099 non
484 1043 754 1109 scierunt;
796 1041 1031 1115 [ratione
1072 1057 1177 1098 non
1208 1041 1566 1112 deprehensa,
1594 1039 1946 1114 negaverunt]

349 1136 463 1206 (3);
495 1144 550 1190 et
577 1144 757 1191 tamen
787 1149 912 1189 eum
960 1133 1144 1189 mundi
1180 1148 1364 1189 casum
1401 1132 1626 1188 relatum
1654 1133 1706 1187 in
1732 1134 1948 1188 arcanis

350 1229 429 1299 (4)
450 1227 646 1283 vestris
674 1226 905 1282 habetis.
930 1225 1081 1282 Tunc
1107 1224 1276 1280 Judaei
1302 1224 1601 1280 detractura
1624 1232 1679 1279 et
1702 1224 1949 1292 sepulcro

348 1318 623 1375 conditum
646 1333 839 1387 magna
868 1317 1031 1372 etiam
1058 1317 1303 1371 militaris
1328 1314 1587 1371 custodire
1608 1316 1686 1388 (5)
1716 1314 1946 1386 diligen-

350 1413 419 1468 tia
448 1410 912 1469 circumsederunt
935 1410 1041 1481 (6),
1061 1425 1150 1476 ne,
1182 1410 1303 1479 quia
1336 1408 1656 1479 prtedixerat
1679 1409 1831 1465 tertia
1860 1409 1948 1465 die

344 1514 780 1561 resurrecturum
802 1517 861 1558 se
888 1518 918 1556 a
951 1512 1146 1570 morte,
1173 1502 1421 1572 discipuli
1442 1500 1585 1556 furto
1610 1501 1815 1556 amoliti
1844 1516 1938 1557 ca-

344 1597 515 1655 daver
541 1597 781 1653 fallerent
802 1606 1097 1667 suspectos.
1125 1595 1230 1653 Sed
1251 1611 1378 1652 ecce
1406 1596 1494 1653 die
1518 1597 1673 1652 tertia
1701 1596 1781 1670 (7)
1809 1612 1939 1653 con-

342 1705 503 1747 cussa
527 1700 750 1762 repente
773 1700 910 1746 terra
929 1731 946 1758 ,
987 1700 1039 1748 et
1057 1690 1197 1746 mole
1218 1691 1480 1759 revoluta,
1507 1707 1628 1763 quas
1648 1691 1934 1750 obstruxe-

2051 584 2435 655 apparentibus
2463 584 2769 657 discipulis,
2812 587 2943 644 nihil
2995 589 3071 645 in‘
3093 591 3342 661 sepulcro
3371 602 3645 664 repertum

2051 682 2155 739 est,
2188 684 2545 748 prmterquam
2586 679 2794 734 exuvia:
2821 680 3038 751 sepulti.
3064 680 3146 755 (8)
3170 681 3529 741 Nihilominus
3566 694 3651 742 ta-

2052 782 2176 823 men
2202 770 2717 841 primores,quorum
2741 773 3022 843 intererat,
3046 783 3101 830 et
3123 775 3303 832 scelus
3330 775 3611 849 divulgare
3630 821 3648 845 ,

2051 870 2106 915 et
2135 860 2390 931 populum
2420 862 2734 933 vectigalem
2774 874 2828 921 et
2879 866 3190 922 famularem
3233 867 3336 924 sibi
3378 884 3411 924 a
3440 868 3546 926 ﬁde
3565 869 3649 944 (9)

2052 969 2331 1020 revocare,
2361 955 2673 1027 subreptum
2715 973 2743 1011 a
2773 958 3054 1031 discipulis
3082 960 3487 1031 jactitaverunt.
3515 961 3649 1020 Nam

2053 1060 2155 1103 nec
2174 1046 2265 1103 ille
2291 1061 2349 1103 sc
2377 1047 2429 1103 in
2452 1049 2638 1119 vulgus
2655 1048 2859 1117 eduxit,
2892 1066 2961 1106 ne
2982 1051 3331 1123 impiierrore
3352 1053 3651 1113 liberaren-

2055 1148 2161 1205 tur,
2195 1147 2251 1193 ut
2277 1147 2333 1195 et
2362 1138 2516 1204 ﬁdes,
2548 1156 2652 1196 non
2686 1141 2942 1199 mediocri
2973 1146 3196 1214 prtemio
3222 1145 3510 1213 destinata,
3541 1147 3647 1205 dif-

2053 1227 2615 1312 ﬁcultateconstaret.
2642 1231 2776 1289 Cum
2806 1233 3082 1305 discipulis
3121 1244 3302 1292 autem
3329 1238 3648 1309 quihusdam

2050 1324 2189 1393 apud
2214 1322 2488 1379 Galilaeam
2525 1324 2724 1383 Ιυιιωω
2750 1327 3025 1399 regionem
3060 1312 3129 1385 ad
3153 1328 3504 1402 quadraginta
3530 1331 3650 1390 dies

2051 1415 2180 1486 egit,
2222 1415 2424 1474 docens
2463 1432 2559 1473 eos
2586 1434 2708 1490 qua:
2736 1417 3015 1476 docerent.
3050 1420 3254 1478 Dehinc
3278 1423 3540 1482 ordinatis
3567 1426 3647 1483 eis

2050 1507 2117 1562 ad
2138 1505 2371 1563 ofﬁcium
2401 1510 2721 1579 praedicandi
2749 1527 2847 1582 per
2867 1512 3080 1581 orbem,
3131 1513 3458 1573 circumfusa
3503 1518 3647 1575 nube

2043 1599 2095 1654 in
2123 1599 2319 1656 emtum
2363 1610 2445 1656 est
2472 1609 2691 1672 ereptus
2720 1602 2858 1673 (l0),
2889 1604 3059 1658 multo
3106 1605 3286 1661 verius
3312 1620 3471 1676 quam
3501 1608 3644 1681 apud

2041 1708 2137 1750 vos
2164 1694 2557 1768 asseverarqde
2585 1694 2815 1752 Romulo
2855 1696 2971 1769 (il)
2996 1690 3208 1755 Proculi
3245 1699 3328 1771 (tl)
3353 1701 3548 1760 solent.
3566 1703 3642 1762 Ea

1586 1805 1969 1865 LEC'I'IONES
2010 1808 2421 1866 VARIANTES.

405 1919 477 1986 (Ι)
511 1919 768 1994 Εάάὲὶηηιε
791 1917 1053 1994 Riqaltimn
1070 1925 1115 1994 et
1286 1934 1304 1970 :
1329 1920 1586 1994 prephetze
1610 1930 1749 1994 retro
1756 1923 1935 1994 etiam.
1968 1925 2015 1985 B

341 1982 524 2034 Tamen
546 1983 750 2034 suﬁixus
786 1982 938 2032 multa
975 1983 1146 2031 mortis
1181 1982 1312 2032 illius
1332 1982 1539 2045 propria
1576 1985 1793 2045 ostendit
1823 1986 1940 2034 iusi-

340 2048 471 2109 gnia.
497 2046 615 2109 Nam
638 2046 891 2109 Spiritum,
918 2050 1013 2109 etc.
1046 2047 1134 2109 νη.
1159 2044 1407 2109 Μωρέ
1429 2046 1560 2097 Nam
1582 2044 1635 2097 in
1655 2046 1765 2099 cod.
1792 2045 1937 2098 Fuld.

340 2105 528 2160 desunt.
554 2105 680 2170 Rig.‘
705 2106 895 2170 emend.
920 2105 985 2158 Et
1006 2106 1203 2156 tandem
1226 2107 1336 2157 suﬁ‘.

402 2171 477 2239 (ἓ)
509 2159 714 2239 Edim
745 2168 902 2239 βεῐηλι
1022 2226 1032 2238 .
1140 2228 1152 2239 .
1281 2232 1291 2239 .
1388 2191 1393 2195 ‘

425 2228 478 2295 5)
520 2235 611 2283 γυ.
644 2231 783 2295 uncis
803 2228 991 2282 inclusa
1014 2228 1065 2281 in
1079 2228 1183 2295 solo
1200 2232 1310 2295 cod.
1328 2229 1470 2295 (ald.
1497 2231 1669 2295 addita
1693 2233 1932 2295 leguntur.

424 2288 476 2360 4)
510 2295 542 2345 Ι
543 2301 592 2346 ια
611 2294 718 2361 Rig.
742 2300 788 2346 et
808 2295 933 2345 Hav.
958 2307 986 2345 e
1006 2293 1115 2345 cod.
1141 2293 1321 2358 Fuld.;
1342 2290 1543 2346 c'teteri:
1572 2295 1629 2346 In
1649 2288 1872 2347 arcIiivis.

2125 1985 2178 2049 6)
2214 1985 2673 2049 Circumsepserunt
2695 1989 2805 2038 MS.
2824 1985 3072 2049 Agobard.

2105 2048 2180 2110 (7)
2216 2048 2317 2099 Sed
2341 2048 2401 2098 ad
2422 2048 2555 2099 diem
2578 2051 2770 2099 tertiam
2793 2048 2903 2101 MS.
2930 2048 3078 2102 Fuld.

2106 2111 2179 2176 (8)
2212 2111 2405 2176 Praeter
2429 2112 2634 2176 exuvias
2656 2111 2926 2176 sepulturae
2947 2115 3057 2164 cod.
3084 2111 3232 2167 Fuld.

2106 2122 2158 2173 (δ
2215 2122 2405 2161 t'rteter
2429 2124 2634 2161 exuvras
2656 2122 2818 2182 sepult

2103 2122 2687 2287 ῗῗὲὶΑΙῗθέῗδῗιυέ

2126 2235 2203 2307 tu
2239 2235 2671 2307 ιξθεξεριυθβεφιι

2130 2295 2205 2363 11)
2246 2298 2364 2349 Cod.
2383 2295 2537 2349 'Fuld.
2563 2296 2672 2363 Rig.
2696 2306 2743 2350 et
2762 2301 2888 2350 Har.
2914 2299 3150 2352 Romulis.

2127 1925 2158 1974 5
2213 1923 2410 1975 Militari
2430 1937 2575 1974 manu
2598 1924 2831 1975 custodite
2853 1884 3064 1992 Franeq.
3095 1928 3307 1982 Parisin.

2127 1923 2180 2111 ϐξ
2214 1985 2805 2064 Circumse'pseruntﬂs.
2824 1986 3072 2100 Abgobard.

2128 2049 2157 2098 7
2216 2050 2317 2099 Sed
2341 2048 2401 2098 ad
2422 2049 2555 2099 diem
2578 2057 2770 2099 tertiam
2793 2052 2845 2101 Μ
2892 2087 2903 2099 .
2930 2048 3078 2102 Fuld.

1708 2398 2275 2461 COMMENTARIUS.

334 2518 532 2575 Euseb.
582 2534 731 2573 num.
776 2514 1035 2571 MMXIJI.
1091 2515 1291 2570 Pilatus
1339 2524 1641 2585 procurator
1670 2515 1928 2571 Judtetea

334 2590 533 2644 Tiberio
561 2589 794 2643 mittitur.
824 2588 954 2655 Quae
981 2603 1143 2658 quum
1167 2587 1359 2640 mirum
1393 2589 1460 2658 in,
1480 2585 1696 2658 modum
1726 2589 1923 2658 passim

335 2662 617 2717 turbentur
636 2675 667 2715 a
693 2655 1038 2730 quibusdam,
1071 2659 1372 2721 sciendum,
1424 2655 1924 2723 Vitellium,’virum

336 2732 693 2797 consularem,
716 2729 890 2785 fuisse
918 2741 1026 2783 tum
1052 2730 1308 2797 temporis
1331 2729 1611 2797 prmsidem
1635 2730 1796 2784 totius
1826 2731 1932 2800 Sy-

335 2806 451 2867 riae,
485 2803 578 2858 sed
632 2802 884 2858 habuisse
908 2816 1035 2855 suos
1084 2810 1481 2870 procuratores,
1509 2802 1597 2868 qui
1639 2800 1749 2855 fere
1776 2810 1931 2856 erant

336 2876 543 2945 equites
572 2875 727 2927 Rom.
754 2889 890 2943 quos
920 2872 1002 2945 vel
1034 2870 1088 2925 in
1120 2872 1357 2945 minores
1380 2871 1727 2945 provincias,
1758 2872 1842 2926 vel
1873 2872 1928 2928 in

335 2936 498 3018 regna
550 2936 1228 3018 sociorummittebatkut
1256 2942 1325 3018 ibi
1357 2936 1795 3018 administrarent
1842 2959 1928 2998 res

337 3012 468 3087 Po'p.
496 3019 652 3075 Rom.
684 3019 798 3072 sive
840 3016 892 3069 in
924 3013 1209 3087 exigendis
1240 3012 1475 3087 tributis,
1500 3023 1559 3087 _et
1598 3014 1776 3087 pactis
1805 3029 1929 3087 cum

336 3084 494 3143 Rom.
525 3088 818 3145 foederibus
839 3084 1138 3151 servandis,
1162 3085 1276 3155 sive
1328 3084 1380 3137 in
1423 3085 1732 3139 universum
1766 3085 1929 3155 inspio

338 3161 539 3215 εἰοιιίιὶι.
570 3174 638 3215 ne
678 3158 805 3229 quid
846 3156 1153 3212 detrimenti
1185 3154 1616 3229 ReSp._caperet.
1650 3154 1739 3229 Sic
1784 3155 1929 3229 inter

337 3231 457 3286 illos
482 3224 720 3286 Iudaeam
741 3230 961 3284 sortitus
989 3234 1075 3283 est
1101 3236 1308 3298 partem
1342 3224 1512 3297 Syri-ae
1533 3225 1756 3307 Pontius
1779 3225 1925 3281 Pila-
1957 3244 2003 3307 ρ

338 3311 426 3356 tus
455 3312 514 3356 ut
539 3317 656 3356 eam
683 3309 1035 3371 procuraret.
1104 3295 1118 3298 ’
1160 3370 1169 3371 7
1211 3368 1221 3371 Α
1297 3367 1323 3371 φ
1386 3295 1398 3297 ⁷
1440 3367 1451 3371 _
1612 3295 1751 3350 ﬂav.

416 3373 498 3445 (a)
528 3366 792 3445 Prwvéuto
804 3370 1064 3445 carniﬁcis
1090 3368 1275 3445 ofﬁcio.
1297 3367 1412 3422 Duo
1430 3367 1553 3445 loca
1577 3381 1848 3445 apponere
1869 3366 1935 3422 li-

337 3438 437 3499 bet
464 3438 577 3498 lucc
602 3444 832 3497 maxime
853 3438 1191 3503 illustrantia,
1220 3438 1463 3495 Suetonii
1491 3453 1677 3504 unum,
1705 3438 1928 3493 Seneca:

336 3515 591 3570 alterum.
638 3513 694 3568 In
728 3512 843 3567 Vita
878 3513 1078 3568 Tiberii
1102 3527 1151 3568 c.
1177 3509 1315 3566 LXI.
1361 3509 1496 3564 Mori
1541 3508 1818 3563 volentibus
1858 3509 1931 3563 vis

337 3586 572 3639 adhibita
619 3584 837 3639 vivendi.
881 3582 1023 3637 Nam
1069 3593 1284 3637 mortem
1334 3580 1461 3634 adeo
1489 3578 1594 3634 leve
1620 3580 1930 3648 suppliciunt

340 3657 571 3727 putabat,
603 3665 658 3710 ut
681 3672 798 3709 cum
825 3655 1049 3710 audisset
1085 3671 1245 3727 unum
1290 3669 1352 3727 ea;
1379 3653 1474 3727 ei_s,
1498 3651 1790 3727 Carnalium
1832 3666 1929 3704 no-

338 3722 492 3791 mine,
521 3728 828 3797 anticipasse
855 3743 985 3788 eam,
1017 3722 1784 3797 exclamaverit,Carnalius_ine
1808 3738 1928 3797 e_va-

336 3799 421 3852 sit.
452 3800 656 3854 Seneca
680 3792 760 3853 'ad
801 3797 1055 3853 Marciam
1084 3810 1132 3851 c.
1164 3793 1331 3850 XXII.
1360 3795 1428 3848 de
1456 3803 1606 3863 patre
1645 3794 1762 3861 ejus
1800 3792 1930 3848 Cie-

338 3872 507 3925 mulio
536 3870 736 3935 Cordo,
769 3870 868 3923 sub
893 3869 1082 3923 eodem
1109 3866 1351 3940 principe
1375 3864 1548 3920 inedia
1578 3864 1714 3918 mori
1752 3873 1924 3940 certo,

341 3957 409 3997 ne
438 3958 562 3996 rcus
594 3933 811 4011 periret.
840 3933 1189 4003 Accusatores,
1221 3933 1431 4011 Sejano
1464 3945 1689 4011 altctore,
1739 3933 1928 4011 adeunt

339 4004 620 4068 Consultem
649 4011 923 4066 tribunalia
951 4026 969 4065 :
995 4004 1718 4081 querunturintrori‘Cordum,
1738 4077 1746 4081 _
1770 4006 1928 4081 inter-

338 4084 586 4154 pellantes
623 4083 758 4150 quod
784 4074 1070 4154 coegerant.
1101 4082 1239 4134 Adeo
1281 4080 1386 4154 illis
1426 4074 1621 4131 Cordus
1664 4076 1925 4154 videbatur

340 4148 578 4226 cingere.
608 4148 798 4226 Magna
814 4148 892 4208 res
908 4163 1014 4226 erat
1039 4153 1091 4207 in
1118 4151 1411 4226 quatstimte,
1440 4166 1507 4202 an
1533 4158 1692 4201 morte
1712 4148 1784 4226 rei
1806 4164 1927 4217 pro-

341 4220 649 4280 hiberentur.
694 4220 832 4279 Dum
862 4220 1188 4292 deliberatur,
1230 4222 1352 4275 dum
1389 4229 1707 4275 accusatores
1751 4220 1931 4272 iterant

340 4298 550 4354 adeunt.
584 4297 670 4351 ille
697 4313 751 4351 se
774 4296 1073 4351 absolverat.
1544 4348 1551 4352 ,
1726 4314 1739 4326 ο

413 4367 493 4438 (b)
524 4366 934 4438 Dics,imedium.
957 4365 1253 4422 Conﬁrmat
1277 4365 1391 4438 ipse
1411 4361 1770 4438 Tertullianus
1791 4361 1928 4438 Adv.

338 4433 555 4497 Iudaeos
576 4455 626 4494 c.
643 4437 770 4492 X.N
775 4456 856 4492 am
870 4438 1006 4508 quod
1018 4439 1067 4492 in
1082 4433 1316 4508 passione
1339 4436 1448 4506 ejus
1471 4433 1677 4508 accidit,
1701 4433 1935 4508 ntmedia

344 4511 534 4585 Etdies
559 4505 938 4585 latebreseeret.
968 4505 1123 4585 Amos
1150 4505 1397 4585 propitiata
1412 4505 1702 4585 annuntiat,
1722 4505 1936 4585 dicens:

342 4584 463 4647 erit,
494 4582 675 4652 inquit,
691 4583 743 4636 in
768 4581 851 4636 die
876 4583 989 4647 illa,
1014 4581 1135 4635 dicit
1150 4575 1432 4652 Dominus,
1448 4576 1643 4652 occidet
1665 4576 1744 4652 sol
1769 4575 1936 4629 media

343 4645 457 4717 die,
480 4645 778 4707 tenebrescet
803 4669 957 4721 super
974 4645 1163 4706 terram
1194 4651 1302 4705 dies
1346 4647 1575 4721 luminis.
1609 4645 1808 4702 Ibidem
1843 4655 1938 4721 :_ut

344 4724 627 4796 praplictitc
651 4718 1072 4796 adimplerentur,
1094 4721 1405 4796 properavit
1431 4718 1540 4796 dies
1566 4733 1823 4796 vesperam
1853 4719 1937 4786 {a-

344 4785 475 4849 ἰετέ.
504 4793 650 4849 Idem
681 4785 805 4849 hinc
833 4785 1069 4865 exillicat
1093 4785 1328 4850 Hierem.
1364 4790 1426 4865 II.
1466 4790 1552 4844 η.
1587 4785 1808 4865 Εάξρςυξι
1833 4785 1936 4865 φάο

344 4867 450 4920 tum
477 4881 631 4937 super
656 4867 771 4938 isto.
802 4865 867 4919 Et
903 4858 1159 4938 quomodo
1183 4874 1229 4938 e_t
1250 4861 1453 4938 quando
1485 4858 1684 4938 expavit
1711 4858 1935 4938 blnda.
1970 4889 1982 4905 .

345 4929 956 5011 bitate,quandopassus
996 4947 1069 5011 est
1099 4929 1348 5011 Christus.
1394 4931 1460 5011 Et
1499 4929 1934 5011 inquitinquit,

347 4998 623 5079 plurimmn
650 4998 823 5073 nimis,
854 5019 902 5064 et
925 5010 1003 5064 sol
1029 5007 1196 5064 media
1214 5006 1303 5079 die
1322 4998 1938 5079 tenebricapit.Et-quan-

347 5071 414 5133 do
444 5081 644 5133 horruit
682 5071 851 5143 nimis,
886 5080 985 5135 nisi
1008 5081 1061 5134 in
1088 5074 1543 5151 passioneCltristi
1564 5072 1589 5126 ?
1610 5071 1803 5151 _S_imi_le
1831 5072 1934 5151 mia

345 5152 586 5207 raculum
608 5141 901 5206 annotat’in
925 5152 1018 5205 lib.
1044 5141 1122 5206 Ad
1155 5148 1439 5217 Scapulam
1464 5160 1583 5217 cap.
1608 5142 1695 5200 III.
1727 5141 1937 5217 Namet

345 5221 427 5277 sol
450 5222 541 5277 ille
559 5223 610 5275 in
632 5231 874 5276 conventu
913 5222 1137 5277 Uticensi
1165 5214 1385 5273 extincto
1418 5232 1543 5285 pene
1566 5214 1775 5280 lumine,
1808 5216 1936 5267 adeo

350 5303 637 5363 portentum
669 5293 786 5362 fuit,
829 5303 883 5346 ut
928 5310 1031 5346 non
1062 5291 1278 5363 potuerit
1317 5304 1381 5342 ea:
1408 5286 1936 5363 ordinarioudeliquio

348 5356 445 5417 hoc
484 5364 612 5433 pati,
643 5356 836 5432 positus
873 5365 925 5417 in
962 5356 1382 5433 suo'hypsomate
1409 5357 1755 5433 et_domicilio.
1792 5356 1941 5411 Dixit

349 5429 521 5489 orbem
543 5429 777 5504 signante
800 5434 924 5497 sole,
967 5435 1003 5489 i.
1033 5448 1083 5490 e.
1117 5429 1419 5504 occultante
1460 5429 1639 5483 lumen
1683 5442 1842 5504 suum
1883 5435 1938 5504 et

350 5498 683 5575 obsignantc.
714 5504 846 5578 Nam
874 5508 1078 5578 signare
1110 5502 1313 5578 antiqui
1361 5502 1610 5578 dixerunt
1655 5512 1752 5567 pro
1794 5498 1939 5578 obsi-

349 5569 517 5647 gnar'e
541 5587 596 5632 et
622 5569 1178 5649 occultarefNonius,
1218 5569 1471 5649 signatum
1491 5569 1938 5649 integrari-130:9:—

350 5637 467 5707 nem
492 5657 709 5703 vetustas
734 5648 889 5703 voluit
918 5648 1105 5702 dicere.
1137 5637 1289 5703 Unde
1330 5643 1457 5697 illud
1483 5637 1688 5695 Cantic.
1721 5637 1811 5695 IV.
1846 5637 1935 5695 i2.

351 5720 625 5803 εφξιενξθίο
650 5722 827 5803 deus"
850 5737 923 5789 εει
953 5721 1066 5792 to"8
1090 5719 1402 5803 °_b‘.‘!l"“‘"§-
1428 5714 1546 5803 le?
1570 5713 1638 5803 €19
1654 5713 1795 5803 @259,
1813 5713 1939 5803 399*?

354 5784 654 5859 caelestium
680 5784 983 5859 globorum,
1016 5784 1332 5846 exstatbme
1358 5787 1557 5843 locutio
1578 5786 1717 5856 apud
1745 5784 1941 5840 Jobum

354 5857 428 5924 Ix
476 5859 527 5915 7.
551 5862 618 5918 de
644 5857 752 5921 Deo
769 5864 856 5936 qui
881 5863 995 5921 Soli
1020 5862 1106 5919 dat
1132 5864 1272 5933 insca
1296 5878 1408 5933 sua,
1432 5875 1521 5916 nec
1542 5859 1722 5929 oritur,
1749 5859 1939 5931 signat-

2036 2533 2134 2591 que
2146 2517 2340 2591 stellas.
2362 2517 2530 2588 Cujus
2552 2532 2652 2591 ego
2673 2519 2775 2574 loci
2800 2520 2887 2575 hic
2914 2522 3107 2591 respici
3133 2531 3261 2590 puto
3282 2523 3632 2583 locutionem.

2109 2589 2188 2668 (ρ)
2222 2588 2512 2668 Deliquium
2545 2590 2717 2668 utique
2738 2588 3059 2668 putaverunt.
3091 2588 3328 2668 Phlegon
3360 2611 3557 2668 nempe
3580 2609 3637 2656 ct

2035 2659 2280 2735 Thallus,
2315 2660 2553 2735 insignes
2585 2659 2920 2735 chronologi,
2943 2679 3171 2735 quorum
3204 2659 3397 2735 p'rioris
3419 2659 3635 2727 nomine

2037 2740 2091 2786 et
2115 2731 2293 2787 studio
2323 2730 2590 2786 Adrianus
2611 2730 2812 2800 Caesar,
2835 2735 2919 2788 vir
2943 2730 3262 2802 multiscius,
3299 2752 3428 2794 usus
3456 2740 3635 2795 credi-

2039 2812 2125 2857 tur
2172 2802 2225 2856 in
2269 2803 2382 2856 suis
2431 2802 2786 2871 publicandis.
2840 2804 3170 2861 Testimonia
3219 2817 3343 2863 nota
3386 2818 3529 2871 sunt.
3580 2822 3638 2869 et

2034 2872 2193 2951 digna
2213 2888 2346 2951 quae
2376 2873 2822 2951 legantur__apud_
2855 2875 3142 2951 Eusebium
3172 2877 3373 2934 Chron.
3403 2897 3457 2951 p.
3500 2881 3631 2936 202.

2036 2944 2111 3000 De
2137 2944 2332 3015 quibus
2364 2944 2685 2999 testimoniis
2704 2944 2764 2999 et
2809 2946 2967 3015 hujus
2998 2950 3074 3003 rei
3126 2951 3382 3006 miraculo
3403 2944 3635 3008 innuino

2035 3015 2202 3069 videri
2239 3014 2418 3077 debet,
2451 3015 2647 3069 ibidem
2691 3014 3047 3084 plurcs’locos
3084 3019 3378 3085 adducens,
3410 3022 3635 3078 illustris

2034 3085 2274 3159 scaliger
2308 3101 2359 3153 p.
2382 3085 2507 3159 186.
2527 3095 2583 3140 et
2612 3084 2685 3159 De
2708 3086 2934 3159 Emend.
2957 3088 3283 3159 Temporum
3303 3084 3501 3159 p.56l.
3533 3092 3635 3149 Cui
3698 3134 3703 3139 .

2032 3156 2153 3211 addi
2180 3165 2356 3226 potest
2378 3156 2608 3226 Bymeus
2633 3155 2725 3209 lib.
2760 3157 2846 3214 Ill.
2879 3173 2929 3213 c.
2962 3157 3015 3213 8.
3048 3155 3114 3214 de
3140 3155 3375 3215 Morte'l.
3409 3164 3468 3216 C.
3490 3162 3629 3218 Hav.

2108 3226 2187 3297 (d)
2206 3225 2282 3281 De
2294 3225 2528 3299 Romulis
2543 3227 2786 3299 proculis.
2819 3226 2894 3299 Ita
2922 3228 3043 3299 Rig.
3072 3245 3137 3286 cx
3157 3230 3291 3285 Cod.
3321 3231 3474 3286 Fuld.
3506 3242 3632 3289 uota

2040 3296 2396 3371 lectitio_.__Alii
2444 3298 2507 3371 de
2548 3296 2766 3371 Romulo
2819 3296 3045 3371 Proculi.
3078 3304 3362 3371 Augustin.
3406 3302 3474 3358 de
3504 3304 3626 3358 Civ.

2039 3369 2131 3423 Dei
2161 3369 2201 3424 l.
2230 3367 2321 3423 Ill.
2349 3382 2399 3421 c.
2428 3368 2513 3423 15.
2543 3368 2771 3423 ostendit
2796 3383 2860 3424 ex
2879 3369 3139 3427 Cicerone
3165 3367 3308 3427 illam
3331 3374 3470 3429 inter
3494 3373 3632 3430 Deos

2035 3439 2651 3514 Romulireceptionem
2689 3440 2949 3514 creditam
2979 3457 3101 3497 esse
3150 3443 3318 3514 magis
3345 3460 3504 3514 quam
3546 3444 3629 3500 l'a-

2034 3521 2207 3584 ctam.
2230 3509 2338 3584 Nec
2360 3514 2564 3584 mirum
2584 3526 2703 3584 eum
2725 3512 2894 3584 etiam
2932 3509 3387 3584 sepulcrum'ejus
3407 3516 3631 3573 exstite-

2033 3583 2124 3655 rit,
2166 3581 2209 3635 si
2260 3580 2484 3634 Varroni
2536 3580 3082 3655 lid_es._Porpbyr.'ad
3111 3580 3497 3655 Horatfl‘lpod.
3533 3588 3625 3643 lib.

2032 3652 2100 3708 ad
2128 3667 2377 3726 carmen,
2408 3651 2551 3721 quod
2599 3652 2785 3721 incipit
2827 3651 3001 3708 Altera
3020 3655 3134 3726 jam
3163 3657 3358 3710 teritur.
3373 3651 3493 3713 'hoc
3530 3673 3629 3713 no-

2035 3733 2133 3798 tat,
2165 3740 2283 3798 nam
2336 3720 2499 3776 Varro
2532 3733 2643 3798 post
2672 3720 2839 3798 rostra
2867 3720 3042 3798 fuisse
3083 3727 3371 3798 sepulcrum
3418 3726 3629 3783 Romuli

2032 3794 2173 3868 dicit.
2192 3793 2378 3868 Itaque
2402 3808 2529 3848 vere
2555 3794 2835 3864 Augustin.
2859 3793 3096 3868 Viderint
3121 3793 3327 3861 quidam
3355 3800 3627 3868 scriptores

2032 3865 2312 3941 etiant,_qui
2340 3881 2457 3919 eum
2480 3874 2686 3941 propter
2712 3867 3078 3941 ferocitatema
3104 3868 3303 3941 Senatu
3319 3865 3629 3941 discerptum

2032 3952 2139 3991 esse
2166 3936 2424 4009 dixerunt,
2455 3935 2881 4009 subornatumque
2905 3940 3072 3993 nescio
3096 3956 3240 4009 quem
3269 3935 3629 3995 Julinm'l’ro—

2032 4009 2224 4080 culum,
2262 4008 2349 4077 qui
2375 4022 2491 4080 cum
2519 4009 2619 4080 sibi
2645 4008 2948 4078 apparuisse
2985 4010 3194 4076 diceret,
3225 4027 3438 4078 eumque
3464 4028 3552 4080 per
3574 4029 3629 4065 se

2034 4078 2224 4147 papula
2268 4077 2540 4132 mandasse
2586 4077 2836 4144 Romano,
2863 4090 2922 4132 ut
2963 4080 3093 4134 inter
3116 4083 3329 4135 numina
3359 4077 3625 4146 coleretur,

2034 4164 2190 4220 eoque
2216 4148 2365 4203 modo
2404 4151 2671 4219 populum,
2700 4151 2787 4219 qui
2814 4160 2992 4204 contra
3030 4151 3276 4207 Senatum
3302 4153 3632 4208 intumescere

2035 4228 2255 4292 mperat
2282 4236 2569 4287 repressum
2593 4231 2743 4292 atque
2767 4221 3019 4292 sedatum.
3049 4222 3179 4277 Nam
3207 4231 3359 4278 certe
3389 4225 3627 4292 precntio

2036 4291 2168 4346 satis
2213 4291 2548 4347 divinitatem
2591 4291 2887 4346 obtinuisse
2929 4291 3087 4348 docet
3136 4293 3317 4348 Aurel.
3348 4291 3531 4350 Victor
3571 4294 3629 4350 in

2038 4360 2188 4432 Epir.
2212 4362 2264 4416 in
2286 4361 2461 4416 Marco
2489 4363 2686 4437 Anton.
2720 4360 2787 4414 Et
2812 4363 2945 4431 quod
2968 4362 3031 4418 de
3062 4363 3279 4418 Romulo
3304 4380 3445 4437 seqre
3465 4365 3631 4419 credi-

2039 4443 2147 4487 tum
2182 4440 2277 4500 est,
2320 4448 2493 4486 omnes
2536 4432 2659 4503 pari
2701 4449 2850 4503 sensu
2900 4432 3367 4503 prwsumpserunt;
3396 4434 3630 4489 Marcum

2039 4505 2164 4574 caelo
2190 4513 2445 4574 receptum
2470 4518 2597 4559 esse.
2626 4502 2690 4556 Et
2712 4502 2813 4557 huc
2843 4502 3019 4574 lorsan
3051 4502 3236 4559 referri
3264 4513 3439 4574 potest
3462 4504 3629 4558 semi-

2042 4573 2217 4630 nudus
2243 4573 2331 4628 ille
2351 4573 2582 4643 juvenis,
2615 4575 2705 4642 qui
2729 4573 2865 4642 apud
2893 4574 3177 4630 Bellorium
3208 4573 3445 4630 in’Adm.
3469 4575 3628 4629 Rom.

1961 4620 2015 4683 Ι)
2042 4620 3177 4715 31.13.“.'vagagag"t.i;t'satiatam
3209 4620 3632 4709 Βίεὶἱῶξᾜῖεἱῦἰὶὶὶ

2044 4716 2228 4773 Diana:
2257 4715 2537 4780 Lucilerm,
2569 4716 2708 4770 coelo
2740 4716 2944 4783 inl'crri,
2980 4717 3201 4771 intentis
3247 4716 3418 4771 oculis
3460 4715 3631 4771 admi-

2043 4798 2211 4851 ratur,
2246 4786 2345 4841 nisi
2370 4787 2544 4857 potius
2568 4802 2634 4840 ex
2683 4786 2862 4840 habitu
2889 4797 2943 4842 ct
2966 4786 3289 4853 diademate,
3321 4802 3430 4857 quo
3471 4796 3634 4856 caput

2042 4868 2283 4922 ornatur,
2335 4857 2474 4911 Deus
2512 4856 2712 4911 Genius
2750 4856 2821 4910 sit
2847 4858 3192 4912 :rstimandus
3218 4880 3230 4913 ε
3258 4856 3399 4913 tanta
3426 4859 3634 4915 scilicet

2041 4930 2226 5001 gloria:
2254 4928 2522 5001 vecordia
2579 4929 2821 5001 homines
2865 4930 3176 5001 incesserat.
3226 4929 3515 4985 Suetonius
3560 4930 3632 4985 de

2040 4997 2264 5072 Augusti
2294 5001 2483 5072 anima
2501 5014 2617 5063 cap.
2650 5015 2698 5055 c.
2733 4997 2844 5072 Nec
2872 4998 3034 5071 defuit
3064 5000 3139 5054 vir
3164 5002 3448 5072 prwloritts,
3474 5002 3633 5072 quise

2040 5070 2249 5197 efﬁgiem
2276 5070 2485 5125 cremati
2526 5081 2724 5125 euntem
2751 5071 2805 5123 in
2830 5070 3009 5125 cretum
3034 5070 3217 5127 vidisse
3248 5074 3496 5143 jurasset.
3523 5070 3633 5127 Sed

2040 5158 2105 5197 au
2149 5144 2163 5197 i
2191 5142 2413 5197 Tertull.
2443 5141 2511 5196 de
2539 5142 2778 5197 Snectal.
2805 5157 2926 5197 can.
2957 5142 3052 5197 ult.
3096 5143 3163 5197 de
3202 5159 3360 5197 mena
3390 5142 3579 5197 inferni
3613 5158 3629 5195 :

2039 5141 2163 5199 audi
2191 5142 2413 5197 Tertull.
2443 5141 2511 5196 de
2539 5142 2778 5214 Spectat.
2805 5157 2926 5212 cap.
2957 5142 3052 5198 ult.
3096 5143 3180 5214 de
3202 5141 3360 5214 pugna
3390 5142 3579 5197 inferni
3613 5158 3629 5195 :

2039 5223 2272 5283 spectans
2302 5222 2373 5267 tot
2403 5229 2463 5266 ac
2495 5222 2660 5266 tantos
2687 5212 2868 5284 Reges,
2900 5215 2986 5283 qui
3007 5217 3059 5269 in
3087 5212 3269 5269 caelum
3294 5214 3480 5283 recepti
3501 5228 3632 5284 nun-

2040 5284 2317 5346 tiabantur,
2368 5300 2483 5337 cum
2522 5286 2633 5355 ipso
2668 5282 2799 5355 Jove
2834 5293 2880 5338 et
2922 5287 3032 5340 istis
3076 5286 3180 5340 suis
3207 5282 3414 5339 testibus
3436 5285 3488 5337 in
3514 5283 3631 5338 imis

2040 5357 2254 5409 tenebris
2291 5354 2731 5426 congemiscentes.
2762 5354 2951 5412 Verius
2973 5356 3040 5412 de
3068 5357 3454 5426 triumphatore
3483 5369 3634 5426 rnor-

2041 5427 2108 5481 tis
2128 5426 2253 5481 Jesu
2295 5436 2479 5479 oestro
2506 5425 2632 5479 illud
2658 5441 2998 5496 usurpamus,
3031 5426 3172 5492 quod
3197 5425 3301 5481 uno
3327 5427 3424 5480 nisi
3449 5425 3637 5479 adula-

2040 5498 2176 5552 torie
2200 5496 2446 5552 Valerius
2473 5496 2734 5552 Maximus
2762 5497 2828 5552 de
2852 5497 2995 5551 .Inlio
3023 5496 3235 5554 Caesare
3257 5498 3437 5552 dicere
3462 5497 3635 5567 potuit

2038 5567 2129 5624 IV.
2158 5568 2212 5623 5.
2243 5567 2307 5620 In
2335 5568 2470 5621 hunc
2495 5567 2701 5621 modum
2731 5585 2831 5622 non
2858 5570 3086 5624 homines
3116 5572 3397 5640 exspirant,
3425 5566 3514 5640 sed
3556 5566 3633 5640 dii

2041 5640 2355 5694 immortales
2384 5645 2525 5710 sedes
2550 5649 2943 5710 suasrrepetunt.
2975 5638 3228 5696 Alludere
3267 5651 3393 5710 puto
3423 5638 3637 5693 Tertul-

2040 5710 2239 5766 Iianum
2267 5724 2389 5764 cum
2418 5709 2546 5782 dicit
2571 5709 2650 5763 Ad
2672 5708 2792 5765 Nat.
2825 5711 2865 5765 I.
2896 5710 2983 5766 IO.
3006 5727 3178 5768 coram
3199 5708 3388 5782 populo
3412 5726 3513 5782 non
3544 5726 3635 5782 pe-

2036 5784 2229 5855 jeraret
2266 5781 2635 5852 contemplator
2657 5782 2841 5855 caelitis
2866 5783 2921 5837 in
2954 5782 3135 5839 caelum
3163 5780 3372 5855 recepti.
3404 5780 3511 5855 sed
3542 5780 3637 5837 hic

2047 5852 2197 5913 locus
2227 5864 2408 5915 nionet
2436 5868 2520 5910 me
2550 5852 2829 5912 medicina:
2851 5869 2954 5931 qua
2980 5870 3192 5915 summe
3219 5853 3421 5935 indiget
3443 5853 3535 5911 illo
3554 5867 3645 5915 ca,
