4258 6274
586 389 694 447 £03

2011 382 2474 442 TERTULLIANI

3783 386 3894 452 404

589 506 766 594 omnia
821 519 982 575 super
1024 502 1239 559 Christo
1291 502 1511 565 Pilatus,
1570 510 1625 558 et
1669 501 1784 571 ipse
1819 500 1929 572 jam
1969 515 2065 571 pro
2092 515 2186 556 sua
2213 502 2265 562 Α
2293 501 2536 567 Athenis,
2563 499 2861 573 Melampus
2886 503 3061 575 Argis,
3089 503 3430 575 Trephonius
3456 503 3680 567 Bmotize
3712 503 3892 562 initia-

589 582 919 654 eiiascientia
940 595 1267 650 christianos
1296 594 1399 665 (a),
1431 594 1631 650 Caesari
1655 603 1769 648 tum
1802 593 2016 649 Tiberio
2052 608 2188 648 nun-

592 689 764 743 tiavit.
797 686 904 742 Sed
928 695 981 742 ct
1008 685 1253 747 Cm‘sares
1281 685 1638 741 credidissent
1677 700 1841 756 super
1865 686 2099 752 Christo,
2143 684 2187 738 si

589 787 681 834 aut
697 777 937 835 Cursares
966 792 1071 833 non
1102 777 1507 841 esseutsrcculo
1544 778 1837 833 necessarii
1879 776 1981 849 (ὁ),
2007 785 2100 832 aut
2140 776 2188 831 si

592 883 647 930 et
675 872 961 928 christiani
1010 872 1311 944 potuissent
1342 887 1462 928 esse
1488 887 1718 928 ctcsares
1769 871 1867 945 (c).
1922 872 2188 942 Discipuli

590 978 807 1036 quoque
836 962 1013 1018 diﬁ'usi
1043 979 1137 1033 per
1163 962 1373 1029 orbem,
1408 978 1470 1017 ex
1504 973 1773 1034 princepto
1819 964 2058 1035 magism
2092 962 2184 1017 Dei

590 1064 906 1128 paruerunt,
936 1057 1108 1127 quiet
1134 1056 1232 1126 ipsi
1279 1071 1308 1109 a
1338 1055 1538 1111 Judzcis
1571 1057 1977 1127 insequentibus
2022 1056 2191 1111 multa

590 1149 858 1219 perpessi,
891 1149 1074 1220 inique
1099 1163 1199 1218 pro
1236 1147 1429 1203 liducia
1456 1148 1695 1203 veritatis
1726 1148 1973 1214 libenter,
2003 1148 2189 1203 Romae

592 1251 868 1311 postremo
894 1255 992 1312 per
1022 1239 1250 1315 Neronis
1279 1240 1561 1303 smvitiam,
1593 1240 1907 1310 sanguinem
1938 1240 2190 1296 christia-

592 1336 723 1389 num
752 1316 1172 1389 seminaverunt.
1197 1332 1303 1388 Sed
1327 1332 1744 1389 monstrabimus
1776 1331 1858 1404 (I)
1890 1333 2041 1389 vobis
2072 1335 2190 1390 ido-

593 1440 728 1483 neos
754 1435 919 1482 testes
944 1426 1166 1493 Christi,
1198 1426 1345 1496 ipsos
1370 1425 1493 1479 illos
1537 1439 1672 1495 quos
1693 1425 1947 1480 adoratis.
1974 1426 2194 1481 Multum

595 1526 697 1586 est,
730 1520 774 1575 si
805 1533 899 1574 eos
921 1518 1205 1575 adhibeam
1254 1528 1311 1573 ut
1335 1519 1564 1573 credatis
1582 1517 1902 1573 Christianis
1926 1562 1939 1586 ,
1975 1529 2197 1591 propter

594 1625 733 1682 quos
752 1626 855 1674 non
885 1611 1106 1666 creditis
1128 1609 1447 1665 Christianis
1473 1607 1572 1682 (2).
1600 1610 1814 1664 Interim
1839 1610 1926 1665 hic
1956 1620 2038 1666 est
2065 1611 2199 1667 ordo

596 1714 809 1759 nostrar
842 1703 1188 1758 institutionis
1213 1746 1227 1768 ,
1279 1703 1420 1757 hunc
1458 1703 1723 1757 edidimus
1762 1702 1839 1774 (ὅ)
1874 1713 1927 1758 et
1954 1714 2118 1761 sectae
2143 1714 2199 1761 et

597 1798 832 1855 nominis
860 1811 1080 1853 censum
1104 1813 1222 1852 cum
1255 1812 1353 1851 suo
1379 1808 1620 1852 auctore.
1672 1796 1843 1851 Nemo
1882 1798 2013 1868 jam'
2053 1798 2192 1854 inla—

595 1891 761 1947 miam
796 1890 1035 1955 incutiat,
1069 1905 1227 1947 nemo
1247 1889 1389 1944 aliud
1416 1889 1705 1955 existimet,
1736 1890 1856 1960 quia
1878 1905 1977 1946 nec
2002 1890 2084 1945 fas
2112 1891 2192 1965 (4)
2222 1869 2270 1928 Β

595 1995 679 2041 est
708 1985 800 2040 ulli
828 1984 897 2040 de
922 2001 1015 2039 sua
1045 1986 1303 2055 religione
1329 1984 1564 2038 mentiri.
1598 1984 1676 2038 Ex
1729 1998 1797 2039 eo
1830 1983 1971 2039 enim
1999 2026 2015 2051 ,
2050 1988 2194 2055 quod

597 2079 743 2134 aliud
771 2094 799 2132 a
827 2093 887 2133 se
913 2078 1013 2132 coli
1040 2077 1195 2155 dicit,
1227 2092 1385 2146 quam
1405 2077 1553 2143 colit,
1583 2085 1739 2147 negat
1766 2075 1908 2146 quod
1937 2076 2086 2143 colit,
2141 2089 2196 2133 et

595 2174 860 2228 culturam
911 2180 965 2227 ct
1003 2171 1261 2226 hnnorem
1304 2172 1386 2242 (5)
1434 2171 1491 2223 iu
1557 2170 1782 2223 alterum
1824 2170 2096 2238 transfert,
2140 2180 2198 2226 et

600 2263 977 2318 transferendo
999 2264 1109 2333 jam
1140 2280 1245 2318 non
1270 2264 1397 2318 colit
1423 2262 1565 2331 quod
1596 2262 1826 2332 negavit.
1855 2260 2111 2329 Dicimus,
2142 2274 2196 2320 ct

599 2358 773 2426 palam
824 2357 1077 2421 dicimus,
1125 2366 1179 2411 et
1234 2356 1383 2409 VUI)IS
1439 2356 1814 2427 torquentibus
1870 2355 2095 2412 lacerati
2141 2366 2197 2413 et

595 2448 801 2504 cruenti
851 2446 1241 2502 vociferamur:
1289 2448 1455 2503 Deum
1485 2449 1711 2501 colimus
1744 2462 1839 2518 per
1890 2447 2190 2507 Christum.

596 2541 748 2596 Illum
775 2539 1046 2594 hominem
1077 2546 1280 2609 putate,
1314 2552 1407 2608 per
1425 2552 1549 2593 eum
1572 2546 1626 2594 et
1662 2539 1713 2592 in
1749 2554 1815 2594 eo
1860 2554 1919 2595 se
1945 2544 2197 2613 cognosci

599 2620 711 2690 vult
740 2635 880 2690 Deus
910 2642 962 2691 et
990 2634 1113 2691 coli.
1145 2632 1213 2690 Ut
1256 2641 1433 2688 autem
1473 2631 1675 2688 Judaeis
1712 2634 2089 2704 respondeam,
2143 2648 2198 2694 et

596 2729 699 2798 ipsi
731 2728 897 2784 Deum
936 2745 1030 2799 per
1057 2726 1376 2801 [hominem]
1405 2726 1487 2798 (6)
1515 2727 1730 2799 Moysen
1768 2729 1947 2786 colere
1986 2731 2192 2789 didice-

600 2830 725 2877 runt
749 2837 763 2887 ;
810 2829 868 2877 ut
896 2820 1099 2877 Griecis
1119 2834 1423 2886 occurram,
1452 2819 1697 2890 Orpheus
1726 2818 1938 2889 Pieriae,
1963 2823 2194 2885 Musaeus

2297 594 2532 651 tionibus
2560 594 2805 651 homines
2836 597 3239 667 obligaverunt;
3271 606 3325 651 ut
3351 596 3416 652 ad
3444 612 3541 652 vos
3558 610 3770 668 quoque
3796 598 3894 654 do-

2293 688 2585 743 minatores
2623 690 2860 759 gentium
2910 690 3188 759 asliiciam,
3232 688 3395 745 homo
3459 689 3558 744 luit
3595 691 3893 760 Pompilius

2290 778 2460 855 Numa
2488 820 2502 846 ,
2550 782 2640 851 qui
2689 778 2959 834 Romanos
2985 780 3378 850 operosissimis
3419 781 3892 850 superstitionibus

2293 874 2552 927 oneravit.
2582 871 2819 927 Licuerit
2845 882 2905 928 et
2932 871 3148 928 Christo
3176 875 3527 929 commentari
3559 874 3891 932 divinitatem

2294 980 2406 1019 rem
2439 964 2743 1035 propriam;
2770 980 2873 1020 non
2897 966 2987 1036 qui
3005 967 3214 1041 rupices
3245 967 3327 1040 (ά)
3349 976 3401 1036 et
3426 966 3603 1041 adhuc
3627 968 3769 1024 feros
3790 969 3888 1025 lio-

2296 1059 2467 1114 mines
2495 1058 2841 1114 multitudine
2858 1062 2940 1113 tot
2965 1058 3717 1135 numinumgdemerendorum
3740 1069 3886 1116 atto-

2297 1151 2437 1205 nitos
2485 1148 2766 1205 efﬁciendo
2811 1150 2877 1204 ad
2911 1150 3294 1206 humanitatem
3351 1162 3698 1223 temperaret,
3741 1154 3888 1226 quod

2295 1241 2501 1309 Numa;
2549 1243 2644 1298 sed
2675 1243 2764 1314 qui
2793 1243 2903 1313 jam
2931 1244 3196 1313 espolitos
3221 1253 3276 1298 et
3302 1244 3413 1314 ipsa
3454 1245 3758 1302 urbanitate
3789 1248 3889 1304 dec

2298 1345 2483 1406 ceptus
2512 1336 2564 1390 in
2587 1336 2913 1406 agnitionem
2946 1336 3187 1391 veritatis
3224 1337 3463 1392 ocularet
3510 1337 3602 1408 (εγ.
3654 1340 3891 1406 Quaerite

2301 1426 2450 1499 erigo,
2482 1429 2526 1482 si
2556 1442 2679 1483 vera
2735 1429 2806 1482 sit
2856 1430 2956 1482 ista
2992 1427 3243 1483 divinitas
3286 1426 3503 1485 Christi.
3554 1429 3612 1485 Si
3669 1445 3731 1485 ea
3784 1440 3888 1498 est,

2300 1534 2403 1589 qua
2445 1521 2656 1590 cognita
2688 1518 2753 1573 ad
2786 1517 2983 1574 bonum
3012 1520 3133 1589 quis
3158 1519 3480 1574 reformetur
3502 1521 3602 1592 (7),
3633 1523 3890 1592 sequitur,

2300 1620 2360 1667 ut
2391 1611 2521 1667 falsa
2549 1613 2886 1668 remmtietur
2907 1613 3109 1682 qmcvis
3139 1614 3241 1668 alia
3287 1614 3552 1668 contraria
3588 1624 3894 1685 comperta;

2301 1704 2563 1773 imprimis
2604 1704 2692 1757 illa
2721 1703 2867 1757 omni
2911 1704 3118 1758 ratione
3149 1704 3251 1773 (8),
3300 1719 3421 1774 quae
3451 1703 3774 1760 delitescens
3801 1707 3901 1762 sub

2303 1795 2611 1851 nominibus
2634 1802 2689 1850 et
2716 1795 3033 1866 imaginibus
3065 1806 3422 1862 mortuorum,
3469 1795 3788 1867 quibusdam
3818 1799 3896 1853 si-

2296 1892 2439 1962 gnis,
2466 1900 2517 1946 ct
2537 1889 2827 1958 miraculis,
2862 1900 2915 1946 et
2939 1891 3172 1946 oraculis
3202 1889 3361 1946 ﬁdem
3401 1890 3694 1947 divinitatis
3713 1906 3903 1962 opera-
3994 1928 4005 1975 τ

2301 1995 2410 2040 ιυτ.

2869 2075 3095 2133 CAPUT
3133 2073 3301 2130 xxu.
3578 2148 3581 2151 g

2298 2170 3010 2242 Ammianus—Explicat
3022 2172 3136 2240 jam
3183 2169 3472 2225 divinantem
3498 2180 3756 2239 naturam,
3774 2188 3896 2241 quo-

2370 2282 2483 2319 rum
2506 2266 2733 2319 notitiam
2752 2282 2782 2318 a
2807 2262 3135 2334 PhilosOphis
3149 2276 3195 2319 et
3224 2264 3397 2318 Poetis
3425 2264 3576 2318 etiam
3596 2265 3898 2321 instillatam

2371 2360 2535 2422 docet,
2564 2360 2681 2412 inde
2701 2358 2908 2412 illorum
2935 2360 3254 2429 spiritualem
3281 2358 3615 2412 substantiam
3645 2360 3897 2427 edisserit,

2371 2462 2517 2521 atque
2541 2451 2661 2503 inde
2681 2449 2816 2503 elicit
2842 2450 3046 2504 modum
3069 2450 3255 2521 agendi
3268 2451 3316 2503 in
3333 2449 3579 2512 homines,
3599 2460 3652 2502 ut
3667 2461 3899 2516 noceant,

2373 2542 2749 2613 ostenditurque
2790 2542 2921 2597 illud
2989 2543 3210 2614 fallaciis
3248 2544 3353 2597 suis
3389 2541 3555 2597 solum
3596 2559 3782 2613 agere,
3845 2554 3902 2598 ut

2371 2636 2544 2691 relicto
2596 2634 2709 2691 Deo
2754 2653 2868 2691 vero
2915 2636 3064 2707 [alsw
3137 2637 3372 2707 religioni
3422 2636 3617 2692 creduli
3664 2637 3902 2693 mortales

2370 2729 2742 2799 mancipantur.

2370 2824 2544 2893 Atque
2598 2820 2734 2877 adeo
2783 2819 3029 2893 dicimus,
3088 2834 3207 2876 esse
3265 2819 3591 2876 substantias
3635 2819 3895 2892 quasdam

1843 2908 2226 2978 LECTIONES
2262 2914 2430 2976 VARI
2444 2911 2679 2970 ANTES.

664 3025 730 3146 Η
770 3024 1228 3097 Demonstrabimus
1249 3024 1458 3100 Semler.
1495 3044 1504 3098 ~_
1559 3088 1568 3099 .
1641 3090 1651 3099 .

683 3087 714 3137 2
771 3087 1065 3145 Adhibeam,
1091 3095 1147 3137 ut
1169 3088 1383 3138 credatis
1403 3089 1651 3138 christiani

684 3088 730 3145 2)
771 3088 1065 3145 Adhibeam,
1091 3095 1147 3137 ut
1169 3088 1383 3138 credatis
1403 3088 1655 3138 christiani
1679 3090 1832 3141 Fran.

666 3149 730 3262 ’δῖ
766 3149 1019 3200 Edidimus
1048 3153 1200 3202 Frau.

666 3183 715 3262 l4
770 3212 920 3262 Nefas
939 3210 1005 3261 al.
2132 3217 2141 3233 ’

664 3183 679 3340 l

682 3265 729 3341 δῇ
769 3276 833 3325 In
854 3274 962 3326 eod.
990 3272 1133 3325 Fttld.
1161 3274 1333 3326 desunt
1378 3287 1447 3325 vv.
1468 3278 1521 3324 et
1544 3274 1889 3327 culturam.‘In
1910 3278 2017 3331 cod.
2046 3282 2200 3347 Agob.
2228 3265 2273 3326 C

2304 3035 2355 3083 in
2391 3033 2651 3081 honorem.
2691 3028 2962 3092 Utrumque
3022 3024 3211 3077 videtin
3249 3023 3309 3075 ab
3346 3016 3610 3091 interprete
3656 3025 3905 3091 adiectum

2305 3107 2437 3214 alii.)
2479 3154 2596 3206 ϐοά.
2626 3152 2773 3203 Fuld.
2799 3157 2845 3202 et
2869 3152 2996 3214 Hau.
3023 3163 3113 3214 per
3137 3150 3374 3214 Moysem‘.

2391 3158 2421 3205 6
2479 3158 2596 3206 ϐοά.
2626 3158 2773 3203 Fuld.
2799 3158 2845 3202 et
2869 3158 2996 3202 Hau.

2391 3158 2437 3286 7i
2475 3211 3015 3286 Deformaturﬁemler.

2390 3159 2421 3205 6
2479 3159 2596 3206 ϐοά.
2626 3159 2773 3203 Futd.
2799 3159 2845 3202 et
2869 3159 2996 3202 Hau.
3023 3163 3113 3214 per
3139 3159 3374 3214 moysem‘.

2391 3159 2437 3286 7i
2475 3214 2785 3268 Reformatur
2808 3211 3015 3265 Semler.

2370 3159 2440 3347 38')
2476 3281 2619 3332 Omni
2642 3278 2816 3329 rationi
2839 3274 3199 3340 comperta-illa
3235 3276 3366 3326 omni
3390 3276 3581 3327 rationi.
3607 3274 3733 3339 conj.
3773 3277 3901 3328 Hav.

1978 3385 2349 3443 COMMENTA
2361 3384 2535 3475 R'IUS.

594 3495 706 3563 pile
735 3493 949 3550 libellus
975 3495 1094 3548 iste.
1122 3491 1341 3564 Legitur
1366 3493 1435 3549 ibi
1470 3512 1481 3548 :
1511 3495 1636 3563 Quis
1662 3495 1810 3549 istaut
1835 3488 2193 3555 contumeliam

600 3572 823 3640 excuset,
859 3580 973 3640 quin
1000 3573 1051 3617 ut
1078 3574 1168 3617 aut
1197 3575 1419 3618 mortuos
1443 3582 1557 3640 cuin
1597 3566 1719 3620 Deis
1759 3567 1987 3640 deputet,-
2034 3586 2194 3640 quem

602 3584 823 3627 excuset,
859 3584 973 3633 quin
1000 3584 1050 3617 ιιι
1078 3584 1167 3617 (ιω
1197 3584 1419 3618 ηιονιιιοε
1443 3584 1557 3617 Cll"!
1597 3584 1719 3620 υειε
1759 3584 1987 3692 aratum;
2034 3586 2191 3640 quem

602 3636 780 3705 locum
830 3635 1008 3689 minus
1054 3650 1242 3705 sanum
1295 3637 1605 3705 pronuntiat
1632 3646 1777 3691 recte
1854 3640 2191 3705 othol‘redns,

601 3703 925 3759 medicinam
958 3720 1065 3758 non
1102 3703 1338 3763 adhibet.
1386 3704 1645 3775 Rigaltius
1688 3707 1817 3761 nihil
1859 3718 2028 3772 notat,
2062 3703 2194 3767 nihil

599 3775 975 3850 mutationum
998 3775 1116 3830 dele
1139 3776 1731 3850 litterul:mi,verissima
1754 3790 1994 3850 emerget
2012 3781 2193 3850 lectio,

602 3844 891 3918 scribendo
919 3856 1028 3918 utut
1075 3855 1322 3918 mortuos,
1358 3848 1392 3899 i.
1428 3864 1479 3900 e.
1513 3862 1848 3918 quocumque
1879 3844 2029 3906 more
2077 3844 2198 3906 tan-'-

602 3917 731 3995 dein
755 3916 948 3995 mortui
978 3916 1196 3995 fuerint,
1222 3917 1414 3995 ut_scil.
1440 3932 1648 3995 scaevus
1673 3916 1773 3974 iste
1794 3919 2076 3995 Romulus,
2106 3925 2195 3995 qui

602 3987 874 4058 dissipatis
903 3988 1160 4043 membris
1182 4003 1248 4043 ne
1277 3988 1485 4058 integer
1511 3987 1730 4058 quidem
1754 3991 2014 4046 tumulum
2049 3987 2198 4051 infe-

601 4058 699 4128 nit.
733 4057 869 4114 Vide
890 4059 1039 4127 plura
1068 4059 1203 4128 apud
1244 4057 1564 4128 interpretes
1607 4069 1662 4115 et
1711 4060 2071 4119 Elmenhorst.
2129 4066 2221 4121 ad‘

599 4127 796 4184 Minue.
829 4146 881 4198 p.
908 4128 996 4185 56.
1033 4127 1169 4183 ΙΙΑν.

680 4200 756 4271 (a)
788 4198 1107 4255 Conscientia
1143 4201 1470 4255 christianus.
1490 4200 1585 4257 Cui
1612 4217 1731 4257 cum
1758 4205 2084 4263 conscientia
2111 4206 2196 4261 di-

601 4282 773 4327 ctaret
810 4272 1004 4341 injuste
1034 4281 1339 4326 accusatum
1373 4273 1665 4339 Christum;
1699 4276 1899 4330 nullam
1926 4277 2007 4331 vel
2034 4277 2194 4333 mini-

602 4358 744 4397 mam
774 4357 966 4397 noxam
1001 4342 1053 4396 in
1097 4343 1187 4398 illo
1219 4344 1443 4398 inveniri
1475 4360 1651 4413 posse,
1681 4356 1923 4403 coactum
1952 4365 2055 4403 non
2100 4365 2196 4405 vo-

602 4414 891 4469 luntarium
922 4428 980 4468 se
1010 4413 1076 4467 ad
1106 4415 1429 4482 puniendum
1481 4417 1797 4482 accessisse,
1852 4418 1939 4474 ubi
1991 4421 2195 4475 nullum

601 4493 720 4541 erat
761 4483 1034 4549 delictum,
1070 4500 1291 4541 necesse
1323 4485 1525 4550 habuit,
1560 4498 1616 4541 ut
1657 4488 1756 4556 ipsi
1785 4489 1925 4554 vivo,
1961 4492 2028 4545 ita
2077 4507 2195 4547 me-

600 4557 786 4612 moricc
817 4556 934 4628 ejus
966 4556 1160 4611 lavere.
1194 4557 1510 4611 Christianus
1549 4559 1726 4628 itaque
1773 4560 1973 4616 Pilatus
2002 4562 2198 4617 dicitur

602 4639 809 4704 nostro,
843 4627 997 4704 plane
1019 4637 1074 4680 ut
1106 4643 1198 4704 per
1219 4629 1399 4704 j‘ocum
1429 4627 1650 4704 Livium
1671 4634 1942 4702 Augustus
1971 4634 2198 4704 Pompe-

2305 3501 2445 3564 t-ino,
2480 3515 2638 3570 quem
2667 3505 2721 3554 et
2758 3495 2939 3553 secculi
2972 3494 3277 3570 praesidem,
3298 3505 3365 3552 et
3391 3496 3763 3570 christianan
3781 3505 3902 3557 esse

2297 3566 2538 3643 potuisse
2584 3572 2861 3643 dixerunt,
2930 3579 2984 3643 et
3012 3568 3242 3643 ‘quantis
3306 3584 3411 3622 non
3461 3569 3666 3643 ingenii
3726 3568 3901 3641 Grzcci
3990 3566 3997 3569 ”

2299 3638 2502 3698 viribus
2553 3640 2942 3710 probaverunt!
2988 3638 3118 3710 Sub
3158 3654 3222 3710 eo
3277 3648 3427 3693 certe
3479 3640 3901 3698 christiauarum

2302 3730 2484 3769 rerum
2536 3707 2711 3767 adhuc
2754 3714 2940 3781 ignaro
2984 3707 3225 3781 haeretici
3253 3710 3532 3781 catholicis
3577 3710 3901 3767 insultabant

2305 3783 2611 3854 hujusmodi
2640 3778 2883 3837 convicio
2906 3824 2920 3847 ,
2953 3778 3095 3854 Quid
3134 3780 3437 3854 christ‘iam‘s
3468 3780 3897 3854 ‘cum__regibus?

2305 3848 2397 3910 aui
2423 3855 2552 3926 qttid
2573 3854 2840 3923 episcopis
2866 3869 2986 3926 cum
3017 3849 3252 3926 palatio?
3280 3848 3504 3926 Optatos
3524 3893 3539 3918 ,
3583 3851 3686 3926 lib.
3707 3848 3894 3926 mllio.

2375 3922 2455 3997 (tl)
2487 3926 2707 3995 liupices
2732 3934 2887 3980 vocat
2909 3924 3153 3997 homines
3188 3922 3453 3997 _rustiCo_s_
3479 3923 3813 3997 et__incultos
3865 3941 3897 3980 a

2303 3992 2493 4054 Cra-co
2522 3992 2686 4068 ῥῦσσξ
2712 4007 2760 4050 et
2793 4001 2963 4068 ῥύακος.
2997 3995 3071 4048 De
3110 3993 3276 4048 Pallio
3302 4010 3352 4048 c.
3384 3992 3476 4068 IV.
3508 3992 3533 4047 1
3543 3994 3611 4048 lle
3637 3995 3775 4065 apud
3804 4012 3897 4049 ru-

2306 4070 2467 4138 picent
2512 4064 2557 4122 et
2598 4064 2897 4138 sylvicolant
2930 4075 2977 4119 et
3010 4076 3290 4138 monstrum
3315 4064 3641 4138 eruditorent
3683 4082 3898 4136 scrupea

2304 4135 2479 4194 schola
2506 4135 2753 4192 eruditus.
2788 4136 2915 4191 Ibid.
2938 4139 3138 4206 rupices
3164 4137 3218 4189 in
3246 4135 3472 4200 urbanis,
3504 4152 3708 4191 scurras
3733 4138 3786 4191 in
3819 4143 3898 4203 fo-

2304 4209 2551 4277 rensibus,
2593 4224 2821 4280 paganos
2849 4209 2902 4262 in
2940 4208 3240 4261 militaribus
3262 4223 3280 4260 :
3309 4207 3371 4261 Et
3404 4206 3470 4261 de
3506 4208 3696 4280 Anima
3725 4224 3775 4263 c.
3803 4207 3893 4265 VI.

2306 4282 2443 4349 Quid
2468 4291 2638 4335 autem
2665 4279 2851 4351 facient
2873 4290 2943 4333 tot
2965 4296 3024 4332 ac
3052 4287 3206 4351 tanta:
3225 4280 3410 4351 anima:
3433 4279 3665 4351 rupicum
3701 4288 3747 4351 et
3778 4296 3895 4334 var-

2303 4369 2506 4418 ronum,
2553 4348 2733 4421 quibus
2770 4352 3013 4405 alimenta
3059 4350 3323 4419 sapientia:
3349 4349 3569 4403 desunt?
3597 4348 3895 4421 Ita_locum

2301 4423 2439 4495 lege.
2467 4419 2574 4477 non
2601 4423 2953 4495 barbarorum.
2982 4421 3233 4489 Respexit
3258 4422 3400 4495 enim
3431 4436 3645 4495 versum
3681 4419 3892 4488 Lucilii,

2396 4493 2668 4544 Varronum
2691 4505 2749 4544 ac
2770 4493 2990 4556 tupicum
3013 4504 3275 4554 squarrosa
3302 4490 3548 4556 incondita
3565 4498 3738 4556 rostra.

2375 4555 2450 4628 (ο)
2499 4556 2757 4628 Ocularet.
2782 4546 3176 4628 “i‘I’Ewppa'ti'cotrs
3203 4555 3407 4628 inquit
3430 4546 3701 4628 Scaliger,
3735 4569 3895 4625 quem

2300 4624 2520 4683 osnnino
2549 4627 2666 4682 vide
2688 4626 2752 4680 ad
2779 4625 3045 4681 Manilium
3075 4643 3123 4694 p.
3158 4624 3279 4681 “8.
3311 4624 3535 4680 Videtur
3560 4624 3763 4681 Noster,
3794 4641 3893 4680 vo-

603 4674 1342 4772 ianum'alppellaregisqlerat,
1372 4699 1717 4772 quodgexstat
2221 4674 2275 4735 D
2302 4715 2420 4772 cem
2460 4698 2665 4753 aculare
2700 4713 2993 4772 usurpare,
3018 4674 3182 4772 _qitasi
3220 4695 3543 4772 significaret
3565 4698 3741 4772 _visum
3770 4696 3892 4772 red:

601 4770 845 4841 fensione
865 4769 1125 4825 Cremutii
1151 4770 1311 4827 Cordi
1338 4772 1477 4841 apud
1502 4770 1746 4827 Tacitum
1770 4769 1856 4828 IV.
1882 4776 2078 4830 Annal.
2101 4776 2191 4832 54.

2301 4769 2466 4840 dere,
2512 4768 2782 4840 quomodo
2826 4765 2962 4840 apud
3018 4765 3380 4840 Nostrum'de
3430 4768 3621 4840 PtDtIIl.
3674 4782 3722 4822 c.
3775 4765 3893 4823 XII.

608 4840 968 4921 Zitusyvius,
1014 4841 1310 4921 eloquentia:
1349 4838 1570 4921 acuﬁdei
1616 4845 1893 4921 prmelarys
1921 4847 2194 4915 imprimis,
2261 4838 2577 4921 ,Hiruuda,
2636 4842 2681 4895 si
2733 4838 3301 4921 σφι-οἱςπινςνὶιῄρηιζοδ,
3349 4841 3485 4921 novit
3527 4839 3673 4921 illos“
3694 4839 3896 4921 oculare

607 4911 710 4967 Cn.
752 4911 1057 4986 Pompeium
1088 4915 1238 4986 tantis
1276 4914 1689 4986 laudibustulit,
1728 4925 1781 4969 ut
1822 4911 2198 4986 Pompeianum

602 5000 721 5061 eum
748 4983 1005 5061 dugustus
1034 4985 1314 5061 appellaret
1344 5002 1356 5038 :
1387 5002 1543 5053 neque
1566 4984 1890 5061 id_amicitia:
1919 4983 2091 5061 eorum
2116 4992 2196 5061 of-

602 5056 742 5128 fecit.
774 5053 929 5128 Libet
967 5054 1143 5123 itaque
1186 5055 1489 5128 exclamare
1518 5054 1581 5108 ad
1614 5056 1881 5128 Pontium,
1914 5069 1969 5113 ut
2005 5053 2197 5115 Noster

605 5125 672 5182 ad
705 5126 990 5199 Trajauum
1016 5140 1069 5199 c.
1099 5141 1155 5180 tt.
1188 5125 1232 5178 Ο
1258 5131 1555 5180 sententiam
1579 5125 1872 5183 necessitate
1893 5134 2155 5199 confusam
2177 5131 2196 5185 .'

602 5208 659 5253 et
688 5215 701 5253 :
727 5196 866 5269 Quid
897 5197 1217 5269 temetipsum
1243 5214 1457 5251 censura
1485 5199 1857 5253 circumvenis?
1890 5203 1932 5255 si
1962 5196 2196 5269 damnas,

599 5285 692 5344 cur
716 5267 965 5344 inquiris:
985 5268 1029 5321 si
1050 5269 1281 5339 inquiris,
1315 5285 1406 5322 cur
1426 5285 1527 5322 non
1548 5280 1592 5322 et
1618 5270 1874 5325 οὐδοιυὶδῖ
1900 5282 1958 5327 ut
1985 5267 2200 5344 paulum

599 5332 891 5395 inﬂcethm.
919 5332 1056 5393 Har.

674 5411 756 5482 (li)
801 5409 863 5468 Si
899 5418 1006 5482 _aut
1048 5410 1272 5482 Ctesnres
1318 5427 1419 5464 non
1479 5419 1640 5465 essent
1678 5412 1864 5467 saeculo
1907 5415 2194 5469 necessarii.

598 5480 715 5539 Hoc
738 5480 822 5536 est
841 5524 855 5546 ,
896 5480 1127 5552 Imperio
1156 5481 1402 5537 Romano
1427 5524 1443 5550 ,
1472 5482 1612 5552 quod
1647 5484 1848 5538 tamdiu
1876 5484 2197 5541 duraturum

601 5552 855 5610 dici-bant
892 5553 1144 5623 quamdiu
1175 5553 1453 5623 sagculum.
1507 5553 1584 5608 Ex
1613 5554 1704 5610 illo
1732 5556 1980 5610 videlicet
2008 5556 2153 5611 Pauli
2177 5598 2190 5621 ,

600 5623 822 5696 Tantum
852 5625 937 5695 qui
957 5634 1117 5696 tenet,
1150 5634 1332 5679 teneat.
1363 5624 1447 5680 F1.
1470 5624 1743 5696 Vopiscus
1771 5627 1835 5682 de
1865 5628 2190 5691 Aureliano,

599 5696 689 5751 hic
710 5694 872 5769 linis,
902 5695 1067 5769 inquit
1092 5737 1105 5761 ,
1148 5698 1434 5769 aureliano
1456 5694 1587 5762 fuit,
1618 5697 1843 5769 principi
1886 5701 2192 5755 necessario

598 5767 768 5834 magis
793 5781 949 5834 quam
974 5762 1135 5820 honn.
1161 5762 1278 5822 llic.

673 5833 749 5905 (ὸ)
790 5833 888 5905 Aut
934 5835 977 5888 si
1026 5845 1071 5887 et
1113 5836 1377 5889 christiani
1438 5840 1715 5905 potuissent
1775 5857 1881 5894 esse
1931 5839 2181 5897 Caesares.

598 5902 781 5972 Longe
807 5902 923 5958 alia:
952 5915 1158 5962 mentes
1184 5902 1598 5964 christlauorum
1626 5911 1776 5967 fuere
1803 5910 1901 5967 sub
1925 5909 2188 5969 Constan-

2300 4929 2478 4966 rursus
2503 4912 2565 4965 de
2604 4928 2697 4966 sua
2724 4911 3028 4966 ehelidonia.
3062 4910 3214 4979 Quod
3259 4911 3591 4978 transcripsit
3635 4908 3896 4965 Pacianus

2302 4985 2353 5036 in
2384 4984 2647 5038 I'lll'lBIICSI
2691 4982 2757 5037 ad
2796 4983 3082 5038 l’cenitunt.
3127 4979 3424 5035 Excazcutos
3465 4981 3683 5034 hirundo
3728 4982 3896 5051 pullos

2301 5055 2435 5107 novit
2457 5053 2689 5108 occulare
2709 5053 2770 5108 de
2797 5070 2889 5106 sua
2910 5052 3217 5108 chelidoniu.
3251 5053 3501 5123 Adeoque
3532 5054 3803 5123 accepisse
3823 5053 3894 5108 ita

2303 5126 2516 5203 videtur
2565 5126 2992 5203 Cypriatms‘ille
3049 5124 3223 5178 Nostri
3275 5122 3443 5203 lector
3486 5134 3552 5203 ﬁt
3584 5122 3896 5203 admirator

2304 5196 2568 5250 assiduus.
2602 5193 2665 5250 Is'
2693 5196 2759 5250 de
2792 5195 3055 5250 Idolorum
3084 5205 3138 5249 et
3167 5196 3399 5249 vanitate
3429 5213 3441 5249 :
3482 5194 3548 5250 Ut
3576 5193 3800 5247 homines
3831 5193 3893 5246 ub

2304 5284 2473 5321 errore
2497 5267 2812 5321 tenebrarum
2853 5268 2921 5321 ad
2960 5269 3089 5320 viam
3121 5265 3252 5320 lucis
3280 5267 3590 5320 adducerent
3610 5306 3625 5327 ,
3654 5280 3815 5318 caecos
3849 5272 3896 5319 et

2302 5340 2509 5409 ignaros
2538 5339 2606 5391 ad
2626 5340 2933 5410 agnitionem
2959 5338 3181 5393 veritatis
3203 5339 3507 5392 occulurent.
3544 5334 3727 5391 lIiﬂ'ert
3750 5336 3893 5391 enim

2302 5411 2370 5465 ab
2413 5409 2672 5465 inoculare
2714 5412 2853 5481 quod
2896 5419 2979 5465 est
3026 5411 3241 5474 petitum
3288 5425 3317 5463 a
3360 5409 3565 5463 cultura
3607 5410 3894 5473 arborum,

2302 5498 2420 5549 qua:
2463 5481 2560 5536 sub
2611 5481 2722 5550 ipsa
2777 5496 2905 5536 voce
2948 5484 3047 5535 hac
3095 5481 3356 5533 oculeeren
3399 5481 3569 5534 cuivis
3618 5488 3741 5533 nota
3790 5490 3892 5533 est.

2307 5551 2498 5606 Oculus
2524 5549 2664 5607 enim
2695 5552 2796 5606 illis
2834 5559 2915 5607 e~t
2961 5551 3270 5607 tubercolus
3303 5551 3426 5615 ille,
3470 5567 3535 5606 ex
3559 5566 3664 5621 quo
3705 5549 3895 5604 ramuli

2294 5624 2600 5694 germinare
2625 5624 2838 5678 debent.
2862 5621 2995 5678 Cato
3024 5623 3091 5679 de
3124 5620 3200 5676 lle
3234 5622 3384 5677 Ilust.
3414 5638 3463 5678 c.
3488 5619 3586 5677 Vl.
3610 5619 3693 5675 Ibi
3721 5621 3893 5675 oculos

2294 5693 2562 5765 arundinis
2612 5694 2761 5765 pedes
2815 5705 3015 5760 ternos,
3070 5694 3227 5749 alium
3274 5695 3335 5765 ab
3372 5694 3485 5765 alio,
3518 5703 3742 5765 cornuto.
3778 5694 3893 5765 Ipse

2294 5712 2562 5748 aruuamts
2612 5712 2761 5765 pedes
2815 5712 3015 5760 ternos,
3070 5712 3227 5749 auum
3274 5712 3335 5747 ao
3378 5712 3479 5747 auo
3518 5712 3742 5747 scrunw.
3778 5712 3893 5763 Ip‘e

2293 5762 2608 5821 Tertullian.
2643 5765 2736 5819 lib.
2786 5766 2853 5821 de
2905 5766 3116 5820 Anima.
3166 5781 3216 5821 c.
3265 5762 3410 5821 XIX.
3453 5764 3551 5818 Aut
3588 5764 3724 5817 unde
3773 5712 3893 5817 mit:

2290 5834 2392 5907 illis
2421 5846 2481 5907 et
2493 5836 2698 5907 frutices
2736 5838 3078 5907 inoculantur,
3111 5844 3157 5892 et
3184 5838 3312 5906 folia
3338 5840 3650 5907 formantur,
3681 5844 3728 5890 et
3770 5850 3889 5904 ger-

2293 5906 2430 5961 mina
2465 5905 2731 5974 inﬂantur.
2767 5905 2900 5961 llav.
