4258 6274
408 286 521 357 tts

1798 288 2337 348 APOLOGE‘I'ICUS.

3609 296 3729 361 ut

412 412 791 487 pronuntietur
828 406 887 465 in
916 420 986 464 eo
1008 406 1101 479 qui
1129 404 1381 478 genitalia
1411 403 1497 460 vel
1524 404 1755 460 lacertos
1778 445 1795 471 ,
1825 403 1929 459 alia
1959 405 2011 459 in
2038 413 2093 474 Α
2117 420 2246 476 ergo
2287 403 2527 475 subjecta
2577 412 2665 465 est.
2703 405 3021 463 Christianis
3064 406 3313 466 divinitas
3356 416 3575 476 vestra;
3620 382 3722 469 nec

412 520 481 562 eo
506 507 596 577 qui
625 505 722 560 sibi
750 502 931 574 gulam
955 508 1223 571 prosecat.
1253 498 1485 568 Compar
1507 497 1684 552 exitus
1710 495 1929 563 furoris,
1957 506 2012 552 et

415 613 518 654 una
550 597 687 653 ratio
732 604 813 650 est
841 593 1222 665 instigationis.
1249 591 1356 648 Sed
1386 590 1647 645 hactenus
1671 589 1836 646 verba
1855 632 1871 655 ,
1894 590 2009 661 jam

411 688 536 745 hinc
572 687 959 745 demonstratio
995 686 1076 741 rei
1106 685 1273 756 ipsius
1296 726 1311 751 ,
1343 698 1447 754 qua
1472 682 1819 738 ostendemus
1849 699 2009 737 unam

410 796 531 838 esse
554 782 835 852 utriusque
859 779 1091 835 nominis
1115 777 1449 849 qualitatem.
1478 775 1679 831 Edatur
1705 774 1792 830 hic
1814 775 2008 846 aliquis

390 875 510 930 .sub
554 874 909 929 tribunalibus
937 870 1130 927 vestris
1151 912 1167 938 ,
1196 885 1357 939 quem
1386 868 1633 925 daemone
1660 868 1747 939 agi
1774 878 2004 925 constet.

405 965 593 1023 Iussus
635 982 667 1022 a
708 965 949 1037 quolibet
981 964 1282 1019 christiano
1328 963 1473 1034 loqui
1501 962 1718 1033 spiritus
1743 963 1833 1018 ille
1856 1003 1872 1031 ,
1901 972 2009 1019 tant

408 1073 468 1115 se
495 1058 797 1114 daemonem
825 1056 1176 1113 conﬁtebitur
1204 1055 1270 1112 de
1298 1071 1451 1120 vero,
1478 1071 1640 1127 quam
1686 1055 1814 1111 alibi
1848 1057 2009 1113 deum

407 1149 476 1206 de
505 1150 659 1214 falso;
695 1149 872 1221 JEque
893 1150 1226 1220 producatur
1247 1149 1441 1219 aliquis
1464 1164 1529 1206 ex
1560 1148 1647 1213 iis,
1679 1150 1770 1218 qui
1798 1149 1864 1204 de
1897 1151 2008 1206 Deo

405 1242 512 1313 pati
532 1242 929 1308 existimantur,
950 1236 1038 1311 qui
1061 1242 1170 1295 aris
1187 1238 1484 1295 inhalantes
1507 1256 1705 1296 numen
1731 1240 1798 1296 de
1819 1240 2009 1299 nidore

403 1335 742 1405 concipiunt,
771 1336 861 1405 qui
892 1334 1150 1389 ructando
1177 1343 1433 1389 curantur
1459 1333 1540 1406 (1)
1566 1375 1583 1402 ,
1621 1335 1712 1406 qui
1740 1334 1999 1391 anhelan-

399 1424 471 1480 do
497 1424 574 1499 (a)
608 1426 909 1497 profantur.
936 1427 1040 1482 Ista
1073 1427 1185 1497 ipsa
1214 1425 1381 1496 Virgo
1408 1423 1656 1482 Caelestis
1685 1424 1762 1499 (b)
1793 1427 1999 1497 pluvia-

395 1530 518 1571 rum
553 1517 893 1587 poilicitatrix
918 1558 932 1583 ,
964 1519 1067 1573 iste
1095 1519 1211 1587 ipse
1244 1517 1585 1588 Esculapius
1612 1519 2000 1575 medicinarum

394 1607 803 1664 demonstrator
847 1610 949 1663 alia
977 1608 1064 1664 die
1088 1610 1364 1665 morituris
1390 1608 1461 1682 (c)
1508 1609 1767 1667 Socordio
1790 1620 1843 1667 et
1862 1612 2002 1666 Tha-

354 1768 361 1775 _
394 1700 544 1755 natio
579 1709 634 1756 et
680 1700 1059 1771 Asclepiodoto
1102 1702 1227 1757 vitae
1265 1702 1721 1759 sumministrator
1752 1722 1766 1758 ε
1795 1703 1899 1760 nisi
1943 1719 2002 1760 sc

2117 499 2299 569 utique
2327 498 2580 555 divinitas
2609 499 2914 569 deputanda
2942 508 3025 556 est
3048 542 3064 567 ,
3096 517 3215 571 qum
3255 503 3467 561 subdita
3508 514 3590 561 est
3616 504 3719 562 ho-

2114 591 2286 657 mini,
2315 601 2369 646 ct
2411 591 2454 645 si
2496 592 2625 662 quid
2653 591 2721 646 ad
2762 591 2998 649 dedecus
3042 591 3208 661 facit,
3239 596 3447 651 aemulis
3499 598 3631 652 suis.
3663 597 3720 654 Si

2112 684 2281 739 altera
2324 692 2475 753 parte
2518 683 2791 739 damiones
2837 694 2960 740 sunt
3009 685 3096 741 vel
3140 687 3348 758 angeli,
3377 703 3471 743 cur
3497 704 3558 744 se
3594 689 3719 747 alibi

2111 792 2211 848 pro
2248 776 2360 855 _diis
2406 792 2565 847 agerc
2612 777 2984 848 respondent?
3015 779 3147 834 Nam
3197 780 3337 836 sicut
3378 782 3450 836 illi
3475 822 3489 846 ,
3523 782 3612 853 qui
3645 782 3721 840 dii

2111 869 2375 925 habentur
2427 867 2551 939 (rt),
2602 868 2878 927 daemones
2920 886 2981 928 se
3048 872 3232 928 dicere
3278 874 3619 943 noluissent,
3672 877 3719 933 si

2113 978 2242 1019 vere
2273 963 2346 1018 dii
2375 970 2578 1028 essent,
2596 962 2823 1030 scilicet,
2850 980 2919 1020 ne
2961 964 3029 1020 de
3066 966 3346 1036 majestate
3385 982 3444 1022 se
3475 967 3719 1039 depone-

2110 1062 2231 1111 rent
2257 1072 2271 1109 :
2300 1056 2370 1110 ita
2402 1065 2458 1111 et
2496 1057 2581 1113 isti
2606 1099 2624 1124 ,
2652 1071 2788 1129 quos
2816 1055 3028 1112 directo
3052 1056 3326 1114 dzemones
3366 1061 3539 1115 nostis
3564 1102 3579 1128 ,
3608 1076 3718 1116 non

2111 1145 2369 1202 auderent
2412 1148 2535 1204 alibi
2580 1164 2677 1219 pro
2719 1148 2823 1203 diis
2866 1163 3068 1219 agere,
3096 1149 3141 1204 si
3180 1150 3342 1221 aliqui
3375 1152 3594 1207 omnino
3642 1152 3718 1208 dii

2110 1247 2311 1305 essent,
2335 1255 2561 1311 quorum
2595 1239 2901 1295 nominibus
2932 1248 3195 1307 utuntur;
3229 1252 3546 1298 vererentur
3572 1244 3717 1299 enim

2105 1330 2250 1385 abuti
2298 1332 2580 1402 majestate
2608 1331 2955 1401 superiorum
2986 1332 3064 1403 (5)
3095 1333 3211 1388 sine
3240 1334 3403 1390 dubio
3428 1346 3482 1391 et
3523 1336 3715 1391 timen-

2105 1423 2317 1480 dorum.
2348 1426 2499 1481 Adeo
2542 1427 2687 1481 nulla
2727 1437 2809 1482 est
2836 1426 3088 1482 divinitas
3130 1427 3227 1481 ista
3272 1444 3431 1499 quam
3477 1431 3670 1485 tenetis
3696 1470 3714 1497 ,

2105 1516 2226 1589 quia
2254 1519 2299 1572 si
2325 1528 2502 1585 esset,
2536 1535 2709 1589 neque
2734 1535 2764 1574 a
2792 1519 3074 1575 daemoniis
3099 1518 3441 1577 all‘cetaretur
3467 1521 3545 1596 (6)
3569 1563 3587 1590 ,
3616 1526 3715 1579 nc-

2105 1625 2210 1681 que
2235 1625 2266 1665 a
2293 1610 2394 1666 diis
2423 1604 2726 1681 negaretur.
2756 1611 2891 1667 Cum
2924 1626 3056 1683 ergo
3084 1622 3312 1683 utraque
3336 1628 3462 1683 pars
3490 1629 3717 1672 concur-

2108 1703 2180 1758 rit
2220 1704 2276 1758 in
2326 1704 2722 1760 confessionem
2751 1746 2768 1773 ,
2807 1704 2940 1760 deos
2991 1718 3111 1759 csse
3161 1719 3399 1775 negans,
3443 1708 3715 1776 agnoscite

394 1792 667 1850 daemones
716 1797 953 1851 confessi
1006 1796 1242 1861 fuerint,
1293 1796 1591 1852 christiano
1628 1799 1846 1854 mentiri
1891 1816 1999 1855 non
2030 1790 2079 1849 B
2108 1810 2272 1851 unum
2310 1810 2480 1866 genus
2524 1810 2685 1863 esse,
2716 1794 2768 1851 id
2800 1804 2882 1850 est
2928 1795 3220 1851 daemonas.
3268 1796 3463 1851 Verum
3507 1798 3714 1852 utrobi-

394 1888 649 1944 audentes
672 1931 686 1957 ,
716 1888 916 1945 ibidem
954 1890 1095 1945 illius
1148 1890 1425 1945 christiani
1467 1893 1833 1962 procacissimi
1874 1906 2000 1948 san-

390 1963 604 2052 guinem
654 1980 879 2037 fundite.
920 1981 1059 2049 Quid
1103 1983 1208 2037 isto
1255 1996 1419 2053 opere
1471 1983 1844 2040 manifestius?
1874 1986 2003 2054 quid

391 2070 496 2126 hac
522 2072 834 2143 probatione
860 2072 1109 2128 ﬁdelius?
1133 2074 1447 2143 simplicitas
1474 2074 1715 2130 veritatis
1742 2076 1796 2130 in
1817 2076 1999 2132 medio

394 2172 517 2228 est;
550 2165 717 2218 virtus
764 2165 841 2219 illi
887 2181 985 2220 sua
1024 2167 1268 2231 assiStit;
1315 2167 1448 2221 nihil
1487 2168 1749 2235 suspicari
1798 2169 1995 2225 licebit.

390 2252 568 2325 Magia
596 2264 687 2309 aut
710 2256 886 2329 aliqua
912 2257 1173 2327 ejusmodi
1206 2258 1415 2314 fallacia
1442 2259 1557 2315 ﬁeri
1585 2260 1778 2318 dicetis
1800 2261 1883 2332 (ἓ)
1903 2303 1917 2326 ,
1946 2262 1995 2318 si

390 2347 533 2401 oculi
577 2348 739 2402 vestri
776 2357 831 2403 et
862 2364 1021 2405 aures
1059 2336 1405 2422 permiserint
1434 2352 1608 2407 vobis.
1636 2353 1775 2421 Quid
1815 2364 1993 2409 autem

387 2438 543 2494 inniti
575 2449 755 2517 potest
775 2442 1037 2498 adversus
1063 2444 1136 2512 id,
1167 2445 1309 2516 quod
1336 2447 1636 2502 ostenditur
1655 2447 1796 2503 nuda
1819 2448 1995 2504 since-

386 2533 592 2590 ritate?
633 2535 691 2591 Si
734 2537 903 2593 altera
948 2546 1098 2608 parte
1146 2539 1229 2611 (5)
1275 2555 1400 2596 vere
1428 2540 1517 2611 dei
1545 2551 1706 2609 sunt,
1737 2558 1834 2597 cur
1873 2556 1996 2598 sese

386 2626 655 2686 daemonia
680 2631 1059 2688 mentiuntur?
1084 2648 1155 2688 an
1182 2643 1240 2689 ut
1265 2635 1422 2693 nobis
1448 2637 1852 2708 obsequantur?
1872 2637 1995 2693 Iam

2105 1903 2213 1960 que
2240 1888 2318 1961 (7)
2343 1890 2453 1957 jam
2482 1888 2614 1944 deos
2638 1889 2896 1960 qumrite;
2924 1903 3060 1959 quos
3104 1888 3248 1943 enim
3290 1904 3714 1960 praesumpsera-

2108 1983 2195 2048 tis,
2251 1981 2527 2038 daemonas
2568 1998 2689 2039 esse
2734 1982 3078 2053 cognoscitis.
3127 1980 3328 2037 Eadem
3370 1998 3498 2038 vero
3549 1997 3712 2054 opera

2104 2084 2287 2129 nostra
2315 2073 2382 2129 ab
2424 2074 2626 2129 eisdem
2655 2064 2757 2129 diis
2799 2076 2994 2130 vestris
3034 2088 3140 2129 non
3170 2082 3375 2129 tantum
3418 2074 3520 2131 hoc
3563 2075 3712 2131 dete-

2102 2165 2384 2238 gentibus,
2437 2166 2580 2238 quod
2628 2182 2804 2237 neque
2861 2168 2961 2238 ipsi
3013 2166 3086 2222 dii
3136 2166 3218 2238 (8)
3262 2167 3370 2222 sint
3413 2182 3588 2238 neque
3621 2170 3712 2226 ulli

2100 2260 2211 2327 alii,
2263 2260 2343 2333 (9)
2370 2263 2533 2317 etiam
2557 2262 2684 2317 illud
2716 2263 2768 2316 in
2796 2261 3094 2317 continenti
3123 2262 3450 2332 cognoscitis
3473 2302 3490 2330 ,
3516 2263 3608 2333 qui
3640 2263 3712 2318 sit

2098 2369 2224 2409 vere
2249 2353 2385 2410 deus
2410 2395 2424 2420 ,
2447 2364 2503 2410 et
2527 2370 2592 2409 an
2627 2355 2715 2410 ille
2738 2396 2754 2421 ,
2781 2347 2839 2409 et
2863 2370 2928 2409 an
2963 2355 3151 2409 Unicus
3177 2394 3193 2420 ,
3223 2369 3384 2425 quem
3428 2354 3709 2411 christiani

2098 2448 2457 2517 prolitemur,
2501 2456 2558 2502 et
2606 2463 2672 2501 an
2725 2447 2792 2501 ita
2845 2447 3147 2503 credendus
3197 2447 3596 2519 colendusque,
3645 2459 3708 2504 ut

2097 2538 2231 2595 ﬁdes
2254 2582 2268 2607 ,
2296 2548 2357 2595 ut
2384 2540 2666 2610 disciplina
2696 2541 2954 2611 disposita
2999 2551 3082 2596 est
3120 2540 3572 2598 Christianorum.
3619 2542 3708 2597 Di-

2096 2641 2223 2688 cent
2266 2632 2462 2688 ibidem
2493 2652 2507 2689 :
2538 2637 2723 2705 ecquis
2776 2633 2864 2688 ille
2909 2633 3154 2689 Christus
3191 2648 3313 2690 cum
3351 2648 3446 2689 sua
3487 2634 3708 2691 fabula?

1629 2770 2013 2830 LECTIONES
2042 2768 2454 2826 VARIANTES.

453 2904 516 2972 (l)
544 2906 814 2974 Itapcodd.
849 2922 1049 2974 omnes;
1234 2910 1423 2974 cruenti.
1450 2916 1706 2970 conantur,
1734 2912 1860 2961 Hau.
1884 2923 1997 2961 cur-
2023 2911 2069 2974 ρ

382 2965 579 3033 rantur,
604 2968 785 3023 Nescio
815 2984 880 3022 an
910 2965 1220 3023 scribendum
1250 2973 1312 3025 sit
1337 2988 1349 3021 :
1375 2982 1672 3038 occupantur
1695 2965 1775 3025 vel
1812 2987 1984 3024 occur-

550 3092 704 3145 Ithen.
746 3092 928 3162 aliique
960 3110 979 3149 :
1026 3097 1228 3156 licebit,
1260 3100 1524 3162 magica—
1543 3097 1669 3162 ﬁeri.
1694 3099 1853 3149 Dictis
1888 3111 1985 3162 non

381 3159 558 3220 stetis,
583 3161 778 3220 si,_etc.
807 3159 914 3220 Ilia.
952 3168 1000 3211 et
1038 3162 1164 3210 Hav.
1204 3159 1489 3220 recepcrwit
1542 3159 1838 3217 scripturam
1874 3159 1983 3210 cod.

587 3217 695 3269 cod.
722 3214 981 3291 Bongarsii
1009 3225 1282 3291 :_magia-——
1303 3214 1418 3291 ﬁeri
1455 3214 1758 3291 dictisL'Non
1783 3224 1986 3291 dicetis,

380 3282 953 3393 :ieiisetgg,efgdd.'put.
974 3321 988 3346 ,
1014 3282 1167 3348 Lugd.
1210 3293 1257 3336 et
1277 3283 1431 3351 Agob.
1455 3286 1564 3336 ﬁeri
1586 3285 1759 3337 dicitis.
1785 3285 1893 3335 Non
1911 3286 1988 3334 di-

382 3354 539 3467 ceigl'
557 3354 849 3474 λῗὲίςίῗιὶιιρά.
875 3410 981 3459 Βαι.
1009 3410 1577 3473 naturaa,undeHuverc.
1596 3409 1876 3474 suspicatur
1898 3420 1989 3458 na-

381 3466 614 3530 tura’vet,
642 3466 970 3522 vere"natura.

2274 2906 2580 3031 ggeftgfem
2605 2971 2914 3033 superiorem
2938 2971 3117 3034 Fran.;
3150 2975 3409 3036 majestate
3446 2975 3706 3035 superiore

2088 3040 2246 3160 paid),-
2262 3092 2685 3160 mtamn._aliique
2713 3107 2730 3144 :
2758 3094 3073 3160 aﬁ‘ectaretur
3114 3094 3509 3160 infconfessione
3532 3133 3545 3157 ,
3582 3103 3703 3157 etc.,

2089 3153 2218 3231 quia
2238 3158 2337 3231 duo
2370 3170 2442 3207 vv.
2483 3153 2893 3221 interpretationis
2931 3170 3081 3210 causa
3120 3157 3373 3222 adscripta
3416 3153 3695 3211 deleverunt

2090 3222 2415 3347 Efﬂatg'fu}
2418 3277 2583 3350 unius,
2603 3283 2751 3350 Han,
2778 3279 3003 3350 §emlLet
3026 3281 3140 3333 Ritt.
3167 3280 3497 3350 distinguunt:
3525 3283 3703 3333 daemo-

2094 3344 2417 3408 nasgverum,
2459 3345 2743 3408 utrobique.
2772 3344 2883 3394 Jam
2907 3344 3065 3408 Deos,
3093 3352 3190 3396 etc.
3320 3344 3367 3383 ἰ

2163 3406 2227 3470 (8)
2267 3407 2392 3470 Sunt
2417 3404 2637 3470 mrisin.

2163 3468 2228 3533 (9)
2268 3468 2368 3520 Sed
2392 3468 2512 3520 add.
2540 3477 2655 3519 Par.

1752 3614 2312 3682 COMMENTARIUS.

376 3761 641 3839 Leucadis
680 3780 846 3839 prope
902 3766 1182 3822 delubrum
1237 3766 1533 3835 Apollinis,
1574 3780 1680 3839 quo
1703 3766 1770 3819 ab
1793 3778 1982 3839 arnore

376 3832 594 3890 liberari
660 3832 850 3893 crediti
930 3849 1056 3893 sunt
1127 3832 1435 3902 amatores,
1484 3832 1636 3906 quasi
1684 3852 1789 3891 non
1841 3836 1979 3890 idem

375 3906 602 4031 guodvis
622 3923 809 3963 saxum
840 3919 1119 3978 prmstarct
1141 3921 1367 3965 mortem
1394 3923 1499 3980 pro
1528 3910 1632 3963 vita
1654 3907 1975 3963 retribuens.

426 3977 600 4031 vidius
630 3980 682 4031 in
713 3981 961 4031 Sannlms
1001 3979 1157 4031 enist.

426 3977 600 4034 vidius
630 3980 682 4034 in
713 3977 961 4051 Sapphus
1001 3979 1157 4050 Cpisl.

498 4069 641 4136 Hanc
660 4071 830 4135 legem
856 4072 990 4122 locus
1013 4072 1095 4122 ille
1111 4079 1263 4136 tenet
1286 4087 1298 4121 :
1324 4077 1443 4136 pete
1464 4073 1688 4136 protinus
1712 4071 1857 4123 altam

560 4133 806 4195 Leucada,
832 4148 927 4185 nec
949 4149 1068 4185 saxo
1091 4133 1353 4185 desiluisse
1370 4133 1507 4184 time.

374 4215 483 4271 Nec
509 4218 737 4272 multum
771 4218 949 4274 dill‘ert
974 4219 1195 4273 stultitia
1224 4218 1579 4287 Ileliogabali,
1607 4218 1673 4272 de
1695 4233 1803 4287 quo
1827 4217 1982 4272 Lam-
2027 4251 2031 4255 η

372 4287 579 4360 pridius
609 4307 622 4340 :
654 4289 936 4344 Parauerut
966 4292 1120 4360 igitur
1149 4295 1295 4358 funes
1326 4289 1486 4343 blatta
1511 4301 1557 4343 et
1581 4291 1740 4343 serico
1762 4298 1808 4344 et
1833 4306 1982 4360 cocco

372 4359 617 4425 intortos,
645 4361 825 4429 quibus
846 4362 890 4415 si
912 4358 1113 4415 necesse
1137 4372 1263 4415 esset
1288 4360 1467 4430 laqueo
1490 4361 1640 4413 vitam
1665 4361 1856 4429 ﬁniret.
1886 4358 1983 4413 Pa-

374 4440 572 4503 raverat
602 4441 647 4484 el
675 4433 875 4503 gladios
896 4449 1077 4486 usu-cos
1096 4474 1110 4499 ,
1141 4431 1321 4502 quibus
1346 4450 1398 4487 se
1430 4433 1674 4486 occideret
1695 4473 1710 4497 ,
1744 4433 1788 4484 si
1814 4432 1985 4503 aliqua

374 4501 452 4573 vis
477 4511 691 4570 urgeret.
742 4502 1025 4557 Paraverat
1068 4513 1112 4557 et
1144 4508 1195 4556 in
1226 4504 1489 4558 ceruuueis
1529 4512 1574 4556 et
1605 4501 1906 4573 Ityacinlltis'
1937 4514 1983 4557 ct

373 4570 430 4645 in
456 4573 742 4645 smaragdis
767 4591 957 4645 vertenti
978 4616 992 4638 ,
1022 4574 1204 4644 quibus
1230 4591 1281 4628 se
1306 4576 1612 4628 interimeret
1641 4570 1684 4627 si
1708 4576 1830 4644 quid
1856 4592 1979 4645 gra-

370 4641 484 4695 vius
510 4641 814 4700 immineret.
863 4641 1079 4700 Fecerat
1115 4656 1161 4699 et
1185 4646 1487 4700 altissimam
1513 4641 1729 4711 turrim,
1747 4641 1978 4699 substra-

371 4713 436 4767 tis
462 4716 629 4787 aureis
657 4718 1018 4787 gemmatisque
1046 4729 1164 4771 ante
1191 4715 1379 4771 tabulis
1398 4759 1413 4780 ,
1447 4734 1509 4772 ex
1537 4733 1636 4787 qua
1664 4734 1715 4771 se
1746 4718 1982 4787 prtvcipi-

371 4791 521 4858 taret,
556 4786 747 4849 dicens.
782 4786 939 4841 etiam
956 4798 1169 4841 mortem
1194 4804 1341 4841 suam
1370 4786 1646 4858 pretiosam
1674 4786 1780 4843 esse
1803 4788 1982 4843 debere

368 4866 418 4909 et
451 4857 521 4909 ad
564 4858 781 4928 speciem
821 4859 1072 4927 luxuria,
1103 4869 1159 4913 ut
1190 4857 1438 4914 diceretur
1467 4877 1612 4914 nemo
1635 4860 1709 4913 sic
1747 4861 1975 4930 periisse.

1838 4931 1973 4987 Ilav.

384 5025 399 5031 -
441 4995 521 5072 (a)
551 4998 854 5055 Anhelando
881 5006 1167 5072 profantur.
1200 5002 1253 5057 Id
1286 5017 1390 5055 non
1424 5000 1583 5055 ﬁebat
1622 5002 1738 5058 sine
1784 5002 1975 5057 confu-

368 5070 517 5125 vocis
546 5082 601 5125 et
632 5070 1010 5127 valentissimie
1050 5075 1187 5128 simo
1210 5073 1474 5129 anhelitu.
1508 5073 1735 5136 Lucam,
1770 5090 1820 5130 γ.
1846 5073 1973 5129 148.

808 5164 913 5229 _Snli
936 5173 1144 5229 pectore
1170 5165 1280 5229 ﬁcta
1303 5167 1474 5228 quieto

553 5223 722 5274 Verba
743 5226 921 5286 refert,
936 5223 1079 5277 'uullo
1102 5223 1332 5279 coalesc
1351 5242 1603 5277 murmure
1630 5231 1762 5280 vocis

554 5286 840 5340 Instinctam
862 5302 1003 5341 sacro
1025 5299 1245 5342 mentem
1276 5298 1453 5341 testata
1478 5290 1662 5341 furore.

364 5366 433 5424 Et
464 5384 591 5426 mox
622 5389 635 5425 :

806 5465 913 5515 Non
936 5474 1082 5531 rupta
1099 5466 1336 5531 trementi

551 5526 718 5592 Yerba
742 5540 879 5586 sono,
907 5526 1119 5579 nou'vox
1147 5529 1275 5578 antri
1299 5526 1551 5590 complere
1575 5528 1769 5592 capacis

548 5587 811 5640 Sufﬁciens
830 5591 1059 5654 spatium,
1087 5597 1182 5641 etc.

362 5666 517 5745 Adde
542 5687 754 5745 versum
788 5675 890 5729 170
914 5684 967 5729 et
993 5684 1301 5745 sequentes.
1336 5674 1442 5729 Sed
1470 5690 1574 5728 non
1601 5684 1823 5743 possunt
1851 5675 1967 5730 hare

359 5740 560 5817 melius
585 5744 715 5817 disci
749 5761 908 5817 quam
936 5762 1001 5801 es
1039 5740 1228 5801 Donati
1262 5756 1387 5817 nota
1419 5746 1485 5801 ad
1512 5740 1751 5803 Terentii
1789 5747 1963 5804 Phor-

356 5810 596 5872 mionem
620 5812 688 5871 iV
710 5858 724 5886 ,
757 5810 917 5874 Scene
953 5817 1041 5888 IV,
1070 5818 1137 5874 ad
1166 5819 1291 5875 illa:
1332 5816 1606 5874 Interdixit
1645 5817 1855 5875 ariolus.
1889 5818 1964 5875 lbi

2082 3759 2478 3817 vetustissimus
2509 3758 2597 3813 ille
2630 3766 2684 3813 et
2709 3758 2940 3827 Optimus
2966 3757 3236 3827 Interpres
3262 3775 3275 3825 ς
3311 3756 3558 3813 Hariolus
3594 3768 3687 3826 est,

2084 3831 2379 3905 quidivina
2400 3841 2563 3905 mente
2590 3832 2918 3905 vaticinatur.
2952 3829 3132 3905 Dictus
3159 3830 3420 3905 hariolus,
3445 3831 3591 3905 quasi
3620 3834 3703 3900 fa-

2084 3899 2265 3967 riolus,
2295 3919 2327 3954 ιι
2353 3902 2473 3970 fatis
2502 3910 2547 3955 vt
2573 3918 2606 3955 ιι
2632 3902 2813 3970 (arido,
2845 3917 2999 3971 quum
3030 3900 3075 3953 F
3097 3917 3189 3970 pro
3213 3899 3286 3966 ll,
3313 3911 3359 3953 et
3388 3902 3501 3953 item
3526 3899 3574 3953 Η
3603 3899 3697 3970 pro

2086 3977 2135 4029 Ε
2162 3976 2214 4028 in
2255 3975 2427 4027 multis
2476 3973 2816 4026 locutionibus
2863 3981 3100 4039 ponatur.
3148 3973 3228 4024 An
3271 3971 3408 4042 quod
3434 3972 3700 4025 imitantur

2085 4046 2445 4113 aspirationem
2476 4045 2529 4097 in
2556 4043 2894 4098 exhalaudo?
2921 4059 3039 4095 nam
3062 4043 3224 4095 halitu
3244 4044 3406 4096 solent
3426 4042 3698 4098 excludere

2085 4118 2222 4172 velut
2250 4115 2514 4169 mortalem
2553 4116 2810 4178 animum;
2838 4123 2890 4166 ut
2929 4115 3153 4167 divinum
3176 4114 3418 4180 recipiant
3441 4156 3454 4171 ,
3486 4114 3619 4167 unde
3651 4121 3699 4167 et

2085 4204 2257 4244 vocem
2286 4185 2539 4256 ejusmodi
2565 4186 2752 4239 dabant
2776 4202 2941 4256 aqua:
2971 4194 3041 4237 est
3082 4184 3126 4239 0
3154 4184 3202 4237 E
3221 4225 3235 4249 ,
3268 4184 3405 4253 quod
3432 4183 3513 4239 (Ε
3541 4201 3698 4239 sonus

2086 4255 2363 4313 exhalundi
2384 4259 2482 4311 vim
2506 4266 2739 4323 “prtz’stat.
2770 4255 2908 4310 "AV.

2164 4327 2242 4399 (b)
2302 4328 2454 4399 Virgo
2484 4326 2730 4382 Caelestis.
2812 4326 3067 4399 Intelligit
3107 4326 3694 4399 Junonem,Carthagig

2089 4392 2338 4455 nensium
2390 4392 2596 4453 Numen
2652 4399 2963 4466 primarium
2991 4392 3106 4458 Ide
3146 4414 3253 4466 quo
3299 4392 3395 4452 nos
3432 4412 3598 4468 Supra
3618 4392 3695 4452 ad

2092 4487 2213 4540 cap.
2244 4470 2360 4536 XII,
2385 4480 2436 4523 et
2462 4469 2714 4539 praeclare
2758 4472 2916 4524 etiam
2938 4469 3181 4538 tliSputat
3207 4472 3251 4523 la
3279 4468 3447 4523 Cerda
3475 4468 3541 4521 ad
3571 4483 3692 4537 cap.

2090 4557 2342 4611 sequens,
2400 4542 2600 4595 dthCliS
2624 4543 2881 4611 virginem
2911 4541 3053 4594 illam
3083 4541 3361 4610 appellari,
3393 4547 3445 4592 et
3466 4553 3571 4592 non
3595 4540 3693 4592 ab-

2088 4610 2249 4668 Siirde
2293 4614 2590 4682 pluviarum
2640 4610 2725 4665 hic
2772 4612 3098 4666 mentionem
3129 4610 3430 4682 conjungi,
3471 4623 3589 4676 qua:
3626 4624 3695 4682 εξ

2086 4699 2212 4738 acre
2260 4678 2617 4739 descendunt.
2667 4683 2801 4738 Hinc
2840 4693 2986 4737 certe
3014 4678 3259 4751 Orpheus
3302 4678 3355 4736 in
3401 4681 3600 4751 hymno
3625 4678 3695 4735 ad

2084 4756 2230 4810 illam
2267 4770 2281 4808 :

2210 4828 2365 4890 ῥμβξιιιν
2388 4837 2454 4887 μὶν
2477 4833 2620 4890 διιρῶν,
2640 4837 2777 4886 ἀνίμων
2797 4838 2921 4888 speci,
2940 4836 3207 4887 παντοτξγιθὶι.

2208 4886 2497 4939 Nimborum
2522 4886 2695 4947 mater,
2721 4886 3083 4950 ventorumque
3108 4886 3483 4950 omnigenitrix.

2083 4970 2148 5025 At
2180 4970 2444 5025 Junnncm
2480 4970 2754 5041 Virginem
2788 4970 3026 5025 fabulosi
3058 4970 3347 5041 antiquitas
3387 4968 3689 5041 handﬂcon-

2085 5042 2265 5107 licuit,
2294 5045 2442 5119 testis
2465 5040 2599 5095 mihi
2631 5042 2923 5097 Pausanias
2955 5044 3005 5095 in
3048 5040 3423 5119 Corinthiacis"
3448 5040 3500 5093 in
3532 5040 3640 5093 ﬁne
3672 5056 3687 5093 :

2082 5121 2186 5166 Rati
2226 5112 2375 5181 σηγῆ
2403 5120 2621 5175 Κάναθος
2659 5122 2942 5183 καλουμένη·
3000 5120 3201 5169 ἐνταῦθα
3248 5123 3336 5169 ιιι-ἰν
3387 5112 3512 5183 lipara
3554 5121 3691 5182 φασιν

2080 5191 2268 5257 Δργεῖοι
2296 5193 2421 5240 κατά
2451 5191 2551 5247 ξτες
2594 5194 2818 5251 λουμένην
2853 5193 3073 5256 παρθένον
3105 5193 3327 5251 γίνεσθαι·
3372 5187 3507 5242 οὗτος
3526 5191 3609 5249 μὲν
3630 5185 3689 5243 δή

2081 5280 2233 5328 σφισιν
2257 5264 2307 5310 ἐκ
2332 5265 2523 5329 τελετῆς
2554 5265 2608 5317 ἦν
2633 5258 2799 5323 ἃγςνσι
2822 5273 2879 5329 τῇ
2927 5267 3059 5329 lips},
3099 5260 3231 5329 )6on
3272 5266 3361 5308 τῶν
3399 5257 3687 5329 Euandrii-rosa

2080 5324 2202 5391 seu,
2228 5329 2261 5379 ἱ.
2292 5343 2338 5380 e.
2368 5325 2435 5379 Et
2461 5330 2575 5396 fons
2593 5330 2674 5380 cui
2696 5324 2875 5382 nomen
2896 5324 3175 5381 (iuuat/ms.
3206 5326 3270 5380 In
3293 5343 3349 5379 eo
3374 5330 3512 5396 {ante
3533 5324 3685 5393 vulgo

2078 5398 2218 5463 apud
2238 5398 2450 5468 Argivos
2472 5400 2749 5467 proditum,
2773 5397 3051 5462 lunonem,
3077 5398 3163 5451 ubi
3182 5397 3455 5465 quotannis
3482 5396 3679 5468 (atterit,

2074 5469 2240 5540 denuo
2268 5466 2514 5540 virginem
2537 5471 2666 5538 fieri.
2704 5469 2930 5523 Manavit
2959 5470 3039 5521 hic
3065 5485 3232 5522 sermo
3261 5469 3324 5521 ab
3348 5467 3551 5540 arcanis
3580 5466 3679 5518 ini-

2074 5539 2287 5607 tiorum,
2316 5537 2427 5608 qua:
2467 5537 2663 5594 lunoni
2706 5542 2901 5595 solcnni
2930 5542 3030 5592 ritu
3056 5542 3203 5608 lium.
3246 5539 3378 5594 Cod.
3431 5537 3550 5591 Ald.
3581 5552 3681 5590 vox

2071 5610 2284 5664 cce/estis
2313 5612 2563 5679 pessime,
2598 5621 2651 5664 ut
2674 5621 2729 5666 et
2753 5612 2927 5666 Rhen.
2957 5612 3031 5665 vis
3060 5611 3292 5665 cadestis.
3324 5609 3463 5663 ιιλν.

2144 5681 2219 5750 (c)
2249 5682 2365 5735 Alia
2394 5683 2476 5736 die
2504 5684 2781 5736 morituris.
2812 5681 2886 5736 Ita
2919 5683 3174 5745 prmclare
3203 5682 3439 5737 restituit
3464 5679 3676 5750 Big.ex

2070 5749 2181 5825 MS.
2204 5749 2380 5809 (Fuld.
2414 5753 2505 5825 qui
2540 5754 2703 5825 (habet
2732 5754 2837 5807 alia
2866 5753 2948 5808 die
2982 5753 3290 5825 moriturus,
3330 5762 3388 5825 ut
3427 5761 3480 5806 et
3516 5749 3676 5825 MSS.

2070 5820 2288 5881 IIerald.
2324 5826 2390 5901 (in
2431 5820 2633 5896 quibus
2672 5826 2951 5883 morituris.
3000 5824 3159 5882 Ridet
3186 5826 3329 5881 enim
3361 5823 3522 5881 istam
3551 5821 3676 5880 vita:
