4258 6274
498 5106 505 5109 '
582 5087 687 5143 tire

579 366 687 430 ΜΒ

1997 356 2459 417 TEBTULLIANI

3776 360 3886 425 416

580 484 628 543 si
675 484 839 542 homo
884 481 1186 542 communis
1229 480 1553 540 conditionis
1577 523 1592 550 ,
1624 482 1672 540 si
1713 493 1904 552 magus
1926 521 1942 549 ,
1973 479 2020 535 si
2062 488 2185 552 post
2208 477 2262 538 A
2288 486 2455 545 runt,
2487 476 2611 549 quia
2654 476 2947 549 plurimum
2972 477 3397 539 'illis'credendo
3421 479 3638 540 Christo
3664 480 3886 540 domino

580 589 810 638 mortem
855 578 936 651 (l)
978 577 1048 635 de
1086 577 1333 648 sepulcro
1374 593 1407 632 a
1449 577 1726 649 discipulis
1769 576 2058 647 subreptus
2082 618 2097 642 ,
2133 577 2181 634 si

579 688 723 729 nunc
741 671 970 741 denique
987 685 1154 741 penes
1179 669 1399 739 inferos,
1421 671 1468 729 si
1491 686 1598 727 non
1620 671 1673 726 in
1691 670 1846 727 caelis
1869 670 2044 741 potius
2071 668 2176 742 (2),

578 755 633 823 et
669 764 795 822 inde
822 773 1080 831 venturus
1106 780 1230 822 cum
1272 766 1435 821 totius
1462 764 1648 821 mundi
1678 771 1827 819 motu
1852 805 1869 831 ,
1894 778 2017 819 cum
2046 762 2175 818 hor-

578 872 704 916 rore
732 856 880 915 orbis
903 900 918 924 ,
952 873 1075 914 cum
1105 858 1321 929 planctu
1349 857 1589 914 omnium
1614 900 1632 925 ,
1660 855 1756 913 sed
1784 871 1890 912 non
1919 852 2178 912 Chriétia-

577 939 771 1007 norum
802 953 901 1022 (3),
928 960 989 1007 ut
1016 950 1113 1008 Dei
1140 951 1321 1007 Virtus
1348 961 1405 1007 et
1432 951 1525 1007 Dei
1548 950 1782 1021 Spiritus
1821 957 1876 1006 et
1904 949 2096 1009 Sermo
2122 957 2179 1005 et

576 1043 847 1116 Sapientia
876 1054 930 1101 et
950 1044 1187 1102 Ratio‘et
1213 1045 1306 1101 Dei
1334 1044 1520 1100 Filius.
1554 1044 1939 1114 Quodcumque
1966 1040 2173 1111 ridetis,

577 1136 789 1193 rideant
815 1145 869 1192 et
903 1136 977 1191 illi
1008 1136 1318 1204 vobiscum;
1347 1147 1545 1208 negent
1564 1135 1836 1193 Christum
1868 1151 2084 1192 omnem
2108 1135 2178 1191 ab

578 1244 696 1284 sevo
725 1230 961 1284 animam
1005 1231 1260 1286 restituto
1305 1244 1534 1300 corpore
1566 1229 1957 1300 iudicaturum.
1988 1228 2180 1285 Dicant

578 1320 683 1377 hoc
729 1337 825 1392 pro
872 1321 1158 1388 tribunali,
1209 1321 1256 1377 si
1295 1320 1470 1388 forte,
1514 1321 1726 1377 Minoen
1753 1319 2176 1379 ctRhadaman-

579 1412 727 1468 thum
752 1413 829 1486 (a)
857 1413 1154 1475 secundum
1201 1429 1527 1483 consensum
1559 1413 1638 1485 (4)
1674 1414 1911 1470 Platonis
1956 1426 2013 1471 et
2051 1431 2177 1487 poe-

579 1512 752 1561 tarum
783 1519 906 1561 esse
930 1506 1151 1560 sortitos
1176 1522 1192 1571 ;
1224 1521 1337 1560 suae
1362 1505 1550 1560 saltem
1579 1505 1885 1581 ignominia:
1925 1515 1981 1562 et
2018 1508 2173 1563 dam-

2282 573 2560 631 eredimus
2594 570 2733 644 -(9).
2795 574 2903 647 Ipsi
2926 575 3276 647 :{litterarnm
3339 584 3643 635 nostrarum
3722 576 3883 635 ﬁdem

2282 668 2604 737 accendunt,
2647 672 2749 741 ipsi
2789 667 2904 739 spei
2944 678 3144 724 nostra:
3183 666 3456 724 ﬁdentiam
3494 667 3782 725 aediﬁcant.
3811 672 3884 728 At

2281 760 2458 816 colitis
2483 760 2629 825 illos,
2651 760 2794 832 quod
2819 761 2982 817 sciam
3003 802 3018 826 ,
3045 762 3206 817 etiam
3231 760 3300 817 de
3331 760 3593 833 sanguine
3622 760 3876 820 christia-

2280 868 2494 913 norum.
2526 854 2743 912 Nollent
2768 855 2947 927 itaque
2974 870 3070 911 vos
3109 863 3214 910 tam
3243 854 3552 912 fructuosos
3573 895 3589 923 ,
3620 863 3729 912 tam
3755 855 3880 913 olli-

2280 947 2460 1003 ciosos
2488 947 2594 1003 sibi
2622 949 2894 1014 amittere,
2921 947 3006 1003 vel
3036 962 3103 1003 ne
3132 964 3163 1003 a
3191 948 3340 1005 vobis
3384 948 3704 1019 quandoque
3728 948 3881 1006 citri-'—

2278 1039 2465 1095 stianis
2491 1032 2890 1112 (l0)Tugentur,
2914 1040 2994 1113 (ά)
3009 1041 3054 1095 si
3079 1040 3182 1096 illis
3204 1041 3304 1096 sub
3326 1041 3641 1111 christiano,
3665 1041 3881 1101 volente

2281 1130 2434 1188 vobis
2458 1132 2741 1199 veritatem
2770 1134 3018 1205 probare,
3047 1134 3256 1189 mentiri
3283 1133 3488 1191 liceret.

2853 1226 3086 1283 CAPUT
3128 1227 3321 1284 XXIV.

2278 1318 2317 1374 Α
2328 1333 2672 1376 ιιαυιιειιτυιι.
2700 1347 2771 1360 -—
2785 1317 3003 1373 Falsum
3023 1319 3191 1389 itaque
3208 1334 3315 1375 esse
3328 1320 3514 1376 crimen
3531 1322 3880 1395 irreligiosita—

2349 1412 2434 1478 tis,
2466 1421 2513 1465 et
2541 1410 2610 1465 ad
2632 1408 2890 1465 Romanos
2912 1411 3078 1480 potius
3101 1427 3253 1481 quam
3280 1411 3587 1468 Christianos
3606 1416 3874 1487 pertinere,

2347 1521 2474 1578 quos
2516 1505 2595 1559 vel
2633 1520 2696 1560 ea:
2723 1504 2819 1559 hac
2845 1505 3152 1573 subjectione
3194 1505 3484 1560 dwmonum
3532 1518 3732 1577 pateat,
3769 1527 3879 1565 ma-

579 1596 812 1662 nationis
875 1604 1057 1651 notam
1126 1596 1360 1652 refutent
1404 1614 1416 1649 :
1459 1606 1690 1650 renuant
1744 1611 1805 1652 se
1870 1597 2175 1656 immundos
2205 1617 2253 1678 Β
2343 1598 2512 1669 jorem
2539 1596 2640 1650 illis
2684 1604 2732 1649 et
2754 1595 3097 1651 sublimiorem
3126 1594 3293 1651 Deum
3324 1596 3768 1669 eolere;adeoque
3803 1600 3882 1656 uel

579 1686 800 1758 spiritus
836 1700 958 1744 esse
981 1728 996 1754 ,
1025 1686 1167 1756 quod
1201 1687 1282 1743 vel
1323 1701 1389 1743 ex
1431 1686 1640 1757 pabulis
1691 1703 1879 1744 eorum
1919 1691 2178 1762 sanguine

579 1789 636 1835 et
663 1779 812 1834 fumo
851 1789 905 1835 et
936 1779 1130 1850 putidis
1168 1780 1314 1850 rogis
1358 1794 1610 1849 pecorum
1637 1779 1712 1853 (b)
1737 1790 1793 1836 et
1817 1781 2178 1851 impuratissi-

580 1872 683 1928 mis
741 1872 935 1942 linguis
998 1871 1236 1943 ipsorum
1298 1881 1475 1927 vatum
1540 1872 1761 1944 intelligi
1814 1872 2036 1941 debuit;
2092 1890 2180 1931 re-

581 1974 750 2021 nuant
779 1964 856 2035 (5)
890 1965 959 2021 ob
1008 1965 1265 2020 malitiam
1310 1965 1703 2034 praedamnatos
1747 1981 1807 2023 se
1845 1967 1898 2022 in
1928 1968 2178 2025 eumdem

575 2055 761 2127 jndicii
803 2056 948 2113 diem
992 2072 1111 2112 cum
1161 2056 1411 2112 omnibus
1439 2057 1737 2113 cultoribus
1781 2068 1839 2114 et
1882 2062 2173 2131 operatori-

581 2146 681 2202 bus
707 2145 789 2219 (6)
815 2148 1130 2243 SlliS.~Alqui
1150 2149 1323 2203 omnis
1352 2151 1467 2203 haec
1497 2159 1676 2204 nostra
1704 2152 1756 2206 in
1781 2151 1903 2206 illos
1927 2150 2179 2209 domina-

583 2240 658 2296 tio
681 2249 738 2296 et
781 2238 1015 2310 potestas
1055 2240 1124 2297 de
1171 2241 1539 2297 nominatione
1582 2238 1781 2298 Christi
1809 2243 1947 2300 valet
1976 2243 2048 2318 (c)
2072 2286 2089 2313 ,
2124 2254 2182 2300 et

580 2333 648 2390 dc
698 2336 1213 2392 commemoratione
1263 2350 1632 2406 eorum,qn.'e
1686 2335 1789 2391 sibi
1842 2351 1875 2391 a
1931 2338 2040 2393 Deo
2083 2352 2180 2408 per

579 2426 839 2484 arbitrum
871 2428 1142 2484 Christum
1172 2429 1509 2484 imminentia
1538 2439 1873 2501 exspectant.
1904 2429 2177 2486 Christum

582 2505 834 2576 timentes
880 2521 933 2576 in
964 2522 1094 2586 Deo,
1124 2529 1178 2576 et
1222 2522 1388 2577 Deum
1436 2523 1490 2577 in
1533 2522 1753 2578 Chrism
1776 2565 1790 2589 ,
1821 2523 2180 2594 subjiciuntur

580 2613 754 2669 servis
781 2613 876 2669 Dei
915 2622 969 2669 et
997 2614 1217 2670 Christi.
1257 2614 1329 2669 Ita
1376 2615 1443 2671 de
1485 2625 1733 2693 contactu
1775 2617 1949 2689 deque
1990 2618 2177 2675 al‘llatu

581 2713 766 2759 nostro
791 2707 1241 2776 contemplatione.
1268 2715 1323 2763 et
1354 2710 1832 2777 repraesentatione
1866 2710 2003 2780 ignis
2033 2710 2177 2767 illius

580 2799 812 2868 correpti
839 2839 853 2863 ,
881 2799 1042 2855 etiam
1073 2799 1140 2853 de
1176 2799 1493 2869 corporibus
1525 2813 1711 2856 nostro
1749 2802 1980 2873 imperio
2021 2817 2178 2859 cxce-

579 2890 713 2944 dnnt
740 2890 888 2945 inviti
919 2898 967 2946 et
1002 2889 1283 2958 dolentes,
1316 2900 1371 2946 et
1396 2892 1549 2947 vobis
1587 2894 1939 2963 prmsentibus
1983 2895 2179 2952 erube-

577 2989 810 3038 scentes.
834 2981 1047 3038 Credite
1077 2982 1198 3050 illis,
1223 2999 1344 3039 cum
1374 2998 1557 3039 verum
1581 2984 1662 3058 (7)
1690 2985 1757 3040 de
1779 3002 1838 3043 se
1865 2986 2174 3059 loquuntur,

577 3074 666 3144 qui
715 3074 1099 3131 mentientibus
1130 3076 1373 3132 creditis.
1427 3077 1596 3133 Nemo
1633 3078 1699 3134 ad
1740 3096 1898 3135 suum
1942 3081 2178 3137 dedecus

576 3169 834 3224 mentitur
856 3211 872 3237 ,
903 3170 1030 3241 quin
1080 3171 1255 3241 potius
1285 3172 1351 3226 ad
1395 3172 1676 3228 honorem.
1718 3173 1885 3247 Magis
1931 3174 2062 3231 lides
2091 3176 2175 3246 (8)

575 3274 742 3331 prona
791 3270 875 3317 est
920 3262 1184 3319 adversus
1230 3265 1554 3334 semetipsos
1606 3267 1963 3335 confitentes,
2012 3283 2175 3339 quam

577 3368 675 3422 pro
722 3354 1028 3425 semetipsis
1078 3366 1354 3427 negantes.
1410 3356 1538 3413 Haec
1589 3358 1821 3430 denique
1868 3359 2173 3416 testimonia

576 3444 801 3501 deorum
865 3454 1167 3503 vestrorum
1237 3434 1585 3504 christianos
1628 3448 1809 3506 facere
1875 3465 2171 3507 consueve-

2352 1687 2632 1743 libertatem
2666 1687 2846 1742 saltem
2877 1686 3137 1759 religionis
3186 1689 3294 1743 illis
3320 1704 3428 1744 esse
3458 1687 3843 1761 relinquendam
3861 1732 3878 1759 ,

2351 1795 2465 1850 gnte
2490 1795 2607 1833 eum
2631 1778 2748 1834 aliis
2776 1777 2938 1844 detur,
2971 1786 3077 1833 tum
3102 1794 3193 1834 nec
3218 1779 3345 1850 ipsis
3360 1778 3629 1853 Egyptiis
3647 1792 3880 1855 negetur.

2355 1868 2463 1926 Sed
2484 1869 2626 1936 apud
2652 1868 2771 1926 illos
2781 1870 2981 1937 quiduis
3000 1870 3097 1925 coli
3115 1870 3265 1927 licere
3291 1881 3475 1949 printer
3496 1872 3661 1930 Deum
3683 1890 3878 1932 verum.

2353 1962 2542 2019 Omnis
2596 1963 2697 2018 ista
2760 1962 3026 2019 confessio
3082 1964 3329 2033 illorum,
3378 1982 3483 2038 qua
3538 1983 3600 2024 se
3626 1968 3760 2026 deos
3789 1986 3883 2030 ne-

2283 2066 2410 2130 gant
2434 2072 2575 2124 esse,
2603 2072 2816 2129 quaque
2843 2072 2948 2112 non
2987 2057 3151 2113 alium
3191 2058 3351 2115 deum
3382 2061 3714 2131 respondent
3745 2080 3884 2136 prat-

2288 2158 2369 2204 ter
2400 2163 2560 2203 unum
2580 2186 2596 2214 ,
2640 2147 2735 2203 cui
2763 2162 2862 2203 nos
2888 2149 3256 2219 mancipamur
3275 2191 3291 2215 ,
3324 2151 3458 2208 satis
3487 2151 3680 2210 idonea
3709 2165 3792 2212 est
3813 2157 3882 2213 ad

2283 2238 2657 2310 depellendum
2680 2239 2883 2295 crimen
2896 2239 3037 2295 laesae
3050 2240 3278 2310 publica:
3301 2251 3356 2298 et
3383 2245 3620 2302 maxime
3645 2261 3880 2306 romanae

2283 2333 2556 2404 religionis
2576 2331 2799 2405 (ε)(11).
2820 2331 2876 2389 Si
2906 2333 3048 2388 enim
3078 2348 3185 2389 non
3209 2342 3334 2390 sunt
3356 2335 3442 2392 dei
3468 2351 3567 2408 pro
3590 2348 3760 2408 certo,
3786 2356 3885 2399 nec

2281 2425 2469 2497 religio
2496 2441 2593 2495 pro
2620 2434 2771 2482 certo
2799 2433 2917 2490 est;
2955 2424 3001 2480 si
3029 2424 3217 2496 religio
3239 2440 3345 2482 non
3368 2436 3474 2496 est,
3507 2428 3631 2499 quia
3658 2446 3759 2487 nec
3788 2430 3884 2488 Dei

2282 2534 2379 2590 pro
2408 2529 2592 2584 certo,
2634 2534 2735 2574 nec
2776 2533 2876 2573 nos
2922 2532 3020 2591 pro
3049 2529 3199 2575 certo
3240 2521 3319 2575 rei
3353 2534 3540 2576 sumus
3571 2521 3715 2577 [rasae
3758 2523 3886 2579 reli-

2278 2611 2472 2682 gionis.
2504 2609 2894 2666 Ateeontrario
2921 2610 2973 2664 in
2996 2625 3092 2666 vos
3111 2611 3424 2681 exprobatio
3444 2612 3721 2669 resultabit
3739 2612 3879 2688 (12).

2281 2704 2375 2775 qui
2404 2704 2745 2760 mendacium
2785 2703 3024 2759 colentes
3048 2745 3063 2770 ,
3091 2717 3269 2759 veram
3308 2703 3620 2772 religionem
3653 2706 3764 2762 veri
3794 2706 3883 2763 dei

2281 2814 2388 2855 non
2416 2798 2575 2854 modo
2601 2797 2940 2869 negligenda,
2963 2797 3091 2866 quin
3123 2779 3715 2869 insuper'expugnando
3733 2800 3873 2871 (15).

2279 2894 2332 2948 in
2349 2908 2533 2948 verum
2547 2891 2663 2965 (id)
2677 2890 3010 2947 committitis
3039 2889 3242 2945 crimen
3276 2906 3420 2946 verte
3444 2891 3878 2961 irrcligiositatis.

2280 2987 2462 3051 Nunc,
2490 2994 2549 3041 ut
2576 2994 2847 3041 constaret
2875 2984 2996 3040 illos
3021 2983 3152 3040 deos
3190 2998 3313 3040 esse
3334 3025 3349 3049 ,
3379 2999 3559 3039 nonne
3588 2984 3882 3041 conceditis

2279 3082 2347 3138 de
2373 3080 2729 3136 aestimatione
2770 3077 3043 3133 communi
3079 3076 3312 3146 aliquem
3354 3090 3475 3131 esse
3508 3076 3881 3134 sublimiorem

2278 3180 2333 3229 et
2360 3172 2715 3244 potentiorem
2746 3169 2892 3225 velut
2920 3169 3216 3243 principem
3243 3167 3465 3234 mundi,
3502 3167 3752 3239 perlecta).
3783 3185 3880 3240 po-

2280 3265 2461 3322 lentiae
2489 3262 2609 3337 (l5)
2641 3274 2696 3319 et
2721 3261 3057 3333 majestatis?
3080 3260 3210 3316 Nam
3241 3250 3301 3316 et
3324 3261 3403 3317 sic
3430 3261 3669 3332 plerique
3697 3261 3883 3334 dispo-

2279 3367 2411 3414 nunt
2441 3356 2772 3412 divinitatem
2792 3394 2808 3420 ,
2836 3361 2893 3408 ut
2919 3352 3204 3424 imperium
3235 3367 3461 3408 summa:
3499 3352 3884 3413 dominationis

2285 3466 2421 3521 esse
2445 3463 2609 3520 penes
2633 3462 2821 3513 unum,
2849 3444 3026 3501 ollicia
3049 3444 3166 3516 ejus
3193 3460 3362 3517 penes
3392 3444 3590 3503 multos
3608 3446 3806 3514 velint;
3830 3457 3888 3505 ut

1809 3543 2192 3606 LECTIONES
2229 3541 2645 3603 VARIANTES.

643 3629 658 3820 ἱ

692 3757 709 4007 l

664 3630 707 3751 ιζ
745 3631 955 3705 Crucem
977 3634 1190 3686 Haverc.

659 3693 690 3741 2
745 3693 894 3745 Ocius
915 3695 1064 3747 Seml.

660 3757 707 3808 3i
748 3755 798 3805 Si
822 3771 916 3808 non
933 3758 1089 3808 Fran.

662 3818 708 3871 il
748 3818 959 3871 Sensum
986 3819 1142 3871 Paris.

660 3880 706 3949 ὅ)
746 3880 1057 3949 [tenendam
1079 3884 1235 3949 Fren-
1258 3882 1369 3949 Rig-

659 3943 709 4007 6}
748 3943 895 4009 Codd.
922 3945 1036 3996 Put.
1073 3954 1125 3996 et
1162 3943 1356 4009 Lugdf,
1391 3944 1551 3996 Rhea.
1574 3984 1589 4008 ,
1630 3944 1739 3997 Ald.
1768 3953 1821 3998 et
1842 3946 1927 3998 Fr.
1959 3947 2171 4000 Junius:

573 4008 960 4070 operationibus.

660 4072 688 4121 7
696 4069 707 4122 l
746 4068 932 4119 Verum
954 4070 1104 4122 abesti
1131 4069 1319 4122 Parsin.

659 4132 706 4196 8)
746 4132 897 4196 Plena
920 4132 968 4184 lu
994 4132 1170 4194 Cerdo,
1199 4134 1415 4196 proxima
1443 4135 1651 4196 (lavero.

658 4194 706 4248 9i
747 4195 802 4247 In
824 4195 1017 4247 Christo
1038 4194 1285 4248 dominum
1303 4194 1483 4247 mavult
1513 4199 1753 4247 Wouwer.

2201 3642 2246 3704 ε]
2309 3703 2326 3704 ἡ
2339 3636 2444 3704 μοι
2486 3634 2654 3704 Quand

2650 3635 2791 3747 mue
2812 3632 3087 3682 cbristianis
3105 3630 3337 3696 fugentur
3359 3630 3882 3695 Frmteq._fugarentur

2290 3696 2535 3752 Wouwer.
2561 3709 2589 3746 e
2612 3696 2733 3747 Cod.
3680 3751 3693 3762 .

2340 3761 2437 3827 (ll)
2478 3761 2562 3827 sic
2586 3761 2873 3827 flammea;
2894 3752 3175 3807 auctoritate
3194 3751 3488 3815 eod.Fuld.;
3527 3759 3690 3805 sceleri
3711 3768 3723 3803 :
3748 3753 3880 3807 lese

2281 3821 2497 3877 maxime
2523 3822 2581 3871 Β.
2609 3821 2703 3870 rel.

2370 3886 2443 3942 12)
2481 3883 2757 3934 Resultavit
2774 3918 2789 3942 ,
2816 3883 2969 3932 Fran.
2994 3882 3147 3931 reista
3177 3878 3437 3931 resultabit
3464 3882 3526 3930 γ.
3553 3877 3672 3931 Cod.
3696 3875 3848 3929 Fuld.

2374 3951 2427 4000 15
2476 3947 2780 4012 Oppugando
2802 3947 2922 3994 Jun.

2367 3947 2446 4073 lli
2466 4012 2548 4060 Ita
2569 4008 2679 4059 cod.
2707 4005 2876 4073 nim,
2903 4004 3013 4073 Πῦρ.
3037 4010 3083 4058 et
3104 4006 3267 4069 Hau;
3290 4005 3402 4057 cod.
3429 4003 3580 4072 Lugd.
3613 4018 3629 4053 :
3657 4004 3709 4055 in
3730 4016 3880 4067 vero;

2276 4069 2446 4126 ete'teri
2469 4084 2672 4122 omnes:
2706 4072 2754 4119 in
2769 4069 2948 4120 Deum.

2353 4135 2449 4202 (l5)
2485 4134 2684 4186 Peritite
2700 4133 2854 4182 Fran.

2587 3944 2780 4007 ugando
2790 3946 2922 4007 Jun.

2345 3886 2361 4076 l

1852 4298 1859 4311 κ
1950 4277 2515 4342 COMMENTARIUS.

577 4374 915 4447 largitionem
937 4417 951 4441 ,
980 4390 1100 4447 qnze
1137 4384 1314 4431 tamen
1346 4375 1507 4444 paulo
1548 4384 1800 4445 posteum
1830 4384 2004 4433 morte
2037 4375 2177 4433 foret

574 4445 974 4519 commutanda.
998 4445 1305 4519 Vulg._alias
1320 4446 1664 4519 demorituris.
1685 4447 1851 4503 Aldus
1871 4456 2049 4503 tamen
2070 4449 2177 4504 alia

575 4517 921 4589 demorituris,
972 4528 1027 4573 ut
1058 4517 1120 4573 et
1152 4517 1216 4574 L.
1263 4517 1322 4572 Β.
1370 4528 1424 4573 et
1476 4518 1646 4589 Agob.
1689 4528 1746 4572 ut
1791 4528 1970 4589 pateat
2005 4529 2060 4575 τὸ
2095 4519 2179 4575 die

576 4589 864 4644 excidisse.
904 4588 1187 4646 Sallustius
1224 4589 1430 4646 Sullam
1474 4588 1526 4643 in
1560 4589 1809 4658 periculis
1839 4591 2175 4659 imperterri-

577 4668 688 4730 tum
720 4661 820 4715 hoc
840 4660 999 4714 modo
1025 4661 1388 4730 argumentari
1417 4659 1484 4716 ad
1505 4659 1760 4715 Volocem
1785 4659 1930 4726 facit,
1956 4662 2006 4717 in
2030 4661 2178 4717 Bello

578 4729 697 4799 Jug.
726 4746 847 4801 cap.
873 4730 1006 4786 CVI.
1040 4731 1252 4786 Etiamsi
1282 4741 1415 4785 certa
1443 4732 1596 4800 pestis
1619 4731 1814 4786 adesset
1839 4772 1853 4796 ,
1880 4749 2179 4787 mansurum

573 4791 766 4871 politis,
793 4791 948 4872 quam
973 4804 1188 4871 proditis
1213 4820 1339 4867 quos
1367 4791 1600 4866 ducebat,
1631 4803 1770 4869 turpi
1803 4791 1928 4873 fuga
1961 4804 2175 4870 incerta,
2200 4791 2255 4850 Ι)

575 4888 636 4926 ac
686 4874 900 4945 forsitan
940 4876 1094 4943 paulo
1122 4885 1233 4945 post
1264 4876 1436 4929 morbo
1465 4874 1743 4929 interitura:
1769 4877 1885 4929 vita:
1929 4884 2176 5001 portaret.

2087 4961 2175 5001 av.

2087 4961 2175 5003 AV.

656 5014 735 5087 (a)
760 5015 974 5087 Minoen
994 5024 1041 5070 et
1068 5014 1504 5087 Radamanthum.
1534 5016 1713 5072 Poetis
1733 5016 1917 5087 inghoc
1943 5031 2171 5073 consen-

753 5086 988 5171 liitoﬂem
1019 5086 1208 5169 inhaec
1226 5089 1661 5171 verbarecenset
1693 5088 1757 5143 Ι).
1784 5085 1923 5171 ius}:
1946 5087 2167 5171 Martyr.

583 5158 739 5229 Apol.
762 5157 818 5213 2.
849 5158 999 5213 Plato
1019 5158 1233 5229 ,inqnit
1256 5200 1271 5221 ,
1305 5157 1731 5213 Radamantlmm
1760 5167 1815 5214 et
1843 5158 2055 5215 Minoen
2081 5157 2171 5216 iti-

581 5228 704 5285 dem
736 5229 968 5297 injustos
995 5228 1061 5283 ad
1088 5245 1148 5286 se
1172 5229 1456 5300 venientes
1490 5230 1769 5300 plexurum
1800 5244 1923 5284 esse
1945 5230 2166 5300 docuit,

578 5315 678 5355 nos
705 5310 882 5355 autem
910 5300 1140 5370 idipsum
1160 5299 1354 5355 factum
1386 5300 1452 5355 iri
1473 5298 1701 5356 dicimus
1722 5342 1737 5365 ,
1761 5299 1854 5356 sed
1882 5316 1911 5354 a
1930 5298 2167 5357 Christo.

575 5370 762 5443 Addit.
787 5381 925 5427 orat.
957 5387 1055 5443 pro
1078 5371 1397 5443 Christianis
1435 5370 1955 5443 AthenagoraszNos
1984 5383 2165 5429 autem

575 5443 692 5499 sive
714 5442 885 5498 Minos
910 5443 1024 5499 sive
1070 5442 1471 5500 Radamanthus
1502 5444 1572 5498 sit
1614 5442 1729 5499 sive
1755 5443 1946 5514 aliquis
1978 5458 2166 5500 eorum

578 5523 767 5585 pater,
810 5530 1026 5587 neeum
1058 5516 1277 5585 quidem
1325 5516 1497 5587 ipsmn
1529 5514 1867 5587 ellugiturum
1887 5530 2009 5571 esse
2029 5514 2172 5585 judi-

576 5588 718 5643 cium
746 5586 837 5640 Dei
866 5585 1116 5641 dicimus.
1167 5587 1302 5643 ΡΑιι.

649 5657 727 5730 (b)
773 5656 978 5714 Putidis
1024 5658 1161 5729 rogis
1214 5675 1496 5730 pecorum.
1524 5658 1782 5730 Veterum
1825 5658 2168 5730 contumeliis

577 5728 831 5785 oneratos
853 5728 1126 5784 (ianuarias
1147 5728 1329 5785 notum
1349 5742 1450 5787 est.
1481 5729 1739 5799 Sulpitius
1755 5728 1822 5785 de
1841 5733 1897 5785 S.
1921 5729 2165 5785 Martino.

581 5799 721 5864 Quid
757 5800 860 5861 hic,
892 5800 1083 5866 inquit,
1102 5802 1296 5867 adstas,
1320 5811 1529 5862 cruenta
1554 5800 1749 5867 bestia?
1794 5799 1946 5869 Nihil
1973 5802 2022 5856 in
2053 5816 2164 5869 me,

582 5871 777 5940 funeste
796 5908 812 5934 ,
842 5869 1076 5938 reperies.
1106 5869 1236 5927 Lac.

2354 4379 2429 4453 (c)
2471 4378 2649 4453 Omnis
2671 4379 2979 4453 lites-nostra
3013 4377 3067 4453 in
3095 4370 3559 4453 inclinantia-alio)
3587 4380 3633 4453 et
3655 4379 3878 4453 potestas

2281 4441 2725 4506 de'n'ominatione
2767 4446 2952 4503 Christi
2983 4446 3132 4501 valet.
3201 4444 3460 4500 Notabilis
3530 4450 3617 4498 est
3660 4442 3714 4498 in
3741 4441 3881 4500 hanc

2281 4523 2623 4598 sententiam
2647 4519 2837 4598 Irenmi
2875 4518 3101 4598 _locus_,_
3126 4517 3221 4598 lib.
3268 4531 3326 4571 ιι.
3354 4513 3881 4598 _cap..5.nDomini

2283 4595 2452 4650 nostri
2480 4593 2718 4657 nomini,
2744 4589 2951 4661 inquit.
2985 4587 3224 4661 subjecta
3238 4594 3372 4661 sunt
3399 4585 3602 4661 omnia.
3617 4585 3698 4661 _Et
3721 4600 3879 4661 prop—

2285 4673 2369 4721 ter
2396 4665 2499 4720 boc
2525 4656 2711 4720 Judaei
2727 4656 2894 4730 usque
2919 4675 3062 4716 nunc
3088 4656 3193 4715 hac
3235 4659 3348 4729 ipsa
3389 4656 3741 4714 advocatione
3768 4656 3881 4713 da:-

2286 4734 2926 4813 IneesssllesanL-Pﬂo
3000 4778 3049 4813 ,ι
3163 4802 3175 4813 .
3381 4800 3454 4813 --
3648 4800 3699 4813 -ο

2358 4805 2438 4880 (d)
2467 4806 2528 4862 Si
2544 4805 2679 4880 illis.
2730 4803 2935 4880 Sensus
2962 4801 3285 4880 obscurior,
3305 4800 3402 4857 sed
3441 4800 3734 4880 tamen__hic
3757 4808 3876 4880 est;

2282 4871 2484 4934 credite
2521 4877 2659 4940 illis,
2687 4889 2809 4931 cum
2847 4875 3073 4945 adjurati
3101 4889 3131 4928 a
3163 4872 3318 4945 nobis
3354 4888 3544 4945 verum
3560 4871 3804 4945 _dieunt;
3833 4871 3878 4927 si

2282 4950 2427 5005 enim
2459 4949 2645 5004 liceret
2685 4946 2789 5002 illis
2827 4942 3076 5009 mentiri,
3106 4942 3322 5014 quando
3358 4943 3521 4998 homo
3548 4942 3879 4999 Christianus

2285 5022 2564 5077 veritatem
2590 5019 2742 5073 vobis
2773 5018 3003 5088 probare
3026 5013 3175 5080 vult,
3203 5013 3442 5088 lacerent
3468 5023 3665 5088 certe_;_
3689 5028 3756 5088 ne
3785 5030 3879 5088 vos

2282 5099 2389 5146 tam
2417 5091 2720 5146 fructuosos
2744 5084 2844 5143 sibi
2879 5087 3220 5151 amitterent,
3250 5086 3360 5141 imo
3393 5099 3462 5140 ne
3486 5099 3518 5137 a
3549 5085 3698 5137 vobis
3726 5084 3875 5153 ipsis,

2278 5163 2404 5217 olim
2431 5162 2567 5217 forte
2591 5159 2913 5217 Christianis
2933 5201 2949 5227 ,
2980 5157 3049 5212 ab
3077 5157 3252 5228 aliqua
3286 5155 3629 5228 possessione
3656 5169 3755 5209 sua
3780 5153 3879 5210 de-

2281 5234 2639 5288 turbarentur.
2663 5232 2800 5287 llsv.

2343 5304 2497 5360 CAP.
2526 5302 2721 5359 XXIV.
2738 5333 2808 5343 —
2826 5301 2899 5374 (c)
2933 5301 3097 5374 [λειω
3123 5300 3339 5374 publica:
3354 5296 3649 5374 {lamminae
3661 5296 3878 5374 linitur.

2273 5374 2464 5431 Mirum
2481 5391 2585 5431 non
2599 5375 2665 5430 ad
2673 5368 3044 5445 vertisseghanc
3054 5368 3522 5445 lectionie_1n_Riga_lt
3532 5369 3638 5445 ium
3651 5368 3875 5445 aliosve,

2272 5446 2368 5503 sed
2391 5447 2622 5502 edidisse
2640 5446 2776 5500 lassa:
2803 5439 3020 5499 mtifsime
3043 5443 3248 5498 Rom.r.
3266 5439 3390 5496 Tria
3407 5439 3549 5495 enim
3565 5440 3722 5496 diluit
3740 5458 3754 5495 :
3770 5439 3879 5495 cri-

2282 5533 2403 5573 men
2430 5518 2603 5589 primo
2626 5518 2772 5573 lmsa:
2799 5514 3073 5589 religionis
3092 5555 3117 5577 ,Α
3134 5527 3294 5584 quam
3322 5510 3523 5567 Gentes
3555 5512 3751 5589 passim
3777 5510 3881 5589 ob-

2272 5583 2510 5655 servant,
2538 5600 2646 5644 tum
2679 5583 2944 5657 imprimis
2967 5586 3268 5657 Romanth
3299 5599 3421 5657 quas
3457 5583 3880 5657 eerteﬂdistabat

2273 5675 2303 5714 a
2328 5660 2706 5736 cynocephalis
2718 5654 3880 5736 ειξηηιιίηειιιιειιιίβᾹὲζ-εςγνιίυιῄιιηιέιίεθι-ιιοιι-

2272 5726 2548 5803 nunquam
2573 5733 2734 5788 etiam
2767 5726 3230 5803 Romercceptis.
3261 5726 3448 5803 Tertio
3480 5726 3879 5803 titultnn_l_:_e_s_t_n

2271 5796 2912 5883 augu'sti'orisinajesta‘tis
2941 5796 3169 5858 Caesaris
3199 5816 3283 5883 se.
3310 5796 3876 5883 de.quo.e.nXXVlll,

2272 5869 2366 5931 eui
2379 5883 2433 5932 et
2457 5869 2718 5934 Gentium
2736 5884 2792 5931 et
2815 5872 3180 5935 Romanorum
3204 5872 3287 5937 Dii
3325 5869 3572 5945 subjecti.
3605 5869 3877 5931 Debemus
