4252 6278
81 5597 112 5624 'r‘

89 5629 112 5676 ιι.

97 5687 112 5732 ἷ

99 5737 120 5756 Π

111 5965 120 5984 Ι

407 302 519 363 455

1788 309 2328 368 APOLOGETICUS.

3617 319 3722 375 45!

417 417 710 487 ﬂcaudum,
736 417 1067 494 obstruimus
1093 418 1316 490 gradum
1342 432 1438 492 pro
1461 420 1565 478 fide
1588 421 1662 493 (a)
1681 420 2022 480 conScieutias
2047 424 2099 484 A
2126 425 2197 479 sit
2227 423 2382 480 nobis
2410 432 2516 480 tota
2538 425 2619 481 vis
2640 425 2944 482 daemonum
2969 434 3023 482 et
3044 427 3305 498 ejusmodi
3335 429 3614 500 spirituum
3637 429 3724 503 (l)

419 518 623 568 nostrae
647 551 662 577 ,
690 525 793 581 qua
819 511 951 566 certi
980 525 1167 566 sumus
1187 553 1200 575 ,
1231 512 1297 566 ad
1324 528 1458 583 quos
1480 514 1580 569 ista
1608 515 1922 587 perveniant
1941 518 2021 571 of-

422 601 562 659 ﬁcia'
575 602 672 658 sub
691 602 975 674 imaginum
1002 604 1376 674 prostitutione
1395 617 1450 661 et
1470 606 1824 663 lnunanorum
1849 609 2020 663 nomi-

418 713 546 751 num
589 696 1012 752 consecratione.
1063 697 1167 752 Sed
1207 697 1422 768 quidam
1463 699 1790 756 dementiam
1829 702 2017 756 existi-

413 797 567 844 mant
591 829 607 854 ,
639 787 783 857 quod
811 803 934 844 cum
965 790 1232 860 possimus
1261 801 1315 847 et
1341 794 1642 850 sacrificare
1672 793 1722 848 in
1745 796 2016 864 praesenti,

415 887 472 936 et
499 879 652 934 illaesi
681 879 830 935 abire
863 890 1116 936 manente
1146 882 1286 952 apud
1317 884 1554 940 animum
1580 887 1854 956 proposito
1876 929 1891 953 ,
1915 886 2014 942 ob-

412 971 758 1028 stinationem
801 972 960 1028 saluti
1005 973 1369 1042 praeferamus.
1418 975 1566 1032 Datis
1602 976 1808 1032 scilicet
1831 978 2012 1033 consi-

411 1063 581 1130 lium,
613 1078 720 1135 quo
761 1064 911 1120 vobis
959 1065 1278 1132 abutamur;
1323 1067 1416 1122 sed
1467 1067 1841 1138 agnoscimus,
1874 1068 2018 1125 unde

414 1155 538 1209 talia
561 1165 948 1226 suggerantur,
972 1157 1090 1226 quis
1113 1167 1279 1212 totum
1308 1158 1408 1213 hoc
1435 1161 1636 1230 agitet,
1666 1169 1721 1215 et
1746 1161 2017 1230 quomodo

412 1260 557 1301 nunc
588 1245 779 1300 astutia
812 1246 1070 1302 suadendi
1112 1262 1252 1302 nunc
1281 1247 1473 1304 duritia
1504 1250 1758 1306 saeviendi
1790 1251 1856 1305 ad
1884 1265 2016 1306 con-

415 1338 665 1393 stantiam
718 1346 958 1394 nostram
1003 1322 1360 1408 dejiciendam
1386 1350 1660 1410 operetur.
1694 1341 1788 1397 ille
1813 1341 2021 1398 scilicet

415 1431 638 1502 Spiritus
667 1431 1017 1486 daemoniacae
1044 1442 1098 1487 et
1121 1433 1374 1504 angelica:
1405 1443 1686 1502 paratum,
1710 1435 1797 1505 qui
1839 1446 2021 1491 noster

415 1525 488 1581 ob
530 1524 815 1580 divortium
871 1525 1098 1578 romulus
1143 1535 1196 1580 et
1239 1525 1308 1580 ob
1340 1525 1433 1580 Dei
1483 1527 1707 1596 gratiam
1774 1526 2016 1595 invidus,

415 1616 485 1672 de
516 1616 782 1671 mentibus
821 1615 1012 1671 vestris
1052 1615 1310 1672 adversus
1349 1631 1446 1672 nos
1479 1618 1782 1687 prmliatur,
1810 1617 2019 1674 occulta

416 1706 810 1776 inspiratione,
859 1706 1145 1762 modulatis
1188 1715 1244 1763 et
1289 1707 1595 1764 subornatis
1639 1708 1706 1764 ad
1754 1723 1968 1765 omnem
1999 1749 2017 1778 ,

2125 527 2184 573 ut
2209 534 2441 588 nequam
2478 519 2815 576 tamen'servi
2838 520 3005 575 metui
3032 535 3412 592 nonnunquam
3441 532 3720 579 contuma-

2122 612 2258 666 ciam
2281 612 2361 686 (2)
2383 613 2639 677 miscent,
2664 621 2719 667 et
2739 611 2937 668 laedere
2957 614 3193 683 gestiunt
3213 628 3348 684 quos
3373 614 3501 670 alias
3524 631 3718 674 veren-

2122 714 2208 760 tur
2232 723 2245 759 :
2270 704 2450 761 odium
2473 706 2616 761 enim
2639 704 2801 761 etiam
2827 706 2986 759 timor
3007 704 3086 776 (5)
3112 706 3333 776 inSpirat
3354 705 3431 778 (ὁ)
3452 747 3468 773 ,
3495 715 3720 776 praeter-

2119 812 2278 876 quam
2294 797 2434 866 quod
2453 796 2533 870 (l)
2551 797 2830 868 desperata
2850 797 3087 853 conditio
3104 812 3288 853 eorum
3301 812 3366 853 ex
3385 798 3720 868 praedamna-

2121 887 2265 942 tione
2283 886 2356 957 (ε)
2377 887 2624 942 solatium
2649 896 2859 958 reputat
2884 887 3121 944 fruenda:
3141 888 3354 944 interim
3376 889 3720 960 malignitatis

2119 978 2187 1035 de
2214 994 2388 1050 paena:
2432 995 2602 1035 mora.
2638 979 2707 1034 Et
2751 990 2926 1035 tamen
2968 981 3290 1051 apprehensi
3328 981 3644 1054 subiguntur
3667 993 3723 1040 et

2119 1069 2416 1126 conditioni
2449 1084 2560 1125 sua;
2590 1069 2875 1126 succidunt
2902 1071 3018 1140 (5),
3051 1080 3106 1127 et
3141 1085 3276 1142 quos
3317 1071 3386 1126 de
3433 1071 3721 1143 longinquo

2121 1169 2430 1231 oppugnant
2447 1203 2460 1225 ,
2479 1161 2548 1215 de
2567 1163 2811 1228 proximo
2828 1161 3130 1216 obsecrant.
3153 1160 3334 1232 Itaque
3350 1161 3477 1216 dum
3495 1163 3614 1217 vice
3634 1163 3717 1234 (6)

2121 1253 2493 1310 rebellantium
2517 1253 2906 1323 ergastulorum
2931 1251 3013 1323 (ά)
3037 1252 3148 1307 sive
3164 1266 3438 1308 carcerum
3460 1294 3476 1319 ,
3499 1253 3582 1308 vel
3609 1269 3720 1310 me-

2126 1346 2398 1412 tallorum,
2419 1347 2504 1401 vel
2520 1345 2620 1400 hoc
2631 1360 2802 1415 genus
2815 1345 3042 1414 poenalis
3054 1345 3323 1400 servitutis
3345 1343 3418 1417 (e)
3432 1357 3723 1416 erumpunt

2123 1437 2379 1491 adversus
2409 1451 2508 1490 nos
2527 1478 2542 1501 ,
2568 1436 2621 1490 in
2651 1450 2880 1506 quorum
2909 1443 3172 1504 potestate
3195 1444 3318 1490 sunt
3343 1477 3358 1502 ,
3387 1437 3516 1490 certi
3547 1446 3602 1492 et
3627 1435 3723 1490 im-

2070 1568 2074 1572 ,
2125 1535 2281 1598 pares
2309 1542 2368 1583 se
2393 1542 2513 1583 esse
2538 1536 2591 1582 et
2620 1526 2721 1582 hoc
2753 1527 2922 1598 magis
2961 1527 3197 1596 perditos
3229 1528 3310 1598 (7)
3338 1528 3557 1600 ingratis
3588 1530 3721 1585 resi-

2123 1619 2315 1674 stimus
2343 1627 2400 1673 ut
2424 1618 2691 1686 aequales,
2721 1627 2776 1674 et
2819 1633 3179 1689 repugnamus
3220 1628 3625 1688 perseverantes
3665 1619 3721 1675 in

2123 1724 2190 1765 eo
2217 1708 2360 1780 quod
2390 1717 2740 1779 oppugnant,"
2757 1716 2811 1763 et
2841 1707 2961 1762 illos
2983 1722 3250 1778 nunquam
3274 1709 3442 1780 magis
3461 1708 3721 1765 detrium-

416 1786 590 1869 quam'
620 1798 674 1854 iu
720 1800 1014 1869 primordio
1043 1799 1222 1855 exorsi
1253 1814 1437 1855 smnus
1458 1842 1472 1868 ,
1507 1811 1562 1856 et
1597 1801 1867 1870 iudicandi
1899 1817 2018 1874 per-
2049 1836 2095 1894 Β
2125 1801 2351 1873 phamus
2391 1801 2461 1872 (e)
2486 1842 2501 1868 ,
2539 1815 2698 1872 quam
2736 1814 2898 1871 quum
2922 1813 3018 1870 pro
3040 1797 3159 1854 fidei
3176 1797 3534 1857 obstinatione
3565 1800 3720 1857 dam-

415 1889 727 1947 versitatem
749 1899 806 1946 et
826 1890 1080 1946 smvieudi
1104 1890 1457 1962 iniquitatem.
1482 1891 1614 1947 Nam
1634 1893 1760 1948 licet
1779 1892 2019 1963 subjecta

2125 1907 2338 1949 namur.

1661 2004 2046 2065 LECTIONES
2081 2005 2493 2063 VARIANTES.

481 2116 556 2183 (1)
589 2117 826 2183 Spiritus,
851 2117 1015 2168 Paris.
1043 2116 1152 2183 Ilig.

483 2179 557 2249 (ἓ)
590 2179 774 2249 {letum
816 2179 1166 2249 nonnunquam
1183 2181 1529 2249 contumaciae,
1550 2179 1656 2249 cod.
1683 2179 1828 2231 Fuld.

487 2241 561 2306 (Eg)
595 2241 674 2306 I_ta
705 2239 1100 2306 Havercampfgt
1125 2239 1273 2290 Fuld.
1309 2239 1484 2306 reliqui
1506 2243 1674 2303 spirat.

490 2302 566 2364 (4)
599 2302 932 2367 Praeterquam
957 2302 1024 2366 et,
1052 2304 1225 2364 Erato,
1254 2302 1632 2367 praeterque’et,
1659 2304 1766 2368 Εἰς.

2207 2178 2260 2244 6)
2293 2180 2694 2244 ljepugnangum
2725 2187 2777 2230 et
2807 2178 2925 2244 add.
2961 2181 3170 2244 flauere.
3198 2178 3346 2230 Fuld.

2205 2117 2258 2176 5)
2290 2119 2575 2176 Succinunt,
2601 2117 2765 2168 Paris.

2186 2117 2260 2306 (5g
2290 2119 2575 2176 Succinunt,
2595 2117 2765 2191 .Paris.

2207 2183 2238 2230 6
2293 2180 2694 2244 Repugnanttum
2725 2187 2777 2230 et
2807 2178 2925 2228 add.
2961 2181 3008 2229 Η

2186 2241 2234 2306 (7
2294 2242 2547 2304 Perditus,
2574 2243 2726 2293 Frau.
2766 2242 2930 2293 Paris.
2957 2242 3008 2291 ι.

1729 2405 2290 2471 COMMENTARIUS.

499 2522 1029 2593 CAP.XXV|l.—(a)
1054 2522 1157 2577 Pro
1174 2521 1446 2577 Fide.Nnn
1460 2521 1852 2578 contemnenda
1863 2523 2032 2580 estle-

425 2595 533 2648 etin
557 2595 688 2648 Cod.
716 2593 777 2648 L.
803 2595 865 2648 Β.
883 2595 1120 2663 perfidia,
1136 2595 1218 2648 cui
1234 2595 1522 2648 assentitur
1537 2594 1700 2647 editio
1717 2593 1958 2648 Rhenani
1976 2603 2031 2651 et

426 2665 536 2720 MS.
562 2663 733 2735 Agob.
761 2674 820 2719 ut
849 2668 916 2719 ita
948 2665 1508 2720 inuuatTertulliauus
1535 2664 1676 2718 nolle
1694 2663 2030 2720 Christianos

427 2736 554 2790 illud
571 2751 814 2804 qumrere
826 2735 1101 2806 effugium,
1119 2745 1175 2790 ut
1188 2735 1388 2790 hostias
1405 2744 1607 2788 tantutn
1641 2742 1892 2806 mactent,
1909 2751 2028 2788 ear-

433 2821 531 2861 ncs
561 2805 950 2861 sacrificiorum
975 2807 1278 2868 cnmedant,
1309 2806 1464 2859 thura
1486 2805 1797 2865 accendant.
1821 2805 2025 2874 absque

427 2877 749 2944 inquirendo
773 2893 874 2946 qua
903 2877 1030 2932 illud
1054 2878 1335 2931 occasione
1365 2875 1474 2940 fiat,
1506 2875 1630 2946 quia
1667 2876 1921 2944 perfidam
1954 2877 2024 2931 ita

429 2947 718 3003 redderent
743 2948 1121 3003 conscientiam
1149 2963 1322 3014 suam,
1355 2948 1440 3002 cui
1472 2946 1730 3014 perfidae,
1751 2947 1876 3011 i.e.,
1903 2961 2027 3015 per-

428 3018 664 3073 suasioni
689 3018 848 3072 mala:
879 3018 1087 3072 obviam
1118 3019 1194 3073 ire
1214 3028 1269 3073 et
1294 3032 1482 3072 omnes
1509 3017 1757 3070 introitus
1779 3018 1829 3070 in
1861 3015 2024 3070 corda

429 3104 522 3142 sua
545 3088 832 3145 nccludere
875 3088 1094 3144 debent.
1123 3089 1271 3143 Tunc
1309 3087 1436 3142 illud
1467 3104 1587 3156 qua.
1612 3086 1752 3156 quod
1781 3087 2024 3155 sequitur

429 3169 485 3214 ct
512 3176 650 3215 nunc
675 3160 741 3214 ad
767 3160 926 3214 [idem
951 3160 1192 3224 refertur,
1227 3159 1385 3212 habet
1411 3158 1722 3212 relationem
1752 3157 1818 3210 ad
1849 3158 2018 3223 ipsam
2050 3163 2094 3226 ρ

431 3232 837 3289 cnnseientiam.
888 3231 1044 3299 quasi
1074 3229 1397 3299 scripsisset,
1428 3243 1522 3297 per
1566 3243 1723 3299 quam
1768 3229 1896 3299 certi
1929 3243 2023 3282 su-

433 3316 574 3354 mus.
604 3296 1132 3374 Cnnferrigpnswnt,
1167 3296 1290 3374 qua;
1315 3296 1564 3374 disputat
1593 3296 1792 3353 Paulus
1819 3296 1886 3352 de
1928 3313 2026 3352 esu

439 3375 757 3425 ιίδωλοθὺτων
783 3389 818 3425 ι.
849 3368 974 3426 Cor.
1007 3387 1115 3425 vm.
1151 3368 1283 3425 I.‘8.'
1307 3369 1394 3424 10.
1427 3368 1560 3424 ΗΑν.
1825 3426 1832 3432 ,

515 3441 594 3513 (b)
630 3441 796 3495 Timor
819 3443 1056 3513 inspirat.
1101 3441 1174 3496 Ita
1216 3440 1441 3513 reposui
1462 3454 1527 3493 ex
1556 3437 1734 3513 Fnld.;
1759 3454 1860 3493 non
1881 3438 2023 3492 enim

444 3512 628 3577 spirat,
656 3520 710 3565 ut
735 3513 845 3579 alii,
866 3509 911 3568 i.
933 3528 1010 3568 e.:
1029 3513 1188 3566 audet
1216 3509 1324 3580 pra:
1343 3526 1401 3564 se
1419 3510 1558 3564 ferre
1585 3509 1763 3563 odium
1783 3519 2026 3578 apertum

439 3582 668 3635 obnoxia
691 3586 932 3649 servitus,
965 3583 1058 3638 sed
1103 3582 1326 3650 inSpirat
1361 3581 1436 3634 illi
1475 3580 1678 3650 odium,
1703 3581 1825 3646 quia
1865 3595 2025 3648 quem

439 3651 645 3717 metuit,
680 3668 782 3706 non
831 3654 1016 3722 diligit.
1048 3649 1251 3707 Ennius
1296 3649 1589 3722 apudrCic.
1631 3665 1665 3722 ιι
1731 3649 1833 3704 ΟΠ.
1877 3667 2022 3722 quem

438 3733 666 3793 metuunt
695 3720 948 3776 oderunt:—
969 3740 1115 3792 quem
1142 3725 1350 3793 quisque
1398 3721 1503 3776 odit
1554 3720 1742 3790 perisse
1801 3721 2023 3791 expedit.

430 3792 546 3849 Huc
572 3794 800 3864 pertinet
828 3792 1160 3865 tyrannicum’
1181 3793 1312 3848 illud
1333 3809 1348 3848 :

686 3886 895 3936 Oderint
915 3885 1030 3935 dmn
1053 3893 1288 3936 metuant.

507 3967 660 4034 Quod
686 3969 963 4038 exagitans
984 3969 1188 4026 Seneca
1217 3985 1254 4022 t.
1274 3967 1442 4022 Clem.
1471 3965 1557 4022 12.
1583 3967 1795 4021 scribit:
1829 3965 1966 4020 Nam
1987 3974 2033 4020 et

434 4041 628 4110 invisus
654 4050 746 4106 est,
775 4041 897 4110 quia
919 4041 1142 4107 timetur,
1165 4049 1208 4093 et
1251 4039 1414 4093 timeri
1441 4039 1544 4092 vult
1581 4039 1700 4108 quia
1730 4039 2028 4092 invisust-st.

432 4109 665 4166 Scilicet.
1815 4163 1818 4166 .

592 4203 814 4254 Necesse
836 4211 914 4254 est
937 4204 1114 4254 multos
1139 4205 1325 4264 timeat,
1351 4216 1500 4266 quem
1525 4201 1663 4251 multi
1683 4202 1874 4262 timent,

437 4288 827 4358 pronunciante
854 4287 1044 4342 Publio
1065 4288 1224 4356 Syro,
1255 4301 1374 4358 vers
1403 4286 1526 4340 455.
1557 4284 1692 4358 Har.

512 4360 590 4426 (c)
627 4358 707 4412 Ea:
733 4355 1179 4424 pra-:damn'ttione,
1213 4357 1470 4410 solatium.
1533 4356 1667 4426 Adv.
1711 4355 2032 4409 Marcinnem

436 4425 531 4482 lib.
565 4445 621 4484 ιι.
651 4444 698 4483 c.
727 4429 815 4483 10.
849 4427 1011 4494 Quem
1031 4438 1194 4481 tamen
1221 4437 1264 4480 et
1293 4425 1690 4496 prredamnando
1712 4435 1917 4478 testatus
1939 4433 2032 4496 est,

437 4500 504 4551 ab
528 4500 864 4578 institutionis
901 4495 1318 4578 fornta_‘libidirte
1350 4499 1557 4578 prapria
1606 4506 1862 4578 concepr
1887 4495 2036 4578 'ul‘tro
2060 4518 2114 4578 Β

440 4569 650 4622 malitia
691 4569 1017 4624 exorbitasse.
1069 4568 1270 4623 Sensus
1308 4566 1416 4628 est.
1446 4566 1772 4622 immundos
1821 4566 2037 4634 Spiritus

439 4639 675 4694 scientes
704 4642 964 4695 reservari
989 4654 1048 4693 se
1069 4639 1134 4693 ad
1169 4653 1380 4706 poenam
1409 4637 1460 4692 in
1492 4638 1630 4691 diem
1653 4636 1869 4692 Judicii.
1897 4635 2037 4688 sola.

415 4706 843 4777 ‘tiumquazrunt
872 4725 1149 4778 prunarum
1169 4709 1220 4762 in
1253 4710 1362 4776 ipsa
1387 4708 1472 4762 illa
1497 4723 1641 4761 mora
1665 4706 1957 4778 temporis,
1983 4714 2040 4759 ut

450 4779 665 4833 interim
692 4796 813 4835 sese
846 4777 1102 4848 expleant
1141 4782 1426 4848 omnigena
1457 4778 1723 4832 bonorum
1751 4777 2040 4832 afﬂictione

439 4856 494 4904 et
517 4849 755 4905 fruantur
783 4851 1112 4917 malignitate
1141 4865 1257 4905 sua.
1287 4850 1421 4904 Nam

596 4937 827 4989 Solamen
849 4940 1046 4989 miseris
1061 4941 1219 4990 socios
1241 4939 1470 4989 habuisse
1490 4937 1744 4988 malorum.

444 5022 514 5078 Et
539 5021 663 5077 hinc
693 5023 951 5092 invidiosa
985 5023 1071 5077 illa
1108 5021 1282 5077 oratio
1312 5023 1521 5077 Possini
1571 5021 1636 5076 ad
1682 5020 2038 5092 Prolemmum

445 5093 516 5150 de
546 5091 786 5165 Ponpejo
816 5091 1046 5164 profugo
1076 5093 1217 5163 apud
1236 5093 1530 5157 Lucanum,
1557 5108 1667 5147 vin.
1701 5091 1826 5147 504.

1379 5185 1558 5247 quaerit

692 5247 811 5300 Cum
833 5261 929 5312 qua
963 5252 1118 5310 gente
1140 5247 1297 5296 cadat.

441 5333 598 5404 Apud
631 5335 928 5413 _l_._ucianuﬂm
959 5335 1010 5388 in
1037 5333 1172 5388 Dial.
1208 5333 1283 5413 De
1313 5331 1464 5413 Syria
1489 5331 1591 5385 Dea
1615 5346 1667 5413 p.
1696 5330 1823 5413 _897.
1861 5328 2048 5413 dicunt

443 5406 684 5460 nonnulli
711 5413 771 5466 ὡς
798 5415 828 5465 ἡ
858 5406 954 5475 Ηρη
985 5414 1206 5476 φιλέουσα
1235 5411 1517 5470 Κομϐάϐον,
1546 5409 1761 5456 πολλοῖσι
1794 5413 1879 5460 τὴν
1899 5411 2047 5468 τομήν

441 5480 523 5532 ἰπὶ
548 5486 645 5531 νόον
665 5482 876 5541 ἒεαλλιν,
903 5484 1026 5537 ὅπως
1040 5490 1108 5544 μή
1137 5486 1305 5544 μοῦνος
1340 5481 1415 5529 ἰπὶ
1436 5487 1493 5542 τῇ
1523 5477 1766 5542 ἀνανδρείῃ
1794 5481 2042 5544 λγπέοιτος

441 5547 482 5602 i.
506 5561 556 5602 e.
574 5545 835 5599 lunonem
855 5563 970 5600 cum
992 5542 1184 5600 amaret
1207 5545 1539 5610 Combabum,
1561 5546 1746 5596 multos
1770 5542 1838 5594 ad
1863 5557 1915 5595 se
1938 5557 2046 5595 cas-

441 5617 684 5671 trandum
711 5617 998 5684 impulisse,
1031 5633 1094 5670 ne
1138 5617 1277 5672 solus
1306 5617 1394 5669 ille
1413 5617 1622 5685 lugeret,
1660 5612 1795 5680 quod
1823 5612 2044 5685 eviratas

439 5697 590 5744 esset.
608 5682 949 5742 Castraverat
985 5687 1128 5743 enim
1154 5701 1294 5742 sese.
1334 5685 1407 5740 Ita
1435 5682 1596 5738 multa
1621 5699 1744 5737 sane
1765 5698 1853 5746 per
1878 5682 2042 5736 diver-

441 5775 530 5820 sas
558 5767 722 5813 terras
749 5761 853 5829 agit
895 5756 984 5812 ille
1022 5759 1108 5829 qui
1139 5773 1246 5814 sua:
1285 5757 1580 5829 perditionis
1627 5754 1790 5812 socios
1837 5754 2032 5823 gum-it.

2135 2527 2306 2597 inquit
2325 2525 2559 2596 Prosper
2587 2527 2881 2597 Aquitanus
2907 2523 2974 2580 de
3001 2523 3258 2580 Promiss.
3282 2532 3338 2581 et
3351 2523 3602 2582 Pnedict.
3626 2524 3750 2590 Dei,

2131 2595 2318 2652 dimid.
2353 2597 2542 2666 Temp.
2571 2595 2692 2665 cap.
2719 2613 2791 2650 vr.
2811 2595 2959 2666 (Hav.

2203 2667 2284 2738 (d)
2314 2665 2722 2738 Ergastulorum.
2780 2665 2894 2738 Non
2919 2665 3138 2738 dubium
3164 2665 3292 2738 quin
3334 2665 3580 2736 loquatur
3600 2681 3723 2724 Cum

2130 2737 2375 2807 respectu
2390 2737 2469 2792 ad
2498 2737 2768 2792 Romanas
2798 2737 3072 2803 historias,
3098 2739 3150 2790 in
3177 2737 3368 2807 quibus
3394 2738 3576 2792 tritum
3599 2749 3683 2792 est
3705 2781 3721 2805 ,

2128 2806 2350 2864 serviles
2374 2809 2618 2862 homines
2630 2823 2772 2877 smpe
2793 2807 3060 2862 revelasse
3082 2824 3099 2861 :
3120 2806 3382 2861 videndus
3403 2807 3722 2864 Plutarchus

2127 2880 2180 2933 in
2211 2877 2327 2934 Vita
2353 2879 2566 2949 Crassi,
2603 2878 2690 2932 ubi
2745 2878 3056 2949 conspirant
3099 2877 3342 2949 homines
3393 2887 3726 2949 συρνειχθιντες

2126 2950 2299 3002 vincti.
2348 2948 2506 3003 Ponit
2533 2958 2711 3002 autem
2743 2947 3008 3017 ergastula
3055 2962 3153 3011 pro
3198 2947 3502 3002 nominibus
3531 2947 3722 3005 vinctis

2127 3019 2179 3072 in
2203 3020 2505 3089 ergastulis,
2523 3019 2666 3089 sicut
2679 3029 2863 3088 postea
2891 3017 3106 3072 metalla
3134 3033 3228 3088 pro
3248 3018 3550 3074 hominibus
3573 3019 3724 3074 dam-

2136 3088 2278 3144 natis
2301 3089 2367 3143 ad
2391 3089 2623 3144 metalla.
2650 3088 2779 3143 Lac.

2200 3161 2277 3230 (e)
2311 3157 2538 3230 Paenalis
2589 3159 2864 3230 servitutis.
2906 3156 3110 3230 Quibus
3154 3159 3294 3230 servi
3342 3157 3481 3212 afllci
3527 3158 3722 3214 solent.

2131 3226 2286 3287 [inde
2327 3229 2462 3284 inter
2508 3229 2706 3284 nefaria
2739 3229 2851 3281 Gali
2902 3228 3154 3296 Caligulae
3194 3226 3426 3282 facinora
3485 3239 3728 3286 numerat

2130 3303 2352 3357 Suetnn.
2384 3315 2434 3354 c.
2481 3315 2645 3353 xxvu.
2678 3297 2872 3352 Multos
2913 3298 3107 3352 honesti
3151 3299 3373 3358 ordinis.
3416 3298 3726 3367 deformatos

2130 3373 2272 3442 prius
2297 3372 2588 3442 stigmatum
2621 3371 2772 3429 notis.
2801 3369 2869 3420 ad
2896 3369 3123 3442 metalla,
3148 3378 3236 3421 aut
3252 3371 3319 3422 ad
3345 3368 3540 3442 viarum
3561 3370 3726 3422 muni-

2131 3438 2311 3504 tiones,
2334 3438 2422 3495 aut
2469 3441 2538 3494 ad
2566 3441 2745 3494 bestias
2779 3439 3150 3502 condemnavit;
3178 3447 3332 3492 erant
3364 3438 3505 3492 enim
3537 3453 3724 3494 servo-

2130 3529 2248 3569 rum
2277 3513 2473 3580 passim
2495 3511 2636 3564 talia.
2659 3507 2809 3564 Unde
2832 3507 2924 3580 ille
2947 3509 3086 3580 apud
3111 3509 3284 3580 Plaut.
3306 3509 3454 3580 Pteu.
3487 3525 3561 3563 tv.
3596 3525 3651 3563 ll.
3670 3511 3724 3564 5.

2252 3578 2327 3634 Ita
2349 3594 2430 3631 me
2455 3580 2533 3630 Dii
2557 3586 2741 3640 ament,
2768 3578 2848 3630 vel
2876 3580 2927 3628 in
2949 3579 3178 3640 latumiis,
3203 3579 3282 3629 vel
3307 3579 3356 3628 in
3395 3581 3601 3689 piF'trilno
3624 3593 3726 3630 ma-

3467 3655 3527 3689 ve
3550 3656 3615 3689 Im

2255 3708 2426 3769 Agere
2449 3709 2664 3764 aetatem,
2691 3703 2988 3767 prmpeditus
3008 3703 3166 3752 latera
3188 3701 3299 3752 forti
3323 3641 3615 3755 τετε-ἐξὲξ,

2131 3791 2198 3874 Ει
2226 3791 2403 3847 minax
2435 3789 2604 3861 Hegio
2629 3787 2821 3859 Caput.
2855 3803 2929 3842 ιιι.
2964 3803 3018 3840 v.
3048 3787 3140 3844 64.

2887 3880 3063 3930 Ducite

2353 3944 2444 4007 [ibi
2468 3943 2768 4007 ponderosas
2787 3956 2975 4007 crassas
2997 3943 3156 4007 capiat
3177 3944 3459 4007 compedes.
3528 3971 3531 3974 -

2351 4004 2482 4070 inde
2494 4007 2592 4055 ibis
2621 4018 2766 4070 porro
2791 4005 2836 4053 in
2863 4005 3090 4070 latomias
3109 4004 3386 4066 lapidarias:

2351 4067 2423 4130 ibi
2449 4081 2593 4130 quom
2619 4065 2699 4116 alii
2721 4075 2919 4116 octonos
2952 4065 3202 4130 candicat,

2350 4129 2453 4179 Nisi
2469 4128 2748 4179 cotidianus
2770 4130 3060 4190 sesquiopus
3081 4128 3370 4187 confeceris,

2353 4191 2748 4252 Sexcentolilago
2768 4203 2945 4239 nomen
2968 4191 3163 4239 indetur
3187 4191 3291 4239 tibi.

2138 4275 2216 4329 Ex
2238 4290 2344 4345 quo
2371 4275 2492 4329 loco
2521 4273 2742 4345 pulchre
2772 4277 2932 4328 etiam
2963 4290 3184 4342 pensum
3216 4275 3730 4344 diurnumlapicida-

2137 4344 2448 4415 rum'colligi
2477 4355 2671 4414 potest.
2697 4344 3128 4399 Molestissimum
3149 4345 3344 4400 ibidem
3370 4346 3606 4402 laborem
3632 4363 3732 4404 ex-

2140 4424 2325 4485 pertus
2353 4425 2581 4485 testatur
2602 4415 2881 4485 Tyndarus
2913 4432 2965 4470 v.
3001 4432 3069 4469 tv.
3104 4431 3142 4470 ι.

2233 4483 2343 4548 Yidi
2361 4497 2465 4548 ego
2489 4483 2638 4533 multa
2651 4483 2791 4544 srepe
2816 4486 2959 4548 picta,
2985 4499 3098 4548 quae
3121 4485 3389 4548 Acherunti
3414 4484 3594 4548 ﬁerent

2233 4544 2597 4606 Cruciainenta;
2624 4560 2797 4596 verum
2818 4544 3073 4597 enimvero
3095 4547 3227 4596 nulla
3250 4547 3452 4668 adaequtf.
3477 4552 3554 4594 est
3574 4545 3736 4596 Ache-

3448 4620 3582 4668 runs,

3448 4620 3564 4656 runs

2237 4668 2400 4730 Atque
2420 4669 2500 4718 ubi
2529 4681 2624 4732 ego
2645 4669 2710 4720 fui
2735 4671 2784 4718 in
2808 4669 3099 4733 lapicidinis.
3270 4731 3278 4733 _
3333 4730 3374 4733 __
3426 4641 3582 4668 Lm”,

2145 4730 2271 4785 Ha‘c
2300 4730 2590 4801 pmnaruni
2609 4747 2802 4801 genera
2845 4730 3192 4786 recensentur
3234 4731 3302 4783 ab
3333 4730 3526 4785 Nostro
3573 4732 3737 4787 etiam

2146 4802 2284 4857 infra
2303 4800 2358 4855 ’e.
2391 4817 2530 4856 xuv.
2562 4800 2641 4854 De
2663 4803 2835 4855 vestris
2868 4803 3056 4871 simper
3077 4811 3257 4855 azstuat
3295 4816 3495 4854 carcer:
3521 4802 3584 4855 de
3623 4819 3738 4856 ves-

2150 4873 2239 4926 tris
2265 4889 2460 4940 semper
2487 4873 2692 4926 metalla
2718 4873 3012 4941 suspirant:
3041 4873 3104 4926 de
3142 4871 3316 4926 vestris
3347 4889 3542 4941 semper
3563 4873 3738 4928 bestia:

2148 4943 2480 5012 saginantur:
2509 4943 2570 4996 de
2595 4944 2770 4996 vestris
2795 4958 2990 5010 semper
3018 4942 3296 4996 munerarii
3332 4944 3597 4996 noxiorum
3624 4961 3744 5012 gre-

2147 5002 2234 5084 ges
2261 5023 2492 5084 pascunt.
2520 5015 2756 5077 Atvero,
2796 5002 2951 5084 etiam
2970 5013 3056 5084 qui
3093 5015 3400 5084 damnantur
3442 5014 3493 5066 in
3540 5002 3744 5078 ludam,

2149 5083 2300 5152 quale
2324 5094 2417 5149 est,
2445 5095 2501 5137 ut
2579 5084 2641 5138 de
2685 5084 2868 5138 leviore
2920 5083 3098 5136 delicto
3125 5085 3177 5138 in
3231 5083 3511 5137 homicidas
3573 5101 3746 5138 emen-

2151 5154 2353 5208 datione
2381 5156 2675 5224 proﬁciant,
2705 5155 2872 5222 inquit
2902 5153 2995 5207 lib.
3019 5153 3086 5208 de
3127 5154 3373 5224 Spectac.
3414 5153 3558 5208 .Nota
3618 5169 3748 5208 vero

2151 5222 2554 5280 metalla‘etiam
2585 5225 2888 5295 significare
2919 5239 3080 5279 venas
3108 5222 3364 5294 lapidum.
3395 5223 3641 5280 Lucanus
3669 5241 3742 5279 tv.

2149 5297 2276 5352 305.

2304 5365 2441 5416 Tunc
2467 5365 2706 5414 exhausta
2729 5377 2884 5427 super
2906 5363 3059 5427 multo
3079 5364 3258 5414 sudore
3282 5363 3513 5427 juventus

2305 5428 2589 5478 Extrahitur
2611 5428 2748 5477 duris
2767 5426 2960 5476 silicum
2987 5426 3162 5478 lassata
3184 5426 3411 5478 metallis.

2107 5555 2112 5557 -
2147 5520 2201 5568 et
2227 5527 2300 5568 γι.
2333 5513 2421 5568 δι.

2299 5601 2535 5664 Ingentes
2555 5610 2724 5654 cautes
2746 5603 3008 5667 avulsaque
3031 5613 3153 5651 saxa
3174 5599 3400 5652 metallis.
3434 5599 3561 5652 Hav.

2214 5685 2293 5760 (Γ)
2316 5687 2592 5760 Nunquam
2624 5690 2787 5759 magis
2825 5689 3282 5760 detriumphamus.
3301 5687 3531 5755 Prosper
3557 5685 3745 5758 Epigr.

2270 5759 2405 5818 Quod
2431 5759 2718 5821 plerumque
2743 5759 2852 5813 mali
2879 5760 2928 5812 ia
2950 5768 3146 5813 sanctos
3168 5760 3344 5811 sazvire
3365 5760 3612 5816 sinuntur,
3709 5813 3752 5822 _,
