4252 6278
533 296 641 363 Ilii

1958 276 2422 371 TERTULLIANI

3742 248 3849 352 iss

538 419 657 475 vice
697 413 893 471 dicam.
923 413 1187 469 Czcte'rum
1228 406 1365 463 liber
1390 420 1512 463 sum
1556 405 1630 461 illi
1662 422 1678 473 ;
1711 404 1963 462 dominus
1993 405 2135 462 enim
2162 418 2217 476 Α
2310 406 2517 462 illorum
2535 406 2837 464 conscientia
2864 408 3030 480 potius
3044 423 3199 479 quam
3218 407 3439 464 lascivia
3460 408 3738 478 celebrent,
3770 409 3850 465 ob-

543 520 697 568 meus
725 520 861 562 unus
890 511 999 569 est,
1030 503 1171 558 Deus
1199 499 1547 570 omnipotens
1594 508 1649 554 et
1691 507 1924 553 aeternus
1957 540 1971 564 ,
1999 498 2141 555 idem

548 602 638 674 qui
668 601 726 658 et
754 594 945 671 ipsius.
976 594 1099 662 Qui.
1128 603 1281 665 pater
1308 594 1492 665 patriae
1521 599 1637 657 est,
1665 591 1942 663 quomodo
1968 591 2145 649 domi-

549 713 651 756 nus
676 702 777 753 est.
801 688 907 751 Sed
931 696 1013 747 est
1032 688 1237 760 gratius
1267 686 1345 760 (1)
1372 702 1568 743 nomen
1596 685 1837 756 pietatis,
1867 703 2025 758 quam
2053 703 2150 757 p0-

551 786 797 852 testatis;
829 784 989 840 etiam
1039 779 1258 836 familia:
1312 779 1482 849 magis
1509 785 1690 848 patres
1710 819 1723 843 ,
1753 793 1911 849 quam
1946 778 2147 833 domini

550 884 834 937 vocantur.
858 875 1029 931 Tanto
1047 871 1130 945 (2)
1152 870 1323 934 abest,
1343 880 1400 925 ut
1417 870 1708 940 imperator
1725 869 1856 925 deus
1866 869 2055 926 debeat
2070 869 2146 942 (α)

554 970 657 1028 dici
683 1013 698 1038 ,
727 966 871 1041 quod
909 980 1016 1021 non
1059 972 1233 1036 potest
1274 962 1420 1019 credi
1461 974 1566 1018 nun
1609 962 1768 1018 modo
1800 964 2106 1034 turpissima
2133 1005 2148 1031 ,

555 1061 651 1119 sed
681 1068 735 1118 et
762 1059 845 1133 (5)
877 1057 1177 1131 perniciosa
1205 1048 1509 1111 adulatione
1535 1073 1548 1121 ;
1593 1054 1845 1126 tanquam
1872 1056 1916 1110 si
1948 1054 2151 1111 habens

557 1153 937 1224 imperatorem
958 1192 971 1216 ,
1001 1149 1227 1205 alterum
1255 1147 1491 1217 appelles
1511 1188 1526 1216 ,
1563 1162 1740 1202 nonne
1779 1146 2068 1201 maximam
2099 1156 2155 1204 et

558 1242 946 1301 inexorabilem
972 1239 1059 1312 (4)
1089 1238 1348 1295 oti‘ensam
1376 1237 1662 1294 contrahes
1679 1239 1800 1309 ejus
1826 1281 1838 1304 ,
1872 1254 2029 1310 quem
2061 1236 2155 1295 ha-

560 1335 721 1392 buisti
746 1372 761 1403 ,
791 1334 954 1391 etiam
998 1332 1099 1401 ipsi
1129 1329 1421 1386 timendam
1441 1371 1455 1395 ,
1486 1344 1643 1401 quem
1679 1329 2001 1401 appellasti?
2028 1330 2156 1388 Esto

560 1427 842 1499 religiosus
872 1426 925 1480 iu
965 1424 1124 1480 deum
1143 1466 1157 1491 ,
1186 1422 1275 1493 qui
1304 1421 1384 1477 vis
1412 1420 1558 1477 illum
1588 1424 1877 1494 propitium
1920 1426 2155 1496 impera-

562 1525 685 1580 tori.
717 1518 910 1578 Desine
935 1519 1095 1574 alium
1127 1519 1293 1573 Deum
1320 1517 1499 1572 colere
1522 1517 1607 1573 vel
1630 1516 1881 1584 cratere,
1906 1526 2064 1589 atque
2086 1517 2157 1574 ita

563 1614 786 1670 ethunc
814 1614 971 1669 deum
1002 1611 1182 1687 dicere
1208 1652 1223 1676 ,
1253 1609 1339 1665 cui
1379 1608 1483 1664 deo
1514 1608 1589 1680 (b)
1641 1625 1776 1680 opus
1816 1614 1920 1665 est.
1964 1609 2019 1666 Si
2050 1618 2160 1666 non

564 1708 632 1765 de
662 1706 944 1764 mendacio
980 1702 1253 1760 erubescit
1293 1702 1530 1757 adulatio
1560 1702 1859 1772 ejusmodi,
1889 1703 2157 1760 hominem

2321 512 2574 557 servantes
2593 501 2683 557 illa
2694 501 2935 571 modeste,
2953 503 3248 568 verecunde,
3267 503 3589 575 pudice,pie;
3610 503 3762 558 aliter
3785 519 3845 558 ac

2320 593 2420 664 ipsi
2439 588 2661 648 Romani
2673 595 2934 671 inter’quos
2948 612 3047 650 non
3063 595 3200 665 plebs
3218 603 3419 649 tantum
3435 592 3689 651 Caesarem
3717 610 3853 671 saepe

2323 684 2552 739 convitiis
2567 684 2839 755 discindat,
2861 702 3042 741 novum
3067 697 3217 755 atque
3235 701 3420 742 novum
3444 687 3497 741 in
3519 686 3649 754 dies,
3680 685 3856 741 lucelli

2304 791 2502 863 causa,
2528 777 2678 848 idque
2706 779 2758 833 in
2789 779 2900 849 ipso
2926 780 3187 850 congiario
3212 779 3489 833 dieidundo
3517 787 3742 848 exoptet,
3760 778 3852 841 sed
3946 808 3965 829 ς

2335 870 2435 944 ipsi
2453 870 2759 936 Senatores,
2788 866 3015 942 Equites,
3045 860 3305 926 Primores
3335 865 3496 926 Urbis
3534 870 3857 928 Castrorum-

2334 982 2450 1037 que,
2478 965 2592 1019 vitae
2609 963 2825 1019 Ccesaris
2845 962 3157 1027 immineant,
3184 972 3231 1018 et
3260 980 3372 1019 cum
3401 962 3611 1029 Cassiis,
3649 962 3851 1035 Nigris,

2330 1056 2623 1126 Albinisque
2663 1056 2970 1125 conspirent,
2989 1056 3171 1127 grandi
3184 1057 3380 1111 interim
3397 1054 3686 1112 lcetitiarum
3699 1073 3856 1128 appa-

2328 1162 2444 1205 ratu
2471 1150 2539 1204 ad
2564 1142 3065 1221 eruptionem‘usque
3082 1149 3417 1220 proditionem
3435 1165 3581 1205 suam
3602 1158 3846 1221 tegentes.

2338 1240 2527 1297 Nullos
2548 1245 2599 1295 in
2625 1228 2702 1296 his
2728 1240 2945 1295 inveniri
2969 1237 3309 1312 Christianos,
3328 1241 3415 1310 qui
3439 1255 3530 1294 nec
3558 1239 3851 1317 Astrologos

2332 1335 2393 1390 de
2413 1335 2577 1390 salute
2601 1332 2862 1389 Caesarum
2887 1333 3176 1398 consulant,
3204 1332 3341 1404 quod
3365 1331 3475 1402 ﬁeri
3501 1348 3603 1387 non
3646 1340 3852 1404 potest,

2333 1427 2430 1483 nisi
2455 1432 2625 1481 rerum
2654 1440 2898 1481 novarum
2936 1422 3250 1496 cupiditate,
3290 1440 3322 1477 a
3372 1439 3475 1494 qua
3521 1421 3599 1478 illi
3647 1425 3852 1479 omnino

2332 1521 2625 1576 abhorrent.
2922 1526 2935 1531 ’
3370 1576 3381 1581 ,

2333 1613 2626 1684 Propterea
2667 1612 2830 1683 igitur
2875 1611 3091 1682 publici.
3122 1610 3306 1666 hostes
3351 1607 3682 1676 Christiani,
3737 1608 3861 1680 quia

2264 1704 2679 1775 imperatoribus
2725 1716 2898 1773 neque
2923 1715 3095 1757 vanos
3120 1699 3294 1772 neque
3316 1700 3644 1757 mentientes
3686 1710 3862 1772 neque

566 1801 726 1857 deum
772 1799 1045 1871 appellans
1070 1838 1083 1863 ,
1118 1797 1302 1851 timeat
1333 1795 1520 1850 saltem
1552 1795 1620 1851 de
1660 1795 1912 1851 infausto.
1945 1798 2162 1854 Maledi—
2190 1789 2238 1848 B
2267 1797 2579 1853 temerarios
2607 1794 2840 1851 honmes
2867 1794 3093 1860 dicant,
3146 1794 3269 1864 quia
3298 1809 3441 1849 verae
3469 1793 3744 1865 religionis
3765 1792 3863 1849 ho~

570 1903 715 1949 ctum
741 1900 826 1947 est
851 1899 973 1947 ante
1001 1889 1317 1962 apotheosin
1368 1886 1438 1961 (c)
1472 1886 1631 1944 deum
1664 1888 1932 1947 Cmsarem
1957 1908 2162 1949 nuncu«

566 1994 696 2061 pare
726 1981 828 2059 (5).
988 1972 999 1978 ’

1138 2072 1367 2131 CAPUT
1406 2072 1625 2129 XXXV.

568 2165 1163 2229 ARGUMENTUH.—Non
1178 2167 1346 2237 itaque
1357 2173 1487 2219 recte
1497 2164 1724 2233 publicos
1736 2164 1901 2221 hostes
1929 2165 2171 2221 Christia-

642 2279 733 2318 nos
746 2263 864 2331 dici,
881 2260 1019 2333 quod
1029 2265 1209 2314 cwtera
1227 2260 1280 2312 in
1296 2255 1639 2329 Imperatores
1659 2258 1905 2342 religiosi,
1923 2259 2171 2314 solemnia

2266 1891 2438 1946 mines
2461 1890 2621 1945 etiam
2642 1888 2901 1944 solemnia
2922 1902 3132 1952 eorum,
3159 1886 3488 1942 conscientia
3512 1886 3688 1957 potius
3702 1900 3863 1956 quam

2268 1981 2489 2037 lascivia
2513 1980 2810 2037 celebrant.
2833 1978 3050 2036 Grande
3068 1977 3321 2035 videlicet
3344 1979 3582 2035 ofﬁcium
3600 2018 3616 2047 ,
3639 1976 3791 2033 focos
3809 1986 3865 2034 et

2270 2083 2422 2130 toros
2451 2075 2503 2129 in
2531 2073 2803 2145 publicum
2853 2071 3121 2139 educere,
3156 2072 3372 2126 vicatim
3401 2070 3605 2141 cpulari
3626 2112 3641 2138 ,
3681 2069 3867 2125 citita-

2276 2176 2381 2222 tem
2412 2166 2647 2222 taberna:
2680 2164 2860 2219 habitu
2886 2162 3221 2219 abolefacere
3252 2162 3332 2234 (6)
3360 2205 3375 2230 ,
3407 2162 3530 2216 vino
3566 2160 3739 2216 lutum
3767 2175 3864 2216 co-

2275 2276 2401 2331 gere
2429 2260 2513 2331 (ά)
2578 2261 2889 2316 catervatim
2916 2260 3177 2315 cursitare
3201 2258 3270 2313 ad
3299 2256 3521 2328 injurias
3541 2297 3557 2326 ,
3587 2256 3654 2313 ad
3685 2257 3865 2328 impu-

1781 2373 2164 2451 LECTIONES
2206 2375 2622 2432 VARIANTES.

562 2453 571 2457 >
640 2489 708 2559 (t)
743 2486 825 2543 Sic
855 2488 972 2559 cod.
1000 2486 1153 2553 Lugd.
1180 2488 1262 2537 II.
1284 2492 1329 2559 et
1351 2487 1430 2559 ed.
1455 2484 1596 2549 Ald;
1621 2472 1752 2559 alii:
1777 2487 1875 2539 Sed
1900 2498 1952 2538 et
1974 2502 2046 2552 gr.
2077 2496 2169 2551 est,

576 2551 703 2611 etc;
720 2568 762 2604 s.
781 2554 871 2604 sed
894 2560 946 2601 et
962 2551 1236 2614 gr.7nomen
1258 2554 1353 2611 est,
1373 2556 1491 2613 etc,
1511 2564 1551 2601 s.
1572 2551 1663 2602 sed
1680 2557 1732 2601 et
1752 2565 1830 2614 gr.
1857 2551 2053 2613 nomen,
2072 2560 2169 2603 etc.

660 2616 708 2666 2i
747 2616 923 2666 Autem
948 2612 1089 2664 addit
1113 2613 1263 2662 Fran.

661 2677 707 2729 51
745 2678 848 2727 Nisi
873 2691 969 2726 non
996 2690 1102 2729 per.
1130 2677 1280 2725 Eran.

662 2735 707 2799 4i
748 2735 1170 2799 [inexplicabilem
1197 2735 1307 2799 cod.
1334 2735 1583 2799 Agobard.
1732 2798 1735 2799 7
1850 2798 1853 2799 7
1934 2797 1941 2799 _
2098 2736 2107 2745 '

644 2797 708 2869 (51
733 2797 904 2869 _Codd_.
926 2799 1063 2869 égob
1089 2836 1110 2869 ,7
1130 2798 1284 2866 Lugd.
1323 2797 1536 2869 uterque
1555 2836 1568 2860 ,
1594 2805 1639 2851 et
1651 2798 1754 2869 Δειειζ.
1783 2797 1959 2869 Pdntel.
1988 2814 2170 2869 nuncu-

575 2861 705 2933 pari.
725 2866 788 2916 In
807 2864 895 2915 cod
918 2861 1066 2914 Futd.
1092 2861 1293 2913 hcec'vv.
1316 2861 1579 2926 sequuntur
1603 2875 1620 2913 :
1647 2861 1764 2912 Seio
1786 2868 1836 2912 te
1855 2863 1950 2913 isto
1972 2866 2167 2914 ncniine

2276 2490 2404 2540 male
2441 2489 2575 2541 velle
2601 2496 2654 2539 et
2673 2488 2808 2539 male.
2824 2490 3090 2539 abominari
3112 2525 3127 2548 ,
3149 2493 3207 2539 ut
3240 2468 3440 2537 vivente
3477 2486 3636 2537 adhuc
3656 2487 3875 2549 impera-

2275 2559 2384 2616 tore
2424 2551 2586 2603 Deum
2627 2552 2876 2613 appelles,
2903 2553 3052 2616 quod
3074 2563 3247 2601 nomen
3288 2550 3355 2600 illi
3391 2557 3636 2600 mortuum
3673 2549 3873 2601 accidit.

2275 2613 2292 2678 (
2307 2613 2427 2664 Hav.
2454 2626 2578 2678 corr.
2605 2620 2797 2678 mortuo
2820 2613 3056 2676 accedit.)

2608 2648 3188 2740 ibiibiﬁimsibtiger
3211 2688 3235 2740 7:
3258 2648 3403 2740 obole
3421 2673 3594 2740 facere
3612 2687 3738 2740 ;_pro
3782 2674 3872 2740 ha-
3902 2718 3909 2721 .

2269 2736 2527 2789 bitu'Hau.
2553 2738 2765 2790 scribere
2786 2736 2954 2788 maluit
2979 2736 3162 2789 habitu.
3190 2739 3308 2790 Cod.
3335 2736 3483 2788 Fultt.
3511 2750 3528 2789 :
3553 2736 3803 2789 civitatem
3823 2737 3877 2787 in

2268 2802 2487 2852 tabernae
2512 2804 2728 2852 habitum
2743 2800 3019 2852 demutare.

1920 2958 2482 3029 COMMENTARIUS.
3817 2958 3847 2981 ⁸
3945 3018 3953 3029 -

653 3090 731 3162 (a)
758 3085 896 3162 Deus
920 3084 1096 3162 debeat
1121 3081 1238 3138 dici.
1275 3082 1438 3162 Quod
1464 3092 1660 3162 nomen
1691 3082 1867 3162 v_ivos_
1884 3082 1994 3162 sibi
2021 3097 2176 3162 usur-

619 3137 736 3217 alia
758 3137 1122 3215 ’A'urcliannm
1166 3137 1236 3210 et
1268 3137 1459 3209 Carum
1496 3137 1656 3209 docet
1703 3137 2076 3223 Spanhcmius
2098 3137 2175 3209 de
2201 3137 2246 3200 C

632 3248 700 3287 s..
731 3232 916 3287 Priest.
946 3228 1102 3283 Num.
1132 3243 1183 3296 p.
1214 3225 1341 3281 418.
1371 3224 1516 3296 “9.777
1544 3225 1816 3296 productis
1855 3225 2178 3296 etiamipsis

582 3303 832 3364 nummis,
863 3302 914 3354 in
945 3295 1143 3364 quibus
1169 3297 1363 3367 legitur
1389 3313 1403 3351 :
1435 3295 1573 3367 l)_EO
1602 3295 1978 3367 ΕΤΠΟΜΙῌΟ
1997 3295 2181 3367 NATQ

582 3369 979 3430 AVBELIANO
1024 3368 1181 3424 AVG.
1227 3364 1328 3421 ἘΤ
1377 3365 1509 3422 1)Εο
1555 3367 1640 3421 ΕΤ
1698 3364 1953 3421 DOMINO
1998 3365 2182 3422 (ΙΑΒο

589 3443 751 3499 AVG.
780 3441 892 3496 lmo
915 3450 1111 3511 praeter
1144 3438 1500 3511 Domitianum
1529 3446 1583 3491 et
1606 3437 1766 3492 Caius
1790 3438 1840 3492 id
1869 3436 2133 3511 allectavjt
2164 3480 2179 3503 ,

584 3523 646 3568 ut
707 3520 851 3582 patet
900 3507 1262 3582 ex7sitrgttlari
1306 3509 1717 3582 ejus_numt_no,
1771 3522 1928 3577 quem
1981 3507 2184 3582 profert

585 3574 788 3650 Spanh.
820 3597 871 3650 p.
899 3574 1024 3634 M7.
1069 3574 1203 3634 Cum
1250 3574 1361 3647 ipsa
1414 3574 1805 3648 Egyptiorunr
1831 3593 1962 3646 gens
1984 3574 2182 3650 'ad_ula-

591 3648 721 3707 lieni
751 3660 801 3706 et
821 3648 1074 3705 servituti
1102 3658 1221 3702 nata
1244 3689 1259 3712 ,
1295 3663 1446 3717 reges
1477 3650 1652 3701 adhuc
1686 3649 2001 3717 superstites
2046 3648 2184 3702 Deo-

592 3663 721 3707 ttont
751 3663 801 3706 et
831 3663 1074 3705 scrwtutt
1102 3663 1221 3702 nata
1244 3689 1259 3712 ,
1295 3663 1446 3771 refes
1477 3663 1652 3701 adhuc
1686 3663 2001 3717 supersutes
2046 3663 2184 3702 Deo-

592 3738 711 3793 rum
735 3718 946 3793 quidcm
973 3719 1264 3793 honoribus
1289 3719 1548 3793 conterit,
1579 3717 1675 3793 sed
1698 3717 1817 3793 sine
1862 3718 1954 3793 Dei
2001 3718 2185 3788 appel-

589 3786 789 3848 latione
812 3834 826 3857 ,
858 3791 998 3860 quod
1029 3790 1244 3860 honoris
1270 3787 1367 3860 soli
1396 3789 1552 3860 Dario
1579 3786 1779 3843 Xerxis
1803 3789 1940 3860 patri
1968 3786 2190 3846 conces-

593 3877 709 3919 sum
739 3858 918 3918 narrat
948 3860 1209 3915 Diodorus
1235 3858 1328 3912 lib.
1356 3874 1391 3911 ι.
1417 3858 1553 3913 liav.

669 3934 749 4002 th)
780 3932 908 3987 Deo.
953 3930 1093 4002 Fuhl
1114 3929 1253 3984 Deis.
1280 3929 1513 4002 Elegans
1530 3930 1780 4002 locusest
1803 3930 1946 4002 apud
1969 3930 2183 3986 Arrian.

594 4005 647 4062 in
678 4000 815 4075 Exp.
851 4003 1002 4058 Alex.
1048 4000 1117 4057 Μ.
1153 4001 1187 4054 Ι.
1213 4014 1314 4075 71v.
1342 4015 1396 4070 p.
1420 4000 1576 4075 7166.
1612 4001 1698 4075 ubi
1742 4000 1879 4075 inter
1905 4001 2188 4075 aliaargu-

595 4068 778 4131 menta
802 4068 1386 4151 quibusadorationent
1420 4068 1579 4151 Regis
1610 4068 2191 4151 di_ssuadct7(;al!isthe-

597 4158 694 4203 nes
723 4154 775 4201 et
802 4142 902 4199 hoc
929 4144 1013 4199 vel
1044 4143 1272 4197 maxime
1299 4152 1415 4198 est:
1444 4149 1643 4211 Οὔκουν,
1661 4143 1850 4212 inquit,
1869 4148 1970 4198 esse
1995 4142 2198 4210 Ᾰλεειιν-

599 4223 720 4289 ὄρος,
739 4216 908 4282 elc.,i.
937 4231 986 4272 e.
1011 4212 1190 4289 Neque
1215 4214 1345 4268 enim
1362 4224 1619 4289 pateretur
1639 4213 1926 4289 Alexander
1946 4215 2198 4289 priuatum

600 4284 818 4359 aliquem
862 4286 1285 4359 regios/tonores
1329 4286 1572 4359 electione
1600 4284 1957 4357 suﬁragiisque
1984 4285 2197 4358 illegiti-

580 4355 695 4415 mis
724 4355 989 4427 usurpare.
1026 4355 1188 4411 Multo
1231 4357 1401 4428 itaque
1416 4358 1612 4427 justius
1650 4355 2154 4482 (fas—indignatur”
2180 4395 2195 4419 ,

603 4431 648 4482 si
675 4432 786 4482 quis
820 4428 1113 4482 mortalium
1140 4427 1335 4481 divinos
1365 4427 1579 4482 honores
1619 4429 1661 4481 si
1697 4445 1712 4481 ι
1742 4439 1963 4482 arroaet.
1995 4438 2085 4482 aut
2130 4429 2193 4482 ab

603 4431 648 4486 si
675 4432 786 4502 quis
813 4428 1113 4502 mortalium
1140 4427 1335 4502 divinos
1365 4427 1579 4483 honores
1619 4427 1716 4482 sib't
1742 4427 1963 4500 arroget,
1995 4438 2085 4483 aut
2130 4429 2193 4483 ab

602 4498 717 4557 aliis
738 4500 931 4555 delatos
945 4500 1205 4554 sustineat.
1236 4498 1371 4554 ΙΙΑν.

676 4574 749 4646 (c)
780 4568 1108 4646 Maledictum
1129 4578 1237 4646 _e_sl.
1287 4570 1516 4624 Omnino
1547 4570 1760 4646 egregia
1790 4579 1915 4646 sunt
1941 4586 2058 4646 qua:
2090 4568 2191 4646 hoc

604 4638 777 4714 capue
805 4638 955 4698 affert
984 4640 1341 4714 lierald.7tum
1372 4638 1782 4714 prinsertimhic
1805 4684 1819 4707 ,
1865 4638 1972 4696 ubi
1994 4657 2063 4714 cx_
2090 4642 2190 4695 'l‘a-

605 4710 887 4782 citodocet
915 4730 1097 4768 verum
1126 4712 1227 4767 loci
1252 4728 1489 4778 sensum,
1514 4713 1599 4767 ubi
1626 4711 1837 4782 Lipsius
1862 4714 2021 4767 etiam
2051 4710 2193 4766 hunc

605 4780 919 4839 Tertulliani
974 4785 1149 4839 locum
1180 4784 1233 4837 in
1274 4794 1451 4852 partes
1479 4780 1741 4841 advocare
1786 4798 1892 4837 non
1937 4783 2190 4853 neglexit.

606 4854 724 4925 Ego
766 4871 833 4910 ne
875 4856 1101 4909 aliorum
1139 4854 1335 4909 scrinia
1387 4854 1708 4922 compilem,
1752 4853 1945 4925 addam
1972 4869 2090 4925 qua:
2127 4868 2191 4907 ex

608 4920 838 4980 Arriano
876 4934 930 4981 et
969 4925 1153 4981 Curtio
1201 4926 1424 4993 aliisque
1450 4920 1748 4979 observavi.
1776 4923 1851 4978 lbi
1877 4965 1892 4990 ,
1924 4920 2063 4994 apud
2091 4926 2192 4979 Ar-

608 4996 746 5052 rian.
777 4996 868 5067 lib.
896 5012 968 5051 IV.
1002 5013 1054 5067 p.
1091 4995 1382 5067 i65.7edit.
1417 4996 1763 5067 Praeceptoris
1788 4996 1893 5051 mei
1924 4995 2051 5066 (quo
2080 4994 2196 5065 glo-

609 5068 742 5138 rior)
768 5064 879 5123 Jac.
909 5062 1187 5134 Gronovii,
1217 5062 1565 5138 Anaxarchus
1594 5062 1839 5135 adulatus
1866 5062 2194 5127 Alexandro.

612 5137 813 5195 Graecis
835 5137 1409 5209 persuadereconatur
1436 5145 1493 5190 ut
1521 5137 1804 5192 Persarum
1841 5152 1989 5192 more
2032 5140 2197 5192 lteum

613 5207 863 5281 tanquam
887 5210 1083 5264 colant.
1120 5207 1254 5262 Dicit
1279 5208 1457 5281 itaque
1485 5224 1499 5261 :
1524 5210 1627 5260 Καὶ
1650 5213 1734 5280 γὰρ
1765 5212 1867 5263 obit
1894 5213 2035 5263 tuin
2078 5209 2201 5262 εῖναι

611 5284 881 5351 ἀμφίλογον,
899 5288 975 5335 ὅτι
1000 5282 1261 5334 ἀπελθόντα.
1284 5301 1335 5349 ’γε
1361 5284 1410 5344 ἐξ
1438 5280 1707 5350 ἀνθρώπων,
1739 5286 1799 5339 ὥς
1823 5283 1918 5333 θεόν
1942 5294 2201 5348 τιμήσουσι

611 5356 738 5423 πόσῳ
768 5357 827 5412 δί
855 5356 1137 5422 Baete-rapo.)
1163 5355 1576 5423 ἐῴκει-γεραίρειν
1600 5360 1713 5422 ἤπερ
1743 5359 2089 5413 τελευτήσαντι
2112 5391 2128 5419 ,
2159 5358 2203 5410 ἐς

615 5418 743 5496 οὐδέν
768 5430 921 5496 87:10;
940 5438 1008 5494 τῷ
1034 5418 1302 5492 «ipsum.
1326 5418 1366 5475 ἰ.
1390 5418 1440 5496 e7.
1475 5418 1526 5473 Ν
1532 5418 1813 5496 equeenim
1841 5424 2048 5496 dubium
2074 5418 2199 5489 esse,

613 5494 734 5566 quia
762 5493 1023 5565 postquam
1044 5510 1070 5548 e
1093 5496 1215 5547 rivis
1242 5493 1554 5566 excessisset,
1571 5502 1625 5566 ut
1642 5493 1794 5566 deum
1815 5494 2001 5548 culturi
2015 5506 2199 5550 essent.

614 5563 785 5619 Multo
809 5563 965 5636 igitur
986 5566 1145 5620 satius
1175 5565 1427 5636 esse,'uivo
1451 5564 1528 5618 illi
1550 5565 1743 5636 divinos
1773 5563 1987 5620 honores
2010 5565 2206 5635 deferre

615 5650 767 5708 quam
794 5633 1020 5708 mortuo,
1046 5652 1197 5707 quum
1226 5633 1372 5689 nulla
1401 5636 1473 5708 ad
1515 5652 1628 5689 eum
1658 5635 1820 5691 cultus
1846 5637 2041 5691 utilitas
2076 5633 2206 5691 esset

617 5706 934 5777 peruentum.
967 5706 1334 5777 Quibuchum
1366 5706 1637 5776 sapienter
1677 5708 1969 5777 respondet
2008 5708 2205 5777 ibidem

617 5766 1013 5845 Callisthenes,w
1017 5788 1127 5833 tum
1168 5766 1382 5833 Curtius
1425 5766 1673 5833 eutudem
1718 5766 1941 5834 in'hunc
1993 5775 2211 5837 modum

2279 3086 2629 3141 disserentem
2659 3084 2782 3141 facit
2807 3085 2899 3140 lih.
2940 3100 3052 3141 vm.
3085 3098 3135 3140 c.
3169 3085 3223 3141 5.
3260 3083 3482 3138 Nullum
3512 3098 3621 3138 esse
3643 3081 3873 3137 eumdem

2279 3167 2325 3211 et
2358 3158 2657 3211 diuturnum
2699 3169 2745 3212 et
2757 3173 3047 3229 praecocem
3077 3160 3339 3229 fructum_;
3366 3153 3682 3229 calestesque
3710 3154 3872 3206 hono-

2280 3244 2363 3283 res
2391 3244 2493 3283 non
2522 3228 2644 3300 dare
2680 3238 2726 3282 te
2746 3224 2895 3300 Regi,
2925 3228 3014 3283 sed
3043 3224 3573 3300 auferre.7Intervullo
3599 3224 3729 3279 enim
3751 3239 3876 3300 opus

2285 3311 2393 3365 est,
2422 3311 2473 3352 ut
2495 3299 2732 3353 credatur
2758 3294 2917 3364 Dius,
2947 3294 3237 3368 semperque
3260 3298 3393 3352 hunc
3438 3298 3656 3367 gratiam
3684 3294 3882 3366 magnis

2285 3370 2406 3424 viris
2434 3374 2616 3440 posteri
2643 3369 2882 3424 reddunt.
2909 3368 3024 3441 Ego
3055 3367 3221 3423 autem
3249 3384 3416 3424 seram
3446 3367 3882 3441 immortalitatem

2288 3457 2466 3511 precor
2499 3442 2660 3510 Regi,
2692 3452 2747 3494 ut
2776 3443 2875 3494 vita
2906 3439 3153 3495 diuturna
3181 3441 3277 3505 sit,
3311 3448 3355 3494 et
3399 3448 3593 3493 aeterna
3622 3439 3876 3511 majestas.

2294 3510 2563 3565 Hominem
2577 3509 2908 3580 consequitur
2937 3512 3214 3579 aliquando
3243 3551 3256 3574 ,
3310 3524 3569 3580 nunquam
3616 3509 3886 3562 comitatur

2288 3583 2547 3637 divinitas.
2585 3579 2856 3637 Herculem
2884 3583 3034 3637 modo
3080 3590 3129 3636 et
3173 3580 3376 3634 Patrem
3419 3579 3661 3635 Liberum
3709 3592 3887 3630 conse-

2290 3662 2446 3708 cratte
2470 3654 2867 3708 immortalitatis
2893 3654 3122 3725 exempla
3148 3651 3421 3725 referebas.
3473 3648 3717 3725 credisne
3764 3646 3885 3699 illos

2293 3724 2445 3778 unius
2466 3726 2678 3778 convivii
2716 3726 2918 3779 decreto
2948 3718 3069 3778 deos
3098 3718 3296 3795 pictos?
3320 3722 3469 3795 prius
3482 3719 3543 3772 ab
3572 3718 3732 3795 oculis
3752 3732 3887 3770 mor-

2293 3796 2473 3849 talium
2504 3796 2713 3849 amolita
2742 3807 2929 3850 nutura
2957 3805 3028 3850 est
3049 3838 3062 3862 ,
3096 3792 3248 3863 quam
3285 3794 3337 3846 in
3378 3792 3559 3846 caelum
3599 3792 3739 3863 fama
3769 3803 3888 3863 per-

2293 3866 2527 3931 veheret,
2570 3866 2848 3937 Cmsarum
2892 3858 3220 3937 Apo‘theosin
3267 3864 3396 3937 satis
3437 3858 3625 3937 aperte
3680 3858 3891 3937 deridet

2294 3937 2498 3992 Plinius
2544 3936 2680 3991 Hist.
2710 3937 2831 3992 Nat.
2869 3935 2965 3992 lib.
2996 3952 3088 3991 vn.
3118 3951 3236 4007 cap.
3268 3935 3359 3990 55.
3410 3935 3736 4007 ubi7_contra
3769 3935 3887 4007 im-

2295 4009 2676 4063 mortalitatem
2723 4012 2916 4063 aninue
2961 4009 3125 4062 multa
3179 4000 3380 4077 garrit,
3429 4002 3714 4059 scribens:
3747 4000 3891 4077 Alias

2258 4117 2269 4123 ρ
2299 4095 2501 4133 sensum
2530 4079 2707 4149 inferis
2735 4080 2904 4134 dando
2926 4122 2939 4145 ,
2966 4088 3013 4139 et
3057 4072 3229 4132 manis
3255 4076 3467 4149 colendo
3488 4117 3503 4142 ,
3532 4077 3781 4149 deumque
3804 4072 3892 4140 [a-

2299 4151 2477 4206 ciendo
2517 4147 2602 4222 qui
2636 4152 2743 4215 iam
2766 4152 2917 4205 etiam
2960 4151 3121 4222 homo
3134 4165 3239 4222 esse
3264 4148 3490 4222 desierit.
3518 4147 3695 4222 Quem
3719 4158 3888 4222 oppo:

2301 4234 2398 4275 nas
2429 4213 2552 4278 licet
2583 4213 2758 4292 impiae
2782 4222 3082 4292 adulationi
3103 4220 3303 4276 Valerii
3328 4213 3577 4292 Maximi;
3606 4218 3705 4292 qui
3725 4213 3806 4270 ita
3819 4213 3888 4268 ad

2301 4292 2572 4349 Tiberium
2617 4287 2673 4348 in
2710 4294 2923 4364 Prolog.
2951 4302 3022 4364 =—7—
3049 4290 3185 4345 Deos
3203 4294 3344 4364 enim
3368 4287 3592 4364 reliquos
3616 4287 3635 4356 ,
3662 4287 3891 4364 Censores

2301 4364 2552 4419 dedimus.
2582 4364 2716 4420 Cod.
2743 4358 2899 4420 Fuld'.
2924 4363 3083 4419 habet
3105 4363 3238 4417 male
3261 4358 3506 4416 traditum
3532 4371 3652 4485 aut}?
3670 4358 3879 4484 v‘itiose.

3232 4452 3235 4457 ν
3659 4447 3690 4484 Α
3731 4470 3743 4483 .

3232 4452 3235 4457 ’
3610 4445 3743 4484 ιιιιν.

2216 4528 2270 4589 D
2323 4503 2678 4589 CAIEXXXY
2686 4506 2856 4589 ..ς-((1)
2869 4506 3000 4560 Vino
3015 4506 3174 4589 lutum
3186 4502 3497 4589 cogerelNec
3509 4502 3611 4589 hoc
3627 4499 3893 4589 intellexe-

2296 4588 2421 4632 runt
2447 4577 2666 4632 librarii.
2697 4575 3047 4634 Demutarunt
3071 4575 3256 4646 itaque
3278 4578 3327 4629 in
3347 4575 3659 4629 vinolentum
3692 4586 3890 4643 cogere,

2297 4660 2355 4704 ut
2392 4658 2474 4703 est
2521 4649 2577 4703 in
2603 4648 2733 4703 Cod.
2781 4648 2844 4705 L.
2878 4649 2940 4704 Β.
2967 4648 3053 4704 vel
3078 4649 3130 4702 in
3155 4646 3488 4702 vinulentiam
3515 4646 3703 4716 facere,
3733 4648 3894 4712 prout

2296 4718 2921 4775 exhibetCod.Fuld.Est
2942 4734 3068 4774 vero
3081 4720 3261 4772 uinum
3274 4722 3438 4772 lutum
3457 4714 3651 4787 cogere,
3670 4714 3895 4787 humum

2297 4791 2464 4845 multo
2486 4791 2609 4845 vino
2627 4807 2985 4861 conspergere
3003 4799 3057 4845 et
3078 4791 3361 4861 inebriare,
3390 4785 3676 4858 proterviae
3705 4785 3892 4861 luxus-

2297 4876 2403 4931 que
2423 4862 2654 4932 signum.
2686 4853 2980 4932 Tangiique
3006 4860 3258 4932 Horatius
3283 4853 3505 4915 avarum
3545 4868 3740 4915 notans
3769 4896 3785 4925 ,
3828 4853 3898 4910 de

2299 4947 2404 5002 quo
2433 4931 2650 4988 Publius
2673 4931 2841 5005 Syrus
2866 4937 2942 4988 ait
2969 4948 3127 4989 versu
3150 4931 3240 4987 59.
3852 4946 3873 4953 κ

2519 5024 2723 5085 Avarus,
2742 5025 2837 5078 nisi
2859 5037 2967 5075 cum
2993 5024 3217 5084 moritur,
3243 5021 3311 5072 nil
3334 5026 3476 5073 recte
3500 5017 3626 5071 facit.

2303 5106 2379 5165 ita
2412 5109 2553 5163 enim
2582 5108 2803 5164 Flaccus
2831 5124 2904 5164 ιι.
2934 5107 3078 5165 Odar
3107 5120 3221 5162 xiv.

2518 5199 2760 5250 Absumet
2781 5200 2942 5250 haeres
2965 5196 3170 5251 Caecuba
3192 5188 3387 5262 dignior

2520 5262 2725 5313 Servata
2747 5271 2947 5321 centum
2972 5262 3188 5311 clavibus
3212 5274 3224 5309 :
3255 5268 3307 5310 et
3329 5269 3470 5307 mero

2613 5323 2796 5388 {finget
2817 5320 3145 5388 pavimentum
3170 5320 3439 5388 superbum

2612 5386 2899 5439 Pontiﬁcum
2921 5391 3112 5453 potiore
3133 5387 3304 5440 coenis.

2306 5493 2496 5569 Cicero
2524 5510 2737 5569 quoque
2766 5496 2994 5568 Philipp.
3026 5514 3084 5552 ιι.
3114 5494 3663 5569 Personabantomnia
3691 5491 3898 5569 vocibus

2310 5567 2556 5639 ebriorum
2573 5609 2587 5633 ,
2611 5570 2851 5624 natabant
2872 5567 3157 5639 pauimenta
3184 5571 3299 5624 vino
3317 5612 3331 5634 ,
3361 5567 3633 5623 madebant
3659 5568 3908 5639 parietes:

2312 5637 2452 5711 Etis
2488 5630 2711 5711 quidem
2729 5630 2983 5695 mihi'toci
3014 5641 3171 5711 hujus
3218 5630 3410 5698 scimus
3452 5630 3670 5711 videtur
3690 5681 3710 5711 7,
3736 5630 3908 5711 Lquod

2313 5708 2457 5773 enim
2502 5704 2552 5764 ia
2580 5710 2752 5766 Cerda
2780 5711 2945 5768 refert
2966 5710 3036 5767 ad
3064 5704 3320 5768 iiovitium
3349 5725 3561 5768 morem
3591 5710 3697 5764 vini
3716 5704 3910 5773 iantes

2317 5772 2543 5839 faciendi
2567 5818 2583 5851 ,
2634 5795 2823 5843 vereor
2869 5788 2928 5840 ut
2963 5782 3198 5857 antiquis
3242 5783 3407 5845 etiam
3449 5781 3504 5845 in
3548 5792 3655 5841 usu
3698 5772 3919 5847 fuisse:
