  <div class='ocr_page' id='page_1' title='image "/cluster/home/n/w/nwhite01/storage/ocr_20150623/1/hvd.32044054128335/248.png"; bbox 0 0 4258 6274; ppageno 0'>
   <div class='ocr_carea' id='block_1_1' title="bbox 342 362 453 427">
    <p class='ocr_par' dir='ltr' id='par_1_1' title="bbox 342 362 453 427">
     <span class='ocr_line' id='line_1_1' title="bbox 342 362 453 427; baseline -0.027 0"><span class='ocrx_word' id='word_1_1' title='bbox 342 362 453 427; x_wconf 62' lang='grc'><strong>455</strong></span> 
     </span>
    </p>
   </div>
   <div class='ocr_carea' id='block_1_2' title="bbox 1718 357 2257 419">
    <p class='ocr_par' dir='ltr' id='par_1_2' title="bbox 1718 357 2257 419">
     <span class='ocr_line' id='line_1_2' title="bbox 1718 357 2257 419; baseline -0.004 -4"><span class='ocrx_word' id='word_1_2' title='bbox 1718 357 2257 419; x_wconf 82' lang='lat' dir='ltr'><strong>APOLOGETICUS.</strong></span> 
     </span>
    </p>
   </div>
   <div class='ocr_carea' id='block_1_3' title="bbox 3532 359 3640 419">
    <p class='ocr_par' dir='ltr' id='par_1_3' title="bbox 3532 359 3640 419">
     <span class='ocr_line' id='line_1_3' title="bbox 3532 359 3640 419; baseline 0.028 -3"><span class='ocrx_word' id='word_1_3' title='bbox 3532 359 3640 419; x_wconf 74' lang='grc'><strong>454</strong></span> 
     </span>
    </p>
   </div>
   <div class='ocr_carea' id='block_1_4' title="bbox 349 464 3625 551">
    <p class='ocr_par' dir='ltr' id='par_1_4' title="bbox 349 464 3625 551">
     <span class='ocr_line' id='line_1_4' title="bbox 349 464 3625 551; baseline 0 -12"><span class='ocrx_word' id='word_1_4' title='bbox 349 482 559 539; x_wconf 91' lang='lat' dir='ltr'><strong>dcntias</strong></span> <span class='ocrx_word' id='word_1_5' title='bbox 580 524 596 551; x_wconf 94' lang='lat'><strong>,</strong></span> <span class='ocrx_word' id='word_1_6' title='bbox 642 479 707 537; x_wconf 82' lang='lat' dir='ltr'><strong>ad</strong></span> <span class='ocrx_word' id='word_1_7' title='bbox 753 478 991 538; x_wconf 82' lang='lat' dir='ltr'><strong>libidinis</strong></span> <span class='ocrx_word' id='word_1_8' title='bbox 1020 478 1318 537; x_wconf 76' lang='lat' dir='ltr'><strong>illecebras.</strong></span> <span class='ocrx_word' id='word_1_9' title='bbox 1365 474 1579 535; x_wconf 91' lang='lat' dir='ltr'><strong>Siccine</strong></span> <span class='ocrx_word' id='word_1_10' title='bbox 1620 479 1940 549; x_wconf 81' lang='lat' dir='ltr'><strong>exprimitur</strong></span> <span class='ocrx_word' id='word_1_11' title='bbox 1967 476 2021 541; x_wconf 81' lang='grc' dir='ltr'>Α</span> <span class='ocrx_word' id='word_1_12' title='bbox 2045 495 2167 536; x_wconf 91' lang='lat' dir='ltr'><strong>men</strong></span> <span class='ocrx_word' id='word_1_13' title='bbox 2194 479 2246 535; x_wconf 92' lang='lat' dir='ltr'><strong>in</strong></span> <span class='ocrx_word' id='word_1_14' title='bbox 2276 475 2377 534; x_wconf 90' lang='lat' dir='ltr'><strong>hac</strong></span> <span class='ocrx_word' id='word_1_15' title='bbox 2406 492 2616 550; x_wconf 88' lang='lat' dir='ltr'><strong>quoque</strong></span> <span class='ocrx_word' id='word_1_16' title='bbox 2637 475 2896 549; x_wconf 80' lang='lat' dir='ltr'><strong>religione</strong></span> <span class='ocrx_word' id='word_1_17' title='bbox 2924 464 3172 536; x_wconf 76' lang='lat' dir='ltr'><strong>sectindre</strong></span> <span class='ocrx_word' id='word_1_18' title='bbox 3199 479 3496 551; x_wconf 75' lang='lat' dir='ltr'><strong>maiestatis</strong></span> <span class='ocrx_word' id='word_1_19' title='bbox 3517 522 3534 549; x_wconf 91' lang='lat'><strong>,</strong></span> <span class='ocrx_word' id='word_1_20' title='bbox 3554 480 3625 539; x_wconf 86' lang='lat' dir='ltr'><strong>de</strong></span> 
     </span>
    </p>
   </div>
   <div class='ocr_carea' id='block_1_5' title="bbox 351 571 1946 646">
    <p class='ocr_par' dir='ltr' id='par_1_5' title="bbox 351 571 1946 646">
     <span class='ocr_line' id='line_1_5' title="bbox 351 571 1946 646; baseline -0.001 -17"><span class='ocrx_word' id='word_1_21' title='bbox 351 574 623 646; x_wconf 89' lang='lat' dir='ltr'><strong>publicum</strong></span> <span class='ocrx_word' id='word_1_22' title='bbox 678 574 927 645; x_wconf 79' lang='lat' dir='ltr'><strong>gaudium</strong></span> <span class='ocrx_word' id='word_1_23' title='bbox 970 589 1065 646; x_wconf 88' lang='lat' dir='ltr'><strong>per</strong></span> <span class='ocrx_word' id='word_1_24' title='bbox 1094 572 1329 630; x_wconf 88' lang='lat' dir='ltr'><strong>dedecus</strong></span> <span class='ocrx_word' id='word_1_25' title='bbox 1356 572 1670 642; x_wconf 87' lang='lat' dir='ltr'><strong>publicum?</strong></span> <span class='ocrx_word' id='word_1_26' title='bbox 1697 571 1946 628; x_wconf 66' lang='lat' dir='ltr'><strong>Haeccine</strong></span> 
     </span>
    </p>
   </div>
   <div class='ocr_carea' id='block_1_6' title="bbox 352 663 1947 737">
    <p class='ocr_par' dir='ltr' id='par_1_6' title="bbox 352 663 1947 737">
     <span class='ocr_line' id='line_1_6' title="bbox 352 663 1947 737; baseline -0.001 -16"><span class='ocrx_word' id='word_1_27' title='bbox 352 666 620 722; x_wconf 89' lang='lat' dir='ltr'><strong>solemnes</strong></span> <span class='ocrx_word' id='word_1_28' title='bbox 646 665 759 721; x_wconf 78' lang='lat' dir='ltr'><strong>dies</strong></span> <span class='ocrx_word' id='word_1_29' title='bbox 815 666 1112 737; x_wconf 85' lang='lat' dir='ltr'><strong>principum</strong></span> <span class='ocrx_word' id='word_1_30' title='bbox 1165 663 1481 737; x_wconf 81' lang='lat' dir='ltr'><strong>dcccnt(a),</strong></span> <span class='ocrx_word' id='word_1_31' title='bbox 1531 680 1651 736; x_wconf 65' lang='lat' dir='ltr'><strong>quae</strong></span> <span class='ocrx_word' id='word_1_32' title='bbox 1677 663 1811 720; x_wconf 91' lang='lat' dir='ltr'><strong>alios</strong></span> <span class='ocrx_word' id='word_1_33' title='bbox 1831 665 1947 720; x_wconf 89' lang='lat' dir='ltr'><strong>dies</strong></span> 
     </span>
    </p>
   </div>
   <div class='ocr_carea' id='block_1_7' title="bbox 350 756 1948 828">
    <p class='ocr_par' dir='ltr' id='par_1_7' title="bbox 350 756 1948 828">
     <span class='ocr_line' id='line_1_7' title="bbox 350 756 1948 828; baseline 0 -15"><span class='ocrx_word' id='word_1_34' title='bbox 350 764 459 813; x_wconf 78' lang='lat' dir='ltr'><strong>non</strong></span> <span class='ocrx_word' id='word_1_35' title='bbox 504 758 735 814; x_wconf 87' lang='lat' dir='ltr'><strong>decent?</strong></span> <span class='ocrx_word' id='word_1_36' title='bbox 760 759 860 827; x_wconf 89' lang='lat' dir='ltr'><strong>Qui</strong></span> <span class='ocrx_word' id='word_1_37' title='bbox 909 760 1200 816; x_wconf 78' lang='lat' dir='ltr'><strong>observant</strong></span> <span class='ocrx_word' id='word_1_38' title='bbox 1250 756 1587 828; x_wconf 88' lang='lat' dir='ltr'><strong>disciplinam</strong></span> <span class='ocrx_word' id='word_1_39' title='bbox 1623 757 1691 813; x_wconf 89' lang='lat' dir='ltr'><strong>de</strong></span> <span class='ocrx_word' id='word_1_40' title='bbox 1720 757 1948 814; x_wconf 70' lang='lat' dir='ltr'><strong>Caesaris</strong></span> 
     </span>
    </p>
   </div>
   <div class='ocr_carea' id='block_1_8' title="bbox 350 847 1948 922">
    <p class='ocr_par' dir='ltr' id='par_1_8' title="bbox 350 847 1948 922">
     <span class='ocr_line' id='line_1_8' title="bbox 350 847 1948 922; baseline -0.002 -15"><span class='ocrx_word' id='word_1_41' title='bbox 350 860 598 922; x_wconf 85' lang='lat' dir='ltr'><strong>respectu</strong></span> <span class='ocrx_word' id='word_1_42' title='bbox 618 893 633 918; x_wconf 90' lang='lat'><strong>,</strong></span> <span class='ocrx_word' id='word_1_43' title='bbox 683 850 737 906; x_wconf 90' lang='lat' dir='ltr'><strong>bi</strong></span> <span class='ocrx_word' id='word_1_44' title='bbox 766 866 883 906; x_wconf 93' lang='lat' dir='ltr'><strong>eam</strong></span> <span class='ocrx_word' id='word_1_45' title='bbox 914 860 1130 921; x_wconf 85' lang='lat' dir='ltr'><strong>propter</strong></span> <span class='ocrx_word' id='word_1_46' title='bbox 1152 850 1418 906; x_wconf 73' lang='lat' dir='ltr'><strong>Cmsarem</strong></span> <span class='ocrx_word' id='word_1_47' title='bbox 1442 849 1693 905; x_wconf 89' lang='lat' dir='ltr'><strong>deserent</strong></span> <span class='ocrx_word' id='word_1_48' title='bbox 1719 847 1798 922; x_wconf 87' lang='lat' dir='ltr'><strong>(l)</strong></span> <span class='ocrx_word' id='word_1_49' title='bbox 1831 889 1846 913; x_wconf 88' lang='lat'><strong>.</strong></span> <span class='ocrx_word' id='word_1_50' title='bbox 1892 858 1948 906; x_wconf 89' lang='lat' dir='ltr'><strong>et</strong></span> 
     </span>
    </p>
   </div>
   <div class='ocr_carea' id='block_1_9' title="bbox 351 940 1947 1013">
    <p class='ocr_par' dir='ltr' id='par_1_9' title="bbox 351 940 1947 1013">
     <span class='ocr_line' id='line_1_9' title="bbox 351 940 1947 1013; baseline -0.001 -15"><span class='ocrx_word' id='word_1_51' title='bbox 351 943 615 998; x_wconf 90' lang='lat' dir='ltr'><strong>malorum</strong></span> <span class='ocrx_word' id='word_1_52' title='bbox 644 958 854 999; x_wconf 92' lang='lat' dir='ltr'><strong>morum</strong></span> <span class='ocrx_word' id='word_1_53' title='bbox 884 942 1100 998; x_wconf 81' lang='lat' dir='ltr'><strong>licentia</strong></span> <span class='ocrx_word' id='word_1_54' title='bbox 1126 941 1296 1013; x_wconf 90' lang='lat' dir='ltr'><strong>pietas</strong></span> <span class='ocrx_word' id='word_1_55' title='bbox 1326 942 1453 1008; x_wconf 91' lang='lat' dir='ltr'><strong>erit,</strong></span> <span class='ocrx_word' id='word_1_56' title='bbox 1483 940 1695 997; x_wconf 88' lang='lat' dir='ltr'><strong>occasio</strong></span> <span class='ocrx_word' id='word_1_57' title='bbox 1723 941 1947 996; x_wconf 75' lang='lat' dir='ltr'><strong>luxuria:</strong></span> 
     </span>
    </p>
   </div>
   <div class='ocr_carea' id='block_1_10' title="bbox 351 1030 1950 1107">
    <p class='ocr_par' dir='ltr' id='par_1_10' title="bbox 351 1030 1950 1107">
     <span class='ocr_line' id='line_1_10' title="bbox 351 1030 1950 1107; baseline -0.003 -16"><span class='ocrx_word' id='word_1_58' title='bbox 351 1034 539 1106; x_wconf 82' lang='lat' dir='ltr'><strong>religio</strong></span> <span class='ocrx_word' id='word_1_59' title='bbox 567 1034 951 1107; x_wconf 88' lang='lat' dir='ltr'><strong>deputabitur?</strong></span> <span class='ocrx_word' id='word_1_60' title='bbox 992 1034 1037 1089; x_wconf 93' lang='grc' dir='ltr'>Ο</span> <span class='ocrx_word' id='word_1_61' title='bbox 1084 1048 1183 1089; x_wconf 91' lang='lat' dir='ltr'><strong>nos</strong></span> <span class='ocrx_word' id='word_1_62' title='bbox 1213 1034 1405 1090; x_wconf 89' lang='lat' dir='ltr'><strong>merito</strong></span> <span class='ocrx_word' id='word_1_63' title='bbox 1445 1030 1807 1089; x_wconf 86' lang='lat' dir='ltr'><strong>damnandos!</strong></span> <span class='ocrx_word' id='word_1_64' title='bbox 1842 1033 1950 1089; x_wconf 88' lang='lat' dir='ltr'><strong>Cur</strong></span> 
     </span>
    </p>
   </div>
   <div class='ocr_carea' id='block_1_11' title="bbox 351 1123 1945 1200">
    <p class='ocr_par' dir='ltr' id='par_1_11' title="bbox 351 1123 1945 1200">
     <span class='ocr_line' id='line_1_11' title="bbox 351 1123 1945 1200; baseline -0.003 -17"><span class='ocrx_word' id='word_1_65' title='bbox 351 1127 646 1183; x_wconf 73' lang='lat' dir='ltr'><strong>enim&#39;vots</strong></span> <span class='ocrx_word' id='word_1_66' title='bbox 683 1136 740 1183; x_wconf 90' lang='lat' dir='ltr'><strong>et</strong></span> <span class='ocrx_word' id='word_1_67' title='bbox 764 1127 959 1200; x_wconf 84' lang='lat' dir='ltr'><strong>gaudia</strong></span> <span class='ocrx_word' id='word_1_68' title='bbox 984 1126 1261 1182; x_wconf 62' lang='lat' dir='ltr'><strong>Caesarum</strong></span> <span class='ocrx_word' id='word_1_69' title='bbox 1283 1125 1416 1181; x_wconf 84' lang='lat' dir='ltr'><strong>casti</strong></span> <span class='ocrx_word' id='word_1_70' title='bbox 1442 1135 1496 1180; x_wconf 90' lang='lat' dir='ltr'><strong>et</strong></span> <span class='ocrx_word' id='word_1_71' title='bbox 1517 1124 1684 1179; x_wconf 78' lang='lat' dir='ltr'><strong>sobrii</strong></span> <span class='ocrx_word' id='word_1_72' title='bbox 1706 1132 1761 1179; x_wconf 89' lang='lat' dir='ltr'><strong>et</strong></span> <span class='ocrx_word' id='word_1_73' title='bbox 1791 1123 1945 1194; x_wconf 88' lang='lat' dir='ltr'><strong>probi</strong></span> 
     </span>
    </p>
   </div>
   <div class='ocr_carea' id='block_1_12' title="bbox 353 1212 1949 1291">
    <p class='ocr_par' dir='ltr' id='par_1_12' title="bbox 353 1212 1949 1291">
     <span class='ocr_line' id='line_1_12' title="bbox 353 1212 1949 1291; baseline -0.003 -17"><span class='ocrx_word' id='word_1_74' title='bbox 353 1218 745 1291; x_wconf 81' lang='lat' dir='ltr'><strong>expungimus?</strong></span> <span class='ocrx_word' id='word_1_75' title='bbox 772 1233 871 1274; x_wconf 89' lang='lat' dir='ltr'><strong>cur</strong></span> <span class='ocrx_word' id='word_1_76' title='bbox 907 1218 996 1273; x_wconf 90' lang='lat' dir='ltr'><strong>die</strong></span> <span class='ocrx_word' id='word_1_77' title='bbox 1030 1217 1154 1273; x_wconf 84' lang='lat' dir='ltr'><strong>laeto</strong></span> <span class='ocrx_word' id='word_1_78' title='bbox 1183 1233 1290 1273; x_wconf 91' lang='lat' dir='ltr'><strong>non</strong></span> <span class='ocrx_word' id='word_1_79' title='bbox 1317 1216 1516 1272; x_wconf 92' lang='lat' dir='ltr'><strong>laureis</strong></span> <span class='ocrx_word' id='word_1_80' title='bbox 1556 1220 1737 1286; x_wconf 77' lang='lat' dir='ltr'><strong>postes</strong></span> <span class='ocrx_word' id='word_1_81' title='bbox 1759 1212 1949 1271; x_wconf 87' lang='lat' dir='ltr'><strong>obum-</strong></span> 
     </span>
    </p>
   </div>
   <div class='ocr_carea' id='block_1_13' title="bbox 352 1308 1947 1391">
    <p class='ocr_par' dir='ltr' id='par_1_13' title="bbox 352 1308 1947 1391">
     <span class='ocr_line' id='line_1_13' title="bbox 352 1308 1947 1391; baseline -0.003 -21"><span class='ocrx_word' id='word_1_82' title='bbox 352 1314 570 1372; x_wconf 89' lang='lat' dir='ltr'><strong>bramus</strong></span> <span class='ocrx_word' id='word_1_83' title='bbox 592 1315 671 1391; x_wconf 74' lang='lat'><strong>(2)</strong></span> <span class='ocrx_word' id='word_1_84' title='bbox 697 1316 775 1388; x_wconf 87' lang='lat' dir='ltr'><strong>(b)</strong></span> <span class='ocrx_word' id='word_1_85' title='bbox 792 1316 1135 1372; x_wconf 90' lang='lat' dir='ltr'><strong>neclucernis</strong></span> <span class='ocrx_word' id='word_1_86' title='bbox 1156 1314 1298 1369; x_wconf 89' lang='lat' dir='ltr'><strong>diem</strong></span> <span class='ocrx_word' id='word_1_87' title='bbox 1320 1310 1690 1381; x_wconf 84' lang='lat' dir='ltr'><strong>infringimus?</strong></span> <span class='ocrx_word' id='word_1_88' title='bbox 1713 1308 1947 1365; x_wconf 82' lang='lat' dir='ltr'><strong>Honesta</strong></span> 
     </span>
    </p>
   </div>
   <div class='ocr_carea' id='block_1_14' title="bbox 351 1394 1944 1479">
    <p class='ocr_par' dir='ltr' id='par_1_14' title="bbox 351 1394 1944 1479">
     <span class='ocr_line' id='line_1_14' title="bbox 351 1394 1944 1479; baseline -0.005 -16"><span class='ocrx_word' id='word_1_89' title='bbox 351 1421 441 1463; x_wconf 86' lang='lat' dir='ltr'><strong>res</strong></span> <span class='ocrx_word' id='word_1_90' title='bbox 491 1416 575 1464; x_wconf 89' lang='lat' dir='ltr'><strong>est</strong></span> <span class='ocrx_word' id='word_1_91' title='bbox 604 1408 948 1479; x_wconf 68' lang='lat' dir='ltr'><strong>solemnitate</strong></span> <span class='ocrx_word' id='word_1_92' title='bbox 979 1407 1189 1479; x_wconf 93' lang='lat' dir='ltr'><strong>publica</strong></span> <span class='ocrx_word' id='word_1_93' title='bbox 1213 1405 1459 1475; x_wconf 75' lang='lat' dir='ltr'><strong>exigente</strong></span> <span class='ocrx_word' id='word_1_94' title='bbox 1489 1401 1715 1457; x_wconf 89' lang='lat' dir='ltr'><strong>induere</strong></span> <span class='ocrx_word' id='word_1_95' title='bbox 1742 1394 1819 1474; x_wconf 69' lang='grc' dir='ltr'><strong>(ὃ)</strong></span> <span class='ocrx_word' id='word_1_96' title='bbox 1848 1398 1944 1455; x_wconf 90' lang='lat' dir='ltr'><strong>do-</strong></span> 
     </span>
    </p>
   </div>
   <div class='ocr_carea' id='block_1_15' title="bbox 353 1495 1944 1572">
    <p class='ocr_par' dir='ltr' id='par_1_15' title="bbox 353 1495 1944 1572">
     <span class='ocr_line' id='line_1_15' title="bbox 353 1495 1944 1572; baseline -0.004 -15"><span class='ocrx_word' id='word_1_97' title='bbox 353 1500 466 1557; x_wconf 85' lang='lat' dir='ltr'><strong>mui</strong></span> <span class='ocrx_word' id='word_1_98' title='bbox 498 1509 606 1557; x_wconf 72' lang='lat' dir='ltr'><strong>ture</strong></span> <span class='ocrx_word' id='word_1_99' title='bbox 629 1500 873 1558; x_wconf 88' lang='lat' dir='ltr'><strong>habitum</strong></span> <span class='ocrx_word' id='word_1_100' title='bbox 911 1500 1136 1572; x_wconf 83' lang='lat' dir='ltr'><strong>alicujus</strong></span> <span class='ocrx_word' id='word_1_101' title='bbox 1181 1498 1305 1556; x_wconf 83' lang='lat' dir='ltr'><strong>novi</strong></span> <span class='ocrx_word' id='word_1_102' title='bbox 1340 1496 1632 1568; x_wconf 74' lang='lat' dir='ltr'><strong>lupanaris.</strong></span> <span class='ocrx_word' id='word_1_103' title='bbox 1662 1495 1833 1550; x_wconf 80' lang='lat' dir='ltr'><strong>Velim</strong></span> <span class='ocrx_word' id='word_1_104' title='bbox 1863 1505 1944 1550; x_wconf 53' lang='lat' dir='ltr'><strong>tae</strong></span> 
     </span>
    </p>
   </div>
   <div class='ocr_carea' id='block_1_16' title="bbox 2047 571 3629 643">
    <p class='ocr_par' dir='ltr' id='par_1_16' title="bbox 2047 571 3629 643">
     <span class='ocr_line' id='line_1_16' title="bbox 2047 571 3629 643; baseline 0.003 -16"><span class='ocrx_word' id='word_1_105' title='bbox 2047 588 2149 642; x_wconf 89' lang='lat' dir='ltr'><strong>qua</strong></span> <span class='ocrx_word' id='word_1_106' title='bbox 2174 573 2225 628; x_wconf 91' lang='lat' dir='ltr'><strong>in</strong></span> <span class='ocrx_word' id='word_1_107' title='bbox 2249 571 2542 634; x_wconf 88' lang='lat' dir='ltr'><strong>secundum</strong></span> <span class='ocrx_word' id='word_1_108' title='bbox 2576 571 2914 643; x_wconf 78' lang='lat' dir='ltr'><strong>sacrilegium</strong></span> <span class='ocrx_word' id='word_1_109' title='bbox 2945 574 3291 629; x_wconf 88' lang='lat' dir='ltr'><strong>convenimur</strong></span> <span class='ocrx_word' id='word_1_110' title='bbox 3314 573 3629 643; x_wconf 89' lang='lat' dir='ltr'><strong>Christiani,</strong></span> 
     </span>
    </p>
   </div>
   <div class='ocr_carea' id='block_1_17' title="bbox 2049 664 3637 739">
    <p class='ocr_par' dir='ltr' id='par_1_17' title="bbox 2049 664 3637 739">
     <span class='ocr_line' id='line_1_17' title="bbox 2049 664 3637 739; baseline 0.003 -18"><span class='ocrx_word' id='word_1_111' title='bbox 2049 681 2156 721; x_wconf 89' lang='lat' dir='ltr'><strong>non</strong></span> <span class='ocrx_word' id='word_1_112' title='bbox 2188 664 2511 722; x_wconf 86' lang='lat' dir='ltr'><strong>celebrando</strong></span> <span class='ocrx_word' id='word_1_113' title='bbox 2557 666 2831 722; x_wconf 83' lang='lat' dir='ltr'><strong>vobiscum</strong></span> <span class='ocrx_word' id='word_1_114' title='bbox 2879 667 3139 723; x_wconf 87' lang='lat' dir='ltr'><strong>solemnia</strong></span> <span class='ocrx_word' id='word_1_115' title='bbox 3165 666 3438 723; x_wconf 58' lang='lat' dir='ltr'><strong>Caesarum</strong></span> <span class='ocrx_word' id='word_1_116' title='bbox 3468 709 3483 733; x_wconf 84' lang='lat'><strong>,</strong></span> <span class='ocrx_word' id='word_1_117' title='bbox 3530 682 3637 739; x_wconf 87' lang='lat' dir='ltr'><strong>quo</strong></span> 
     </span>
    </p>
   </div>
   <div class='ocr_carea' id='block_1_18' title="bbox 2050 757 3638 828">
    <p class='ocr_par' dir='ltr' id='par_1_18' title="bbox 2050 757 3638 828">
     <span class='ocr_line' id='line_1_18' title="bbox 2050 757 3638 828; baseline 0.001 -16"><span class='ocrx_word' id='word_1_118' title='bbox 2050 773 2201 813; x_wconf 92' lang='lat' dir='ltr'><strong>more</strong></span> <span class='ocrx_word' id='word_1_119' title='bbox 2224 757 2481 813; x_wconf 85' lang='lat' dir='ltr'><strong>celebrari</strong></span> <span class='ocrx_word' id='word_1_120' title='bbox 2512 773 2613 814; x_wconf 90' lang='lat' dir='ltr'><strong>nec</strong></span> <span class='ocrx_word' id='word_1_121' title='bbox 2640 758 2899 813; x_wconf 86' lang='lat' dir='ltr'><strong>modestia</strong></span> <span class='ocrx_word' id='word_1_122' title='bbox 2930 773 3030 814; x_wconf 91' lang='lat' dir='ltr'><strong>nec</strong></span> <span class='ocrx_word' id='word_1_123' title='bbox 3075 758 3391 814; x_wconf 84' lang='lat' dir='ltr'><strong>verecundia</strong></span> <span class='ocrx_word' id='word_1_124' title='bbox 3414 772 3513 814; x_wconf 91' lang='lat' dir='ltr'><strong>nec</strong></span> <span class='ocrx_word' id='word_1_125' title='bbox 3537 773 3638 828; x_wconf 90' lang='lat' dir='ltr'><strong>pu-</strong></span> 
     </span>
    </p>
   </div>
   <div class='ocr_carea' id='block_1_19' title="bbox 2051 848 3641 922">
    <p class='ocr_par' dir='ltr' id='par_1_19' title="bbox 2051 848 3641 922">
     <span class='ocr_line' id='line_1_19' title="bbox 2051 848 3641 922; baseline 0.003 -19"><span class='ocrx_word' id='word_1_126' title='bbox 2051 848 2231 903; x_wconf 89' lang='lat' dir='ltr'><strong>dicitia</strong></span> <span class='ocrx_word' id='word_1_127' title='bbox 2262 849 2595 918; x_wconf 85' lang='lat' dir='ltr'><strong>permittunt,</strong></span> <span class='ocrx_word' id='word_1_128' title='bbox 2621 848 2715 905; x_wconf 90' lang='lat' dir='ltr'><strong>sed</strong></span> <span class='ocrx_word' id='word_1_129' title='bbox 2741 850 2955 905; x_wconf 85' lang='lat' dir='ltr'><strong>occasio</strong></span> <span class='ocrx_word' id='word_1_130' title='bbox 2982 850 3271 921; x_wconf 83' lang='lat' dir='ltr'><strong>voluptatis</strong></span> <span class='ocrx_word' id='word_1_131' title='bbox 3294 852 3460 922; x_wconf 84' lang='lat' dir='ltr'><strong>magis</strong></span> <span class='ocrx_word' id='word_1_132' title='bbox 3480 866 3641 922; x_wconf 89' lang='lat' dir='ltr'><strong>quam</strong></span> 
     </span>
    </p>
   </div>
   <div class='ocr_carea' id='block_1_20' title="bbox 2051 937 3643 1009">
    <p class='ocr_par' dir='ltr' id='par_1_20' title="bbox 2051 937 3643 1009">
     <span class='ocr_line' id='line_1_20' title="bbox 2051 937 3643 1009; baseline 0.002 -16"><span class='ocrx_word' id='word_1_133' title='bbox 2051 937 2210 1009; x_wconf 85' lang='lat' dir='ltr'><strong>digna</strong></span> <span class='ocrx_word' id='word_1_134' title='bbox 2241 939 2377 991; x_wconf 87' lang='lat' dir='ltr'><strong>ratio</strong></span> <span class='ocrx_word' id='word_1_135' title='bbox 2427 939 2720 1007; x_wconf 88' lang='lat' dir='ltr'><strong>persuasit,</strong></span> <span class='ocrx_word' id='word_1_136' title='bbox 2770 938 2933 995; x_wconf 87' lang='lat' dir='ltr'><strong>ﬁdem</strong></span> <span class='ocrx_word' id='word_1_137' title='bbox 2984 947 3039 996; x_wconf 84' lang='lat' dir='ltr'><strong>et</strong></span> <span class='ocrx_word' id='word_1_138' title='bbox 3084 940 3359 995; x_wconf 82' lang='lat' dir='ltr'><strong>veritatem</strong></span> <span class='ocrx_word' id='word_1_139' title='bbox 3408 950 3643 997; x_wconf 80' lang='lat' dir='ltr'><strong>vestram</strong></span> 
     </span>
    </p>
   </div>
   <div class='ocr_carea' id='block_1_21' title="bbox 2051 1031 3645 1097">
    <p class='ocr_par' dir='ltr' id='par_1_21' title="bbox 2051 1031 3645 1097">
     <span class='ocr_line' id='line_1_21' title="bbox 2051 1031 3645 1097; baseline 0.003 -10"><span class='ocrx_word' id='word_1_140' title='bbox 2051 1032 2462 1097; x_wconf 75' lang='lat' dir='ltr'><strong>demonSIrare;</strong></span> <span class='ocrx_word' id='word_1_141' title='bbox 2496 1047 2564 1087; x_wconf 92' lang='lat' dir='ltr'><strong>ne</strong></span> <span class='ocrx_word' id='word_1_142' title='bbox 2591 1031 2729 1088; x_wconf 82' lang='lat' dir='ltr'><strong>forte</strong></span> <span class='ocrx_word' id='word_1_143' title='bbox 2769 1044 2824 1089; x_wconf 88' lang='lat' dir='ltr'><strong>et</strong></span> <span class='ocrx_word' id='word_1_144' title='bbox 2863 1033 3023 1088; x_wconf 84' lang='lat' dir='ltr'><strong>isthic</strong></span> <span class='ocrx_word' id='word_1_145' title='bbox 3062 1034 3355 1089; x_wconf 83' lang='lat' dir='ltr'><strong>deteriores</strong></span> <span class='ocrx_word' id='word_1_146' title='bbox 3380 1034 3645 1091; x_wconf 85' lang='lat' dir='ltr'><strong>Christia-</strong></span> 
     </span>
    </p>
   </div>
   <div class='ocr_carea' id='block_1_22' title="bbox 2053 1123 3639 1197">
    <p class='ocr_par' dir='ltr' id='par_1_22' title="bbox 2053 1123 3639 1197">
     <span class='ocr_line' id='line_1_22' title="bbox 2053 1123 3639 1197; baseline 0.003 -18"><span class='ocrx_word' id='word_1_147' title='bbox 2053 1126 2136 1179; x_wconf 90' lang='lat' dir='ltr'><strong>nis</strong></span> <span class='ocrx_word' id='word_1_148' title='bbox 2161 1123 2637 1195; x_wconf 81' lang='lat' dir='ltr'><strong>deprehendantur</strong></span> <span class='ocrx_word' id='word_1_149' title='bbox 2662 1167 2677 1191; x_wconf 94' lang='lat'><strong>,</strong></span> <span class='ocrx_word' id='word_1_150' title='bbox 2709 1126 2799 1197; x_wconf 87' lang='lat' dir='ltr'><strong>qui</strong></span> <span class='ocrx_word' id='word_1_151' title='bbox 2828 1139 2926 1181; x_wconf 92' lang='lat' dir='ltr'><strong>nos</strong></span> <span class='ocrx_word' id='word_1_152' title='bbox 2955 1125 3144 1181; x_wconf 87' lang='lat' dir='ltr'><strong>nolunt</strong></span> <span class='ocrx_word' id='word_1_153' title='bbox 3172 1125 3444 1182; x_wconf 89' lang='lat' dir='ltr'><strong>Romanos</strong></span> <span class='ocrx_word' id='word_1_154' title='bbox 3471 1126 3639 1185; x_wconf 90' lang='lat' dir='ltr'><strong>habe-</strong></span> 
     </span>
    </p>
   </div>
   <div class='ocr_carea' id='block_1_23' title="bbox 2053 1213 3641 1290">
    <p class='ocr_par' dir='ltr' id='par_1_23' title="bbox 2053 1213 3641 1290">
     <span class='ocr_line' id='line_1_23' title="bbox 2053 1213 3641 1290; baseline 0.003 -19"><span class='ocrx_word' id='word_1_155' title='bbox 2053 1216 2097 1271; x_wconf 90' lang='lat' dir='ltr'><strong>ri</strong></span> <span class='ocrx_word' id='word_1_156' title='bbox 2121 1258 2133 1281; x_wconf 88' lang='lat'><strong>,</strong></span> <span class='ocrx_word' id='word_1_157' title='bbox 2154 1213 2248 1272; x_wconf 90' lang='lat' dir='ltr'><strong>sed</strong></span> <span class='ocrx_word' id='word_1_158' title='bbox 2279 1215 2463 1273; x_wconf 88' lang='lat' dir='ltr'><strong>hostes</strong></span> <span class='ocrx_word' id='word_1_159' title='bbox 2489 1216 2791 1288; x_wconf 87' lang='lat' dir='ltr'><strong>principum</strong></span> <span class='ocrx_word' id='word_1_160' title='bbox 2812 1218 3195 1274; x_wconf 85' lang='lat' dir='ltr'><strong>Romanorum.</strong></span> <span class='ocrx_word' id='word_1_161' title='bbox 3215 1218 3364 1290; x_wconf 83' lang='lat' dir='ltr'><strong>Ipsos</strong></span> <span class='ocrx_word' id='word_1_162' title='bbox 3382 1220 3641 1287; x_wconf 83' lang='lat' dir='ltr'><strong>Quirites,</strong></span> 
     </span>
    </p>
   </div>
   <div class='ocr_carea' id='block_1_24' title="bbox 2050 1308 3640 1382">
    <p class='ocr_par' dir='ltr' id='par_1_24' title="bbox 2050 1308 3640 1382">
     <span class='ocr_line' id='line_1_24' title="bbox 2050 1308 3640 1382; baseline 0.003 -19"><span class='ocrx_word' id='word_1_163' title='bbox 2050 1308 2222 1378; x_wconf 86' lang='lat' dir='ltr'><strong>ipsam</strong></span> <span class='ocrx_word' id='word_1_164' title='bbox 2254 1310 2594 1364; x_wconf 65' lang='lat' dir='ltr'><strong>Vernaculam</strong></span> <span class='ocrx_word' id='word_1_165' title='bbox 2632 1316 2841 1381; x_wconf 81' lang='lat' dir='ltr'><strong>septem</strong></span> <span class='ocrx_word' id='word_1_166' title='bbox 2869 1309 3086 1366; x_wconf 89' lang='lat' dir='ltr'><strong>collium</strong></span> <span class='ocrx_word' id='word_1_167' title='bbox 3118 1311 3327 1382; x_wconf 85' lang='lat' dir='ltr'><strong>plebem</strong></span> <span class='ocrx_word' id='word_1_168' title='bbox 3358 1315 3640 1379; x_wconf 68' lang='lat' dir='ltr'><strong>conrenio,</strong></span> 
     </span>
    </p>
   </div>
   <div class='ocr_carea' id='block_1_25' title="bbox 2048 1386 3671 1479">
    <p class='ocr_par' dir='ltr' id='par_1_25' title="bbox 2048 1386 3671 1479">
     <span class='ocr_line' id='line_1_25' title="bbox 2048 1386 3671 1479; baseline 0.003 -25"><span class='ocrx_word' id='word_1_169' title='bbox 2048 1412 2115 1455; x_wconf 86' lang='lat' dir='ltr'><strong>an</strong></span> <span class='ocrx_word' id='word_1_170' title='bbox 2151 1400 2306 1458; x_wconf 88' lang='lat' dir='ltr'><strong>alicui</strong></span> <span class='ocrx_word' id='word_1_171' title='bbox 2335 1398 2533 1456; x_wconf 70' lang='lat' dir='ltr'><strong>Cmsari</strong></span> <span class='ocrx_word' id='word_1_172' title='bbox 2576 1418 2674 1457; x_wconf 91' lang='lat' dir='ltr'><strong>suo</strong></span> <span class='ocrx_word' id='word_1_173' title='bbox 2718 1411 2903 1474; x_wconf 85' lang='lat' dir='ltr'><strong>parcat</strong></span> <span class='ocrx_word' id='word_1_174' title='bbox 2924 1403 3013 1459; x_wconf 91' lang='lat' dir='ltr'><strong>illa</strong></span> <span class='ocrx_word' id='word_1_175' title='bbox 3044 1403 3224 1475; x_wconf 85' lang='lat' dir='ltr'><strong>lingua</strong></span> <span class='ocrx_word' id='word_1_176' title='bbox 3254 1404 3495 1461; x_wconf 87' lang='lat' dir='ltr'><strong>Romana</strong></span> <span class='ocrx_word' id='word_1_177' title='bbox 3535 1386 3671 1479; x_wconf 57' lang='lat' dir='ltr'><strong>(c)?~</strong></span> 
     </span>
    </p>
   </div>
   <div class='ocr_carea' id='block_1_26' title="bbox 2292 1518 2308 1549">
    <p class='ocr_par' dir='ltr' id='par_1_26' title="bbox 2292 1518 2308 1549">
     <span class='ocr_line' id='line_1_26' title="bbox 2292 1518 2308 1549; baseline 0 0"><span class='ocrx_word' id='word_1_178' title='bbox 2292 1518 2308 1549; x_wconf 84' lang='grc' dir='ltr'><em>Ι</em></span> 
     </span>
    </p>
   </div>
   <div class='ocr_carea' id='block_1_27' title="bbox 1574 1598 2403 1672">
    <p class='ocr_par' dir='ltr' id='par_1_27' title="bbox 1574 1598 2403 1672">
     <span class='ocr_line' id='line_1_27' title="bbox 1574 1598 2403 1672; baseline -0.011 0"><span class='ocrx_word' id='word_1_179' title='bbox 1574 1604 1954 1672; x_wconf 77' lang='lat' dir='ltr'><strong>LECTlONES</strong></span> <span class='ocrx_word' id='word_1_180' title='bbox 1988 1598 2403 1668; x_wconf 76' lang='lat' dir='ltr'><strong>VARIANTES.</strong></span> 
     </span>
    </p>
   </div>
   <div class='ocr_carea' id='block_1_28' title="bbox 444 1728 990 1779">
    <p class='ocr_par' dir='ltr' id='par_1_28' title="bbox 444 1728 990 1779">
     <span class='ocr_line' id='line_1_28' title="bbox 444 1728 990 1779; baseline 0 -2"><span class='ocrx_word' id='word_1_181' title='bbox 444 1729 485 1779; x_wconf 88' lang='lat' dir='ltr'><strong>tl</strong></span> <span class='ocrx_word' id='word_1_182' title='bbox 524 1728 817 1779; x_wconf 83' lang='lat' dir='ltr'><strong>Deserunt?</strong></span> <span class='ocrx_word' id='word_1_183' title='bbox 841 1729 990 1778; x_wconf 86' lang='lat' dir='ltr'><strong>Fran.</strong></span> 
     </span>
    </p>
   </div>
   <div class='ocr_carea' id='block_1_29' title="bbox 415 1728 1079 1856">
    <p class='ocr_par' dir='ltr' id='par_1_29' title="bbox 415 1728 1079 1856">
     <span class='ocr_line' id='line_1_29' title="bbox 444 1728 990 1779; baseline 0 -2"><span class='ocrx_word' id='word_1_184' title='bbox 444 1729 458 1777; x_wconf 88' lang='lat' dir='ltr'><strong>t</strong></span> <span class='ocrx_word' id='word_1_185' title='bbox 524 1728 817 1779; x_wconf 83' lang='lat' dir='ltr'><strong>Deserunt?</strong></span> <span class='ocrx_word' id='word_1_186' title='bbox 841 1729 990 1778; x_wconf 86' lang='lat' dir='ltr'><strong>Fran.</strong></span> 
     </span>
     <span class='ocr_line' id='line_1_30' title="bbox 415 1728 1079 1856; baseline -0.002 -17"><span class='ocrx_word' id='word_1_187' title='bbox 415 1728 485 1856; x_wconf 59' lang='grc' dir='ltr'><em>Η</em></span> <span class='ocrx_word' id='word_1_188' title='bbox 518 1790 889 1851; x_wconf 78' lang='lat' dir='ltr'><strong>Adumhramus,</strong></span> <span class='ocrx_word' id='word_1_189' title='bbox 914 1788 1079 1841; x_wconf 81' lang='lat' dir='ltr'><strong>Paris.</strong></span> 
     </span>
    </p>
   </div>
   <div class='ocr_carea' id='block_1_30' title="bbox 2121 1721 2679 1790">
    <p class='ocr_par' dir='ltr' id='par_1_30' title="bbox 2121 1721 2679 1790">
     <span class='ocr_line' id='line_1_31' title="bbox 2121 1721 2679 1790; baseline -0.007 -17"><span class='ocrx_word' id='word_1_190' title='bbox 2121 1723 2188 1790; x_wconf 69' lang='grc' dir='ltr'><strong>(ὅ)</strong></span> <span class='ocrx_word' id='word_1_191' title='bbox 2226 1722 2487 1782; x_wconf 85' lang='lat' dir='ltr'><strong>Inducere,</strong></span> <span class='ocrx_word' id='word_1_192' title='bbox 2513 1721 2679 1774; x_wconf 81' lang='lat' dir='ltr'><strong>Paris.</strong></span> 
     </span>
    </p>
   </div>
   <div class='ocr_carea' id='block_1_31' title="bbox 1674 1888 2238 1956">
    <p class='ocr_par' dir='ltr' id='par_1_31' title="bbox 1674 1888 2238 1956">
     <span class='ocr_line' id='line_1_32' title="bbox 1674 1888 2238 1956; baseline -0.007 0"><span class='ocrx_word' id='word_1_193' title='bbox 1674 1888 2238 1956; x_wconf 72' lang='lat' dir='ltr'><strong>COMMENTARIUS.</strong></span> 
     </span>
    </p>
   </div>
   <div class='ocr_carea' id='block_1_32' title="bbox 355 2004 3645 2088">
    <p class='ocr_par' dir='ltr' id='par_1_32' title="bbox 355 2004 3645 2088">
     <span class='ocr_line' id='line_1_33' title="bbox 355 2004 3645 2088; baseline 0 -17"><span class='ocrx_word' id='word_1_194' title='bbox 355 2018 521 2088; x_wconf 87' lang='lat' dir='ltr'><strong>possit</strong></span> <span class='ocrx_word' id='word_1_195' title='bbox 550 2017 796 2088; x_wconf 77' lang='lat' dir='ltr'><strong>probare.</strong></span> <span class='ocrx_word' id='word_1_196' title='bbox 844 2015 964 2070; x_wconf 86' lang='lat' dir='ltr'><strong>Fuit</strong></span> <span class='ocrx_word' id='word_1_197' title='bbox 1003 2014 1164 2088; x_wconf 84' lang='lat' dir='ltr'><strong>etiam</strong></span> <span class='ocrx_word' id='word_1_198' title='bbox 1204 2014 1436 2088; x_wconf 70' lang='lat' dir='ltr'><strong>Veneris</strong></span> <span class='ocrx_word' id='word_1_199' title='bbox 1479 2004 1712 2088; x_wconf 76' lang='lat' dir='ltr'><strong>festum.</strong></span> <span class='ocrx_word' id='word_1_200' title='bbox 1757 2016 1811 2070; x_wconf 91' lang='lat' dir='ltr'><strong>in</strong></span> <span class='ocrx_word' id='word_1_201' title='bbox 1838 2029 1945 2088; x_wconf 87' lang='lat' dir='ltr'><strong>quo</strong></span> <span class='ocrx_word' id='word_1_202' title='bbox 1974 2016 2023 2077; x_wconf 90' lang='lat' dir='ltr'><strong>B</strong></span> <span class='ocrx_word' id='word_1_203' title='bbox 2051 2006 2226 2068; x_wconf 81' lang='lat' dir='ltr'><strong>Amst.</strong></span> <span class='ocrx_word' id='word_1_204' title='bbox 2265 2011 2403 2082; x_wconf 90' lang='lat' dir='ltr'><strong>apud</strong></span> <span class='ocrx_word' id='word_1_205' title='bbox 2445 2010 2823 2088; x_wconf 68' lang='lat' dir='ltr'><strong>wetstenium.</strong></span> <span class='ocrx_word' id='word_1_206' title='bbox 2873 2005 3180 2088; x_wconf 78' lang='lat' dir='ltr'><strong>Lectionem</strong></span> <span class='ocrx_word' id='word_1_207' title='bbox 3221 2020 3399 2088; x_wconf 71' lang='lat' dir='ltr'><strong>tamen</strong></span> <span class='ocrx_word' id='word_1_208' title='bbox 3437 2018 3645 2088; x_wconf 78' lang='lat' dir='ltr'><strong>mutare</strong></span> 
     </span>
    </p>
   </div>
   <div class='ocr_carea' id='block_1_33' title="bbox 353 2084 1944 2158">
    <p class='ocr_par' dir='ltr' id='par_1_33' title="bbox 353 2084 1944 2158">
     <span class='ocr_line' id='line_1_34' title="bbox 353 2084 1944 2158; baseline -0.001 -15"><span class='ocrx_word' id='word_1_209' title='bbox 353 2084 419 2143; x_wconf 74' lang='lat' dir='ltr'><strong>ad</strong></span> <span class='ocrx_word' id='word_1_210' title='bbox 450 2084 702 2158; x_wconf 84' lang='lat' dir='ltr'><strong>templum</strong></span> <span class='ocrx_word' id='word_1_211' title='bbox 752 2084 879 2142; x_wconf 61' lang='lat' dir='ltr'><strong>Dein</strong></span> <span class='ocrx_word' id='word_1_212' title='bbox 908 2085 1134 2141; x_wconf 91' lang='lat' dir='ltr'><strong>multum</strong></span> <span class='ocrx_word' id='word_1_213' title='bbox 1182 2087 1290 2158; x_wconf 84' lang='lat' dir='ltr'><strong>vini</strong></span> <span class='ocrx_word' id='word_1_214' title='bbox 1335 2086 1944 2158; x_wconf 66' lang='lat' dir='ltr'><strong>effundereturacujus</strong></span> 
     </span>
    </p>
   </div>
   <div class='ocr_carea' id='block_1_34' title="bbox 354 2157 1945 2224">
    <p class='ocr_par' dir='ltr' id='par_1_34' title="bbox 354 2157 1945 2224">
     <span class='ocr_line' id='line_1_35' title="bbox 354 2157 1945 2224; baseline -0.003 -10"><span class='ocrx_word' id='word_1_215' title='bbox 354 2157 812 2214; x_wconf 66' lang='lat' dir='ltr'><strong>instituilEneam</strong></span> <span class='ocrx_word' id='word_1_216' title='bbox 839 2168 1113 2212; x_wconf 88' lang='lat' dir='ltr'><strong>auctorem</strong></span> <span class='ocrx_word' id='word_1_217' title='bbox 1157 2157 1336 2211; x_wconf 87' lang='lat' dir='ltr'><strong>laudat</strong></span> <span class='ocrx_word' id='word_1_218' title='bbox 1385 2157 1945 2224; x_wconf 68' lang='lat' dir='ltr'><strong>PlutarchusQuarst.</strong></span> 
     </span>
    </p>
   </div>
   <div class='ocr_carea' id='block_1_35' title="bbox 353 2217 1949 2297">
    <p class='ocr_par' dir='ltr' id='par_1_35' title="bbox 353 2217 1949 2297">
     <span class='ocr_line' id='line_1_36' title="bbox 353 2217 1949 2297; baseline -0.003 -12"><span class='ocrx_word' id='word_1_219' title='bbox 353 2226 515 2285; x_wconf 87' lang='lat' dir='ltr'><strong>Rom.</strong></span> <span class='ocrx_word' id='word_1_220' title='bbox 546 2245 665 2283; x_wconf 69' lang='lat' dir='ltr'><strong>xcv.</strong></span> <span class='ocrx_word' id='word_1_221' title='bbox 696 2226 943 2297; x_wconf 86' lang='lat' dir='ltr'><strong>additque</strong></span> <span class='ocrx_word' id='word_1_222' title='bbox 969 2227 1244 2283; x_wconf 79' lang='lat' dir='ltr'><strong>eti&#39;usionis</strong></span> <span class='ocrx_word' id='word_1_223' title='bbox 1291 2228 1553 2283; x_wconf 85' lang='lat' dir='ltr'><strong>rationem</strong></span> <span class='ocrx_word' id='word_1_224' title='bbox 1584 2246 1596 2282; x_wconf 87' lang='lat'><strong>:</strong></span> <span class='ocrx_word' id='word_1_225' title='bbox 1638 2217 1673 2281; x_wconf 82' lang='lat' dir='ltr'><strong>Il</strong></span> <span class='ocrx_word' id='word_1_226' title='bbox 1698 2217 1788 2281; x_wconf 52' lang='lat' dir='ltr'><strong>uti</strong></span> <span class='ocrx_word' id='word_1_227' title='bbox 1807 2235 1949 2283; x_wconf 71' lang='grc' dir='ltr'><strong><em>τοῦτο</em></strong></span> 
     </span>
    </p>
   </div>
   <div class='ocr_carea' id='block_1_36' title="bbox 356 2302 1953 2371">
    <p class='ocr_par' dir='ltr' id='par_1_36' title="bbox 356 2302 1953 2371">
     <span class='ocr_line' id='line_1_37' title="bbox 356 2302 1953 2371; baseline -0.003 -16"><span class='ocrx_word' id='word_1_228' title='bbox 356 2303 586 2367; x_wconf 72' lang='grc' dir='ltr'><strong>σῦμϐολόν</strong></span> <span class='ocrx_word' id='word_1_229' title='bbox 609 2307 707 2354; x_wconf 68' lang='grc' dir='ltr'><strong>ἐπι</strong></span> <span class='ocrx_word' id='word_1_230' title='bbox 731 2306 813 2354; x_wconf 74' lang='grc' dir='ltr'><strong>τοῦ</strong></span> <span class='ocrx_word' id='word_1_231' title='bbox 842 2315 957 2369; x_wconf 68' lang='grc' dir='ltr'><strong>χρῆν</strong></span> <span class='ocrx_word' id='word_1_232' title='bbox 984 2314 1213 2368; x_wconf 46' lang='grc' dir='ltr'><strong>νγζῖοντιις</strong></span> <span class='ocrx_word' id='word_1_233' title='bbox 1242 2302 1637 2371; x_wconf 66' lang='grc' dir='ltr'><strong>ἕορτᾶζιιν,ἆλλα</strong></span> <span class='ocrx_word' id='word_1_234' title='bbox 1667 2311 1737 2368; x_wconf 51' lang='grc' dir='ltr'><strong>μὲι</strong></span> <span class='ocrx_word' id='word_1_235' title='bbox 1766 2304 1953 2369; x_wconf 55' lang='grc' dir='ltr'><strong>μεθύον</strong></span> 
     </span>
    </p>
   </div>
   <div class='ocr_carea' id='block_1_37' title="bbox 358 2373 1953 2443">
    <p class='ocr_par' dir='ltr' id='par_1_37' title="bbox 358 2373 1953 2443">
     <span class='ocr_line' id='line_1_38' title="bbox 358 2373 1953 2443; baseline -0.002 -17"><span class='ocrx_word' id='word_1_236' title='bbox 358 2395 471 2437; x_wconf 75' lang='grc' dir='ltr'><strong>ταις,</strong></span> <span class='ocrx_word' id='word_1_237' title='bbox 498 2378 557 2431; x_wconf 78' lang='grc' dir='ltr'><strong>ὡς</strong></span> <span class='ocrx_word' id='word_1_238' title='bbox 574 2387 664 2425; x_wconf 79' lang='grc' dir='ltr'><strong>τῶν</strong></span> <span class='ocrx_word' id='word_1_239' title='bbox 689 2378 796 2424; x_wconf 73' lang='grc' dir='ltr'><strong>θεῶν</strong></span> <span class='ocrx_word' id='word_1_240' title='bbox 823 2379 1000 2438; x_wconf 73' lang='grc' dir='ltr'><strong>μᾶλλον</strong></span> <span class='ocrx_word' id='word_1_241' title='bbox 1020 2376 1141 2443; x_wconf 46' lang='grc' dir='ltr'><em>[τοῖς</em></span> <span class='ocrx_word' id='word_1_242' title='bbox 1172 2377 1381 2441; x_wconf 72' lang='grc' dir='ltr'><strong>ἐγχέουσι</strong></span> <span class='ocrx_word' id='word_1_243' title='bbox 1422 2373 1680 2443; x_wconf 60' lang='grc' dir='ltr'><strong>χᾴερόντων</strong></span> <span class='ocrx_word' id='word_1_244' title='bbox 1706 2381 1783 2443; x_wconf 61' lang='grc' dir='ltr'><strong>τόν</strong></span> <span class='ocrx_word' id='word_1_245' title='bbox 1808 2379 1953 2426; x_wconf 74' lang='grc' dir='ltr'><strong>πολὺν</strong></span> 
     </span>
    </p>
   </div>
   <div class='ocr_carea' id='block_1_38' title="bbox 359 2439 1954 2513">
    <p class='ocr_par' dir='ltr' id='par_1_38' title="bbox 359 2439 1954 2513">
     <span class='ocr_line' id='line_1_39' title="bbox 359 2439 1954 2513; baseline -0.001 -18"><span class='ocrx_word' id='word_1_246' title='bbox 359 2452 584 2513; x_wconf 66' lang='grc' dir='ltr'><strong>ἄκριτον,</strong></span> <span class='ocrx_word' id='word_1_247' title='bbox 614 2453 643 2503; x_wconf 74' lang='grc' dir='ltr'><strong>ἣ</strong></span> <span class='ocrx_word' id='word_1_248' title='bbox 663 2444 759 2500; x_wconf 74' lang='grc' dir='ltr'><strong>τοῖς</strong></span> <span class='ocrx_word' id='word_1_249' title='bbox 789 2439 1115 2513; x_wconf 41' lang='grc' dir='ltr'><strong>πίνουσιηυιο</strong></span> <span class='ocrx_word' id='word_1_250' title='bbox 1144 2439 1276 2495; x_wconf 84' lang='lat' dir='ltr'><strong>enim</strong></span> <span class='ocrx_word' id='word_1_251' title='bbox 1298 2439 1616 2512; x_wconf 81' lang='lat' dir='ltr'><strong>signiﬁcatur</strong></span> <span class='ocrx_word' id='word_1_252' title='bbox 1642 2441 1826 2504; x_wconf 85' lang='lat' dir='ltr'><strong>sobrie,</strong></span> <span class='ocrx_word' id='word_1_253' title='bbox 1854 2459 1954 2495; x_wconf 89' lang='lat' dir='ltr'><strong>non</strong></span> 
     </span>
    </p>
   </div>
   <div class='ocr_carea' id='block_1_39' title="bbox 358 2511 1956 2583">
    <p class='ocr_par' dir='ltr' id='par_1_39' title="bbox 358 2511 1956 2583">
     <span class='ocr_line' id='line_1_40' title="bbox 358 2511 1956 2583; baseline -0.001 -16"><span class='ocrx_word' id='word_1_254' title='bbox 358 2511 475 2567; x_wconf 69' lang='lat' dir='ltr'><strong>vero</strong></span> <span class='ocrx_word' id='word_1_255' title='bbox 492 2514 757 2583; x_wconf 85' lang='lat' dir='ltr'><strong>temulente</strong></span> <span class='ocrx_word' id='word_1_256' title='bbox 786 2514 909 2582; x_wconf 85' lang='lat' dir='ltr'><strong>festa</strong></span> <span class='ocrx_word' id='word_1_257' title='bbox 930 2511 1230 2583; x_wconf 88' lang='lat' dir='ltr'><strong>celebranda</strong></span> <span class='ocrx_word' id='word_1_258' title='bbox 1251 2511 1377 2575; x_wconf 86' lang='lat' dir='ltr'><strong>esse,</strong></span> <span class='ocrx_word' id='word_1_259' title='bbox 1395 2513 1644 2583; x_wconf 75' lang='lat' dir='ltr'><strong>effusione</strong></span> <span class='ocrx_word' id='word_1_260' title='bbox 1671 2514 1774 2566; x_wconf 80' lang='lat' dir='ltr'><strong>uini</strong></span> <span class='ocrx_word' id='word_1_261' title='bbox 1796 2512 1956 2566; x_wconf 87' lang='lat' dir='ltr'><strong>multo</strong></span> 
     </span>
    </p>
   </div>
   <div class='ocr_carea' id='block_1_40' title="bbox 357 2582 1951 2655">
    <p class='ocr_par' dir='ltr' id='par_1_40' title="bbox 357 2582 1951 2655">
     <span class='ocr_line' id='line_1_41' title="bbox 357 2582 1951 2655; baseline -0.001 -17"><span class='ocrx_word' id='word_1_262' title='bbox 357 2584 523 2655; x_wconf 75' lang='lat' dir='ltr'><strong>inagis</strong></span> <span class='ocrx_word' id='word_1_263' title='bbox 567 2582 899 2655; x_wconf 70' lang='lat' dir='ltr'><strong>gaudentibus</strong></span> <span class='ocrx_word' id='word_1_264' title='bbox 928 2582 1047 2655; x_wconf 84' lang='lat' dir='ltr'><strong>_diis</strong></span> <span class='ocrx_word' id='word_1_265' title='bbox 1076 2624 1093 2650; x_wconf 93' lang='lat'><strong>,</strong></span> <span class='ocrx_word' id='word_1_266' title='bbox 1141 2599 1293 2655; x_wconf 83' lang='lat' dir='ltr'><strong>quam</strong></span> <span class='ocrx_word' id='word_1_267' title='bbox 1349 2582 1611 2655; x_wconf 76' lang='lat' dir='ltr'><strong>hominum</strong></span> <span class='ocrx_word' id='word_1_268' title='bbox 1636 2584 1951 2655; x_wconf 17' lang='lat' dir='ltr'><strong>ivinoientia.</strong></span> 
     </span>
    </p>
   </div>
   <div class='ocr_carea' id='block_1_41' title="bbox 358 2652 1958 2723">
    <p class='ocr_par' dir='ltr' id='par_1_41' title="bbox 358 2652 1958 2723">
     <span class='ocr_line' id='line_1_42' title="bbox 358 2652 1958 2723; baseline 0.002 -17"><span class='ocrx_word' id='word_1_269' title='bbox 358 2654 510 2723; x_wconf 83' lang='lat' dir='ltr'><strong>Quod</strong></span> <span class='ocrx_word' id='word_1_270' title='bbox 534 2652 588 2709; x_wconf 83' lang='lat' dir='ltr'><strong>ei</strong></span> <span class='ocrx_word' id='word_1_271' title='bbox 610 2653 734 2709; x_wconf 83' lang='lat' dir='ltr'><strong>huic</strong></span> <span class='ocrx_word' id='word_1_272' title='bbox 763 2655 899 2708; x_wconf 90' lang='lat' dir='ltr'><strong>mori</strong></span> <span class='ocrx_word' id='word_1_273' title='bbox 921 2652 1105 2709; x_wconf 84' lang='lat' dir='ltr'><strong>forsan</strong></span> <span class='ocrx_word' id='word_1_274' title='bbox 1142 2652 1317 2708; x_wconf 79' lang='lat' dir='ltr'><strong>crtum</strong></span> <span class='ocrx_word' id='word_1_275' title='bbox 1339 2654 1508 2709; x_wconf 85' lang='lat' dir='ltr'><strong>dedit.</strong></span> <span class='ocrx_word' id='word_1_276' title='bbox 1539 2653 1593 2708; x_wconf 74' lang='lat' dir='ltr'><strong>id</strong></span> <span class='ocrx_word' id='word_1_277' title='bbox 1620 2654 1793 2709; x_wconf 67' lang='lat' dir='ltr'><strong>Gratei</strong></span> <span class='ocrx_word' id='word_1_278' title='bbox 1815 2655 1958 2709; x_wconf 89' lang='lat' dir='ltr'><strong>dice-</strong></span> 
     </span>
    </p>
   </div>
   <div class='ocr_carea' id='block_1_42' title="bbox 360 2724 1964 2795">
    <p class='ocr_par' dir='ltr' id='par_1_42' title="bbox 360 2724 1964 2795">
     <span class='ocr_line' id='line_1_43' title="bbox 360 2724 1964 2795; baseline -0.001 -15"><span class='ocrx_word' id='word_1_279' title='bbox 360 2734 480 2781; x_wconf 86' lang='lat' dir='ltr'><strong>rent</strong></span> <span class='ocrx_word' id='word_1_280' title='bbox 516 2734 666 2787; x_wconf 66' lang='grc' dir='ltr'><strong>πηλὸν</strong></span> <span class='ocrx_word' id='word_1_281' title='bbox 714 2729 865 2779; x_wconf 77' lang='grc' dir='ltr'><strong>ποιεῖν</strong></span> <span class='ocrx_word' id='word_1_282' title='bbox 907 2734 965 2795; x_wconf 91' lang='lat' dir='ltr'><strong>ut</strong></span> <span class='ocrx_word' id='word_1_283' title='bbox 990 2726 1103 2795; x_wconf 80' lang='lat' dir='ltr'><strong>ille</strong></span> <span class='ocrx_word' id='word_1_284' title='bbox 1127 2767 1142 2791; x_wconf 91' lang='lat'><strong>,</strong></span> <span class='ocrx_word' id='word_1_285' title='bbox 1169 2724 1259 2795; x_wconf 89' lang='lat' dir='ltr'><strong>qui</strong></span> <span class='ocrx_word' id='word_1_286' title='bbox 1290 2725 1409 2778; x_wconf 87' lang='lat' dir='ltr'><strong>vivo</strong></span> <span class='ocrx_word' id='word_1_287' title='bbox 1435 2724 1534 2779; x_wconf 91' lang='lat' dir='ltr'><strong>sibi</strong></span> <span class='ocrx_word' id='word_1_288' title='bbox 1555 2726 1714 2781; x_wconf 89' lang='lat' dir='ltr'><strong>tribui</strong></span> <span class='ocrx_word' id='word_1_289' title='bbox 1746 2725 1964 2795; x_wconf 86' lang='lat' dir='ltr'><strong>optabat</strong></span> 
     </span>
    </p>
   </div>
   <div class='ocr_carea' id='block_1_43' title="bbox 361 2794 1958 2866">
    <p class='ocr_par' dir='ltr' id='par_1_43' title="bbox 361 2794 1958 2866">
     <span class='ocr_line' id='line_1_44' title="bbox 361 2794 1958 2866; baseline -0.001 -15"><span class='ocrx_word' id='word_1_290' title='bbox 361 2796 415 2851; x_wconf 87' lang='lat' dir='ltr'><strong>id</strong></span> <span class='ocrx_word' id='word_1_291' title='bbox 434 2838 449 2856; x_wconf 83' lang='grc'>,</span> <span class='ocrx_word' id='word_1_292' title='bbox 478 2796 621 2866; x_wconf 88' lang='lat' dir='ltr'><strong>quod</strong></span> <span class='ocrx_word' id='word_1_293' title='bbox 647 2795 876 2851; x_wconf 86' lang='lat' dir='ltr'><strong>mortuis</strong></span> <span class='ocrx_word' id='word_1_294' title='bbox 898 2794 954 2850; x_wconf 84' lang='lat' dir='ltr'><strong>tit</strong></span> <span class='ocrx_word' id='word_1_295' title='bbox 981 2794 1198 2862; x_wconf 80' lang='lat' dir='ltr'><strong>frustra,</strong></span> <span class='ocrx_word' id='word_1_296' title='bbox 1222 2796 1273 2850; x_wconf 92' lang='lat' dir='ltr'><strong>in</strong></span> <span class='ocrx_word' id='word_1_297' title='bbox 1306 2794 1529 2852; x_wconf 82' lang='lat' dir='ltr'><strong>Anthol.</strong></span> <span class='ocrx_word' id='word_1_298' title='bbox 1564 2797 1657 2852; x_wconf 87' lang='lat' dir='ltr'><strong>lib.</strong></span> <span class='ocrx_word' id='word_1_299' title='bbox 1708 2811 1766 2851; x_wconf 87' lang='lat' dir='ltr'><strong>ll.</strong></span> <span class='ocrx_word' id='word_1_300' title='bbox 1788 2794 1847 2851; x_wconf 33' lang='lat' dir='ltr'><strong>’c.</strong></span> <span class='ocrx_word' id='word_1_301' title='bbox 1870 2812 1958 2851; x_wconf 69' lang='grc' dir='ltr'><strong>χι..</strong></span> 
     </span>
    </p>
   </div>
   <div class='ocr_carea' id='block_1_44' title="bbox 362 2869 544 2939">
    <p class='ocr_par' dir='ltr' id='par_1_44' title="bbox 362 2869 544 2939">
     <span class='ocr_line' id='line_1_45' title="bbox 362 2869 544 2939; baseline -0.005 -16"><span class='ocrx_word' id='word_1_302' title='bbox 362 2882 449 2939; x_wconf 86' lang='lat' dir='ltr'><strong>ep.</strong></span> <span class='ocrx_word' id='word_1_303' title='bbox 490 2869 544 2924; x_wconf 82' lang='lat'><strong>&#39;5.</strong></span> 
     </span>
    </p>
   </div>
   <div class='ocr_carea' id='block_1_45' title="bbox 487 2966 1546 3021">
    <p class='ocr_par' dir='ltr' id='par_1_45' title="bbox 487 2966 1546 3021">
     <span class='ocr_line' id='line_1_46' title="bbox 487 2966 1546 3021; baseline -0.001 -11"><span class='ocrx_word' id='word_1_304' title='bbox 487 2971 600 3010; x_wconf 65' lang='grc' dir='ltr'><strong>ημτί</strong></span> <span class='ocrx_word' id='word_1_305' title='bbox 620 2984 683 3019; x_wconf 67' lang='grc' dir='ltr'><strong>με</strong></span> <span class='ocrx_word' id='word_1_306' title='bbox 707 2966 778 3009; x_wconf 65' lang='lat' dir='ltr'><strong>du</strong></span> <span class='ocrx_word' id='word_1_307' title='bbox 798 2969 925 3017; x_wconf 74' lang='grc' dir='ltr'><strong>Ιίλιις,</strong></span> <span class='ocrx_word' id='word_1_308' title='bbox 942 2969 1102 3021; x_wconf 66' lang='grc' dir='ltr'><strong>χάρισαι·</strong></span> <span class='ocrx_word' id='word_1_309' title='bbox 1126 2971 1255 3021; x_wconf 53' lang='lat' dir='ltr'><strong>sit:an</strong></span> <span class='ocrx_word' id='word_1_310' title='bbox 1279 2966 1325 3009; x_wconf 68' lang='grc' dir='ltr'><strong>δι</strong></span> <span class='ocrx_word' id='word_1_311' title='bbox 1342 2970 1546 3021; x_wconf 58' lang='lat' dir='ltr'><strong>tadum,</strong></span> 
     </span>
    </p>
   </div>
   <div class='ocr_carea' id='block_1_46' title="bbox 488 3029 1226 3083">
    <p class='ocr_par' dir='ltr' id='par_1_46' title="bbox 488 3029 1226 3083">
     <span class='ocr_line' id='line_1_47' title="bbox 488 3029 1226 3083; baseline 0 -13"><span class='ocrx_word' id='word_1_312' title='bbox 488 3033 606 3080; x_wconf 44' lang='lat' dir='ltr'><strong>nam</strong></span> <span class='ocrx_word' id='word_1_313' title='bbox 628 3034 792 3082; x_wconf 63' lang='grc' dir='ltr'><strong>ποήσεις,</strong></span> <span class='ocrx_word' id='word_1_314' title='bbox 815 3029 904 3083; x_wconf 59' lang='lat' dir='ltr'><strong>uois;</strong></span> <span class='ocrx_word' id='word_1_315' title='bbox 924 3032 943 3070; x_wconf 76' lang='grc' dir='ltr'><strong>ὁ</strong></span> <span class='ocrx_word' id='word_1_316' title='bbox 966 3033 1078 3070; x_wconf 63' lang='lat' dir='ltr'><strong>Qui&quot;</strong></span> <span class='ocrx_word' id='word_1_317' title='bbox 1098 3035 1226 3071; x_wconf 68' lang='lat' dir='ltr'><strong>situt-</strong></span> 
     </span>
    </p>
   </div>
   <div class='ocr_carea' id='block_1_47' title="bbox 363 3100 1961 3175">
    <p class='ocr_par' dir='ltr' id='par_1_47' title="bbox 363 3100 1961 3175">
     <span class='ocr_line' id='line_1_48' title="bbox 363 3100 1961 3175; baseline -0.001 -13"><span class='ocrx_word' id='word_1_318' title='bbox 363 3104 402 3162; x_wconf 81' lang='grc' dir='ltr'><strong>ἰ.</strong></span> <span class='ocrx_word' id='word_1_319' title='bbox 434 3120 484 3162; x_wconf 83' lang='lat' dir='ltr'><strong>e.</strong></span> <span class='ocrx_word' id='word_1_320' title='bbox 529 3105 721 3160; x_wconf 82' lang='lat' dir='ltr'><strong>Viventi</strong></span> <span class='ocrx_word' id='word_1_321' title='bbox 751 3105 875 3158; x_wconf 83' lang='lat' dir='ltr'><strong>mihi</strong></span> <span class='ocrx_word' id='word_1_322' title='bbox 900 3147 914 3172; x_wconf 94' lang='lat'><strong>,</strong></span> <span class='ocrx_word' id='word_1_323' title='bbox 947 3105 990 3160; x_wconf 88' lang='lat' dir='ltr'><strong>si</strong></span> <span class='ocrx_word' id='word_1_324' title='bbox 1019 3105 1142 3175; x_wconf 86' lang='lat' dir='ltr'><strong>quid</strong></span> <span class='ocrx_word' id='word_1_325' title='bbox 1170 3105 1308 3159; x_wconf 80' lang='lat' dir='ltr'><strong>voles</strong></span> <span class='ocrx_word' id='word_1_326' title='bbox 1337 3100 1531 3170; x_wconf 73' lang='lat' dir='ltr'><strong>exhibe,</strong></span> <span class='ocrx_word' id='word_1_327' title='bbox 1574 3104 1790 3160; x_wconf 80' lang='lat' dir='ltr'><strong>cinerem</strong></span> <span class='ocrx_word' id='word_1_328' title='bbox 1843 3114 1961 3160; x_wconf 70' lang='lat' dir='ltr'><strong>vero</strong></span> 
     </span>
    </p>
   </div>
   <div class='ocr_carea' id='block_1_48' title="bbox 366 3175 1963 3302">
    <p class='ocr_par' dir='ltr' id='par_1_48' title="bbox 366 3175 1963 3302">
     <span class='ocr_line' id='line_1_49' title="bbox 366 3175 1963 3302; baseline -0.001 -71"><span class='ocrx_word' id='word_1_329' title='bbox 366 3177 653 3302; x_wconf 48' lang='lat' dir='ltr'><strong>inebriigns,</strong></span> <span class='ocrx_word' id='word_1_330' title='bbox 712 3177 875 3231; x_wconf 85' lang='lat' dir='ltr'><strong>lutum</strong></span> <span class='ocrx_word' id='word_1_331' title='bbox 928 3191 1108 3247; x_wconf 82' lang='lat' dir='ltr'><strong>coges,</strong></span> <span class='ocrx_word' id='word_1_332' title='bbox 1153 3185 1384 3230; x_wconf 88' lang='lat' dir='ltr'><strong>mortuus</strong></span> <span class='ocrx_word' id='word_1_333' title='bbox 1430 3191 1544 3229; x_wconf 82' lang='lat' dir='ltr'><strong>vero</strong></span> <span class='ocrx_word' id='word_1_334' title='bbox 1591 3192 1690 3230; x_wconf 89' lang='lat' dir='ltr'><strong>non</strong></span> <span class='ocrx_word' id='word_1_335' title='bbox 1740 3175 1963 3230; x_wconf 82' lang='lat' dir='ltr'><strong>honora-</strong></span> 
     </span>
     <span class='ocr_line' id='line_1_50' title="bbox 369 3257 1516 3302; baseline -0.004 -1"><span class='ocrx_word' id='word_1_336' title='bbox 369 3257 469 3302; x_wconf 88' lang='lat' dir='ltr'><strong>tur.</strong></span> <span class='ocrx_word' id='word_1_337' title='bbox 548 3263 635 3301; x_wconf 68' lang='lat' dir='ltr'><strong>av.</strong></span> <span class='ocrx_word' id='word_1_338' title='bbox 1508 3259 1516 3265; x_wconf 90' lang='grc'>·</span> 
     </span>
    </p>
   </div>
   <div class='ocr_carea' id='block_1_49' title="bbox 369 3257 1516 3303">
    <p class='ocr_par' dir='ltr' id='par_1_49' title="bbox 369 3257 1516 3303">
     <span class='ocr_line' id='line_1_51' title="bbox 369 3257 1516 3303; baseline 0 -2"><span class='ocrx_word' id='word_1_339' title='bbox 369 3257 469 3303; x_wconf 90' lang='lat' dir='ltr'><strong>tur.</strong></span> <span class='ocrx_word' id='word_1_340' title='bbox 500 3257 635 3302; x_wconf 72' lang='lat' dir='ltr'><strong>&quot;AV.</strong></span> <span class='ocrx_word' id='word_1_341' title='bbox 1508 3259 1516 3265; x_wconf 82' lang='grc'><strong>’</strong></span> 
     </span>
    </p>
   </div>
   <div class='ocr_carea' id='block_1_50' title="bbox 439 3314 1959 3389">
    <p class='ocr_par' dir='ltr' id='par_1_50' title="bbox 439 3314 1959 3389">
     <span class='ocr_line' id='line_1_52' title="bbox 439 3314 1959 3389; baseline 0.001 -19"><span class='ocrx_word' id='word_1_342' title='bbox 439 3318 517 3389; x_wconf 90' lang='lat' dir='ltr'><strong>(a)</strong></span> <span class='ocrx_word' id='word_1_343' title='bbox 548 3317 847 3389; x_wconf 70' lang='lat' dir='ltr'><strong>Principum</strong></span> <span class='ocrx_word' id='word_1_344' title='bbox 871 3317 1066 3389; x_wconf 59' lang='lat' dir='ltr'><strong>decent.</strong></span> <span class='ocrx_word' id='word_1_345' title='bbox 1112 3315 1246 3372; x_wconf 66' lang='grc' dir='ltr'><strong>Μὶν-ρ</strong></span> <span class='ocrx_word' id='word_1_346' title='bbox 1268 3316 1351 3389; x_wconf 87' lang='lat' dir='ltr'><strong>hic</strong></span> <span class='ocrx_word' id='word_1_347' title='bbox 1387 3316 1438 3370; x_wconf 86' lang='lat' dir='ltr'><strong>in</strong></span> <span class='ocrx_word' id='word_1_348' title='bbox 1481 3314 1626 3389; x_wconf 81' lang='lat' dir='ltr'><strong>MSS.</strong></span> <span class='ocrx_word' id='word_1_349' title='bbox 1673 3314 1921 3372; x_wconf 90' lang='lat' dir='ltr'><strong>turbatur</strong></span> <span class='ocrx_word' id='word_1_350' title='bbox 1945 3360 1959 3381; x_wconf 91' lang='lat'><strong>,</strong></span> 
     </span>
    </p>
   </div>
   <div class='ocr_carea' id='block_1_51' title="bbox 370 3387 1962 3458">
    <p class='ocr_par' dir='ltr' id='par_1_51' title="bbox 370 3387 1962 3458">
     <span class='ocr_line' id='line_1_53' title="bbox 370 3387 1962 3458; baseline -0.001 -15"><span class='ocrx_word' id='word_1_351' title='bbox 370 3387 601 3443; x_wconf 31' lang='lat' dir='ltr'><strong>num’uhi</strong></span> <span class='ocrx_word' id='word_1_352' title='bbox 633 3388 853 3443; x_wconf 83' lang='lat' dir='ltr'><strong>Pam.et</strong></span> <span class='ocrx_word' id='word_1_353' title='bbox 870 3390 955 3442; x_wconf 87' lang='lat' dir='ltr'><strong>alii</strong></span> <span class='ocrx_word' id='word_1_354' title='bbox 983 3406 996 3441; x_wconf 94' lang='lat'>:</span> <span class='ocrx_word' id='word_1_355' title='bbox 1020 3387 1509 3458; x_wconf 79' lang='lat' dir='ltr'><strong>chcinesolemues</strong></span> <span class='ocrx_word' id='word_1_356' title='bbox 1541 3388 1647 3441; x_wconf 83' lang='lat' dir='ltr'><strong>dies</strong></span> <span class='ocrx_word' id='word_1_357' title='bbox 1673 3389 1962 3458; x_wconf 84' lang='lat' dir='ltr'><strong>principum</strong></span> 
     </span>
    </p>
   </div>
   <div class='ocr_carea' id='block_1_52' title="bbox 373 3457 1958 3527">
    <p class='ocr_par' dir='ltr' id='par_1_52' title="bbox 373 3457 1958 3527">
     <span class='ocr_line' id='line_1_54' title="bbox 373 3457 1958 3527; baseline 0.001 -16"><span class='ocrx_word' id='word_1_358' title='bbox 373 3461 584 3523; x_wconf 80' lang='lat' dir='ltr'><strong>decent,</strong></span> <span class='ocrx_word' id='word_1_359' title='bbox 616 3473 729 3527; x_wconf 73' lang='lat' dir='ltr'><strong>qua:</strong></span> <span class='ocrx_word' id='word_1_360' title='bbox 755 3459 881 3512; x_wconf 89' lang='lat' dir='ltr'><strong>alios</strong></span> <span class='ocrx_word' id='word_1_361' title='bbox 906 3459 1011 3513; x_wconf 86' lang='lat' dir='ltr'><strong>dies</strong></span> <span class='ocrx_word' id='word_1_362' title='bbox 1034 3476 1133 3513; x_wconf 91' lang='lat' dir='ltr'><strong>non</strong></span> <span class='ocrx_word' id='word_1_363' title='bbox 1155 3459 1326 3512; x_wconf 88' lang='lat' dir='ltr'><strong>decent</strong></span> <span class='ocrx_word' id='word_1_364' title='bbox 1350 3458 1373 3511; x_wconf 85' lang='lat'><strong><em>?</em></strong></span> <span class='ocrx_word' id='word_1_365' title='bbox 1402 3457 1669 3512; x_wconf 85' lang='lat' dir='ltr'><strong>Fnldanus</strong></span> <span class='ocrx_word' id='word_1_366' title='bbox 1697 3457 1919 3514; x_wconf 85' lang='lat' dir='ltr'><strong>miritice</strong></span> <span class='ocrx_word' id='word_1_367' title='bbox 1944 3475 1958 3513; x_wconf 89' lang='lat'><strong>:</strong></span> 
     </span>
    </p>
   </div>
   <div class='ocr_carea' id='block_1_53' title="bbox 373 3528 1963 3599">
    <p class='ocr_par' dir='ltr' id='par_1_53' title="bbox 373 3528 1963 3599">
     <span class='ocr_line' id='line_1_55' title="bbox 373 3528 1963 3599; baseline 0.001 -16"><span class='ocrx_word' id='word_1_368' title='bbox 373 3528 505 3583; x_wconf 69' lang='grc' dir='ltr'><em>Ηιῑνε</em></span> <span class='ocrx_word' id='word_1_369' title='bbox 541 3530 595 3582; x_wconf 86' lang='lat' dir='ltr'><strong>in</strong></span> <span class='ocrx_word' id='word_1_370' title='bbox 639 3532 881 3599; x_wconf 83' lang='lat' dir='ltr'><strong>solemnes</strong></span> <span class='ocrx_word' id='word_1_371' title='bbox 920 3530 1027 3585; x_wconf 72' lang='lat' dir='ltr'><strong>dixi</strong></span> <span class='ocrx_word' id='word_1_372' title='bbox 1084 3531 1381 3599; x_wconf 67' lang='lat' dir='ltr'><strong>principum</strong></span> <span class='ocrx_word' id='word_1_373' title='bbox 1418 3528 1792 3599; x_wconf 79' lang='lat' dir='ltr'><strong>decernuntque</strong></span> <span class='ocrx_word' id='word_1_374' title='bbox 1833 3529 1963 3585; x_wconf 88' lang='lat' dir='ltr'><strong>alios</strong></span> 
     </span>
    </p>
   </div>
   <div class='ocr_carea' id='block_1_54' title="bbox 372 3588 1961 3665">
    <p class='ocr_par' dir='ltr' id='par_1_54' title="bbox 372 3588 1961 3665">
     <span class='ocr_line' id='line_1_56' title="bbox 372 3588 1961 3665; baseline 0.002 -12"><span class='ocrx_word' id='word_1_375' title='bbox 372 3599 481 3654; x_wconf 83' lang='lat' dir='ltr'><strong>dies</strong></span> <span class='ocrx_word' id='word_1_376' title='bbox 508 3615 608 3653; x_wconf 88' lang='lat' dir='ltr'><strong>non</strong></span> <span class='ocrx_word' id='word_1_377' title='bbox 633 3597 791 3653; x_wconf 82' lang='lat' dir='ltr'><strong>decet.</strong></span> <span class='ocrx_word' id='word_1_378' title='bbox 822 3599 949 3665; x_wconf 71' lang='lat' dir='ltr'><strong>Qum</strong></span> <span class='ocrx_word' id='word_1_379' title='bbox 979 3588 1262 3655; x_wconf 72' lang='lat' dir='ltr'><strong>manifesto</strong></span> <span class='ocrx_word' id='word_1_380' title='bbox 1290 3588 1477 3654; x_wconf 81' lang='lat' dir='ltr'><strong>vitiosa</strong></span> <span class='ocrx_word' id='word_1_381' title='bbox 1511 3588 1718 3653; x_wconf 77' lang='lat' dir='ltr'><strong>Novum</strong></span> <span class='ocrx_word' id='word_1_382' title='bbox 1745 3615 1961 3656; x_wconf 89' lang='lat' dir='ltr'><strong>sensum</strong></span> 
     </span>
    </p>
   </div>
   <div class='ocr_carea' id='block_1_55' title="bbox 371 3669 1961 3742">
    <p class='ocr_par' dir='ltr' id='par_1_55' title="bbox 371 3669 1961 3742">
     <span class='ocr_line' id='line_1_57' title="bbox 371 3669 1961 3742; baseline 0.001 -18"><span class='ocrx_word' id='word_1_383' title='bbox 371 3671 577 3742; x_wconf 74' lang='lat' dir='ltr'><strong>pra-bet</strong></span> <span class='ocrx_word' id='word_1_384' title='bbox 602 3670 707 3726; x_wconf 82' lang='lat' dir='ltr'><strong>MS.</strong></span> <span class='ocrx_word' id='word_1_385' title='bbox 737 3669 796 3725; x_wconf 90' lang='lat' dir='ltr'><strong>L.</strong></span> <span class='ocrx_word' id='word_1_386' title='bbox 830 3670 892 3726; x_wconf 85' lang='grc' dir='ltr'><strong>Β.</strong></span> <span class='ocrx_word' id='word_1_387' title='bbox 924 3669 1162 3726; x_wconf 61' lang='lat' dir='ltr'><strong>Hancine</strong></span> <span class='ocrx_word' id='word_1_388' title='bbox 1207 3671 1454 3725; x_wconf 88' lang='lat' dir='ltr'><strong>solemnes</strong></span> <span class='ocrx_word' id='word_1_389' title='bbox 1499 3671 1605 3724; x_wconf 89' lang='lat' dir='ltr'><strong>dies</strong></span> <span class='ocrx_word' id='word_1_390' title='bbox 1653 3671 1961 3742; x_wconf 78' lang='lat' dir='ltr'><strong>principium</strong></span> 
     </span>
    </p>
   </div>
   <div class='ocr_carea' id='block_1_56' title="bbox 372 3741 1961 3812">
    <p class='ocr_par' dir='ltr' id='par_1_56' title="bbox 372 3741 1961 3812">
     <span class='ocr_line' id='line_1_58' title="bbox 372 3741 1961 3812; baseline 0.001 -17"><span class='ocrx_word' id='word_1_391' title='bbox 372 3741 556 3805; x_wconf 78' lang='lat' dir='ltr'><strong>dicent,</strong></span> <span class='ocrx_word' id='word_1_392' title='bbox 584 3756 697 3812; x_wconf 74' lang='lat' dir='ltr'><strong>qua:</strong></span> <span class='ocrx_word' id='word_1_393' title='bbox 722 3742 849 3795; x_wconf 88' lang='lat' dir='ltr'><strong>alios</strong></span> <span class='ocrx_word' id='word_1_394' title='bbox 874 3757 976 3796; x_wconf 89' lang='lat' dir='ltr'><strong>non</strong></span> <span class='ocrx_word' id='word_1_395' title='bbox 1004 3743 1192 3808; x_wconf 85' lang='lat' dir='ltr'><strong>dicent;</strong></span> <span class='ocrx_word' id='word_1_396' title='bbox 1214 3757 1311 3811; x_wconf 90' lang='lat' dir='ltr'><strong>pro</strong></span> <span class='ocrx_word' id='word_1_397' title='bbox 1330 3758 1434 3812; x_wconf 90' lang='lat' dir='ltr'><strong>quo</strong></span> <span class='ocrx_word' id='word_1_398' title='bbox 1452 3742 1648 3812; x_wconf 86' lang='lat' dir='ltr'><strong>ultimo</strong></span> <span class='ocrx_word' id='word_1_399' title='bbox 1680 3743 1961 3812; x_wconf 85' lang='lat' dir='ltr'><strong>legendum</strong></span> 
     </span>
    </p>
   </div>
   <div class='ocr_carea' id='block_1_57' title="bbox 373 3810 1964 3881">
    <p class='ocr_par' dir='ltr' id='par_1_57' title="bbox 373 3810 1964 3881">
     <span class='ocr_line' id='line_1_59' title="bbox 373 3810 1964 3881; baseline 0.002 -16"><span class='ocrx_word' id='word_1_400' title='bbox 373 3812 570 3866; x_wconf 85' lang='lat' dir='ltr'><strong>decent.</strong></span> <span class='ocrx_word' id='word_1_401' title='bbox 595 3810 918 3881; x_wconf 85' lang='lat' dir='ltr'><strong>Principium</strong></span> <span class='ocrx_word' id='word_1_402' title='bbox 948 3813 1115 3868; x_wconf 84' lang='lat' dir='ltr'><strong>dicere</strong></span> <span class='ocrx_word' id='word_1_403' title='bbox 1137 3810 1227 3867; x_wconf 87' lang='lat' dir='ltr'><strong>est</strong></span> <span class='ocrx_word' id='word_1_404' title='bbox 1242 3810 1398 3867; x_wconf 84' lang='lat' dir='ltr'><strong>omen</strong></span> <span class='ocrx_word' id='word_1_405' title='bbox 1430 3811 1497 3867; x_wconf 88' lang='lat' dir='ltr'><strong>de</strong></span> <span class='ocrx_word' id='word_1_406' title='bbox 1524 3810 1964 3879; x_wconf 54' lang='lat' dir='ltr'><strong>reliquis&#39;submi-</strong></span> 
     </span>
    </p>
   </div>
   <div class='ocr_carea' id='block_1_58' title="bbox 374 3882 1965 3954">
    <p class='ocr_par' dir='ltr' id='par_1_58' title="bbox 374 3882 1965 3954">
     <span class='ocr_line' id='line_1_60' title="bbox 374 3882 1965 3954; baseline 0.001 -17"><span class='ocrx_word' id='word_1_407' title='bbox 374 3884 639 3954; x_wconf 74' lang='lat' dir='ltr'><strong>nistrare,</strong></span> <span class='ocrx_word' id='word_1_408' title='bbox 686 3882 885 3938; x_wconf 81' lang='lat' dir='ltr'><strong>ﬁebant</strong></span> <span class='ocrx_word' id='word_1_409' title='bbox 927 3884 1069 3938; x_wconf 88' lang='lat' dir='ltr'><strong>enim</strong></span> <span class='ocrx_word' id='word_1_410' title='bbox 1096 3883 1209 3937; x_wconf 67' lang='lat' dir='ltr'><strong>haec</strong></span> <span class='ocrx_word' id='word_1_411' title='bbox 1238 3892 1357 3937; x_wconf 86' lang='lat' dir='ltr'><strong>vota</strong></span> <span class='ocrx_word' id='word_1_412' title='bbox 1410 3884 1676 3954; x_wconf 83' lang='lat' dir='ltr'><strong>pr:ecipue</strong></span> <span class='ocrx_word' id='word_1_413' title='bbox 1708 3882 1965 3954; x_wconf 77' lang='lat' dir='ltr'><strong>Calendis</strong></span> 
     </span>
    </p>
   </div>
   <div class='ocr_carea' id='block_1_59' title="bbox 375 3951 1961 4020">
    <p class='ocr_par' dir='ltr' id='par_1_59' title="bbox 375 3951 1961 4020">
     <span class='ocr_line' id='line_1_61' title="bbox 375 3951 1961 4020; baseline 0 -11"><span class='ocrx_word' id='word_1_414' title='bbox 375 3951 681 4020; x_wconf 72' lang='lat' dir='ltr'><strong>Ianuariis,</strong></span> <span class='ocrx_word' id='word_1_415' title='bbox 730 3963 788 4008; x_wconf 91' lang='lat' dir='ltr'><strong>ut</strong></span> <span class='ocrx_word' id='word_1_416' title='bbox 826 3954 905 4008; x_wconf 88' lang='lat' dir='ltr'><strong>sic</strong></span> <span class='ocrx_word' id='word_1_417' title='bbox 947 3954 1013 4008; x_wconf 90' lang='lat' dir='ltr'><strong>ad</strong></span> <span class='ocrx_word' id='word_1_418' title='bbox 1058 3961 1223 4007; x_wconf 91' lang='lat' dir='ltr'><strong>totum</strong></span> <span class='ocrx_word' id='word_1_419' title='bbox 1278 3968 1476 4007; x_wconf 89' lang='lat' dir='ltr'><strong>annum</strong></span> <span class='ocrx_word' id='word_1_420' title='bbox 1524 3951 1961 4011; x_wconf 65' lang='lat' dir='ltr'><strong>eitenderentur.</strong></span> 
     </span>
    </p>
   </div>
   <div class='ocr_carea' id='block_1_60' title="bbox 374 4022 1966 4095">
    <p class='ocr_par' dir='ltr' id='par_1_60' title="bbox 374 4022 1966 4095">
     <span class='ocr_line' id='line_1_62' title="bbox 374 4022 1966 4095; baseline 0.003 -18"><span class='ocrx_word' id='word_1_421' title='bbox 374 4022 595 4095; x_wconf 82' lang='lat' dir='ltr'><strong>Tacitus</strong></span> <span class='ocrx_word' id='word_1_422' title='bbox 616 4022 710 4078; x_wconf 89' lang='lat' dir='ltr'><strong>lib.</strong></span> <span class='ocrx_word' id='word_1_423' title='bbox 739 4038 816 4079; x_wconf 85' lang='lat' dir='ltr'><strong>Iv.</strong></span> <span class='ocrx_word' id='word_1_424' title='bbox 846 4024 1225 4079; x_wconf 73' lang='lat' dir='ltr'><strong>Annal.Cwsar</strong></span> <span class='ocrx_word' id='word_1_425' title='bbox 1250 4025 1496 4079; x_wconf 87' lang='lat' dir='ltr'><strong>solenmia</strong></span> <span class='ocrx_word' id='word_1_426' title='bbox 1524 4024 1812 4095; x_wconf 87' lang='lat' dir='ltr'><strong>incipientis</strong></span> <span class='ocrx_word' id='word_1_427' title='bbox 1842 4028 1966 4081; x_wconf 88' lang='lat' dir='ltr'><strong>anni</strong></span> 
     </span>
    </p>
   </div>
   <div class='ocr_carea' id='block_1_61' title="bbox 377 4093 1967 4167">
    <p class='ocr_par' dir='ltr' id='par_1_61' title="bbox 377 4093 1967 4167">
     <span class='ocr_line' id='line_1_63' title="bbox 377 4093 1967 4167; baseline 0.001 -18"><span class='ocrx_word' id='word_1_428' title='bbox 377 4093 936 4167; x_wconf 69' lang='lat' dir='ltr'><strong>Calendaslanuarias</strong></span> <span class='ocrx_word' id='word_1_429' title='bbox 966 4096 1179 4167; x_wconf 79' lang='lat' dir='ltr'><strong>epistola</strong></span> <span class='ocrx_word' id='word_1_430' title='bbox 1208 4104 1487 4167; x_wconf 72' lang='lat' dir='ltr'><strong>precatus,_</strong></span> <span class='ocrx_word' id='word_1_431' title='bbox 1511 4095 1595 4148; x_wconf 89' lang='lat' dir='ltr'><strong>cui</strong></span> <span class='ocrx_word' id='word_1_432' title='bbox 1632 4093 1758 4150; x_wconf 88' lang='lat' dir='ltr'><strong>loco</strong></span> <span class='ocrx_word' id='word_1_433' title='bbox 1798 4100 1967 4167; x_wconf 84' lang='lat' dir='ltr'><strong>gemi-</strong></span> 
     </span>
    </p>
   </div>
   <div class='ocr_carea' id='block_1_62' title="bbox 376 4164 1967 4238">
    <p class='ocr_par' dir='ltr' id='par_1_62' title="bbox 376 4164 1967 4238">
     <span class='ocr_line' id='line_1_64' title="bbox 376 4164 1967 4238; baseline 0.003 -20"><span class='ocrx_word' id='word_1_434' title='bbox 376 4176 502 4238; x_wconf 71' lang='lat' dir='ltr'><strong>pnm</strong></span> <span class='ocrx_word' id='word_1_435' title='bbox 527 4176 595 4221; x_wconf 76' lang='lat' dir='ltr'><strong>ex</strong></span> <span class='ocrx_word' id='word_1_436' title='bbox 623 4166 750 4238; x_wconf 86' lang='lat' dir='ltr'><strong>Caio</strong></span> <span class='ocrx_word' id='word_1_437' title='bbox 774 4164 903 4221; x_wconf 81' lang='lat' dir='ltr'><strong>JCto</strong></span> <span class='ocrx_word' id='word_1_438' title='bbox 941 4168 1067 4221; x_wconf 87' lang='lat' dir='ltr'><strong>citat</strong></span> <span class='ocrx_word' id='word_1_439' title='bbox 1093 4166 1194 4238; x_wconf 28' lang='lat' dir='ltr'><strong>Alia</strong></span> <span class='ocrx_word' id='word_1_440' title='bbox 1210 4164 1424 4238; x_wconf 73' lang='lat' dir='ltr'><strong>Corda.</strong></span> <span class='ocrx_word' id='word_1_441' title='bbox 1466 4164 1967 4238; x_wconf 39' lang='lat' dir='ltr'><strong>Legiturque‘apud</strong></span> 
     </span>
    </p>
   </div>
   <div class='ocr_carea' id='block_1_63' title="bbox 374 4230 1967 4308">
    <p class='ocr_par' dir='ltr' id='par_1_63' title="bbox 374 4230 1967 4308">
     <span class='ocr_line' id='line_1_65' title="bbox 374 4230 1967 4308; baseline 0.004 -19"><span class='ocrx_word' id='word_1_442' title='bbox 374 4234 620 4308; x_wconf 84' lang='lat' dir='ltr'><strong>Dionem</strong></span> <span class='ocrx_word' id='word_1_443' title='bbox 651 4237 746 4308; x_wconf 83' lang='lat' dir='ltr'><strong>lib.</strong></span> <span class='ocrx_word' id='word_1_444' title='bbox 789 4246 897 4308; x_wconf 77' lang='lat' dir='ltr'><strong>th.</strong></span> <span class='ocrx_word' id='word_1_445' title='bbox 936 4250 1052 4307; x_wconf 55' lang='lat' dir='ltr'><strong>pag.</strong></span> <span class='ocrx_word' id='word_1_446' title='bbox 1093 4232 1219 4308; x_wconf 71' lang='lat' dir='ltr'><strong>7H.</strong></span> <span class='ocrx_word' id='word_1_447' title='bbox 1265 4236 1351 4308; x_wconf 82' lang='lat' dir='ltr'><strong>ed.</strong></span> <span class='ocrx_word' id='word_1_448' title='bbox 1374 4230 1569 4308; x_wconf 55' lang='lat' dir='ltr'><strong>Steph:</strong></span> <span class='ocrx_word' id='word_1_449' title='bbox 1592 4237 1641 4290; x_wconf 90' lang='lat' dir='ltr'><strong>in</strong></span> <span class='ocrx_word' id='word_1_450' title='bbox 1671 4230 1967 4308; x_wconf 69' lang='lat' dir='ltr'><strong>principatu</strong></span> 
     </span>
    </p>
   </div>
   <div class='ocr_carea' id='block_1_64' title="bbox 378 4306 1965 4378">
    <p class='ocr_par' dir='ltr' id='par_1_64' title="bbox 378 4306 1965 4378">
     <span class='ocr_line' id='line_1_66' title="bbox 378 4306 1965 4378; baseline 0.001 -15"><span class='ocrx_word' id='word_1_451' title='bbox 378 4307 490 4363; x_wconf 85' lang='lat' dir='ltr'><strong>Caii</strong></span> <span class='ocrx_word' id='word_1_452' title='bbox 532 4306 787 4378; x_wconf 63' lang='lat' dir='ltr'><strong>Caligulae</strong></span> <span class='ocrx_word' id='word_1_453' title='bbox 817 4306 985 4377; x_wconf 85' lang='lat' dir='ltr'><strong>prima</strong></span> <span class='ocrx_word' id='word_1_454' title='bbox 1010 4306 1151 4378; x_wconf 17' lang='lat' dir='ltr'><strong>ianni</strong></span> <span class='ocrx_word' id='word_1_455' title='bbox 1192 4307 1278 4362; x_wconf 84' lang='lat' dir='ltr'><strong>die</strong></span> <span class='ocrx_word' id='word_1_456' title='bbox 1303 4306 1647 4363; x_wconf 74' lang='lat' dir='ltr'><strong>Maeliaonem</strong></span> <span class='ocrx_word' id='word_1_457' title='bbox 1676 4306 1965 4378; x_wconf 71' lang='lat' dir='ltr'><strong>attenidam</strong></span> 
     </span>
    </p>
   </div>
   <div class='ocr_carea' id='block_1_65' title="bbox 379 4377 1963 4447">
    <p class='ocr_par' dir='ltr' id='par_1_65' title="bbox 379 4377 1963 4447">
     <span class='ocr_line' id='line_1_67' title="bbox 379 4377 1963 4447; baseline 0.001 -14"><span class='ocrx_word' id='word_1_458' title='bbox 379 4392 595 4433; x_wconf 85' lang='lat' dir='ltr'><strong>servum</strong></span> <span class='ocrx_word' id='word_1_459' title='bbox 657 4377 723 4432; x_wconf 84' lang='lat' dir='ltr'><strong>ad</strong></span> <span class='ocrx_word' id='word_1_460' title='bbox 777 4377 1237 4447; x_wconf 82' lang='lat' dir='ltr'><strong>pulvinar.Jovis</strong></span> <span class='ocrx_word' id='word_1_461' title='bbox 1288 4378 1571 4447; x_wconf 79' lang='lat' dir='ltr'><strong>Capitolini</strong></span> <span class='ocrx_word' id='word_1_462' title='bbox 1618 4377 1963 4447; x_wconf 61' lang='lat' dir='ltr'><strong>ascendisse,</strong></span> 
     </span>
    </p>
   </div>
   <div class='ocr_carea' id='block_1_66' title="bbox 385 4448 1967 4519">
    <p class='ocr_par' dir='ltr' id='par_1_66' title="bbox 385 4448 1967 4519">
     <span class='ocr_line' id='line_1_68' title="bbox 385 4448 1967 4519; baseline 0.001 -15"><span class='ocrx_word' id='word_1_463' title='bbox 385 4448 568 4519; x_wconf 87' lang='lat' dir='ltr'><strong>ibique</strong></span> <span class='ocrx_word' id='word_1_464' title='bbox 592 4450 757 4504; x_wconf 90' lang='lat' dir='ltr'><strong>multa</strong></span> <span class='ocrx_word' id='word_1_465' title='bbox 788 4458 841 4504; x_wconf 86' lang='lat' dir='ltr'><strong>et</strong></span> <span class='ocrx_word' id='word_1_466' title='bbox 862 4448 976 4504; x_wconf 88' lang='lat' dir='ltr'><strong>dira</strong></span> <span class='ocrx_word' id='word_1_467' title='bbox 1008 4450 1348 4504; x_wconf 86' lang='lat' dir='ltr'><strong>vaticinatum</strong></span> <span class='ocrx_word' id='word_1_468' title='bbox 1375 4489 1388 4513; x_wconf 91' lang='lat'><strong>,</strong></span> <span class='ocrx_word' id='word_1_469' title='bbox 1420 4449 1666 4504; x_wconf 83' lang='lat' dir='ltr'><strong>catellum</strong></span> <span class='ocrx_word' id='word_1_470' title='bbox 1695 4468 1850 4518; x_wconf 80' lang='lat' dir='ltr'><strong>quem</strong></span> <span class='ocrx_word' id='word_1_471' title='bbox 1879 4466 1967 4507; x_wconf 93' lang='lat' dir='ltr'><strong>se-</strong></span> 
     </span>
    </p>
   </div>
   <div class='ocr_carea' id='block_1_67' title="bbox 389 4519 1970 4590">
    <p class='ocr_par' dir='ltr' id='par_1_67' title="bbox 389 4519 1970 4590">
     <span class='ocr_line' id='line_1_69' title="bbox 389 4519 1970 4590; baseline 0.002 -15"><span class='ocrx_word' id='word_1_472' title='bbox 389 4534 517 4590; x_wconf 82' lang='lat' dir='ltr'><strong>cum</strong></span> <span class='ocrx_word' id='word_1_473' title='bbox 558 4520 841 4585; x_wconf 84' lang='lat' dir='ltr'><strong>attulerat,</strong></span> <span class='ocrx_word' id='word_1_474' title='bbox 891 4534 954 4576; x_wconf 92' lang='lat' dir='ltr'><strong>ac</strong></span> <span class='ocrx_word' id='word_1_475' title='bbox 1016 4528 1138 4590; x_wconf 82' lang='lat' dir='ltr'><strong>post</strong></span> <span class='ocrx_word' id='word_1_476' title='bbox 1184 4534 1243 4575; x_wconf 90' lang='lat' dir='ltr'><strong>se</strong></span> <span class='ocrx_word' id='word_1_477' title='bbox 1286 4520 1460 4589; x_wconf 86' lang='lat' dir='ltr'><strong>ipsum</strong></span> <span class='ocrx_word' id='word_1_478' title='bbox 1509 4519 1789 4576; x_wconf 83' lang='lat' dir='ltr'><strong>occidisse.</strong></span> <span class='ocrx_word' id='word_1_479' title='bbox 1819 4522 1970 4589; x_wconf 88' lang='lat' dir='ltr'><strong>Quod</strong></span> 
     </span>
    </p>
   </div>
   <div class='ocr_carea' id='block_1_68' title="bbox 389 4589 1973 4662">
    <p class='ocr_par' dir='ltr' id='par_1_68' title="bbox 389 4589 1973 4662">
     <span class='ocr_line' id='line_1_70' title="bbox 389 4589 1973 4662; baseline 0.005 -21"><span class='ocrx_word' id='word_1_480' title='bbox 389 4589 634 4662; x_wconf 83' lang='lat' dir='ltr'><strong>profecto</strong></span> <span class='ocrx_word' id='word_1_481' title='bbox 680 4589 839 4645; x_wconf 76' lang='lat' dir='ltr'><strong>t‘uturi</strong></span> <span class='ocrx_word' id='word_1_482' title='bbox 886 4589 1143 4662; x_wconf 81' lang='lat' dir='ltr'><strong>temporis</strong></span> <span class='ocrx_word' id='word_1_483' title='bbox 1183 4590 1358 4646; x_wconf 91' lang='lat' dir='ltr'><strong>dirum</strong></span> <span class='ocrx_word' id='word_1_484' title='bbox 1404 4598 1524 4662; x_wconf 84' lang='lat' dir='ltr'><strong>erat</strong></span> <span class='ocrx_word' id='word_1_485' title='bbox 1569 4593 1886 4662; x_wconf 85' lang='lat' dir='ltr'><strong>principium</strong></span> <span class='ocrx_word' id='word_1_486' title='bbox 1918 4604 1973 4649; x_wconf 88' lang='lat' dir='ltr'><strong>et</strong></span> 
     </span>
    </p>
   </div>
   <div class='ocr_carea' id='block_1_69' title="bbox 386 4660 1972 4731">
    <p class='ocr_par' dir='ltr' id='par_1_69' title="bbox 386 4660 1972 4731">
     <span class='ocr_line' id='line_1_71' title="bbox 386 4660 1972 4731; baseline 0.004 -18"><span class='ocrx_word' id='word_1_487' title='bbox 386 4661 708 4731; x_wconf 69' lang='lat' dir='ltr'><strong>praesagium</strong></span> <span class='ocrx_word' id='word_1_488' title='bbox 735 4705 750 4729; x_wconf 87' lang='lat'><strong>,</strong></span> <span class='ocrx_word' id='word_1_489' title='bbox 798 4660 1012 4728; x_wconf 84' lang='lat' dir='ltr'><strong>quando</strong></span> <span class='ocrx_word' id='word_1_490' title='bbox 1049 4661 1242 4727; x_wconf 87' lang='lat' dir='ltr'><strong>Caius,</strong></span> <span class='ocrx_word' id='word_1_491' title='bbox 1278 4664 1367 4731; x_wconf 85' lang='lat' dir='ltr'><strong>qui</strong></span> <span class='ocrx_word' id='word_1_492' title='bbox 1413 4672 1470 4715; x_wconf 88' lang='lat' dir='ltr'><strong>ut</strong></span> <span class='ocrx_word' id='word_1_493' title='bbox 1517 4660 1688 4716; x_wconf 82' lang='lat' dir='ltr'><strong>bonus</strong></span> <span class='ocrx_word' id='word_1_494' title='bbox 1735 4660 1972 4719; x_wconf 82' lang='lat' dir='ltr'><strong>medicus</strong></span> 
     </span>
    </p>
   </div>
   <div class='ocr_carea' id='block_1_70' title="bbox 382 4731 1973 4801">
    <p class='ocr_par' dir='ltr' id='par_1_70' title="bbox 382 4731 1973 4801">
     <span class='ocr_line' id='line_1_72' title="bbox 382 4731 1973 4801; baseline 0.003 -15"><span class='ocrx_word' id='word_1_495' title='bbox 382 4731 607 4787; x_wconf 84' lang='lat' dir='ltr'><strong>vulnera</strong></span> <span class='ocrx_word' id='word_1_496' title='bbox 633 4732 788 4786; x_wconf 86' lang='lat' dir='ltr'><strong>Rom.</strong></span> <span class='ocrx_word' id='word_1_497' title='bbox 821 4732 974 4801; x_wconf 88' lang='lat' dir='ltr'><strong>Reip.</strong></span> <span class='ocrx_word' id='word_1_498' title='bbox 1018 4748 1049 4787; x_wconf 87' lang='lat' dir='ltr'><strong>a</strong></span> <span class='ocrx_word' id='word_1_499' title='bbox 1079 4732 1296 4788; x_wconf 87' lang='lat' dir='ltr'><strong>Tiberio</strong></span> <span class='ocrx_word' id='word_1_500' title='bbox 1339 4732 1534 4788; x_wconf 84' lang='lat' dir='ltr'><strong>inﬂicta</strong></span> <span class='ocrx_word' id='word_1_501' title='bbox 1589 4734 1843 4790; x_wconf 85' lang='lat' dir='ltr'><strong>debuerat</strong></span> <span class='ocrx_word' id='word_1_502' title='bbox 1890 4750 1973 4790; x_wconf 87' lang='lat' dir='ltr'><strong>sa-</strong></span> 
     </span>
    </p>
   </div>
   <div class='ocr_carea' id='block_1_71' title="bbox 382 4802 1973 4874">
    <p class='ocr_par' dir='ltr' id='par_1_71' title="bbox 382 4802 1973 4874">
     <span class='ocr_line' id='line_1_73' title="bbox 382 4802 1973 4874; baseline 0.003 -16"><span class='ocrx_word' id='word_1_503' title='bbox 382 4817 518 4858; x_wconf 86' lang='lat' dir='ltr'><strong>nare</strong></span> <span class='ocrx_word' id='word_1_504' title='bbox 547 4844 561 4868; x_wconf 93' lang='lat'><strong>,</strong></span> <span class='ocrx_word' id='word_1_505' title='bbox 593 4802 988 4872; x_wconf 80' lang='lat' dir='ltr'><strong>signiﬁcabatur</strong></span> <span class='ocrx_word' id='word_1_506' title='bbox 1019 4812 1074 4858; x_wconf 93' lang='lat' dir='ltr'><strong>et</strong></span> <span class='ocrx_word' id='word_1_507' title='bbox 1099 4803 1382 4874; x_wconf 85' lang='lat' dir='ltr'><strong>Rempuhl.</strong></span> <span class='ocrx_word' id='word_1_508' title='bbox 1415 4803 1751 4873; x_wconf 87' lang='lat' dir='ltr'><strong>perditurus,</strong></span> <span class='ocrx_word' id='word_1_509' title='bbox 1781 4816 1834 4860; x_wconf 89' lang='lat' dir='ltr'><strong>et</strong></span> <span class='ocrx_word' id='word_1_510' title='bbox 1861 4807 1973 4874; x_wconf 89' lang='lat' dir='ltr'><strong>ipse</strong></span> 
     </span>
    </p>
   </div>
   <div class='ocr_carea' id='block_1_72' title="bbox 384 4873 1976 4945">
    <p class='ocr_par' dir='ltr' id='par_1_72' title="bbox 384 4873 1976 4945">
     <span class='ocr_line' id='line_1_74' title="bbox 384 4873 1976 4945; baseline 0.002 -16"><span class='ocrx_word' id='word_1_511' title='bbox 384 4883 606 4929; x_wconf 87' lang='lat' dir='ltr'><strong>cruenta</strong></span> <span class='ocrx_word' id='word_1_512' title='bbox 633 4888 762 4928; x_wconf 85' lang='lat' dir='ltr'><strong>nece</strong></span> <span class='ocrx_word' id='word_1_513' title='bbox 791 4875 1076 4943; x_wconf 88' lang='lat' dir='ltr'><strong>periturus.</strong></span> <span class='ocrx_word' id='word_1_514' title='bbox 1117 4873 1351 4945; x_wconf 80' lang='lat' dir='ltr'><strong>Eratque</strong></span> <span class='ocrx_word' id='word_1_515' title='bbox 1394 4874 1464 4929; x_wconf 80' lang='lat' dir='ltr'><strong>ita</strong></span> <span class='ocrx_word' id='word_1_516' title='bbox 1500 4873 1595 4945; x_wconf 83' lang='lat' dir='ltr'><strong>ille</strong></span> <span class='ocrx_word' id='word_1_517' title='bbox 1644 4875 1758 4930; x_wconf 87' lang='lat' dir='ltr'><strong>dies</strong></span> <span class='ocrx_word' id='word_1_518' title='bbox 1799 4873 1976 4932; x_wconf 80' lang='lat' dir='ltr'><strong>titulus</strong></span> 
     </span>
    </p>
   </div>
   <div class='ocr_carea' id='block_1_73' title="bbox 390 4944 1974 5015">
    <p class='ocr_par' dir='ltr' id='par_1_73' title="bbox 390 4944 1974 5015">
     <span class='ocr_line' id='line_1_75' title="bbox 390 4944 1974 5015; baseline 0.003 -18"><span class='ocrx_word' id='word_1_519' title='bbox 390 4945 554 5010; x_wconf 88' lang='lat' dir='ltr'><strong>anni,</strong></span> <span class='ocrx_word' id='word_1_520' title='bbox 588 4953 645 4998; x_wconf 94' lang='lat' dir='ltr'><strong>ut</strong></span> <span class='ocrx_word' id='word_1_521' title='bbox 669 4959 790 4999; x_wconf 90' lang='lat' dir='ltr'><strong>cum</strong></span> <span class='ocrx_word' id='word_1_522' title='bbox 823 4946 1071 4999; x_wconf 84' lang='lat' dir='ltr'><strong>Petronio</strong></span> <span class='ocrx_word' id='word_1_523' title='bbox 1101 4944 1327 5015; x_wconf 82' lang='lat' dir='ltr'><strong>loquar,</strong></span> <span class='ocrx_word' id='word_1_524' title='bbox 1373 4944 1512 5014; x_wconf 91' lang='lat' dir='ltr'><strong>apud</strong></span> <span class='ocrx_word' id='word_1_525' title='bbox 1554 4959 1712 5015; x_wconf 86' lang='lat' dir='ltr'><strong>quem</strong></span> <span class='ocrx_word' id='word_1_526' title='bbox 1752 4948 1866 5007; x_wconf 86' lang='lat' dir='ltr'><strong>avis</strong></span> <span class='ocrx_word' id='word_1_527' title='bbox 1895 4948 1974 5002; x_wconf 92' lang='lat' dir='ltr'><strong>ci-</strong></span> 
     </span>
    </p>
   </div>
   <div class='ocr_carea' id='block_1_74' title="bbox 387 5015 1974 5089">
    <p class='ocr_par' dir='ltr' id='par_1_74' title="bbox 387 5015 1974 5089">
     <span class='ocr_line' id='line_1_76' title="bbox 387 5015 1974 5089; baseline 0.003 -20"><span class='ocrx_word' id='word_1_528' title='bbox 387 5015 541 5069; x_wconf 89' lang='lat' dir='ltr'><strong>conia</strong></span> <span class='ocrx_word' id='word_1_529' title='bbox 571 5024 654 5069; x_wconf 93' lang='lat' dir='ltr'><strong>est</strong></span> <span class='ocrx_word' id='word_1_530' title='bbox 678 5016 851 5089; x_wconf 77' lang='lat' dir='ltr'><strong>titulus</strong></span> <span class='ocrx_word' id='word_1_531' title='bbox 877 5015 1047 5089; x_wconf 68' lang='lat' dir='ltr'><strong>tepidi</strong></span> <span class='ocrx_word' id='word_1_532' title='bbox 1061 5016 1316 5089; x_wconf 80' lang='lat' dir='ltr'><strong>temporis.</strong></span> <span class='ocrx_word' id='word_1_533' title='bbox 1365 5015 1759 5089; x_wconf 67' lang='lat' dir='ltr'><strong>picehaturque</strong></span> <span class='ocrx_word' id='word_1_534' title='bbox 1796 5017 1974 5089; x_wconf 89' lang='lat' dir='ltr'><strong>Impe-</strong></span> 
     </span>
    </p>
   </div>
   <div class='ocr_carea' id='block_1_75' title="bbox 387 5084 1977 5213">
    <p class='ocr_par' dir='ltr' id='par_1_75' title="bbox 387 5084 1977 5213">
     <span class='ocr_line' id='line_1_77' title="bbox 387 5084 1977 5213; baseline 0.004 -74"><span class='ocrx_word' id='word_1_535' title='bbox 387 5086 761 5213; x_wconf 54' lang='lat' dir='ltr'><strong>rDator&#39;aperire</strong></span> <span class='ocrx_word' id='word_1_536' title='bbox 786 5102 993 5141; x_wconf 87' lang='lat' dir='ltr'><strong>annum.</strong></span> <span class='ocrx_word' id='word_1_537' title='bbox 1017 5086 1217 5143; x_wconf 86' lang='lat' dir='ltr'><strong>Statius</strong></span> <span class='ocrx_word' id='word_1_538' title='bbox 1246 5102 1318 5141; x_wconf 85' lang='lat' dir='ltr'><strong>tv.</strong></span> <span class='ocrx_word' id='word_1_539' title='bbox 1360 5085 1507 5159; x_wconf 86' lang='lat' dir='ltr'><strong>Sylv.</strong></span> <span class='ocrx_word' id='word_1_540' title='bbox 1534 5084 1712 5143; x_wconf 78' lang='lat' dir='ltr'><strong>Carm.</strong></span> <span class='ocrx_word' id='word_1_541' title='bbox 1742 5103 1780 5143; x_wconf 84' lang='grc' dir='ltr'><strong>ι.</strong></span> <span class='ocrx_word' id='word_1_542' title='bbox 1821 5084 1977 5145; x_wconf 43' lang='lat' dir='ltr'><strong>{de</strong></span> 
     </span>
     <span class='ocr_line' id='line_1_78' title="bbox 439 5171 733 5213; baseline -0.003 0"><span class='ocrx_word' id='word_1_543' title='bbox 439 5172 544 5213; x_wconf 73' lang='lat' dir='ltr'><strong>om:</strong></span> <span class='ocrx_word' id='word_1_544' title='bbox 572 5171 693 5211; x_wconf 77' lang='lat' dir='ltr'><strong>iano</strong></span> <span class='ocrx_word' id='word_1_545' title='bbox 718 5174 733 5212; x_wconf 92' lang='lat'><strong>:</strong></span> 
     </span>
    </p>
   </div>
   <div class='ocr_carea' id='block_1_76' title="bbox 439 5171 733 5213">
    <p class='ocr_par' dir='ltr' id='par_1_76' title="bbox 439 5171 733 5213">
     <span class='ocr_line' id='line_1_79' title="bbox 439 5171 733 5213; baseline -0.003 0"><span class='ocrx_word' id='word_1_546' title='bbox 439 5171 693 5213; x_wconf 78' lang='lat' dir='ltr'><strong>omniane</strong></span> <span class='ocrx_word' id='word_1_547' title='bbox 718 5174 733 5212; x_wconf 78' lang='lat'><strong>:</strong></span> 
     </span>
    </p>
   </div>
   <div class='ocr_carea' id='block_1_77' title="bbox 823 5249 1922 5315">
    <p class='ocr_par' dir='ltr' id='par_1_77' title="bbox 823 5249 1922 5315">
     <span class='ocr_line' id='line_1_80' title="bbox 823 5249 1922 5315; baseline 0.004 -16"><span class='ocrx_word' id='word_1_548' title='bbox 823 5249 1176 5314; x_wconf 87' lang='lat' dir='ltr'><strong>Insignemque</strong></span> <span class='ocrx_word' id='word_1_549' title='bbox 1198 5251 1359 5315; x_wconf 85' lang='lat' dir='ltr'><strong>aperit</strong></span> <span class='ocrx_word' id='word_1_550' title='bbox 1383 5250 1703 5304; x_wconf 87' lang='lat' dir='ltr'><strong>Germanicus</strong></span> <span class='ocrx_word' id='word_1_551' title='bbox 1727 5266 1922 5304; x_wconf 87' lang='lat' dir='ltr'><strong>annum.</strong></span> 
     </span>
    </p>
   </div>
   <div class='ocr_carea' id='block_1_78' title="bbox 394 5332 999 5390">
    <p class='ocr_par' dir='ltr' id='par_1_78' title="bbox 394 5332 999 5390">
     <span class='ocr_line' id='line_1_81' title="bbox 394 5332 999 5390; baseline 0.002 -2"><span class='ocrx_word' id='word_1_552' title='bbox 394 5340 449 5389; x_wconf 87' lang='lat' dir='ltr'><strong>et</strong></span> <span class='ocrx_word' id='word_1_553' title='bbox 469 5332 667 5390; x_wconf 88' lang='lat' dir='ltr'><strong>ibidem</strong></span> <span class='ocrx_word' id='word_1_554' title='bbox 698 5348 858 5390; x_wconf 91' lang='lat' dir='ltr'><strong>versu</strong></span> <span class='ocrx_word' id='word_1_555' title='bbox 882 5333 956 5389; x_wconf 76' lang='lat'><strong>20</strong></span> <span class='ocrx_word' id='word_1_556' title='bbox 986 5352 999 5389; x_wconf 90' lang='lat'>:</span> 
     </span>
    </p>
   </div>
   <div class='ocr_carea' id='block_1_79' title="bbox 608 5424 1283 5477">
    <p class='ocr_par' dir='ltr' id='par_1_79' title="bbox 608 5424 1283 5477">
     <span class='ocr_line' id='line_1_82' title="bbox 608 5424 1283 5477; baseline 0.001 -1"><span class='ocrx_word' id='word_1_557' title='bbox 608 5424 690 5476; x_wconf 88' lang='lat' dir='ltr'><strong>Sic</strong></span> <span class='ocrx_word' id='word_1_558' title='bbox 710 5438 864 5477; x_wconf 87' lang='lat' dir='ltr'><strong>annos</strong></span> <span class='ocrx_word' id='word_1_559' title='bbox 879 5426 1061 5476; x_wconf 86' lang='lat' dir='ltr'><strong>intrare</strong></span> <span class='ocrx_word' id='word_1_560' title='bbox 1082 5426 1283 5477; x_wconf 82' lang='lat' dir='ltr'><strong>decet.-</strong></span> 
     </span>
    </p>
   </div>
   <div class='ocr_carea' id='block_1_80' title="bbox 392 5506 1982 5595">
    <p class='ocr_par' dir='ltr' id='par_1_80' title="bbox 392 5506 1982 5595">
     <span class='ocr_line' id='line_1_83' title="bbox 392 5506 1982 5595; baseline 0.004 -35"><span class='ocrx_word' id='word_1_561' title='bbox 392 5506 471 5595; x_wconf 55' lang='lat' dir='ltr'><strong>lie</strong></span> <span class='ocrx_word' id='word_1_562' title='bbox 493 5508 737 5595; x_wconf 9' lang='lat' dir='ltr'><strong>quorritu</strong></span> <span class='ocrx_word' id='word_1_563' title='bbox 759 5508 971 5595; x_wconf 71' lang='lat' dir='ltr'><strong>consuli</strong></span> <span class='ocrx_word' id='word_1_564' title='bbox 1003 5516 1178 5595; x_wconf 51' lang='lat' dir='ltr'><strong>potest</strong></span> <span class='ocrx_word' id='word_1_565' title='bbox 1200 5509 1441 5595; x_wconf 66' lang='lat' dir='ltr'><strong>eruditus</strong></span> <span class='ocrx_word' id='word_1_566' title='bbox 1479 5508 1602 5595; x_wconf 56' lang='grc' dir='ltr'><strong>ζωὴ.</strong></span> <span class='ocrx_word' id='word_1_567' title='bbox 1624 5510 1774 5593; x_wconf 40' lang='grc' dir='ltr'><strong>,Ρριτῑ</strong></span> <span class='ocrx_word' id='word_1_568' title='bbox 1806 5510 1982 5595; x_wconf 48' lang='lat' dir='ltr'><strong>[telle-</strong></span> 
     </span>
    </p>
   </div>
   <div class='ocr_carea' id='block_1_81' title="bbox 394 5580 1982 5653">
    <p class='ocr_par' dir='ltr' id='par_1_81' title="bbox 394 5580 1982 5653">
     <span class='ocr_line' id='line_1_84' title="bbox 394 5580 1982 5653; baseline 0.002 -20"><span class='ocrx_word' id='word_1_569' title='bbox 394 5580 980 5653; x_wconf 81' lang='lat' dir='ltr'><strong>rii_Commcnlariol_us</strong></span> <span class='ocrx_word' id='word_1_570' title='bbox 1002 5580 1090 5653; x_wconf 68' lang='lat' dir='ltr'><strong>De</strong></span> <span class='ocrx_word' id='word_1_571' title='bbox 1115 5580 1250 5637; x_wconf 85' lang='lat' dir='ltr'><strong>Novi</strong></span> <span class='ocrx_word' id='word_1_572' title='bbox 1292 5584 1431 5636; x_wconf 83' lang='lat' dir='ltr'><strong>Anni</strong></span> <span class='ocrx_word' id='word_1_573' title='bbox 1473 5582 1761 5653; x_wconf 71' lang='lat' dir='ltr'><strong>Auspiciis</strong></span> <span class='ocrx_word' id='word_1_574' title='bbox 1779 5581 1845 5653; x_wconf 84' lang='lat' dir='ltr'><strong>ad</strong></span> <span class='ocrx_word' id='word_1_575' title='bbox 1872 5585 1982 5636; x_wconf 89' lang='lat' dir='ltr'><strong>sin-</strong></span> 
     </span>
    </p>
   </div>
   <div class='ocr_carea' id='block_1_82' title="bbox 391 5649 1977 5775">
    <p class='ocr_par' dir='ltr' id='par_1_82' title="bbox 391 5649 1977 5775">
     <span class='ocr_line' id='line_1_85' title="bbox 391 5649 1977 5775; baseline 0.001 -71"><span class='ocrx_word' id='word_1_576' title='bbox 391 5649 636 5775; x_wconf 57' lang='lat' dir='ltr'><strong>ﬁularem</strong></span> <span class='ocrx_word' id='word_1_577' title='bbox 662 5651 915 5705; x_wconf 80' lang='lat' dir='ltr'><strong>Antonini</strong></span> <span class='ocrx_word' id='word_1_578' title='bbox 940 5651 1016 5704; x_wconf 88' lang='lat' dir='ltr'><strong>Pii</strong></span> <span class='ocrx_word' id='word_1_579' title='bbox 1046 5650 1354 5738; x_wconf 57' lang='lat' dir='ltr'><strong>Nummum,</strong></span> <span class='ocrx_word' id='word_1_580' title='bbox 1389 5649 1702 5734; x_wconf 75' lang='lat' dir='ltr'><strong>inscriptum</strong></span> <span class='ocrx_word' id='word_1_581' title='bbox 1732 5652 1788 5707; x_wconf 90' lang='lat' dir='ltr'><strong>S.</strong></span> <span class='ocrx_word' id='word_1_582' title='bbox 1819 5652 1879 5706; x_wconf 92' lang='lat' dir='ltr'><strong>P.</strong></span> <span class='ocrx_word' id='word_1_583' title='bbox 1913 5653 1977 5721; x_wconf 90' lang='lat' dir='ltr'><strong>Q.</strong></span> 
     </span>
     <span class='ocr_line' id='line_1_86' title="bbox 450 5712 1977 5775; baseline 0.001 -2"><span class='ocrx_word' id='word_1_584' title='bbox 450 5762 460 5773; x_wconf 93' lang='lat'><strong>.</strong></span> <span class='ocrx_word' id='word_1_585' title='bbox 492 5722 554 5774; x_wconf 74' lang='grc' dir='ltr'><strong>Α.</strong></span> <span class='ocrx_word' id='word_1_586' title='bbox 585 5712 649 5775; x_wconf 80' lang='grc' dir='ltr'><strong>Ν.</strong></span> <span class='ocrx_word' id='word_1_587' title='bbox 684 5718 745 5775; x_wconf 60' lang='grc'><strong>1³.</strong></span> <span class='ocrx_word' id='word_1_588' title='bbox 776 5718 836 5775; x_wconf 82' lang='lat' dir='ltr'><strong>F.</strong></span> <span class='ocrx_word' id='word_1_589' title='bbox 861 5718 1113 5775; x_wconf 74' lang='grc' dir='ltr'><strong>ΟΡΤΙΜυ</strong></span> <span class='ocrx_word' id='word_1_590' title='bbox 1142 5720 1452 5775; x_wconf 69' lang='lat' dir='ltr'><strong>PRINCIPI.</strong></span> <span class='ocrx_word' id='word_1_591' title='bbox 1488 5720 1615 5775; x_wconf 83' lang='lat'><strong>1’10.</strong></span> <span class='ocrx_word' id='word_1_592' title='bbox 1646 5740 1683 5775; x_wconf 83' lang='grc' dir='ltr'><strong>ι.</strong></span> <span class='ocrx_word' id='word_1_593' title='bbox 1714 5738 1764 5775; x_wconf 88' lang='lat' dir='ltr'><strong>e.</strong></span> <span class='ocrx_word' id='word_1_594' title='bbox 1792 5740 1977 5775; x_wconf 87' lang='lat' dir='ltr'><strong>annum</strong></span> 
     </span>
    </p>
   </div>
   <div class='ocr_carea' id='block_1_83' title="bbox 450 5712 1980 5779">
    <p class='ocr_par' dir='ltr' id='par_1_83' title="bbox 450 5712 1980 5779">
     <span class='ocr_line' id='line_1_87' title="bbox 450 5712 1980 5779; baseline 0.003 -6"><span class='ocrx_word' id='word_1_595' title='bbox 450 5762 460 5773; x_wconf 92' lang='lat'><strong>.</strong></span> <span class='ocrx_word' id='word_1_596' title='bbox 492 5722 554 5774; x_wconf 74' lang='grc' dir='ltr'><strong>Α.</strong></span> <span class='ocrx_word' id='word_1_597' title='bbox 585 5712 649 5775; x_wconf 80' lang='grc' dir='ltr'><strong>Ν.</strong></span> <span class='ocrx_word' id='word_1_598' title='bbox 684 5718 745 5776; x_wconf 81' lang='lat' dir='ltr'><strong>F.</strong></span> <span class='ocrx_word' id='word_1_599' title='bbox 776 5718 836 5776; x_wconf 82' lang='lat' dir='ltr'><strong>F.</strong></span> <span class='ocrx_word' id='word_1_600' title='bbox 861 5718 1113 5776; x_wconf 75' lang='grc' dir='ltr'><strong>ΟΡΤΙΜυ</strong></span> <span class='ocrx_word' id='word_1_601' title='bbox 1142 5712 1452 5777; x_wconf 79' lang='lat' dir='ltr'><strong>PRINCIPI.</strong></span> <span class='ocrx_word' id='word_1_602' title='bbox 1488 5712 1615 5778; x_wconf 83' lang='lat' dir='ltr'><strong>l’lO.</strong></span> <span class='ocrx_word' id='word_1_603' title='bbox 1646 5723 1683 5777; x_wconf 92' lang='lat' dir='ltr'><strong>i.</strong></span> <span class='ocrx_word' id='word_1_604' title='bbox 1714 5738 1764 5779; x_wconf 88' lang='lat' dir='ltr'><strong>e.</strong></span> <span class='ocrx_word' id='word_1_605' title='bbox 1792 5712 1980 5777; x_wconf 55' lang='lat' dir='ltr'><strong>aunuin</strong></span> 
     </span>
    </p>
   </div>
   <div class='ocr_carea' id='block_1_84' title="bbox 395 5788 1976 5864">
    <p class='ocr_par' dir='ltr' id='par_1_84' title="bbox 395 5788 1976 5864">
     <span class='ocr_line' id='line_1_88' title="bbox 395 5788 1976 5864; baseline 0.004 -20"><span class='ocrx_word' id='word_1_606' title='bbox 395 5804 621 5864; x_wconf 63' lang='lat' dir='ltr'><strong>nouum,</strong></span> <span class='ocrx_word' id='word_1_607' title='bbox 652 5793 873 5864; x_wconf 81' lang='lat' dir='ltr'><strong>faustum</strong></span> <span class='ocrx_word' id='word_1_608' title='bbox 897 5833 910 5856; x_wconf 88' lang='lat'><strong>,</strong></span> <span class='ocrx_word' id='word_1_609' title='bbox 942 5788 1156 5861; x_wconf 78' lang='lat' dir='ltr'><strong>felicem.</strong></span> <span class='ocrx_word' id='word_1_610' title='bbox 1194 5793 1380 5849; x_wconf 79' lang='lat' dir='ltr'><strong>Editus</strong></span> <span class='ocrx_word' id='word_1_611' title='bbox 1407 5792 1743 5864; x_wconf 87' lang='lat' dir='ltr'><strong>est_primum</strong></span> <span class='ocrx_word' id='word_1_612' title='bbox 1773 5794 1976 5864; x_wconf 75' lang='lat' dir='ltr'><strong>Romze,</strong></span> 
     </span>
    </p>
   </div>
   <div class='ocr_carea' id='block_1_85' title="bbox 395 5859 1977 5942">
    <p class='ocr_par' dir='ltr' id='par_1_85' title="bbox 395 5859 1977 5942">
     <span class='ocr_line' id='line_1_89' title="bbox 395 5859 1977 5942; baseline 0.006 -25"><span class='ocrx_word' id='word_1_613' title='bbox 395 5859 525 5918; x_wconf 86' lang='lat' dir='ltr'><strong>inde</strong></span> <span class='ocrx_word' id='word_1_614' title='bbox 559 5859 877 5922; x_wconf 65' lang='lat' dir='ltr'><strong>ad&#39;calcem</strong></span> <span class='ocrx_word' id='word_1_615' title='bbox 926 5859 1122 5923; x_wconf 82' lang='lat' dir='ltr'><strong>Select.</strong></span> <span class='ocrx_word' id='word_1_616' title='bbox 1160 5864 1422 5926; x_wconf 84' lang='lat' dir='ltr'><strong>Numism.</strong></span> <span class='ocrx_word' id='word_1_617' title='bbox 1470 5859 1591 5924; x_wconf 70' lang='grc' dir='ltr'><strong>ϐίη-ο</strong></span> <span class='ocrx_word' id='word_1_618' title='bbox 1642 5859 1977 5942; x_wconf 68' lang='lat' dir='ltr'><strong>Carpegnac,</strong></span> 
     </span>
    </p>
   </div>
   <div class='ocr_carea' id='block_1_86' title="bbox 1997 4628 2050 4690">
    <p class='ocr_par' dir='ltr' id='par_1_86' title="bbox 1997 4628 2050 4690">
     <span class='ocr_line' id='line_1_90' title="bbox 1997 4628 2050 4690; baseline 0 0"><span class='ocrx_word' id='word_1_619' title='bbox 1997 4628 2050 4690; x_wconf 94' lang='lat' dir='ltr'><strong>D</strong></span> 
     </span>
    </p>
   </div>
   <div class='ocr_carea' id='block_1_87' title="bbox 2052 2078 3643 2210">
    <p class='ocr_par' dir='ltr' id='par_1_87' title="bbox 2052 2078 3643 2210">
     <span class='ocr_line' id='line_1_91' title="bbox 2052 2078 3643 2210; baseline 0.001 -70"><span class='ocrx_word' id='word_1_620' title='bbox 2052 2099 2159 2141; x_wconf 80' lang='lat' dir='ltr'><strong>non</strong></span> <span class='ocrx_word' id='word_1_621' title='bbox 2182 2078 2311 2139; x_wconf 83' lang='lat' dir='ltr'><strong>sum</strong></span> <span class='ocrx_word' id='word_1_622' title='bbox 2331 2096 2491 2139; x_wconf 91' lang='lat' dir='ltr'><strong>ausus</strong></span> <span class='ocrx_word' id='word_1_623' title='bbox 2517 2082 2626 2138; x_wconf 90' lang='lat' dir='ltr'><strong>MS.</strong></span> <span class='ocrx_word' id='word_1_624' title='bbox 2661 2082 2827 2155; x_wconf 76' lang='lat' dir='ltr'><strong>Agob.</strong></span> <span class='ocrx_word' id='word_1_625' title='bbox 2864 2099 2913 2154; x_wconf 87' lang='lat' dir='ltr'><strong>q.</strong></span> <span class='ocrx_word' id='word_1_626' title='bbox 2944 2082 3075 2137; x_wconf 86' lang='lat' dir='ltr'><strong>alios</strong></span> <span class='ocrx_word' id='word_1_627' title='bbox 3101 2099 3201 2137; x_wconf 90' lang='lat' dir='ltr'><strong>non</strong></span> <span class='ocrx_word' id='word_1_628' title='bbox 3223 2080 3276 2137; x_wconf 90' lang='lat' dir='ltr'><strong>d.</strong></span> <span class='ocrx_word' id='word_1_629' title='bbox 3310 2078 3489 2210; x_wconf 56' lang='lat' dir='ltr'><strong>dell&#39;eto</strong></span> <span class='ocrx_word' id='word_1_630' title='bbox 3516 2086 3643 2142; x_wconf 88' lang='lat' dir='ltr'><strong>dies.</strong></span> 
     </span>
     <span class='ocr_line' id='line_1_92' title="bbox 3415 2170 3501 2210; baseline -0.023 0"><span class='ocrx_word' id='word_1_631' title='bbox 3415 2170 3501 2210; x_wconf 65' lang='lat' dir='ltr'><strong>sv.</strong></span> 
     </span>
    </p>
   </div>
   <div class='ocr_carea' id='block_1_88' title="bbox 3415 2170 3501 2211">
    <p class='ocr_par' dir='ltr' id='par_1_88' title="bbox 3415 2170 3501 2211">
     <span class='ocr_line' id='line_1_93' title="bbox 3415 2170 3501 2211; baseline -0.035 0"><span class='ocrx_word' id='word_1_632' title='bbox 3415 2170 3501 2211; x_wconf 71' lang='lat' dir='ltr'><strong>AV.</strong></span> 
     </span>
    </p>
   </div>
   <div class='ocr_carea' id='block_1_89' title="bbox 2128 2210 3647 2297">
    <p class='ocr_par' dir='ltr' id='par_1_89' title="bbox 2128 2210 3647 2297">
     <span class='ocr_line' id='line_1_94' title="bbox 2128 2210 3647 2297; baseline 0.001 -18"><span class='ocrx_word' id='word_1_633' title='bbox 2128 2226 2207 2297; x_wconf 80' lang='lat' dir='ltr'><strong>(ll)</strong></span> <span class='ocrx_word' id='word_1_634' title='bbox 2244 2224 2451 2280; x_wconf 78' lang='lat' dir='ltr'><strong>Laureis</strong></span> <span class='ocrx_word' id='word_1_635' title='bbox 2474 2231 2657 2297; x_wconf 53' lang='lat' dir='ltr'><strong>postes</strong></span> <span class='ocrx_word' id='word_1_636' title='bbox 2668 2223 3046 2297; x_wconf 82' lang='lat' dir='ltr'><strong>obumbramus.</strong></span> <span class='ocrx_word' id='word_1_637' title='bbox 3094 2210 3317 2297; x_wconf 83' lang='lat' dir='ltr'><strong>erenan</strong></span> <span class='ocrx_word' id='word_1_638' title='bbox 3366 2210 3647 2281; x_wconf 85' lang='lat' dir='ltr'><strong>adumbra-</strong></span> 
     </span>
    </p>
   </div>
   <div class='ocr_carea' id='block_1_90' title="bbox 2054 2295 3652 2368">
    <p class='ocr_par' dir='ltr' id='par_1_90' title="bbox 2054 2295 3652 2368">
     <span class='ocr_line' id='line_1_95' title="bbox 2054 2295 3652 2368; baseline 0.002 -16"><span class='ocrx_word' id='word_1_639' title='bbox 2054 2295 2389 2368; x_wconf 44' lang='lat' dir='ltr'><strong>mtts.&#39;mintts</strong></span> <span class='ocrx_word' id='word_1_640' title='bbox 2421 2306 2581 2351; x_wconf 76' lang='lat' dir='ltr'><strong>recte.</strong></span> <span class='ocrx_word' id='word_1_641' title='bbox 2612 2295 2833 2368; x_wconf 80' lang='lat' dir='ltr'><strong>Tacitus</strong></span> <span class='ocrx_word' id='word_1_642' title='bbox 2863 2296 3318 2368; x_wconf 46' lang='lat' dir='ltr'><strong>coniurationenin</strong></span> <span class='ocrx_word' id='word_1_643' title='bbox 3348 2306 3507 2368; x_wconf 81' lang='lat' dir='ltr'><strong>caput</strong></span> <span class='ocrx_word' id='word_1_644' title='bbox 3546 2298 3652 2355; x_wconf 77' lang='lat' dir='ltr'><strong>Ne-</strong></span> 
     </span>
    </p>
   </div>
   <div class='ocr_carea' id='block_1_91' title="bbox 2056 2360 3646 2424">
    <p class='ocr_par' dir='ltr' id='par_1_91' title="bbox 2056 2360 3646 2424">
     <span class='ocr_line' id='line_1_96' title="bbox 2056 2360 3646 2424; baseline -0.001 0"><span class='ocrx_word' id='word_1_645' title='bbox 2056 2371 2204 2424; x_wconf 87' lang='lat' dir='ltr'><strong>ronis</strong></span> <span class='ocrx_word' id='word_1_646' title='bbox 2233 2367 2438 2422; x_wconf 85' lang='lat' dir='ltr'><strong>detecta</strong></span> <span class='ocrx_word' id='word_1_647' title='bbox 2464 2367 2647 2422; x_wconf 86' lang='lat' dir='ltr'><strong>scribit</strong></span> <span class='ocrx_word' id='word_1_648' title='bbox 2671 2366 2763 2420; x_wconf 90' lang='lat' dir='ltr'><strong>lib.</strong></span> <span class='ocrx_word' id='word_1_649' title='bbox 2794 2372 2885 2420; x_wconf 78' lang='lat' dir='ltr'><strong>xv.</strong></span> <span class='ocrx_word' id='word_1_650' title='bbox 2918 2360 3087 2421; x_wconf 64' lang='lat' dir='ltr'><strong>Annal</strong></span> <span class='ocrx_word' id='word_1_651' title='bbox 3117 2382 3166 2421; x_wconf 92' lang='lat' dir='ltr'><strong>c.</strong></span> <span class='ocrx_word' id='word_1_652' title='bbox 3204 2360 3289 2422; x_wconf 79' lang='lat' dir='ltr'><strong>l‘l.</strong></span> <span class='ocrx_word' id='word_1_653' title='bbox 3347 2360 3454 2422; x_wconf 64' lang='lat' dir='ltr'><strong>Se&#39;d</strong></span> <span class='ocrx_word' id='word_1_654' title='bbox 3505 2384 3646 2423; x_wconf 81' lang='lat' dir='ltr'><strong>com-</strong></span> 
     </span>
    </p>
   </div>
   <div class='ocr_carea' id='block_1_92' title="bbox 2060 2436 3653 2509">
    <p class='ocr_par' dir='ltr' id='par_1_92' title="bbox 2060 2436 3653 2509">
     <span class='ocr_line' id='line_1_97' title="bbox 2060 2436 3653 2509; baseline 0.001 -16"><span class='ocrx_word' id='word_1_655' title='bbox 2060 2441 2187 2508; x_wconf 89' lang='lat' dir='ltr'><strong>pleri</strong></span> <span class='ocrx_word' id='word_1_656' title='bbox 2214 2440 2411 2492; x_wconf 83' lang='lat' dir='ltr'><strong>interim</strong></span> <span class='ocrx_word' id='word_1_657' title='bbox 2434 2437 2551 2491; x_wconf 83' lang='lat' dir='ltr'><strong>urbs</strong></span> <span class='ocrx_word' id='word_1_658' title='bbox 2578 2438 2838 2509; x_wconf 74' lang='lat' dir='ltr'><strong>funeribus</strong></span> <span class='ocrx_word' id='word_1_659' title='bbox 2861 2478 2875 2503; x_wconf 93' lang='lat'><strong>,</strong></span> <span class='ocrx_word' id='word_1_660' title='bbox 2906 2436 3214 2508; x_wconf 80' lang='lat' dir='ltr'><strong>Capitolium</strong></span> <span class='ocrx_word' id='word_1_661' title='bbox 3242 2439 3453 2493; x_wconf 79' lang='lat' dir='ltr'><strong>victimis</strong></span> <span class='ocrx_word' id='word_1_662' title='bbox 3475 2456 3495 2494; x_wconf 86' lang='lat'><strong><em>:</em></strong></span> <span class='ocrx_word' id='word_1_663' title='bbox 3518 2439 3653 2495; x_wconf 87' lang='lat' dir='ltr'><strong>alius</strong></span> 
     </span>
    </p>
   </div>
   <div class='ocr_carea' id='block_1_93' title="bbox 2060 2509 3651 2581">
    <p class='ocr_par' dir='ltr' id='par_1_93' title="bbox 2060 2509 3651 2581">
     <span class='ocr_line' id='line_1_98' title="bbox 2060 2509 3651 2581; baseline 0 -17"><span class='ocrx_word' id='word_1_664' title='bbox 2060 2512 2170 2581; x_wconf 84' lang='lat' dir='ltr'><strong>ﬁlio</strong></span> <span class='ocrx_word' id='word_1_665' title='bbox 2196 2553 2210 2575; x_wconf 87' lang='lat'><strong>,</strong></span> <span class='ocrx_word' id='word_1_666' title='bbox 2249 2514 2408 2579; x_wconf 87' lang='lat' dir='ltr'><strong>fratre</strong></span> <span class='ocrx_word' id='word_1_667' title='bbox 2434 2509 2565 2563; x_wconf 82' lang='lat' dir='ltr'><strong>alius</strong></span> <span class='ocrx_word' id='word_1_668' title='bbox 2589 2550 2602 2568; x_wconf 91' lang='lat'><strong><em>.</em></strong></span> <span class='ocrx_word' id='word_1_669' title='bbox 2621 2518 2723 2581; x_wconf 64' lang='lat' dir='ltr'><strong>gul</strong></span> <span class='ocrx_word' id='word_1_670' title='bbox 2754 2509 3038 2581; x_wconf 76' lang='lat' dir='ltr'><strong>prepirtquq</strong></span> <span class='ocrx_word' id='word_1_671' title='bbox 3063 2551 3076 2573; x_wconf 96' lang='lat'><strong>,</strong></span> <span class='ocrx_word' id='word_1_672' title='bbox 3105 2518 3193 2563; x_wconf 88' lang='lat' dir='ltr'><strong>aut</strong></span> <span class='ocrx_word' id='word_1_673' title='bbox 3222 2511 3385 2581; x_wconf 83' lang='lat' dir='ltr'><strong>amico</strong></span> <span class='ocrx_word' id='word_1_674' title='bbox 3415 2512 3651 2581; x_wconf 80' lang='lat' dir='ltr'><strong>interfec—</strong></span> 
     </span>
    </p>
   </div>
   <div class='ocr_carea' id='block_1_94' title="bbox 2062 2574 3655 2652">
    <p class='ocr_par' dir='ltr' id='par_1_94' title="bbox 2062 2574 3655 2652">
     <span class='ocr_line' id='line_1_99' title="bbox 2062 2574 3655 2652; baseline 0.001 -17"><span class='ocrx_word' id='word_1_675' title='bbox 2062 2574 2126 2635; x_wconf 78' lang='lat' dir='ltr'><strong>tis</strong></span> <span class='ocrx_word' id='word_1_676' title='bbox 2149 2622 2164 2647; x_wconf 91' lang='lat'><strong>,</strong></span> <span class='ocrx_word' id='word_1_677' title='bbox 2198 2574 2349 2652; x_wconf 81' lang='lat' dir='ltr'><strong>agere</strong></span> <span class='ocrx_word' id='word_1_678' title='bbox 2377 2580 2568 2652; x_wconf 78' lang='lat' dir='ltr'><strong>gratias</strong></span> <span class='ocrx_word' id='word_1_679' title='bbox 2612 2574 2763 2652; x_wconf 75' lang='lat' dir='ltr'><strong>Deis,</strong></span> <span class='ocrx_word' id='word_1_680' title='bbox 2806 2574 3176 2652; x_wconf 72' lang='lat' dir='ltr'><strong>ornarelauru</strong></span> <span class='ocrx_word' id='word_1_681' title='bbox 3212 2578 3416 2652; x_wconf 86' lang='lat' dir='ltr'><strong>domum</strong></span> <span class='ocrx_word' id='word_1_682' title='bbox 3440 2624 3452 2645; x_wconf 94' lang='lat'><strong>,</strong></span> <span class='ocrx_word' id='word_1_683' title='bbox 3488 2574 3655 2652; x_wconf 70' lang='lat' dir='ltr'><strong>genua</strong></span> 
     </span>
    </p>
   </div>
   <div class='ocr_carea' id='block_1_95' title="bbox 2061 2646 3653 2722">
    <p class='ocr_par' dir='ltr' id='par_1_95' title="bbox 2061 2646 3653 2722">
     <span class='ocr_line' id='line_1_100' title="bbox 2061 2646 3653 2722; baseline 0.003 -17"><span class='ocrx_word' id='word_1_684' title='bbox 2061 2646 2454 2722; x_wconf 60' lang='lat' dir='ltr'><strong>ipsius&#39;adeolvi</strong></span> <span class='ocrx_word' id='word_1_685' title='bbox 2495 2658 2542 2704; x_wconf 89' lang='lat' dir='ltr'><strong>et</strong></span> <span class='ocrx_word' id='word_1_686' title='bbox 2591 2649 2820 2704; x_wconf 72' lang='lat' dir='ltr'><strong>dextram</strong></span> <span class='ocrx_word' id='word_1_687' title='bbox 2849 2651 3035 2705; x_wconf 77' lang='lat' dir='ltr'><strong>osculis</strong></span> <span class='ocrx_word' id='word_1_688' title='bbox 3081 2646 3317 2722; x_wconf 82' lang='lat' dir='ltr'><strong>fatigare.</strong></span> <span class='ocrx_word' id='word_1_689' title='bbox 3368 2646 3559 2707; x_wconf 58' lang='lat' dir='ltr'><strong>Nost&#39;er</strong></span> <span class='ocrx_word' id='word_1_690' title='bbox 3587 2652 3653 2709; x_wconf 91' lang='lat' dir='ltr'><strong>de</strong></span> 
     </span>
    </p>
   </div>
   <div class='ocr_carea' id='block_1_96' title="bbox 2064 2721 3655 2792">
    <p class='ocr_par' dir='ltr' id='par_1_96' title="bbox 2064 2721 3655 2792">
     <span class='ocr_line' id='line_1_101' title="bbox 2064 2721 3655 2792; baseline 0 -16"><span class='ocrx_word' id='word_1_691' title='bbox 2064 2721 2196 2777; x_wconf 86' lang='lat' dir='ltr'><strong>ldol.</strong></span> <span class='ocrx_word' id='word_1_692' title='bbox 2226 2734 2273 2776; x_wconf 91' lang='lat' dir='ltr'><strong>c.</strong></span> <span class='ocrx_word' id='word_1_693' title='bbox 2309 2736 2399 2775; x_wconf 84' lang='lat' dir='ltr'><strong>xv.</strong></span> <span class='ocrx_word' id='word_1_694' title='bbox 2423 2721 2485 2776; x_wconf 85' lang='lat' dir='ltr'><strong>Si</strong></span> <span class='ocrx_word' id='word_1_695' title='bbox 2506 2730 2669 2775; x_wconf 88' lang='lat' dir='ltr'><strong>autem</strong></span> <span class='ocrx_word' id='word_1_696' title='bbox 2701 2732 2873 2775; x_wconf 84' lang='lat' dir='ltr'><strong>eorum</strong></span> <span class='ocrx_word' id='word_1_697' title='bbox 2895 2730 3010 2776; x_wconf 89' lang='lat' dir='ltr'><strong>sunt</strong></span> <span class='ocrx_word' id='word_1_698' title='bbox 3038 2734 3151 2789; x_wconf 76' lang='lat' dir='ltr'><strong>qua:</strong></span> <span class='ocrx_word' id='word_1_699' title='bbox 3175 2721 3227 2774; x_wconf 85' lang='lat' dir='ltr'><strong>in</strong></span> <span class='ocrx_word' id='word_1_700' title='bbox 3258 2723 3399 2792; x_wconf 80' lang='lat' dir='ltr'><strong>ostiis</strong></span> <span class='ocrx_word' id='word_1_701' title='bbox 3437 2724 3655 2777; x_wconf 78' lang='lat' dir='ltr'><strong>adoren-</strong></span> 
     </span>
    </p>
   </div>
   <div class='ocr_carea' id='block_1_97' title="bbox 2064 2792 3658 2864">
    <p class='ocr_par' dir='ltr' id='par_1_97' title="bbox 2064 2792 3658 2864">
     <span class='ocr_line' id='line_1_102' title="bbox 2064 2792 3658 2864; baseline 0.001 -17"><span class='ocrx_word' id='word_1_702' title='bbox 2064 2800 2166 2858; x_wconf 87' lang='lat' dir='ltr'><strong>tur,</strong></span> <span class='ocrx_word' id='word_1_703' title='bbox 2196 2794 2264 2846; x_wconf 89' lang='lat' dir='ltr'><strong>ad</strong></span> <span class='ocrx_word' id='word_1_704' title='bbox 2288 2808 2382 2864; x_wconf 11' lang='lat' dir='ltr'><strong>eos,</strong></span> <span class='ocrx_word' id='word_1_705' title='bbox 2397 2801 2441 2845; x_wconf 87' lang='lat' dir='ltr'><strong>et</strong></span> <span class='ocrx_word' id='word_1_706' title='bbox 2481 2792 2700 2864; x_wconf 74' lang='lat' dir='ltr'><strong>lucerna:</strong></span> <span class='ocrx_word' id='word_1_707' title='bbox 2728 2800 2773 2847; x_wconf 87' lang='lat' dir='ltr'><strong>et</strong></span> <span class='ocrx_word' id='word_1_708' title='bbox 2802 2793 2992 2846; x_wconf 71' lang='lat' dir='ltr'><strong>laurea:</strong></span> <span class='ocrx_word' id='word_1_709' title='bbox 3021 2793 3357 2861; x_wconf 86' lang='lat' dir='ltr'><strong>pertinebunt.</strong></span> <span class='ocrx_word' id='word_1_710' title='bbox 3401 2792 3427 2847; x_wconf 86' lang='lat' dir='ltr'><strong>l</strong></span> <span class='ocrx_word' id='word_1_711' title='bbox 3437 2794 3554 2848; x_wconf 83' lang='lat' dir='ltr'><strong>dolo</strong></span> <span class='ocrx_word' id='word_1_712' title='bbox 3582 2798 3658 2864; x_wconf 89' lang='lat' dir='ltr'><strong>fe-</strong></span> 
     </span>
    </p>
   </div>
   <div class='ocr_carea' id='block_1_98' title="bbox 2066 2862 3657 2933">
    <p class='ocr_par' dir='ltr' id='par_1_98' title="bbox 2066 2862 3657 2933">
     <span class='ocr_line' id='line_1_103' title="bbox 2066 2862 3657 2933; baseline 0.001 -16"><span class='ocrx_word' id='word_1_713' title='bbox 2066 2866 2194 2919; x_wconf 84' lang='lat' dir='ltr'><strong>ceris</strong></span> <span class='ocrx_word' id='word_1_714' title='bbox 2215 2907 2227 2926; x_wconf 88' lang='lat'><strong>,</strong></span> <span class='ocrx_word' id='word_1_715' title='bbox 2260 2862 2506 2933; x_wconf 73' lang='lat' dir='ltr'><strong>quidquid</strong></span> <span class='ocrx_word' id='word_1_716' title='bbox 2533 2864 2659 2917; x_wconf 79' lang='lat' dir='ltr'><strong>ostio</strong></span> <span class='ocrx_word' id='word_1_717' title='bbox 2685 2863 2881 2929; x_wconf 83' lang='lat' dir='ltr'><strong>feceris.</strong></span> <span class='ocrx_word' id='word_1_718' title='bbox 2917 2864 3269 2933; x_wconf 80' lang='lat' dir='ltr'><strong>Commendat</strong></span> <span class='ocrx_word' id='word_1_719' title='bbox 3301 2866 3401 2919; x_wconf 89' lang='lat' dir='ltr'><strong>hoc</strong></span> <span class='ocrx_word' id='word_1_720' title='bbox 3438 2862 3657 2920; x_wconf 87' lang='lat' dir='ltr'><strong>nomine</strong></span> 
     </span>
    </p>
   </div>
   <div class='ocr_carea' id='block_1_99' title="bbox 2068 2932 3657 3008">
    <p class='ocr_par' dir='ltr' id='par_1_99' title="bbox 2068 2932 3657 3008">
     <span class='ocr_line' id='line_1_104' title="bbox 2068 2932 3657 3008; baseline 0.001 -19"><span class='ocrx_word' id='word_1_721' title='bbox 2068 2935 2277 3008; x_wconf 82' lang='lat' dir='ltr'><strong>laurum</strong></span> <span class='ocrx_word' id='word_1_722' title='bbox 2307 2932 2507 3008; x_wconf 69' lang='lat' dir='ltr'><strong>Plinius</strong></span> <span class='ocrx_word' id='word_1_723' title='bbox 2532 2934 2665 3008; x_wconf 77' lang='lat' dir='ltr'><strong>Hist.</strong></span> <span class='ocrx_word' id='word_1_724' title='bbox 2699 2933 2815 3008; x_wconf 80' lang='lat' dir='ltr'><strong>Nat.</strong></span> <span class='ocrx_word' id='word_1_725' title='bbox 2846 2949 2959 3008; x_wconf 67' lang='lat' dir='ltr'><strong>tun.</strong></span> <span class='ocrx_word' id='word_1_726' title='bbox 2992 2933 3126 3008; x_wconf 42' lang='grc' dir='ltr'><strong>βο,</strong></span> <span class='ocrx_word' id='word_1_727' title='bbox 3146 2932 3350 3008; x_wconf 87' lang='lat' dir='ltr'><strong>Laurus</strong></span> <span class='ocrx_word' id='word_1_728' title='bbox 3391 2937 3657 3008; x_wconf 75' lang='lat' dir='ltr'><strong>triumphis</strong></span> 
     </span>
    </p>
   </div>
   <div class='ocr_carea' id='block_1_100' title="bbox 2067 3003 3657 3077">
    <p class='ocr_par' dir='ltr' id='par_1_100' title="bbox 2067 3003 3657 3077">
     <span class='ocr_line' id='line_1_105' title="bbox 2067 3003 3657 3077; baseline 0 -18"><span class='ocrx_word' id='word_1_729' title='bbox 2067 3005 2272 3077; x_wconf 75' lang='lat' dir='ltr'><strong>proprie</strong></span> <span class='ocrx_word' id='word_1_730' title='bbox 2296 3005 2526 3077; x_wconf 79' lang='lat' dir='ltr'><strong>dicatur,</strong></span> <span class='ocrx_word' id='word_1_731' title='bbox 2554 3003 2634 3057; x_wconf 83' lang='lat' dir='ltr'><strong>vel</strong></span> <span class='ocrx_word' id='word_1_732' title='bbox 2658 3005 2949 3077; x_wconf 80' lang='lat' dir='ltr'><strong>gratissima</strong></span> <span class='ocrx_word' id='word_1_733' title='bbox 2970 3003 3200 3077; x_wconf 84' lang='lat' dir='ltr'><strong>dantibus</strong></span> <span class='ocrx_word' id='word_1_734' title='bbox 3216 3007 3443 3074; x_wconf 71' lang='lat' dir='ltr'><strong>ianitrix</strong></span> <span class='ocrx_word' id='word_1_735' title='bbox 3479 3003 3657 3060; x_wconf 68' lang='lat' dir='ltr'><strong>Cresa-</strong></span> 
     </span>
    </p>
   </div>
   <div class='ocr_carea' id='block_1_101' title="bbox 2065 3074 3661 3143">
    <p class='ocr_par' dir='ltr' id='par_1_101' title="bbox 2065 3074 3661 3143">
     <span class='ocr_line' id='line_1_106' title="bbox 2065 3074 3661 3143; baseline 0.001 -14"><span class='ocrx_word' id='word_1_736' title='bbox 2065 3074 2179 3129; x_wconf 77' lang='lat' dir='ltr'><strong>runt</strong></span> <span class='ocrx_word' id='word_1_737' title='bbox 2216 3075 2626 3143; x_wconf 79' lang='lat' dir='ltr'><strong>Pontiﬁcumque</strong></span> <span class='ocrx_word' id='word_1_738' title='bbox 2657 3090 2808 3143; x_wconf 75' lang='lat' dir='ltr'><strong>:quaz</strong></span> <span class='ocrx_word' id='word_1_739' title='bbox 2847 3075 2957 3128; x_wconf 87' lang='lat' dir='ltr'><strong>sola</strong></span> <span class='ocrx_word' id='word_1_740' title='bbox 3006 3084 3052 3128; x_wconf 89' lang='lat' dir='ltr'><strong>et</strong></span> <span class='ocrx_word' id='word_1_741' title='bbox 3095 3074 3272 3129; x_wconf 83' lang='lat' dir='ltr'><strong>domos</strong></span> <span class='ocrx_word' id='word_1_742' title='bbox 3319 3086 3563 3140; x_wconf 77' lang='lat' dir='ltr'><strong>exornat,</strong></span> <span class='ocrx_word' id='word_1_743' title='bbox 3612 3085 3661 3130; x_wconf 88' lang='lat' dir='ltr'><strong>et</strong></span> 
     </span>
    </p>
   </div>
   <div class='ocr_carea' id='block_1_102' title="bbox 2068 3145 3660 3215">
    <p class='ocr_par' dir='ltr' id='par_1_102' title="bbox 2068 3145 3660 3215">
     <span class='ocr_line' id='line_1_107' title="bbox 2068 3145 3660 3215; baseline 0.002 -16"><span class='ocrx_word' id='word_1_744' title='bbox 2068 3156 2189 3200; x_wconf 86' lang='lat' dir='ltr'><strong>ante</strong></span> <span class='ocrx_word' id='word_1_745' title='bbox 2224 3145 2402 3215; x_wconf 78' lang='lat' dir='ltr'><strong>limina</strong></span> <span class='ocrx_word' id='word_1_746' title='bbox 2433 3146 2662 3198; x_wconf 72' lang='lat' dir='ltr'><strong>excubat.</strong></span> <span class='ocrx_word' id='word_1_747' title='bbox 2707 3145 2767 3199; x_wconf 92' lang='lat' dir='ltr'><strong>ln</strong></span> <span class='ocrx_word' id='word_1_748' title='bbox 2799 3147 2938 3200; x_wconf 85' lang='lat' dir='ltr'><strong>votis</strong></span> <span class='ocrx_word' id='word_1_749' title='bbox 2970 3159 3183 3215; x_wconf 88' lang='lat' dir='ltr'><strong>quoque</strong></span> <span class='ocrx_word' id='word_1_750' title='bbox 3230 3147 3368 3200; x_wconf 88' lang='lat' dir='ltr'><strong>Deos</strong></span> <span class='ocrx_word' id='word_1_751' title='bbox 3415 3146 3660 3215; x_wconf 86' lang='lat' dir='ltr'><strong>placandi</strong></span> 
     </span>
    </p>
   </div>
   <div class='ocr_carea' id='block_1_103' title="bbox 1991 3212 3658 3342">
    <p class='ocr_par' dir='ltr' id='par_1_103' title="bbox 1991 3212 3658 3342">
     <span class='ocr_line' id='line_1_108' title="bbox 2107 3212 3658 3286; baseline 0.001 -16"><span class='ocrx_word' id='word_1_752' title='bbox 2107 3217 2236 3272; x_wconf 83' lang='lat' dir='ltr'><strong>ralia</strong></span> <span class='ocrx_word' id='word_1_753' title='bbox 2268 3212 2715 3272; x_wconf 80' lang='lat' dir='ltr'><strong>incantationibus</strong></span> <span class='ocrx_word' id='word_1_754' title='bbox 2738 3226 2953 3285; x_wconf 88' lang='lat' dir='ltr'><strong>operam</strong></span> <span class='ocrx_word' id='word_1_755' title='bbox 2984 3212 3201 3282; x_wconf 79' lang='lat' dir='ltr'><strong>danics,</strong></span> <span class='ocrx_word' id='word_1_756' title='bbox 3253 3212 3459 3271; x_wconf 83' lang='lat' dir='ltr'><strong>laurum</strong></span> <span class='ocrx_word' id='word_1_757' title='bbox 3493 3218 3658 3286; x_wconf 85' lang='lat' dir='ltr'><strong>posti-</strong></span> 
     </span>
     <span class='ocr_line' id='line_1_109' title="bbox 1991 3230 3657 3342; baseline 0.002 -4"><span class='ocrx_word' id='word_1_758' title='bbox 1991 3275 2036 3338; x_wconf 89' lang='lat' dir='ltr'><strong>C</strong></span> <span class='ocrx_word' id='word_1_759' title='bbox 2065 3230 2170 3342; x_wconf 56' lang='lat' dir='ltr'><strong>gas</strong></span> <span class='ocrx_word' id='word_1_760' title='bbox 2200 3286 2533 3342; x_wconf 84' lang='lat' dir='ltr'><strong>anniicabant</strong></span> <span class='ocrx_word' id='word_1_761' title='bbox 2553 3326 2566 3342; x_wconf 91' lang='lat'><strong>.</strong></span> <span class='ocrx_word' id='word_1_762' title='bbox 2594 3297 2648 3340; x_wconf 93' lang='lat' dir='ltr'><strong>ut</strong></span> <span class='ocrx_word' id='word_1_763' title='bbox 2677 3294 2823 3342; x_wconf 89' lang='lat' dir='ltr'><strong>natet</strong></span> <span class='ocrx_word' id='word_1_764' title='bbox 2854 3300 2917 3341; x_wconf 80' lang='lat' dir='ltr'><strong>ex</strong></span> <span class='ocrx_word' id='word_1_765' title='bbox 2950 3285 3198 3342; x_wconf 63' lang='lat' dir='ltr'><strong>Diogenis</strong></span> <span class='ocrx_word' id='word_1_766' title='bbox 3226 3286 3424 3342; x_wconf 87' lang='lat' dir='ltr'><strong>Lacrtii</strong></span> <span class='ocrx_word' id='word_1_767' title='bbox 3448 3289 3497 3342; x_wconf 95' lang='lat' dir='ltr'><strong>in</strong></span> <span class='ocrx_word' id='word_1_768' title='bbox 3530 3286 3657 3342; x_wconf 86' lang='lat' dir='ltr'><strong>Bio-</strong></span> 
     </span>
    </p>
   </div>
   <div class='ocr_carea' id='block_1_104' title="bbox 2109 3285 3657 3357">
    <p class='ocr_par' dir='ltr' id='par_1_104' title="bbox 2109 3285 3657 3357">
     <span class='ocr_line' id='line_1_110' title="bbox 2109 3285 3657 3357; baseline 0.001 -15"><span class='ocrx_word' id='word_1_769' title='bbox 2109 3302 2170 3342; x_wconf 91' lang='lat' dir='ltr'><strong>us</strong></span> <span class='ocrx_word' id='word_1_770' title='bbox 2200 3286 2533 3357; x_wconf 81' lang='lat' dir='ltr'><strong>applicabant</strong></span> <span class='ocrx_word' id='word_1_771' title='bbox 2553 3326 2566 3348; x_wconf 91' lang='lat'><strong>,</strong></span> <span class='ocrx_word' id='word_1_772' title='bbox 2594 3297 2648 3340; x_wconf 92' lang='lat' dir='ltr'><strong>ut</strong></span> <span class='ocrx_word' id='word_1_773' title='bbox 2677 3294 2823 3354; x_wconf 88' lang='lat' dir='ltr'><strong>patet</strong></span> <span class='ocrx_word' id='word_1_774' title='bbox 2854 3300 2917 3341; x_wconf 80' lang='lat' dir='ltr'><strong>ex</strong></span> <span class='ocrx_word' id='word_1_775' title='bbox 2950 3285 3198 3357; x_wconf 87' lang='lat' dir='ltr'><strong>Diogenis</strong></span> <span class='ocrx_word' id='word_1_776' title='bbox 3226 3286 3424 3342; x_wconf 87' lang='lat' dir='ltr'><strong>Lacrtii</strong></span> <span class='ocrx_word' id='word_1_777' title='bbox 3448 3285 3500 3342; x_wconf 90' lang='lat' dir='ltr'><strong>in</strong></span> <span class='ocrx_word' id='word_1_778' title='bbox 3530 3286 3657 3344; x_wconf 86' lang='lat' dir='ltr'><strong>Bio-</strong></span> 
     </span>
    </p>
   </div>
   <div class='ocr_carea' id='block_1_105' title="bbox 2069 3350 3518 3428">
    <p class='ocr_par' dir='ltr' id='par_1_105' title="bbox 2069 3350 3518 3428">
     <span class='ocr_line' id='line_1_111' title="bbox 2069 3350 3518 3428; baseline 0.001 -15"><span class='ocrx_word' id='word_1_779' title='bbox 2069 3372 2190 3414; x_wconf 87' lang='lat' dir='ltr'><strong>nem</strong></span> <span class='ocrx_word' id='word_1_780' title='bbox 2216 3350 2626 3428; x_wconf 77' lang='lat' dir='ltr'><strong>Borysthentem</strong></span> <span class='ocrx_word' id='word_1_781' title='bbox 2658 3350 3076 3427; x_wconf 56' lang='lat' dir='ltr'><strong>epigrammate,</strong></span> <span class='ocrx_word' id='word_1_782' title='bbox 3112 3358 3203 3428; x_wconf 88' lang='lat' dir='ltr'><strong>qui</strong></span> <span class='ocrx_word' id='word_1_783' title='bbox 3246 3361 3299 3412; x_wconf 91' lang='lat' dir='ltr'><strong>in</strong></span> <span class='ocrx_word' id='word_1_784' title='bbox 3328 3357 3518 3415; x_wconf 88' lang='lat' dir='ltr'><strong>morbo</strong></span> 
     </span>
    </p>
   </div>
   <div class='ocr_carea' id='block_1_106' title="bbox 2378 3457 2947 3513">
    <p class='ocr_par' dir='ltr' id='par_1_106' title="bbox 2378 3457 2947 3513">
     <span class='ocr_line' id='line_1_112' title="bbox 2378 3457 2947 3513; baseline 0.002 -14"><span class='ocrx_word' id='word_1_785' title='bbox 2378 3462 2557 3511; x_wconf 67' lang='grc' dir='ltr'><strong>Ράμνᾶντι</strong></span> <span class='ocrx_word' id='word_1_786' title='bbox 2578 3464 2638 3499; x_wconf 75' lang='grc' dir='ltr'><strong>καὶ</strong></span> <span class='ocrx_word' id='word_1_787' title='bbox 2659 3457 2793 3500; x_wconf 67' lang='grc' dir='ltr'><strong>κλάδον</strong></span> <span class='ocrx_word' id='word_1_788' title='bbox 2813 3457 2947 3513; x_wconf 70' lang='grc' dir='ltr'><strong>δάφνης</strong></span> 
     </span>
    </p>
   </div>
   <div class='ocr_carea' id='block_1_107' title="bbox 2379 3514 2772 3575">
    <p class='ocr_par' dir='ltr' id='par_1_107' title="bbox 2379 3514 2772 3575">
     <span class='ocr_line' id='line_1_113' title="bbox 2379 3514 2772 3575; baseline -0.005 -12"><span class='ocrx_word' id='word_1_789' title='bbox 2379 3514 2470 3575; x_wconf 54' lang='lat' dir='ltr'><strong>fut?</strong></span> <span class='ocrx_word' id='word_1_790' title='bbox 2494 3524 2598 3575; x_wconf 64' lang='grc' dir='ltr'>θύρην</span> <span class='ocrx_word' id='word_1_791' title='bbox 2622 3520 2772 3572; x_wconf 47' lang='grc' dir='ltr'><strong>Μήδαν)</strong></span> 
     </span>
    </p>
   </div>
   <div class='ocr_carea' id='block_1_108' title="bbox 2072 3590 3662 3669">
    <p class='ocr_par' dir='ltr' id='par_1_108' title="bbox 2072 3590 3662 3669">
     <span class='ocr_line' id='line_1_114' title="bbox 2072 3590 3662 3669; baseline 0.003 -20"><span class='ocrx_word' id='word_1_792' title='bbox 2072 3592 2110 3651; x_wconf 92' lang='lat' dir='ltr'><strong>l.</strong></span> <span class='ocrx_word' id='word_1_793' title='bbox 2170 3611 2221 3651; x_wconf 89' lang='lat' dir='ltr'><strong>e.</strong></span> <span class='ocrx_word' id='word_1_794' title='bbox 2269 3590 2635 3667; x_wconf 79' lang='lat' dir='ltr'><strong>rltanmumque</strong></span> <span class='ocrx_word' id='word_1_795' title='bbox 2676 3606 2722 3650; x_wconf 89' lang='lat' dir='ltr'><strong>et</strong></span> <span class='ocrx_word' id='word_1_796' title='bbox 2769 3595 2902 3650; x_wconf 84' lang='lat' dir='ltr'><strong>lauri</strong></span> <span class='ocrx_word' id='word_1_797' title='bbox 2948 3611 3144 3651; x_wconf 87' lang='lat' dir='ltr'><strong>ramum</strong></span> <span class='ocrx_word' id='word_1_798' title='bbox 3168 3599 3346 3669; x_wconf 73' lang='lat' dir='ltr'><strong>januw</strong></span> <span class='ocrx_word' id='word_1_799' title='bbox 3400 3598 3662 3668; x_wconf 84' lang='lat' dir='ltr'><strong>imposuit.</strong></span> 
     </span>
    </p>
   </div>
   <div class='ocr_carea' id='block_1_109' title="bbox 3380 3669 3514 3725">
    <p class='ocr_par' dir='ltr' id='par_1_109' title="bbox 3380 3669 3514 3725">
     <span class='ocr_line' id='line_1_115' title="bbox 3380 3669 3514 3725; baseline 0.015 -2"><span class='ocrx_word' id='word_1_800' title='bbox 3380 3669 3514 3725; x_wconf 73' lang='lat' dir='ltr'><strong>Hav.</strong></span> 
     </span>
    </p>
   </div>
   <div class='ocr_carea' id='block_1_110' title="bbox 2143 3730 3664 3812">
    <p class='ocr_par' dir='ltr' id='par_1_110' title="bbox 2143 3730 3664 3812">
     <span class='ocr_line' id='line_1_116' title="bbox 2143 3730 3664 3812; baseline 0.003 -22"><span class='ocrx_word' id='word_1_801' title='bbox 2143 3736 2214 3812; x_wconf 68' lang='grc' dir='ltr'><strong>(ρ)</strong></span> <span class='ocrx_word' id='word_1_802' title='bbox 2246 3730 2551 3812; x_wconf 67' lang='lat' dir='ltr'><strong>Parcatilla</strong></span> <span class='ocrx_word' id='word_1_803' title='bbox 2586 3738 2761 3812; x_wconf 78' lang='lat' dir='ltr'><strong>lingua</strong></span> <span class='ocrx_word' id='word_1_804' title='bbox 2791 3730 3044 3812; x_wconf 72' lang='lat' dir='ltr'><strong>Romana.</strong></span> <span class='ocrx_word' id='word_1_805' title='bbox 3097 3738 3249 3805; x_wconf 84' lang='lat' dir='ltr'><strong>Quod</strong></span> <span class='ocrx_word' id='word_1_806' title='bbox 3281 3754 3409 3812; x_wconf 78' lang='lat' dir='ltr'><strong>cum</strong></span> <span class='ocrx_word' id='word_1_807' title='bbox 3445 3756 3474 3794; x_wconf 87' lang='lat' dir='ltr'><strong>a</strong></span> <span class='ocrx_word' id='word_1_808' title='bbox 3507 3742 3664 3812; x_wconf 79' lang='lat' dir='ltr'><strong>vulgo</strong></span> 
     </span>
    </p>
   </div>
   <div class='ocr_carea' id='block_1_111' title="bbox 2071 3802 3660 3881">
    <p class='ocr_par' dir='ltr' id='par_1_111' title="bbox 2071 3802 3660 3881">
     <span class='ocr_line' id='line_1_117' title="bbox 2071 3802 3660 3881; baseline 0.002 -17"><span class='ocrx_word' id='word_1_809' title='bbox 2071 3820 2124 3864; x_wconf 88' lang='lat' dir='ltr'><strong>et</strong></span> <span class='ocrx_word' id='word_1_810' title='bbox 2150 3802 2283 3864; x_wconf 56' lang='lat' dir='ltr'><strong>tace</strong></span> <span class='ocrx_word' id='word_1_811' title='bbox 2312 3808 2589 3881; x_wconf 80' lang='lat' dir='ltr'><strong>hominum</strong></span> <span class='ocrx_word' id='word_1_812' title='bbox 2613 3849 2627 3873; x_wconf 85' lang='lat'><strong>,</strong></span> <span class='ocrx_word' id='word_1_813' title='bbox 2658 3802 2744 3880; x_wconf 56' lang='lat' dir='ltr'><strong>Qui</strong></span> <span class='ocrx_word' id='word_1_814' title='bbox 2780 3826 2877 3881; x_wconf 90' lang='lat' dir='ltr'><strong>nec</strong></span> <span class='ocrx_word' id='word_1_815' title='bbox 2904 3811 2955 3863; x_wconf 90' lang='lat' dir='ltr'><strong>in</strong></span> <span class='ocrx_word' id='word_1_816' title='bbox 2984 3802 3137 3881; x_wconf 63' lang='lat' dir='ltr'><strong>lauta</strong></span> <span class='ocrx_word' id='word_1_817' title='bbox 3153 3809 3295 3879; x_wconf 87' lang='lat' dir='ltr'><strong>quod</strong></span> <span class='ocrx_word' id='word_1_818' title='bbox 3341 3802 3626 3881; x_wconf 63' lang='lat' dir='ltr'><strong>inquiucnl</strong></span> <span class='ocrx_word' id='word_1_819' title='bbox 3646 3853 3660 3877; x_wconf 86' lang='lat'><strong>,</strong></span> 
     </span>
    </p>
   </div>
   <div class='ocr_carea' id='block_1_112' title="bbox 2072 3876 3663 3951">
    <p class='ocr_par' dir='ltr' id='par_1_112' title="bbox 2072 3876 3663 3951">
     <span class='ocr_line' id='line_1_118' title="bbox 2072 3876 3663 3951; baseline 0.002 -17"><span class='ocrx_word' id='word_1_820' title='bbox 2072 3895 2170 3951; x_wconf 85' lang='lat' dir='ltr'><strong>nec</strong></span> <span class='ocrx_word' id='word_1_821' title='bbox 2192 3882 2243 3934; x_wconf 87' lang='lat' dir='ltr'><strong>in</strong></span> <span class='ocrx_word' id='word_1_822' title='bbox 2275 3896 2333 3934; x_wconf 88' lang='lat' dir='ltr'><strong>re</strong></span> <span class='ocrx_word' id='word_1_823' title='bbox 2358 3878 2497 3951; x_wconf 89' lang='lat' dir='ltr'><strong>quod</strong></span> <span class='ocrx_word' id='word_1_824' title='bbox 2523 3876 2767 3935; x_wconf 83' lang='lat' dir='ltr'><strong>amittant</strong></span> <span class='ocrx_word' id='word_1_825' title='bbox 2793 3880 3026 3945; x_wconf 87' lang='lat' dir='ltr'><strong>habent,</strong></span> <span class='ocrx_word' id='word_1_826' title='bbox 3071 3876 3231 3937; x_wconf 77' lang='lat' dir='ltr'><strong>facile</strong></span> <span class='ocrx_word' id='word_1_827' title='bbox 3277 3882 3345 3935; x_wconf 88' lang='lat' dir='ltr'><strong>sit</strong></span> <span class='ocrx_word' id='word_1_828' title='bbox 3370 3876 3663 3951; x_wconf 69' lang='lat' dir='ltr'><strong>eipectan-</strong></span> 
     </span>
    </p>
   </div>
   <div class='ocr_carea' id='block_1_113' title="bbox 2071 3949 3663 4022">
    <p class='ocr_par' dir='ltr' id='par_1_113' title="bbox 2071 3949 3663 4022">
     <span class='ocr_line' id='line_1_119' title="bbox 2071 3949 3663 4022; baseline 0.004 -20"><span class='ocrx_word' id='word_1_829' title='bbox 2071 3949 2195 4022; x_wconf 82' lang='lat' dir='ltr'><strong>dum</strong></span> <span class='ocrx_word' id='word_1_830' title='bbox 2224 3992 2238 4014; x_wconf 88' lang='lat'><strong>,</strong></span> <span class='ocrx_word' id='word_1_831' title='bbox 2270 3949 2385 4006; x_wconf 84' lang='lat' dir='ltr'><strong>tum</strong></span> <span class='ocrx_word' id='word_1_832' title='bbox 2414 3966 2612 4022; x_wconf 66' lang='lat' dir='ltr'><strong>scurra!</strong></span> <span class='ocrx_word' id='word_1_833' title='bbox 2635 3952 2720 4006; x_wconf 88' lang='lat' dir='ltr'><strong>isti</strong></span> <span class='ocrx_word' id='word_1_834' title='bbox 2750 3951 2879 4006; x_wconf 88' lang='lat' dir='ltr'><strong>satis</strong></span> <span class='ocrx_word' id='word_1_835' title='bbox 2924 3952 3119 4007; x_wconf 89' lang='lat' dir='ltr'><strong>docent</strong></span> <span class='ocrx_word' id='word_1_836' title='bbox 3166 3952 3307 4022; x_wconf 90' lang='lat' dir='ltr'><strong>apud</strong></span> <span class='ocrx_word' id='word_1_837' title='bbox 3335 3949 3663 4010; x_wconf 83' lang='lat' dir='ltr'><strong>Trebellium</strong></span> 
     </span>
    </p>
   </div>
   <div class='ocr_carea' id='block_1_114' title="bbox 2072 4020 3663 4094">
    <p class='ocr_par' dir='ltr' id='par_1_114' title="bbox 2072 4020 3663 4094">
     <span class='ocr_line' id='line_1_120' title="bbox 2072 4020 3663 4094; baseline 0.002 -17"><span class='ocrx_word' id='word_1_838' title='bbox 2072 4020 2366 4094; x_wconf 76' lang='lat' dir='ltr'><strong>Pollionem</strong></span> <span class='ocrx_word' id='word_1_839' title='bbox 2421 4021 2472 4076; x_wconf 92' lang='lat' dir='ltr'><strong>in</strong></span> <span class='ocrx_word' id='word_1_840' title='bbox 2524 4020 2797 4088; x_wconf 83' lang='lat' dir='ltr'><strong>Gallieno,</strong></span> <span class='ocrx_word' id='word_1_841' title='bbox 2854 4024 2943 4094; x_wconf 84' lang='lat' dir='ltr'><strong>qui</strong></span> <span class='ocrx_word' id='word_1_842' title='bbox 2993 4020 3411 4094; x_wconf 84' lang='lat' dir='ltr'><strong>uniuscujusque</strong></span> <span class='ocrx_word' id='word_1_843' title='bbox 3450 4026 3663 4080; x_wconf 68' lang='lat' dir='ltr'><strong>,vultunt</strong></span> 
     </span>
    </p>
   </div>
   <div class='ocr_carea' id='block_1_115' title="bbox 2072 4091 3660 4165">
    <p class='ocr_par' dir='ltr' id='par_1_115' title="bbox 2072 4091 3660 4165">
     <span class='ocr_line' id='line_1_121' title="bbox 2072 4091 3660 4165; baseline 0.004 -19"><span class='ocrx_word' id='word_1_844' title='bbox 2072 4095 2205 4165; x_wconf 74' lang='lat' dir='ltr'><strong>mira</strong></span> <span class='ocrx_word' id='word_1_845' title='bbox 2229 4091 2535 4165; x_wconf 22' lang='lat' dir='ltr'><strong>inhianio‘ne</strong></span> <span class='ocrx_word' id='word_1_846' title='bbox 2566 4095 2822 4150; x_wconf 81' lang='lat' dir='ltr'><strong>rimantes</strong></span> <span class='ocrx_word' id='word_1_847' title='bbox 2847 4091 3101 4165; x_wconf 52' lang='lat' dir='ltr'><strong>{Rati-em</strong></span> <span class='ocrx_word' id='word_1_848' title='bbox 3146 4091 3391 4165; x_wconf 82' lang='lat' dir='ltr'><strong>principis</strong></span> <span class='ocrx_word' id='word_1_849' title='bbox 3415 4111 3660 4165; x_wconf 72' lang='lat' dir='ltr'><strong>quaerere</strong></span> 
     </span>
    </p>
   </div>
   <div class='ocr_carea' id='block_1_116' title="bbox 2072 4160 3664 4237">
    <p class='ocr_par' dir='ltr' id='par_1_116' title="bbox 2072 4160 3664 4237">
     <span class='ocr_line' id='line_1_122' title="bbox 2072 4160 3664 4237; baseline 0.003 -18"><span class='ocrx_word' id='word_1_850' title='bbox 2072 4178 2131 4219; x_wconf 88' lang='lat' dir='ltr'><strong>se</strong></span> <span class='ocrx_word' id='word_1_851' title='bbox 2159 4162 2423 4237; x_wconf 82' lang='lat' dir='ltr'><strong>dicebant.</strong></span> <span class='ocrx_word' id='word_1_852' title='bbox 2446 4160 2505 4237; x_wconf 26' lang='lat' dir='ltr'><strong>Als</strong></span> <span class='ocrx_word' id='word_1_853' title='bbox 2544 4175 2869 4237; x_wconf 81' lang='lat' dir='ltr'><strong>autemerat</strong></span> <span class='ocrx_word' id='word_1_854' title='bbox 2895 4160 3211 4221; x_wconf 82' lang='lat' dir='ltr'><strong>Valerianus</strong></span> <span class='ocrx_word' id='word_1_855' title='bbox 3249 4183 3279 4221; x_wconf 91' lang='lat' dir='ltr'><strong>a</strong></span> <span class='ocrx_word' id='word_1_856' title='bbox 3315 4160 3497 4222; x_wconf 74' lang='lat' dir='ltr'><strong>Persis</strong></span> <span class='ocrx_word' id='word_1_857' title='bbox 3538 4183 3664 4237; x_wconf 87' lang='lat' dir='ltr'><strong>cap-</strong></span> 
     </span>
    </p>
   </div>
   <div class='ocr_carea' id='block_1_117' title="bbox 2074 4233 3660 4307">
    <p class='ocr_par' dir='ltr' id='par_1_117' title="bbox 2074 4233 3660 4307">
     <span class='ocr_line' id='line_1_123' title="bbox 2074 4233 3660 4307; baseline 0.002 -19"><span class='ocrx_word' id='word_1_858' title='bbox 2074 4242 2188 4297; x_wconf 83' lang='lat' dir='ltr'><strong>tus,</strong></span> <span class='ocrx_word' id='word_1_859' title='bbox 2217 4240 2350 4307; x_wconf 64' lang='lat' dir='ltr'><strong>quos</strong></span> <span class='ocrx_word' id='word_1_860' title='bbox 2379 4233 2598 4290; x_wconf 85' lang='lat' dir='ltr'><strong>ridicule</strong></span> <span class='ocrx_word' id='word_1_861' title='bbox 2625 4236 2898 4307; x_wconf 84' lang='lat' dir='ltr'><strong>Gallienus</strong></span> <span class='ocrx_word' id='word_1_862' title='bbox 2932 4237 3168 4307; x_wconf 86' lang='lat' dir='ltr'><strong>neglecta</strong></span> <span class='ocrx_word' id='word_1_863' title='bbox 3196 4237 3427 4293; x_wconf 87' lang='lat' dir='ltr'><strong>vindicta</strong></span> <span class='ocrx_word' id='word_1_864' title='bbox 3453 4233 3660 4307; x_wconf 76' lang='lat' dir='ltr'><strong>genito-</strong></span> 
     </span>
    </p>
   </div>
   <div class='ocr_carea' id='block_1_118' title="bbox 2074 4302 3669 4378">
    <p class='ocr_par' dir='ltr' id='par_1_118' title="bbox 2074 4302 3669 4378">
     <span class='ocr_line' id='line_1_124' title="bbox 2074 4302 3669 4378; baseline 0.003 -19"><span class='ocrx_word' id='word_1_865' title='bbox 2074 4307 2148 4359; x_wconf 86' lang='lat' dir='ltr'><strong>ris</strong></span> <span class='ocrx_word' id='word_1_866' title='bbox 2167 4307 2217 4359; x_wconf 92' lang='lat' dir='ltr'><strong>in</strong></span> <span class='ocrx_word' id='word_1_867' title='bbox 2238 4302 2439 4378; x_wconf 69' lang='lat' dir='ltr'><strong>Pompa</strong></span> <span class='ocrx_word' id='word_1_868' title='bbox 2464 4308 2793 4362; x_wconf 89' lang='lat' dir='ltr'><strong>traducebat.</strong></span> <span class='ocrx_word' id='word_1_869' title='bbox 2823 4302 3024 4361; x_wconf 55' lang='lat' dir='ltr'><strong>Nullus&#39;</strong></span> <span class='ocrx_word' id='word_1_870' title='bbox 3053 4308 3337 4378; x_wconf 88' lang='lat' dir='ltr'><strong>descripsit</strong></span> <span class='ocrx_word' id='word_1_871' title='bbox 3368 4302 3669 4365; x_wconf 58' lang='lat' dir='ltr'><strong>accuratius</strong></span> 
     </span>
    </p>
   </div>
   <div class='ocr_carea' id='block_1_119' title="bbox 2073 4376 3671 4450">
    <p class='ocr_par' dir='ltr' id='par_1_119' title="bbox 2073 4376 3671 4450">
     <span class='ocr_line' id='line_1_125' title="bbox 2073 4376 3671 4450; baseline 0.003 -22"><span class='ocrx_word' id='word_1_872' title='bbox 2073 4390 2231 4450; x_wconf 80' lang='lat' dir='ltr'><strong>quam</strong></span> <span class='ocrx_word' id='word_1_873' title='bbox 2261 4376 2363 4450; x_wconf 78' lang='lat' dir='ltr'><strong>iste</strong></span> <span class='ocrx_word' id='word_1_874' title='bbox 2392 4379 2479 4448; x_wconf 89' lang='lat' dir='ltr'><strong>qui</strong></span> <span class='ocrx_word' id='word_1_875' title='bbox 2500 4378 2779 4450; x_wconf 79' lang='lat' dir='ltr'><strong>Causarum</strong></span> <span class='ocrx_word' id='word_1_876' title='bbox 2808 4379 2938 4450; x_wconf 86' lang='lat' dir='ltr'><strong>ritus</strong></span> <span class='ocrx_word' id='word_1_877' title='bbox 2976 4382 3087 4449; x_wconf 90' lang='lat' dir='ltr'><strong>pari</strong></span> <span class='ocrx_word' id='word_1_878' title='bbox 3128 4376 3249 4450; x_wconf 60' lang='lat' dir='ltr'><strong>qua</strong></span> <span class='ocrx_word' id='word_1_879' title='bbox 3277 4382 3518 4435; x_wconf 77' lang='lat' dir='ltr'><strong>vixerunt</strong></span> <span class='ocrx_word' id='word_1_880' title='bbox 3569 4379 3671 4450; x_wconf 90' lang='lat' dir='ltr'><strong>ipsi</strong></span> 
     </span>
    </p>
   </div>
   <div class='ocr_carea' id='block_1_120' title="bbox 2075 4438 3666 4519">
    <p class='ocr_par' dir='ltr' id='par_1_120' title="bbox 2075 4438 3666 4519">
     <span class='ocr_line' id='line_1_126' title="bbox 2075 4438 3666 4519; baseline 0.005 -22"><span class='ocrx_word' id='word_1_881' title='bbox 2075 4438 2325 4519; x_wconf 65' lang='lat' dir='ltr'><strong>libertate</strong></span> <span class='ocrx_word' id='word_1_882' title='bbox 2352 4438 2541 4501; x_wconf 73' lang='lat' dir='ltr'><strong>litleris</strong></span> <span class='ocrx_word' id='word_1_883' title='bbox 2583 4438 2854 4519; x_wconf 65' lang='lat' dir='ltr'><strong>cgmm&#39;isit</strong></span> <span class='ocrx_word' id='word_1_884' title='bbox 2884 4438 3185 4519; x_wconf 73' lang='lat' dir='ltr'><strong>Suetonius</strong></span> <span class='ocrx_word' id='word_1_885' title='bbox 3203 4449 3568 4519; x_wconf 81' lang='lat' dir='ltr'><strong>Tranquillus.</strong></span> <span class='ocrx_word' id='word_1_886' title='bbox 3590 4438 3666 4505; x_wconf 59' lang='lat' dir='ltr'><strong>&#39;in</strong></span> 
     </span>
    </p>
   </div>
   <div class='ocr_carea' id='block_1_121' title="bbox 2074 4508 3669 4592">
    <p class='ocr_par' dir='ltr' id='par_1_121' title="bbox 2074 4508 3669 4592">
     <span class='ocr_line' id='line_1_127' title="bbox 2074 4508 3669 4592; baseline 0.004 -23"><span class='ocrx_word' id='word_1_887' title='bbox 2074 4514 2360 4592; x_wconf 59' lang='lat' dir='ltr'><strong>Neronee.</strong></span> <span class='ocrx_word' id='word_1_888' title='bbox 2392 4534 2579 4592; x_wconf 56' lang='lat' dir='ltr'><strong>restitit.</strong></span> <span class='ocrx_word' id='word_1_889' title='bbox 2610 4508 2976 4592; x_wconf 80' lang='lat' dir='ltr'><strong>Transeuntem</strong></span> <span class='ocrx_word' id='word_1_890' title='bbox 3005 4536 3119 4575; x_wconf 88' lang='lat' dir='ltr'><strong>eum</strong></span> <span class='ocrx_word' id='word_1_891' title='bbox 3164 4508 3397 4592; x_wconf 69' lang='lat' dir='ltr'><strong>Isidorus</strong></span> <span class='ocrx_word' id='word_1_892' title='bbox 3451 4521 3669 4592; x_wconf 72' lang='lat' dir='ltr'><strong>Cynicus</strong></span> 
     </span>
    </p>
   </div>
   <div class='ocr_carea' id='block_1_122' title="bbox 2076 4584 3672 4660">
    <p class='ocr_par' dir='ltr' id='par_1_122' title="bbox 2076 4584 3672 4660">
     <span class='ocr_line' id='line_1_128' title="bbox 2076 4584 3672 4660; baseline 0.004 -20"><span class='ocrx_word' id='word_1_893' title='bbox 2076 4589 2127 4660; x_wconf 80' lang='lat' dir='ltr'><strong>in</strong></span> <span class='ocrx_word' id='word_1_894' title='bbox 2160 4584 2357 4657; x_wconf 84' lang='lat' dir='ltr'><strong>publica</strong></span> <span class='ocrx_word' id='word_1_895' title='bbox 2386 4588 2527 4643; x_wconf 86' lang='lat' dir='ltr'><strong>clara</strong></span> <span class='ocrx_word' id='word_1_896' title='bbox 2558 4606 2674 4644; x_wconf 80' lang='lat' dir='ltr'><strong>uoce</strong></span> <span class='ocrx_word' id='word_1_897' title='bbox 2699 4590 3012 4660; x_wconf 84' lang='lat' dir='ltr'><strong>corripuerat</strong></span> <span class='ocrx_word' id='word_1_898' title='bbox 3035 4631 3049 4654; x_wconf 93' lang='lat'><strong>,</strong></span> <span class='ocrx_word' id='word_1_899' title='bbox 3089 4591 3233 4660; x_wconf 82' lang='lat' dir='ltr'><strong>quod</strong></span> <span class='ocrx_word' id='word_1_900' title='bbox 3282 4584 3511 4660; x_wconf 75' lang='lat' dir='ltr'><strong>Nauplii</strong></span> <span class='ocrx_word' id='word_1_901' title='bbox 3533 4592 3672 4646; x_wconf 82' lang='lat' dir='ltr'><strong>ntala</strong></span> 
     </span>
    </p>
   </div>
   <div class='ocr_carea' id='block_1_123' title="bbox 2073 4658 3673 4729">
    <p class='ocr_par' dir='ltr' id='par_1_123' title="bbox 2073 4658 3673 4729">
     <span class='ocr_line' id='line_1_129' title="bbox 2073 4658 3673 4729; baseline 0.001 -18"><span class='ocrx_word' id='word_1_902' title='bbox 2073 4658 2198 4729; x_wconf 76' lang='lat' dir='ltr'><strong>bene</strong></span> <span class='ocrx_word' id='word_1_903' title='bbox 2221 4661 2521 4729; x_wconf 79' lang='lat' dir='ltr'><strong>cantitaret,</strong></span> <span class='ocrx_word' id='word_1_904' title='bbox 2568 4679 2661 4715; x_wconf 86' lang='lat' dir='ltr'><strong>sua</strong></span> <span class='ocrx_word' id='word_1_905' title='bbox 2710 4658 2842 4715; x_wconf 86' lang='lat' dir='ltr'><strong>bona</strong></span> <span class='ocrx_word' id='word_1_906' title='bbox 2881 4661 3013 4715; x_wconf 84' lang='lat' dir='ltr'><strong>male</strong></span> <span class='ocrx_word' id='word_1_907' title='bbox 3061 4659 3368 4729; x_wconf 81' lang='lat' dir='ltr'><strong>disponeret.</strong></span> <span class='ocrx_word' id='word_1_908' title='bbox 3408 4658 3618 4717; x_wconf 42' lang='lat' dir='ltr'><strong>&#39;lhidem</strong></span> <span class='ocrx_word' id='word_1_909' title='bbox 3660 4679 3673 4714; x_wconf 90' lang='lat'><strong>:</strong></span> 
     </span>
    </p>
   </div>
   <div class='ocr_carea' id='block_1_124' title="bbox 2076 4726 3677 4803">
    <p class='ocr_par' dir='ltr' id='par_1_124' title="bbox 2076 4726 3677 4803">
     <span class='ocr_line' id='line_1_130' title="bbox 2076 4726 3677 4803; baseline 0.002 -21"><span class='ocrx_word' id='word_1_910' title='bbox 2076 4727 2227 4784; x_wconf 87' lang='lat' dir='ltr'><strong>Datis</strong></span> <span class='ocrx_word' id='word_1_911' title='bbox 2267 4726 2615 4786; x_wconf 76' lang='lat' dir='ltr'><strong>Atellanarum</strong></span> <span class='ocrx_word' id='word_1_912' title='bbox 2662 4731 2845 4803; x_wconf 81' lang='lat' dir='ltr'><strong>histrio</strong></span> <span class='ocrx_word' id='word_1_913' title='bbox 2882 4730 2937 4784; x_wconf 87' lang='lat' dir='ltr'><strong>in</strong></span> <span class='ocrx_word' id='word_1_914' title='bbox 2983 4726 3177 4785; x_wconf 42' lang='lat' dir='ltr'><strong>ctuttic&#39;o</strong></span> <span class='ocrx_word' id='word_1_915' title='bbox 3224 4732 3443 4802; x_wconf 82' lang='lat' dir='ltr'><strong>quodam</strong></span> <span class='ocrx_word' id='word_1_916' title='bbox 3488 4739 3677 4803; x_wconf 62' lang='grc' dir='ltr'><strong>ὑγίαινι</strong></span> 
     </span>
    </p>
   </div>
   <div class='ocr_carea' id='block_1_125' title="bbox 2074 4800 3677 4873">
    <p class='ocr_par' dir='ltr' id='par_1_125' title="bbox 2074 4800 3677 4873">
     <span class='ocr_line' id='line_1_131' title="bbox 2074 4800 3677 4873; baseline 0.002 -18"><span class='ocrx_word' id='word_1_917' title='bbox 2074 4806 2246 4873; x_wconf 68' lang='grc' dir='ltr'><strong>πάτῳ,</strong></span> <span class='ocrx_word' id='word_1_918' title='bbox 2288 4807 2464 4873; x_wconf 65' lang='grc' dir='ltr'><strong>ὑγίαινε</strong></span> <span class='ocrx_word' id='word_1_919' title='bbox 2508 4818 2677 4873; x_wconf 68' lang='grc' dir='ltr'><strong>μοι’τερ,</strong></span> <span class='ocrx_word' id='word_1_920' title='bbox 2703 4804 2773 4857; x_wconf 86' lang='lat' dir='ltr'><strong>ita</strong></span> <span class='ocrx_word' id='word_1_921' title='bbox 2812 4800 3280 4873; x_wconf 72' lang='lat' dir='ltr'><strong>demonstrauerat,</strong></span> <span class='ocrx_word' id='word_1_922' title='bbox 3332 4812 3384 4856; x_wconf 88' lang='lat' dir='ltr'><strong>ut</strong></span> <span class='ocrx_word' id='word_1_923' title='bbox 3428 4800 3677 4859; x_wconf 78' lang='lat' dir='ltr'><strong>bibentem</strong></span> 
     </span>
    </p>
   </div>
   <div class='ocr_carea' id='block_1_126' title="bbox 2078 4870 3674 4947">
    <p class='ocr_par' dir='ltr' id='par_1_126' title="bbox 2078 4870 3674 4947">
     <span class='ocr_line' id='line_1_132' title="bbox 2078 4870 3674 4947; baseline 0.002 -21"><span class='ocrx_word' id='word_1_924' title='bbox 2078 4870 2433 4947; x_wconf 65' lang='lat' dir='ltr'><strong>natantemque</strong></span> <span class='ocrx_word' id='word_1_925' title='bbox 2454 4870 2659 4947; x_wconf 76' lang='lat' dir='ltr'><strong>faceret,</strong></span> <span class='ocrx_word' id='word_1_926' title='bbox 2689 4874 2882 4947; x_wconf 76' lang='lat' dir='ltr'><strong>exitum</strong></span> <span class='ocrx_word' id='word_1_927' title='bbox 2910 4870 3021 4947; x_wconf 71' lang='lat' dir='ltr'><strong>Caii</strong></span> <span class='ocrx_word' id='word_1_928' title='bbox 3048 4872 3249 4947; x_wconf 74' lang='lat' dir='ltr'><strong>Claudii</strong></span> <span class='ocrx_word' id='word_1_929' title='bbox 3279 4874 3674 4947; x_wconf 81' lang='lat' dir='ltr'><strong>Agrippimeque</strong></span> 
     </span>
    </p>
   </div>
   <div class='ocr_carea' id='block_1_127' title="bbox 2077 4944 3159 5015">
    <p class='ocr_par' dir='ltr' id='par_1_127' title="bbox 2077 4944 3159 5015">
     <span class='ocr_line' id='line_1_133' title="bbox 2077 4944 3159 5015; baseline -0.002 -15"><span class='ocrx_word' id='word_1_930' title='bbox 2077 4944 2408 5015; x_wconf 80' lang='lat' dir='ltr'><strong>signiﬁcans;</strong></span> <span class='ocrx_word' id='word_1_931' title='bbox 2437 4954 2481 4999; x_wconf 88' lang='lat' dir='ltr'><strong>et</strong></span> <span class='ocrx_word' id='word_1_932' title='bbox 2506 4946 2559 4999; x_wconf 89' lang='lat' dir='ltr'><strong>in</strong></span> <span class='ocrx_word' id='word_1_933' title='bbox 2588 4945 2860 4999; x_wconf 82' lang='lat' dir='ltr'><strong>novissima</strong></span> <span class='ocrx_word' id='word_1_934' title='bbox 2884 4944 3117 5001; x_wconf 77' lang='lat' dir='ltr'><strong>clausula</strong></span> <span class='ocrx_word' id='word_1_935' title='bbox 3144 4985 3159 5013; x_wconf 90' lang='lat'><strong>,</strong></span> 
     </span>
    </p>
   </div>
   <div class='ocr_carea' id='block_1_128' title="bbox 2302 5055 2966 5118">
    <p class='ocr_par' dir='ltr' id='par_1_128' title="bbox 2302 5055 2966 5118">
     <span class='ocr_line' id='line_1_134' title="bbox 2302 5055 2966 5118; baseline 0.002 -13"><span class='ocrx_word' id='word_1_936' title='bbox 2302 5055 2460 5106; x_wconf 89' lang='lat' dir='ltr'><strong>Orcus</strong></span> <span class='ocrx_word' id='word_1_937' title='bbox 2482 5058 2616 5107; x_wconf 77' lang='lat' dir='ltr'><strong>vobis</strong></span> <span class='ocrx_word' id='word_1_938' title='bbox 2634 5057 2770 5106; x_wconf 90' lang='lat' dir='ltr'><strong>ducit</strong></span> <span class='ocrx_word' id='word_1_939' title='bbox 2792 5056 2966 5118; x_wconf 84' lang='lat' dir='ltr'><strong>pedes,</strong></span> 
     </span>
    </p>
   </div>
   <div class='ocr_carea' id='block_1_129' title="bbox 2304 5118 2941 5182">
    <p class='ocr_par' dir='ltr' id='par_1_129' title="bbox 2304 5118 2941 5182">
     <span class='ocr_line' id='line_1_135' title="bbox 2304 5118 2941 5182; baseline 0.003 -15"><span class='ocrx_word' id='word_1_940' title='bbox 2304 5118 2539 5169; x_wconf 84' lang='lat' dir='ltr'><strong>Senatum</strong></span> <span class='ocrx_word' id='word_1_941' title='bbox 2561 5126 2709 5182; x_wconf 85' lang='lat' dir='ltr'><strong>gestu</strong></span> <span class='ocrx_word' id='word_1_942' title='bbox 2730 5126 2941 5170; x_wconf 69' lang='lat' dir='ltr'><strong>notaret.</strong></span> 
     </span>
    </p>
   </div>
   <div class='ocr_carea' id='block_1_130' title="bbox 2093 5224 3678 5297">
    <p class='ocr_par' dir='ltr' id='par_1_130' title="bbox 2093 5224 3678 5297">
     <span class='ocr_line' id='line_1_136' title="bbox 2093 5224 3678 5297; baseline 0 -15"><span class='ocrx_word' id='word_1_943' title='bbox 2093 5224 2194 5282; x_wconf 88' lang='lat' dir='ltr'><strong>Ubi</strong></span> <span class='ocrx_word' id='word_1_944' title='bbox 2220 5226 2602 5282; x_wconf 78' lang='lat' dir='ltr'><strong>famosissimas</strong></span> <span class='ocrx_word' id='word_1_945' title='bbox 2624 5226 2781 5282; x_wconf 90' lang='lat' dir='ltr'><strong>etiam</strong></span> <span class='ocrx_word' id='word_1_946' title='bbox 2806 5242 2992 5284; x_wconf 83' lang='lat' dir='ltr'><strong>versus</strong></span> <span class='ocrx_word' id='word_1_947' title='bbox 3014 5224 3067 5283; x_wconf 90' lang='lat' dir='ltr'><strong>in</strong></span> <span class='ocrx_word' id='word_1_948' title='bbox 3092 5226 3240 5283; x_wconf 91' lang='lat' dir='ltr'><strong>illum</strong></span> <span class='ocrx_word' id='word_1_949' title='bbox 3259 5226 3560 5297; x_wconf 81' lang='lat' dir='ltr'><strong>prepositos</strong></span> <span class='ocrx_word' id='word_1_950' title='bbox 3580 5226 3678 5282; x_wconf 85' lang='lat' dir='ltr'><strong>ad-</strong></span> 
     </span>
    </p>
   </div>
   <div class='ocr_carea' id='block_1_131' title="bbox 2093 5297 3681 5370">
    <p class='ocr_par' dir='ltr' id='par_1_131' title="bbox 2093 5297 3681 5370">
     <span class='ocr_line' id='line_1_137' title="bbox 2093 5297 3681 5370; baseline 0.001 -21"><span class='ocrx_word' id='word_1_951' title='bbox 2093 5297 2257 5370; x_wconf 80' lang='lat' dir='ltr'><strong>ducit,</strong></span> <span class='ocrx_word' id='word_1_952' title='bbox 2282 5298 2418 5353; x_wconf 89' lang='lat' dir='ltr'><strong>sicut</strong></span> <span class='ocrx_word' id='word_1_953' title='bbox 2441 5309 2494 5353; x_wconf 90' lang='lat' dir='ltr'><strong>et</strong></span> <span class='ocrx_word' id='word_1_954' title='bbox 2514 5308 2634 5353; x_wconf 89' lang='lat' dir='ltr'><strong>ante</strong></span> <span class='ocrx_word' id='word_1_955' title='bbox 2650 5297 2901 5353; x_wconf 84' lang='lat' dir='ltr'><strong>Claudius</strong></span> <span class='ocrx_word' id='word_1_956' title='bbox 2921 5310 2973 5355; x_wconf 92' lang='lat' dir='ltr'><strong>et</strong></span> <span class='ocrx_word' id='word_1_957' title='bbox 2994 5300 3459 5370; x_wconf 69' lang='lat' dir='ltr'><strong>postiDomnianus</strong></span> <span class='ocrx_word' id='word_1_958' title='bbox 3477 5298 3681 5370; x_wconf 78' lang='lat' dir='ltr'><strong>passim</strong></span> 
     </span>
    </p>
   </div>
   <div class='ocr_carea' id='block_1_132' title="bbox 2093 5367 3679 5442">
    <p class='ocr_par' dir='ltr' id='par_1_132' title="bbox 2093 5367 3679 5442">
     <span class='ocr_line' id='line_1_138' title="bbox 2093 5367 3679 5442; baseline 0.001 -19"><span class='ocrx_word' id='word_1_959' title='bbox 2093 5367 2235 5442; x_wconf 85' lang='lat' dir='ltr'><strong>idem</strong></span> <span class='ocrx_word' id='word_1_960' title='bbox 2260 5370 2398 5439; x_wconf 88' lang='lat' dir='ltr'><strong>passi</strong></span> <span class='ocrx_word' id='word_1_961' title='bbox 2421 5380 2563 5426; x_wconf 91' lang='lat' dir='ltr'><strong>sunt.</strong></span> <span class='ocrx_word' id='word_1_962' title='bbox 2592 5370 2695 5425; x_wconf 89' lang='lat' dir='ltr'><strong>Sed</strong></span> <span class='ocrx_word' id='word_1_963' title='bbox 2722 5382 2775 5425; x_wconf 88' lang='lat' dir='ltr'><strong>et</strong></span> <span class='ocrx_word' id='word_1_964' title='bbox 2800 5367 3033 5439; x_wconf 76' lang='lat' dir='ltr'><strong>optimus</strong></span> <span class='ocrx_word' id='word_1_965' title='bbox 3062 5367 3442 5442; x_wconf 80' lang='lat' dir='ltr'><strong>Imperatorum</strong></span> <span class='ocrx_word' id='word_1_966' title='bbox 3476 5368 3679 5442; x_wconf 48' lang='lat' dir='ltr'><strong>Vespa-</strong></span> 
     </span>
    </p>
   </div>
   <div class='ocr_carea' id='block_1_133' title="bbox 2095 5440 3681 5512">
    <p class='ocr_par' dir='ltr' id='par_1_133' title="bbox 2095 5440 3681 5512">
     <span class='ocr_line' id='line_1_139' title="bbox 2095 5440 3681 5512; baseline 0 -19"><span class='ocrx_word' id='word_1_967' title='bbox 2095 5440 2277 5494; x_wconf 90' lang='lat' dir='ltr'><strong>sianus</strong></span> <span class='ocrx_word' id='word_1_968' title='bbox 2327 5442 2440 5509; x_wconf 88' lang='lat' dir='ltr'><strong>ipse</strong></span> <span class='ocrx_word' id='word_1_969' title='bbox 2489 5442 2721 5496; x_wconf 86' lang='lat' dir='ltr'><strong>urbanus</strong></span> <span class='ocrx_word' id='word_1_970' title='bbox 2765 5442 2896 5496; x_wconf 76' lang='lat' dir='ltr'><strong>Satis</strong></span> <span class='ocrx_word' id='word_1_971' title='bbox 2925 5440 3259 5498; x_wconf 78' lang='lat' dir='ltr'><strong>dicacitatem</strong></span> <span class='ocrx_word' id='word_1_972' title='bbox 3309 5444 3459 5498; x_wconf 85' lang='lat' dir='ltr'><strong>Istius</strong></span> <span class='ocrx_word' id='word_1_973' title='bbox 3488 5441 3681 5512; x_wconf 77' lang='lat' dir='ltr'><strong>lingua:</strong></span> 
     </span>
    </p>
   </div>
   <div class='ocr_carea' id='block_1_134' title="bbox 2092 5514 3681 5583">
    <p class='ocr_par' dir='ltr' id='par_1_134' title="bbox 2092 5514 3681 5583">
     <span class='ocr_line' id='line_1_140' title="bbox 2092 5514 3681 5583; baseline 0 -18"><span class='ocrx_word' id='word_1_974' title='bbox 2092 5524 2202 5565; x_wconf 84' lang='lat' dir='ltr'><strong>non</strong></span> <span class='ocrx_word' id='word_1_975' title='bbox 2229 5515 2415 5575; x_wconf 89' lang='lat' dir='ltr'><strong>evasit.</strong></span> <span class='ocrx_word' id='word_1_976' title='bbox 2442 5514 2531 5583; x_wconf 92' lang='lat' dir='ltr'><strong>qui</strong></span> <span class='ocrx_word' id='word_1_977' title='bbox 2556 5528 2678 5567; x_wconf 88' lang='lat' dir='ltr'><strong>cum</strong></span> <span class='ocrx_word' id='word_1_978' title='bbox 2704 5520 2845 5567; x_wconf 84' lang='lat' dir='ltr'><strong>esset</strong></span> <span class='ocrx_word' id='word_1_979' title='bbox 2870 5514 3017 5568; x_wconf 85' lang='lat' dir='ltr'><strong>vultu</strong></span> <span class='ocrx_word' id='word_1_980' title='bbox 3045 5515 3275 5570; x_wconf 85' lang='lat' dir='ltr'><strong>adducto</strong></span> <span class='ocrx_word' id='word_1_981' title='bbox 3303 5516 3522 5570; x_wconf 89' lang='lat' dir='ltr'><strong>nitentis</strong></span> <span class='ocrx_word' id='word_1_982' title='bbox 3561 5514 3598 5569; x_wconf 95' lang='lat' dir='ltr'><strong>i.</strong></span> <span class='ocrx_word' id='word_1_983' title='bbox 3627 5527 3681 5567; x_wconf 88' lang='lat' dir='ltr'><strong>e.</strong></span> 
     </span>
    </p>
   </div>
   <div class='ocr_carea' id='block_1_135' title="bbox 2083 5583 3673 5657">
    <p class='ocr_par' dir='ltr' id='par_1_135' title="bbox 2083 5583 3673 5657">
     <span class='ocr_line' id='line_1_141' title="bbox 2083 5583 3673 5657; baseline 0.003 -24"><span class='ocrx_word' id='word_1_984' title='bbox 2083 5583 2460 5657; x_wconf 72' lang='lat' dir='ltr'><strong>eaeaturientis</strong></span> <span class='ocrx_word' id='word_1_985' title='bbox 2484 5624 2498 5647; x_wconf 89' lang='lat'><strong>,</strong></span> <span class='ocrx_word' id='word_1_986' title='bbox 2544 5584 2829 5657; x_wconf 74' lang='lat' dir='ltr'><strong>velletque</strong></span> <span class='ocrx_word' id='word_1_987' title='bbox 2860 5585 2926 5657; x_wconf 83' lang='lat' dir='ltr'><strong>ab</strong></span> <span class='ocrx_word' id='word_1_988' title='bbox 2974 5586 3178 5640; x_wconf 84' lang='lat' dir='ltr'><strong>urbano</strong></span> <span class='ocrx_word' id='word_1_989' title='bbox 3226 5586 3456 5657; x_wconf 84' lang='lat' dir='ltr'><strong>qundam</strong></span> <span class='ocrx_word' id='word_1_990' title='bbox 3487 5586 3673 5640; x_wconf 70' lang='lat' dir='ltr'><strong>faceta:</strong></span> 
     </span>
    </p>
   </div>
   <div class='ocr_carea' id='block_1_136' title="bbox 2085 5653 3674 5725">
    <p class='ocr_par' dir='ltr' id='par_1_136' title="bbox 2085 5653 3674 5725">
     <span class='ocr_line' id='line_1_142' title="bbox 2085 5653 3674 5725; baseline 0.001 -18"><span class='ocrx_word' id='word_1_991' title='bbox 2085 5653 2309 5725; x_wconf 66' lang='lat' dir='ltr'><strong>linguae,</strong></span> <span class='ocrx_word' id='word_1_992' title='bbox 2334 5662 2387 5707; x_wconf 88' lang='lat' dir='ltr'><strong>ut</strong></span> <span class='ocrx_word' id='word_1_993' title='bbox 2410 5664 2457 5708; x_wconf 88' lang='lat' dir='ltr'><strong>et</strong></span> <span class='ocrx_word' id='word_1_994' title='bbox 2483 5657 2534 5709; x_wconf 89' lang='lat' dir='ltr'><strong>in</strong></span> <span class='ocrx_word' id='word_1_995' title='bbox 2554 5672 2607 5709; x_wconf 86' lang='lat' dir='ltr'><strong>se</strong></span> <span class='ocrx_word' id='word_1_996' title='bbox 2635 5653 2830 5725; x_wconf 72' lang='lat' dir='ltr'><strong>aliquid</strong></span> <span class='ocrx_word' id='word_1_997' title='bbox 2860 5654 3047 5709; x_wconf 86' lang='lat' dir='ltr'><strong>diceret</strong></span> <span class='ocrx_word' id='word_1_998' title='bbox 3070 5697 3083 5722; x_wconf 88' lang='lat'><strong>,</strong></span> <span class='ocrx_word' id='word_1_999' title='bbox 3117 5653 3302 5712; x_wconf 79' lang='lat' dir='ltr'><strong>audire</strong></span> <span class='ocrx_word' id='word_1_1000' title='bbox 3324 5657 3531 5718; x_wconf 87' lang='lat' dir='ltr'><strong>dehuit,</strong></span> <span class='ocrx_word' id='word_1_1001' title='bbox 3559 5658 3674 5710; x_wconf 87' lang='lat' dir='ltr'><strong>dico</strong></span> 
     </span>
    </p>
   </div>
   <div class='ocr_carea' id='block_1_137' title="bbox 2082 5725 3674 5784">
    <p class='ocr_par' dir='ltr' id='par_1_137' title="bbox 2082 5725 3674 5784">
     <span class='ocr_line' id='line_1_143' title="bbox 2082 5725 3674 5784; baseline 0.002 -6"><span class='ocrx_word' id='word_1_1002' title='bbox 2082 5741 2197 5779; x_wconf 87' lang='lat' dir='ltr'><strong>cum</strong></span> <span class='ocrx_word' id='word_1_1003' title='bbox 2246 5736 2467 5780; x_wconf 83' lang='lat' dir='ltr'><strong>ventrem</strong></span> <span class='ocrx_word' id='word_1_1004' title='bbox 2511 5742 2789 5781; x_wconf 65' lang='lat' dir='ltr'><strong>exonerare</strong></span> <span class='ocrx_word' id='word_1_1005' title='bbox 2833 5725 3061 5783; x_wconf 81' lang='lat' dir='ltr'><strong>desieris.</strong></span> <span class='ocrx_word' id='word_1_1006' title='bbox 3106 5726 3220 5782; x_wconf 78' lang='lat' dir='ltr'><strong>lino</strong></span> <span class='ocrx_word' id='word_1_1007' title='bbox 3244 5729 3329 5784; x_wconf 82' lang='lat' dir='ltr'><strong>vel</strong></span> <span class='ocrx_word' id='word_1_1008' title='bbox 3385 5729 3437 5783; x_wconf 92' lang='lat' dir='ltr'><strong>in</strong></span> <span class='ocrx_word' id='word_1_1009' title='bbox 3485 5726 3674 5783; x_wconf 84' lang='lat' dir='ltr'><strong>funere</strong></span> 
     </span>
    </p>
   </div>
   <div class='ocr_carea' id='block_1_138' title="bbox 2083 5796 3679 5871">
    <p class='ocr_par' dir='ltr' id='par_1_138' title="bbox 2083 5796 3679 5871">
     <span class='ocr_line' id='line_1_144' title="bbox 2083 5796 3679 5871; baseline 0.001 -20"><span class='ocrx_word' id='word_1_1010' title='bbox 2083 5796 2250 5865; x_wconf 88' lang='lat' dir='ltr'><strong>ipsius</strong></span> <span class='ocrx_word' id='word_1_1011' title='bbox 2266 5812 2387 5871; x_wconf 78' lang='lat' dir='ltr'><strong>eum</strong></span> <span class='ocrx_word' id='word_1_1012' title='bbox 2409 5813 2471 5852; x_wconf 76' lang='lat' dir='ltr'><strong>es</strong></span> <span class='ocrx_word' id='word_1_1013' title='bbox 2498 5812 2656 5871; x_wconf 85' lang='lat' dir='ltr'><strong>more</strong></span> <span class='ocrx_word' id='word_1_1014' title='bbox 2679 5797 3255 5871; x_wconf 75' lang='lat' dir='ltr'><strong>mimiadhiberentur,</strong></span> <span class='ocrx_word' id='word_1_1015' title='bbox 3291 5810 3503 5871; x_wconf 73' lang='lat' dir='ltr'><strong>mortuo</strong></span> <span class='ocrx_word' id='word_1_1016' title='bbox 3531 5796 3679 5871; x_wconf 81' lang='lat' dir='ltr'><strong>parci</strong></span> 
     </span>
    </p>
   </div>
   <div class='ocr_carea' id='block_1_139' title="bbox 2082 5867 3686 5954">
    <p class='ocr_par' dir='ltr' id='par_1_139' title="bbox 2082 5867 3686 5954">
     <span class='ocr_line' id='line_1_145' title="bbox 2082 5867 3686 5954; baseline 0.001 -29"><span class='ocrx_word' id='word_1_1017' title='bbox 2082 5882 2188 5927; x_wconf 89' lang='lat' dir='ltr'><strong>non</strong></span> <span class='ocrx_word' id='word_1_1018' title='bbox 2210 5870 2403 5943; x_wconf 87' lang='lat' dir='ltr'><strong>potuit,</strong></span> <span class='ocrx_word' id='word_1_1019' title='bbox 2420 5869 2550 5942; x_wconf 85' lang='lat' dir='ltr'><strong>quin</strong></span> <span class='ocrx_word' id='word_1_1020' title='bbox 2569 5875 2793 5931; x_wconf 81' lang='lat' dir='ltr'><strong>utnotat</strong></span> <span class='ocrx_word' id='word_1_1021' title='bbox 2808 5870 3033 5952; x_wconf 70' lang='lat' dir='ltr'><strong>Sueten1</strong></span> <span class='ocrx_word' id='word_1_1022' title='bbox 3058 5883 3110 5930; x_wconf 89' lang='lat' dir='ltr'><strong>c.</strong></span> <span class='ocrx_word' id='word_1_1023' title='bbox 3128 5883 3245 5933; x_wconf 74' lang='lat' dir='ltr'><strong>xxx.</strong></span> <span class='ocrx_word' id='word_1_1024' title='bbox 3273 5867 3419 5954; x_wconf 69' lang='lat' dir='ltr'><strong>Faue</strong></span> <span class='ocrx_word' id='word_1_1025' title='bbox 3442 5867 3686 5931; x_wconf 72' lang='lat' dir='ltr'><strong>archimi-</strong></span> 
     </span>
    </p>
   </div>
  </div>
