4258 6274
328 341 440 403 657
852 337 886 362 λ

1729 337 2268 400 APOLOGETICUS.

3539 347 3647 405 458

329 460 454 534 ipso
483 470 670 518 senatu
689 502 702 525 ,
733 457 802 517 de
831 458 1010 530 equite
1034 500 1050 525 ,
1095 456 1164 514 de
1193 457 1386 514 castris
1409 499 1425 527 ,
1468 457 1537 514 de
1567 457 1780 528 palatiis
1804 458 1937 530 ipsis
1963 461 2016 520 Α
2042 471 2230 514 omnes
2257 456 2330 513 illi
2360 456 2460 514 sub
2480 457 2594 529 ipsa
2609 469 2778 529 usque
2795 457 3081 529 impietatis
3103 459 3383 530 eruptione
3406 470 3459 518 et
3484 477 3639 520 sacra

330 553 504 623 spirat
533 555 634 625 (t).
669 550 818 608 Unde
843 549 1053 618 Cassii,
1100 557 1156 604 et
1177 547 1324 620 Nigri
1347 557 1401 604 et
1429 547 1608 604 Albini
1631 547 1747 619 (a)?
1790 549 1934 604 unde

332 647 424 717 qui
444 647 582 702 inter
607 645 738 700 duas
761 645 944 699 laurus
970 642 1046 712 (b)
1073 640 1324 697 obsident
1349 641 1646 697 Caesarem?
1677 641 1816 698 unde
1843 643 1934 713 qui

331 736 574 794 faucibus
602 738 684 810 (2)
717 737 832 808 ejus
875 735 1241 808 exprimendis
1268 735 1625 807 palaestricam
1656 736 1934 792 exercent?

331 831 474 888 unde
516 833 606 904 qui
653 832 841 887 armati
886 831 1141 902 palatium
1187 831 1509 900 irrumpunt,
1563 828 1812 884 omnibus
1853 829 1933 900 (c)

329 925 552 999 Sigeriis
581 924 658 998 (ὅ)
691 933 854 995 atque
881 921 1182 978 Partheniis
1206 921 1560 977 audaciores?
1607 921 1682 976 De
1726 921 1930 977 Roma-

329 1022 417 1078 nis
439 1062 452 1089 ,
482 1019 585 1077 nisi
611 1018 794 1088 fallor,
829 1018 880 1073 id
905 1025 989 1074 est
1008 1015 1076 1074 de
1099 1014 1573 1073 non-Christianis.
1602 1016 1776 1086 Atque
1793 1015 1928 1072 adeo

2036 549 2301 606 faciebant
2343 549 2420 621 (ά)
2461 564 2558 620 pro
2583 549 2754 604 salute
2780 548 3154 620 Imperatoris,
3184 562 3239 607 et
3279 553 3493 623 genium
3525 555 3642 626 ejus

2037 642 2350 712 deierabant
2375 684 2390 710 ,
2421 643 2508 697 alii
2535 641 2663 697 foris
2692 641 2765 714 (θ)
2789 658 2802 708 ;
2845 642 2936 697 alii
2968 643 3110 697 intus
3134 684 3148 709 ,
3173 653 3228 700 et
3254 645 3435 715 utique
3462 647 3634 715 publi-

2036 750 2221 792 corum
2253 735 2484 791 hostium
2509 750 2710 790 nomen
2741 733 3061 790 Christianis
3082 734 3297 790 dabant.
3331 736 3436 792 Sed
3466 747 3520 793 et
3549 741 3640 810 qui

2036 845 2179 886 nunc
2195 830 2543 886 scelestarum
2560 828 2788 899 partium
2813 829 2944 884 socii
2971 836 3061 883 aut
3076 829 3354 900 plausores
3378 831 3393 897 (
3403 833 3446 902 Ῑ)
3473 833 3642 902 quoti-

2035 923 2123 980 die
2139 925 2461 992 revelantur,
2479 922 2932 995 postvindemiam
2947 922 3336 993 parricidarum
3353 929 3647 984 racematio

2031 1028 2309 1091 superstes
2332 1060 2348 1087 ,
2379 1033 2540 1091 quam
2579 1017 2967 1074 recentissimis
2993 1025 3052 1073 et.
3071 1017 3406 1074 ramossimis
3445 1018 3642 1080 laureis

1564 1131 1944 1192 LECTIONES
1984 1135 2395 1193 VARIANTES.

397 1253 464 1380 μζ
497 1247 944 1368 Ἐς.
973 1249 1235 1362 ἐιπῇᾘά
1273 1243 1453 1314 reliqui
1492 1259 1694 1300 oautes:
1723 1248 1923 1312 spirant.

414 1310 464 1368 2i
497 1315 648 1368 Eheu.
673 1319 717 1365 et
749 1310 916 1364 Aldus
927 1325 944 1363 :
973 1310 1198 1362 fascibus.

2109 1249 2172 1313 (ὅ)
2211 1249 2313 1300 Gel.
2333 1284 2349 1309 ,
2389 1249 2575 1313 Gaugn.
2598 1287 2612 1310 ,
2643 1246 2850 1313 Herald.
2883 1249 3387 1313 :_Stepbanis;,codd.
3413 1265 3454 1302 s.
3482 1257 3637 1307 omni-

2037 1309 2386 1379 busSigeriis,
2411 1325 2453 1362 s.
2478 1309 2609 1362 omn.
2637 1319 2723 1362 tot.
2750 1311 2856 1375 Sig.
2884 1310 2958 1375 Cf:
2983 1309 3130 1362 Mart.
3156 1309 3312 1376 epigr.
3337 1315 3387 1376 4,
3412 1315 3490 1365 78.

1698 1414 2256 1475 COMMENTARIUS.

489 1537 543 1588 Si
568 1549 781 1593 pensare
802 1535 989 1585 animas
1006 1535 1030 1583 ?
1051 1534 1278 1583 sinerent
1298 1530 1515 1593 crudelia
1541 1531 1652 1593 fata,

587 1607 607 1649 t
630 1605 796 1662 posset
815 1596 990 1646 redimi
1014 1604 1176 1662 morte
1195 1593 1354 1643 aliena
1381 1592 1514 1643 salus
1539 1608 1552 1642 :

481 1656 935 1722 Quantulacumque
951 1669 1076 1706 mea:
1099 1657 1344 1722 debentur
1363 1663 1583 1722 tempora
1607 1656 1738 1716 vitae,

544 1723 838 1772 Pensassem
854 1715 951 1782 ἰιι-ο
975 1726 1062 1782 te,
1080 1730 1193 1766 cara
1213 1715 1496 1782 Homonzea,
1523 1716 1703 1782 libens,

324 1785 514 1841 Exstat
533 1783 810 1852 inscriptio
833 1780 1016 1836 Romae
1053 1780 1102 1834 in
1127 1780 1411 1852 cardinalis
1433 1781 1584 1852 C(elii
1615 1780 1802 1852 hortis.
1834 1793 1924 1836 re-

323 1856 533 1927 fertque
559 1849 711 1927 illam:
746 1852 1006 1927 Gruterus
1029 1859 1090 1927 et
1129 1850 1218 1905 alii
1241 1849 1926 1927 _inscri_pt._l_iIulti_vero

322 1921 546 1982 Codices
584 1924 710 1982 editi
735 1966 751 1993 ,
775 1931 836 1979 ut
873 1921 995 1977 Ald.
1029 1922 1204 1978 Rhen.
1238 1921 1389 1977 MSS.
1419 1932 1480 1977 ut
1508 1921 1665 1977 Fuld.
1694 1935 1748 1979 et
1773 1923 1831 1978 L.
1861 1923 1922 1979 Β.

325 1996 561 2052 habent:

399 1999 561 2053 bent:

476 2086 556 2138 De
583 2087 766 2138 nostris
789 2087 930 2136 annis
953 2081 1134 2150 augeat
1157 2085 1249 2135 tibi
1271 2081 1465 2147 Jupiter
1490 2097 1659 2136 annos.

397 2171 475 2243 (ιι)
496 2169 641 2227 Unde
657 2169 840 2243 Cassii.
856 2169 1131 2243 Pariterin
1150 2167 1244 2222 lib.
1263 2169 1394 2243 I._a_d
1415 2167 1713 2243 N:_it._c._i7.
1732 2170 1932 2239 Agnos-

323 2237 488 2297 cioiu's
514 2258 633 2296 sane
659 2240 940 2295 Romanam
967 2241 1019 2312 in
1044 2238 1270 2312 Ctesares
1293 2240 1493 2312 ﬁdem!
1510 2237 1674 2312 Nulla
1705 2237 1928 2312 unquam

324 2313 614 2384 conjuratio
633 2313 804 2384 erupit
823 2354 838 2378 ,
867 2311 1121 2384 nulluslin
1153 2309 1348 2384 Senatu
1377 2311 1452 2366 vel
1479 2311 1544 2384 in;
1568 2311 1774 2384 palatiis
1786 2309 1926 2384 ipsis

327 2380 594 2454 sanguinis
621 2380 744 2454 (leg.
775 2381 1004 2454 sanguis)
1038 2381 1466 2454 Cwsarisnotam
1509 2382 1618 2454 [imit
1637 2381 1662 2433 ?
1690 2380 1853 2454 Nulla
1873 2386 1926 2438 in

327 2400 594 2454 sanguinis
621 2398 655 2453 tl
731 2424 744 2437 .
775 2398 1004 2454 sanguis)
1038 2398 1254 2436 Ctesarrs
1294 2398 1466 2435 natam
1509 2398 1662 2449 fixit!
1690 2398 1853 2436 nulla
1873 2400 1918 2438 in

321 2453 611 2509 Provinciis
630 2398 867 2521 aﬁctata
895 2454 1172 2523 majeslas?
1201 2451 1383 2523 Adhuc
1416 2451 1587 2522 Syria:
1614 2453 1918 2508 cadaverum

319 2527 559 2596 odoribus
591 2527 784 2596 spirant
812 2522 1014 2578 :udhuc
1063 2522 1247 2578 Galliw
1275 2522 1524 2596 Rhodano
1553 2540 1645 2596 suo
1689 2540 1789 2596 non
1836 2523 1917 2596 ιιι-τ

319 2607 460 2651 uaut.
509 2595 576 2652 Et
618 2593 722 2666 huc
770 2605 1012 2666 spectant
1054 2596 1140 2650 illa
1183 2609 1301 2666 qua)
1328 2593 1545 2648 adducit
1593 2594 1644 2648 in
1690 2595 1783 2666 lib.
1833 2595 1915 2651 Ad

316 2667 536 2737 Martyr.
564 2681 614 2722 c.
640 2665 727 2721 VI.
764 2665 845 2722 Aid
869 2667 962 2720 hoc
988 2666 1191 2737 quidem
1219 2665 1298 2737 vel
1323 2666 1589 2735 praesentia
1618 2665 1760 2720 nobis
1790 2674 1914 2720 tem-

328 2736 778 2809 pora’documenta
805 2738 926 2809 sint,
957 2736 1158 2809 quanta:
1179 2736 1450 2806 qualesque
1485 2751 1714 2809 persona:
1749 2738 1915 2808 inopi-

317 2807 462 2865 natos
490 2809 773 2874 natalibus,
805 2817 850 2863 et
880 2807 1224 2879 dignitatibus,
1251 2816 1296 2860 et
1314 2807 1606 2876 corporibus
1627 2849 1641 2874 ,
1673 2817 1722 2879 et
1743 2807 1908 2863 artati-

320 2881 408 2935 bus
435 2881 540 2936 suis
561 2921 575 2941 ,
609 2880 776 2934 exitus
801 2878 1024 2950 referunt
1047 2922 1063 2946 ,
1092 2879 1309 2932 hominis
1335 2895 1490 2931 causa
1516 2894 1535 2932 .'
1561 2887 1648 2931 aut
1673 2878 1734 2932 ab
1762 2881 1872 2950 ipso
1890 2922 1905 2946 ,

315 2953 361 3006 si
385 2961 561 3006 contra
577 2967 693 3022 eum
723 2951 954 3022 fecerint,
985 2959 1073 3004 aut
1100 2951 1163 3004 ab
1184 2950 1486 3003 adversariis
1513 2951 1644 3018 ejus,
1677 2951 1718 3005 si
1739 2967 1832 3021 pro
1852 2967 1908 3004 eo

315 3025 560 3077 steterint.
595 3021 732 3077 Hav.

385 3094 466 3164 (b)
495 3091 638 3148 Inter
663 3093 792 3146 duas
819 3091 1016 3146 laurus.
1058 3091 1235 3164 Innuit
1274 3092 1567 3164 lauretum,
1610 3106 1716 3161 quo
1741 3106 1911 3164 seces-

316 3162 458 3219 serat
483 3164 810 3220 Cmnmodus
829 3165 970 3219 aeris
1000 3162 1316 3216 salubrioris
1343 3163 1512 3232 gratia
1534 3202 1549 3226 ,
1580 3176 1702 3216 cum
1735 3164 1785 3216 in
1806 3162 1908 3219 Ur-

316 3235 384 3290 be
415 3235 714 3306 pestilentia
740 3243 1092 3306 grassaretur.
1127 3232 1415 3306 Historiam
1437 3243 1625 3306 narrat
1656 3234 1906 3289 lleroitia-

315 3277 787 3361 ἦῖιέᾞῖἱῗῖῗὶίῖιιῖ
803 3277 1294 3374 "agemussi;
1311 3277 1638 3359 ’ῡῖὺῖζὶιίῑῇ
1656 3277 1907 3360 magna
1932 3277 1976 3338 C

314 3375 536 3432 Laut-eti
567 3376 780 3445 majoris
824 3386 877 3429 et
904 3376 1114 3430 Laureti
1148 3374 1616 3445 minoris.__Er:_int
1641 3375 1750 3429 duo
1779 3377 1902 3430 luci.

315 3447 391 3502 Et
422 3448 474 3502 in
498 3442 718 3518 vetustis
741 3447 1132 3518 martyrologiis
1158 3446 1371 3518 legitur,
1395 3443 1484 3500 III.
1518 3442 1770 3518 Ιάεᾼιιῃ.
1797 3446 1908 3500 Ro-

315 3461 391 3502 m
422 3465 474 3502 III
498 3461 718 3502 vetusus
741 3461 1132 3570 martyretoglus
1158 3461 1371 3516 tegitur,
1396 3461 1484 3500 ιιι.
1518 3461 1607 3499 ια.
1633 3461 1770 3516 Aug.
1797 3461 1908 3500 tto-

313 3535 416 3573 nue
460 3519 592 3572 inter
642 3516 770 3571 duas
813 3518 981 3571 lauros
1089 3517 1257 3570 iburtii
1318 3516 1558 3586 martyris
1599 3517 1904 3572 Chronicon
1945 3531 1952 3536 '

311 3587 854 3650 Alexandrinum,ubi
883 3588 948 3642 de
963 3584 1468 3659 Valentinianilmpl
1492 3602 1642 3649 nece,
1666 3594 1840 3659 ἐσφάγη
1867 3597 1912 3643 ἐν

311 3667 461 3733 Ρώμῃ
488 3669 626 3733 μέσον
647 3662 732 3733 Αὸὗο
762 3664 954 3733 δοιῃιτρνἐ
970 3659 1059 3714 Sic
1071 3668 1124 3714 et
1147 3658 1284 3730 apud
1306 3657 1535 3723 Livium,
1557 3659 1648 3713 lib.
1673 3659 1711 3713 I.
1737 3657 1912 3716 Lucus

313 3728 456 3792 inter
481 3732 617 3786 duos
643 3728 980 3792 liicos.BIG.

387 3802 462 3874 (c)
518 3800 750 3873 Sigeriis.
780 3789 912 3856 Male
939 3799 1092 3856 multi
1113 3799 1177 3853 V.
1203 3799 1387 3874 D.‘hoc
1405 3809 1680 3874 mutarunt
1709 3801 1759 3854 in
1793 3800 1909 3874 Ste-

316 3871 523 3942 phanis,
552 3871 673 3927 cum
702 3888 806 3926 non
838 3881 1042 3942 tantum
1060 3885 1248 3925 omnes
1264 3871 1386 3925 libri
1405 3871 1550 3926 MSS.
1572 3873 1912 3926 consentiant

314 3941 366 3998 in
401 3945 513 4009 illo,
537 3943 631 3998 sed
655 3944 816 3997 etiam
845 3941 1153 4012 Xiphilinus
1171 3943 1309 3996 inter
1326 3942 1631 4007 coojuratos
1651 3944 1701 3996 in
1728 3943 1909 3997 Domi-

316 4015 445 4068 tiani
474 4023 632 4082 caput
660 4014 804 4068 clare
825 4012 1090 4082 Sigerium
1116 4021 1394 4084 numeret;
1419 4012 1678 4084 Martialis
1699 4029 1913 4084 quoque

315 4099 436 4150 cum
464 4084 752 4140 Parthenio
772 4084 1056 4154 conjungat
1084 4085 1177 4137 lib.
1211 4083 1299 4138 IV.
1331 4086 1488 4154 epist.
1516 4083 1607 4140 88.

466 4174 530 4226 Et
550 4188 693 4225 sacro
713 4175 886 4225 decies
907 4176 1100 4237 repetis
1124 4173 1298 4237 palatia
1323 4173 1463 4234 clivo,

531 4237 849 4302 Sigeriosque
875 4250 1040 4286 meros
1063 4236 1455 4300 Partheniosque
1479 4249 1640 4288 sonas.

313 4331 370 4375 nt
393 4329 540 4377 recte
569 4322 778 4376 notavit
801 4319 1160 4376 Gothofredus
1181 4321 1246 4375 ad
1281 4321 1370 4375 lib.
1404 4323 1456 4376 1.
1488 4323 1566 4375 Ad
1594 4322 1712 4376 Nat.
1741 4336 1790 4376 c.
1826 4323 1912 4378 I7.

314 4391 394 4447 Illi
431 4393 574 4448 enim
607 4393 805 4447 intimze
825 4391 1165 4446 admissionis
1193 4401 1347 4446 erant
1374 4393 1512 4460 apud
1535 4393 1911 4448 Domitianum.

314 4473 373 4516 ut
391 4462 549 4518 docet
573 4461 899 4532 Xiphilinus,
929 4475 983 4518 et
1011 4464 1106 4516 viri
1137 4478 1341 4532 magmr
1371 4464 1723 4526 auctoritatis,
1746 4467 1915 4517 maxi-

313 4536 526 4602 misque
547 4549 575 4588 a
603 4534 816 4589 Caesare
847 4532 1117 4588 beneﬁciis
1147 4533 1316 4588 allecti
1336 4575 1352 4598 ,
1376 4551 1540 4602 quare
1572 4536 1691 4589 illos
1725 4537 1910 4590 maluit

2034 1535 2254 1606 elegans
2288 1534 2529 1606 Lucianig
2555 1533 2840 1606 Dialogus,
2873 1535 2960 1606 qui
2996 1535 3299 1591 inscribitur
3329 1537 3628 1606 Tyrannus.

2035 1556 2254 1606 elegans
2290 1556 2506 1590 LUCIEIIII
2556 1556 2840 1604 matogus,
2873 1556 2960 1606 qtu
2996 1556 3299 1591 IIISCI'IDIIIII'
3337 1556 3361 1592 ι
3410 1556 3626 1599 rannus.

2035 1606 2107 1682 ibi
2127 1606 2378 1661 Clothoni
2411 1605 2478 1660 de
2505 1604 2644 1682 ﬁctis
2673 1605 2858 1660 amicis
2884 1606 2994 1660 suis
3021 1607 3310 1675 respondet
3340 1556 3626 1682 Myegapen-

2033 1676 2151 1731 thes
2183 1695 2194 1729 ε
2229 1684 2329 1732 Καὶ
2367 1688 2463 1745 μὴν
2503 1680 2765 1738 σπευδοντες
2811 1682 2858 1729 ἰν
2896 1691 2992 1737 τοῖς
3036 1689 3313 1744 συμποσίοις
3356 1676 3458 1736 θιέ.
3494 1676 3537 1738 ἶ.
3576 1701 3628 1740 8.

2032 1750 2195 1817 Atque
2234 1749 2279 1803 si
2321 1748 2535 1820 quando,
2557 1748 2608 1800 in
2637 1748 2877 1820 conviciis
2913 1764 2977 1802 ea:
3014 1764 3153 1820 more
3177 1751 3349 1804 vinum
3378 1752 3628 1820 libarent,

2033 1835 2220 1890 magna
2259 1836 2375 1874 voce
2401 1819 2571 1873 omnia
2615 1818 2740 1890 mihi
2778 1818 2910 1872 bona
2954 1818 3478 1887 precabantur,'adeo
3505 1834 3558 1877 ut
3585 1818 3631 1880 si

1955 1901 2003 1961 B
2033 1889 2145 1959 ﬁeri
2189 1899 2382 1959 posset,
2418 1889 2763 1962 unusquisque
2786 1906 2961 1942 eorum
2999 1891 3149 1943 etiam
3176 1908 3269 1962 pro
3307 1910 3385 1946 me
3419 1904 3631 1951 mortem

2032 1962 2200 2015 subire
2228 1971 2436 2032 paratus
2474 1969 2618 2036 esset.
2649 1959 2730 2036 ln_
2752 1977 2989 2036 summa,
3021 1977 3109 2036 p_e_r
3136 1959 3266 2036 nihil
3299 1965 3443 2018 aliud
3476 1982 3627 2036 quam

2033 2049 2125 2102 per
2165 2031 2344 2086 nomen
2388 2048 2554 2085 meum
2584 2031 2852 2098 jurabant.
2894 2031 2990 2102 Cui
3036 2031 3227 2087 Clotho
3266 2050 3453 2090 rursus
3487 2031 3500 2090 Ξ
3529 2062 3633 2092 τοι·

2029 2099 2199 2177 papas.
2225 2103 2415 2173 παρ’ἇνὶ
2432 2106 2589 2177 ubi-av
2617 2111 2720 2156 etc.
2751 2102 2787 2156 i.
2814 2099 3175 2177 e._P_ropterea
3201 2120 3262 2158 ea:
3285 2121 3447 2172 caena,
3474 2124 3628 2177 quam

2031 2173 2140 2247 heri
2169 2173 2528 2247 cumquodam
2562 2189 2734 2247 eorum
2757 2173 3183 2247 __cepi_sti,‘sta_tim
3210 2187 3420 2247 mortem
3464 2173 3626 2247 oppe-

2032 2245 2175 2300 tiisti.
2195 2245 2297 2312 Qui
2318 2243 2469 2299 idem
2497 2243 2564 2298 de
2595 2243 2932 2313 haeredipetis
2960 2243 3209 2299 similiter
3239 2246 3288 2300 in
3318 2247 3450 2301 Dial.
3468 2243 3621 2305 Mort.

2031 2314 2171 2371 Plut.
2204 2326 2256 2372 et
2287 2315 2448 2370 Merc.
2483 2315 2569 2370 ubi
2597 2315 2833 2369 ostendit
2853 2323 3032 2368 votum
3063 2329 3184 2370 esse
3204 2315 3414 2372 illorum
3441 2329 3499 2374 ut
3517 2321 3626 2376 cito

2030 2401 2197 2442 senex
2237 2386 2388 2442 dives
2434 2387 2711 2442 moriatur.
2743 2385 2892 2452 Quod
2919 2394 3116 2452 tamen,
3149 2387 3358 2456 inquit,
3401 2392 3628 2447 omnium

2022 2458 2460 2513 sceleratissimum
2487 2467 2591 2523 est,
2624 2456 2813 2510 interea
2841 2473 2952 2510 cum
2981 2457 3104 2510 talia
3136 2469 3426 2526 precantur,
3457 2471 3624 2518 tanien

2022 2529 2284 2584 observant
2329 2540 2380 2602 et
2433 2528 2604 2602 colunt
2641 2528 2907 2602 manifeste
2951 2528 3119 2595 utique
3168 2528 3336 2602 illum.
3388 2531 3460 2586 Ac
3508 2549 3625 2602 qute

2019 2611 2297 2671 tegrotante
2320 2601 2410 2654 illo
2429 2599 2572 2667 apud
2597 2615 2651 2654 se
2677 2599 2962 2671 consultent
2985 2641 3000 2664 ,
3047 2615 3192 2652 nemo
3222 2601 3422 2670 ignorat
3448 2619 3467 2668 ;
3493 2599 3624 2658 atta-

2017 2669 2132 2796 non
2150 2672 2531 2742 sacriﬁcaturos
2560 2687 2670 2725 sese
2691 2669 3007 2740 promittunt,
3038 2671 3081 2722 si
3102 2669 3414 2744 convalescat
3437 2675 3622 2729 denuo.

2070 2758 2164 2796 sv.

2070 2758 2164 2798 AV.

2091 2814 2170 2884 (e)
2196 2813 2295 2868 Alii
2306 2812 2451 2884 foris.
2470 2811 2727 2868 Inserviat
2743 2810 2853 2884 hoc
2870 2809 3186 2884 illustrando
3211 2821 3265 2868 et
3287 2813 3624 2872 emendando

2008 2882 2248 2958 libro'Ad
2266 2882 2431 2958 biant
2448 2886 2466 2939 I
2481 2925 2494 2938 .
2511 2899 2628 2958 cap.
2649 2882 2841 2958 undec.
2869 2882 3100 2958 ubipost
3129 2883 3328 2958 hiatum
3352 2885 3588 2958 legitur..
3606 2929 3618 2942 .

2012 2953 2242 3024 Parcite,
2268 2955 2362 3010 Dei
2385 2956 2722 3026 impudentes,
2746 2953 3053 3026 lactantibus
3078 2956 3277 3026 sponsis
3303 2953 3446 3010 nemo
3463 2959 3619 3012 inter-

2012 3027 2249 3092 venit,...
2278 3025 2492 3096 quorum
2526 3034 2695 3080 votum
2719 3033 2794 3079 est
2824 3025 2960 3096 foris
2978 3025 3250 3096 gaudentes
3297 3029 3612 3081 erubescunt.

2012 3093 2546 3164 Lacunam'priorem
2591 3111 2695 3150 non
2729 3093 2897 3162 tangit
2924 3093 3284 3149 Gothofredus
3305 3139 3317 3160 ,
3353 3101 3614 3164 posterio-

2015 3183 2129 3238 rem
2154 3167 2365 3238 supplet
2393 3182 2486 3234 per
2511 3167 2622 3238 illi,
2664 3175 2718 3220 et
2739 3173 2794 3219 τὸ
2831 3167 2958 3233 foris
2986 3165 3216 3238 esplieat
3240 3166 3307 3220 de
3351 3168 3456 3238 iliis
3526 3169 3620 3238 qui

2016 3237 2148 3293 foris
2184 3234 2379 3308 lzeiitiaa
2411 3236 2644 3308 nuptiali
2675 3244 2992 3308 operantur.
3025 3234 3335 3308 Perpcram.
3383 3235 3458 3290 Ita
3511 3234 3622 3293 res.

2012 3309 2144 3365 titue
2165 3327 2177 3361 :
2200 3307 2444 3362 Humano
2461 3302 2647 3377 pudori
2663 3302 2993 3379 parciteyliei
3025 3307 3476 3379 impudentes,etc.
3496 3309 3616 3379 ipsi,

2017 3397 2233 3449 quorum
2252 3390 2421 3450 votum
2450 3375 2552 3450 est,
2567 3387 2673 3433 etc.
2699 3375 2834 3450 Dicit
2863 3377 3004 3429 enim
3037 3376 3157 3430 illos
3185 3378 3350 3446 ipsos,
3379 3380 3468 3447 qui
3490 3375 3618 3450 gum

2015 3448 2162 3505 dium
2195 3449 2322 3505 illud
2355 3449 2591 3518 nuptiale
2625 3448 2804 3502 animo
2845 3457 3176 3520 praesumunt
3214 3458 3267 3520 et
3300 3451 3456 3502 tacite
3481 3448 3617 3520 gau-

2015 3521 2180 3587 dent,
2208 3522 2275 3575 ad
2323 3514 2633 3589 praetextata
2665 3514 2860 3572 tamen
2889 3517 3048 3589 verba
3097 3514 3433 3589 l'ascivosque
3460 3514 3612 3588 jocos

2015 3593 2146 3660 foris
2177 3587 2371 3647 rubore
2397 3589 2656 3652 sulIundi,
2691 3587 2960 3660 quomodo
2986 3587 3315 3660 devirginata
3345 3587 3430 3644 illa
3459 3587 3602 3660 apud

2015 3656 2357 3719 Theocritum
2383 3662 2551 3730 puella
2575 3656 2727 3731 Idyll.
2752 3656 2965 3714 XXVII.
2999 3658 3087 3713 68.

2229 3756 2261 3805 II
2285 3767 2363 3815 μὶν,
2377 3765 2589 3816 ὰνιτρομινη
2607 3759 2765 3814 διάστιιι
2787 3761 2886 3811 μάλα
2908 3761 3078 3809 vqubuv,

2230 3818 2398 3878 om.
2414 3824 2602 3876 uiscum,
2625 3821 2752 3876 main
2768 3821 2810 3862 δι
2827 3824 2861 3861 οι
2881 3818 2984 3861 Mm
3005 3823 3122 3871 ιάνθη-

2015 3899 2053 3956 i.
2081 3915 2130 3956 c.
2161 3898 2380 3970 Ipsaque
2406 3897 2874 3970 cumhsurrearisset,
2910 3893 3012 3946 ibat
3037 3894 3265 3970 adbites
3294 3897 3574 3970 pascendos
3595 3939 3609 3964 ,

2016 3973 2173 4026 oculis
2194 3965 2407 4042 'rpudore
2445 3967 2684 4037 suffusis;
2722 3983 2809 4020 cor
2853 3975 3022 4018 autem
3071 3965 3147 4018 illi
3187 3965 3324 4020 intus
3352 3969 3609 4036 gestiebat.

2018 4042 2154 4099 Hav.

2091 4114 2160 4184 (Γ)
2195 4112 2494 4184 Pluusores.
2517 4110 2552 4164 i.
2580 4125 2632 4184 e.
2667 4109 2931 4184 fautores.
2959 4107 3318 4184 auxiliatores,
3347 4109 3429 4162 vel
3464 4118 3611 4165 certe

2021 4177 2162 4240 idem
2185 4193 2450 4254 optantes.
2478 4183 2551 4236 De
2579 4181 2846 4254 Pmnit._c.
2873 4177 2940 4254 X_.
2967 4177 3104 4240 Quid
3125 4190 3377 4254 consortes
3401 4197 3610 4234 casuum

2022 4249 2295 4310 tuorum'et
2329 4255 2586 4324 plausores
2613 4252 2786 4324 fugis?
2812 4251 2877 4324 ita
2922 4249 2949 4300 le
2972 4263 3072 4316 ge,
3099 4264 3200 4301 non
3233 4259 3286 4300 ut
3321 4249 3606 4317 plausores.

2020 4326 2092 4381 ibi
2120 4327 2262 4379 enim
2306 4320 2372 4379 de
2421 4320 3066 4377 auiorc’tihrisuanorum
3091 4331 3293 4381 mutuo,
3328 4329 3381 4374 ct
3426 4336 3607 4376 sacra-

2019 4407 2198 4451 mento
2224 4395 2363 4464 quod
2406 4410 2592 4447 onlnes
2616 4392 2830 4446 Christo
2857 4389 3088 4464 diximus
3107 4431 3120 4452 ,
3151 4391 3341 4458 agitur.
3375 4391 3455 4464 Et
3477 4393 3608 4445 satis

2017 4459 2308 4522 crudeliter
2343 4465 2659 4519 medicinam
2700 4460 3006 4515 exercuisse
3034 4459 3322 4517 Severum.
3354 4462 3608 4515 multum-

2015 4554 2119 4608 que
2149 4539 2201 4591 in
2225 4551 2295 4608 eo
2321 4545 2518 4588 naturae
2552 4533 2806 4608 periisse,
2835 4531 2975 4599 quod
3002 4539 3146 4584 vetat
3177 4529 3392 4584 Publius
3415 4532 3602 4601 Syrus,

313 4604 1006 4700 nominiare.Tertullianus,
1036 4620 1193 4700 qualm
1226 4605 1510 4700 ignphiletn
1539 4604 1866 4674 Stephanum
1887 4647 1901 4667 .
1931 4641 1985 4700 D
2014 4602 2264 4665 editionis
2287 4619 2481 4660 nosth
2512 4602 2666 4659 versu
2693 4602 2818 4657 565.

313 4675 407 4748 qui
434 4676 635 4748 roboris
661 4691 820 4748 causa
851 4686 1052 4748 tantum
1083 4677 1152 4748 ad
1172 4677 1593 4748 interliciendum
1619 4687 1902 4748 tyrannum

311 4744 588 4802 immissus
609 4756 709 4801 est.
733 4744 886 4800 Unde
920 4747 1080 4801 etiam
1111 4745 1273 4801 Hadr.
1302 4746 1462 4800 Junio
1489 4744 1754 4801 assentior
1779 4762 1901 4800 cor-

312 4819 508 4888 rigenti
548 4818 684 4887 apud
709 4817 933 4871 Martial.
963 4818 1012 4870 in
1045 4817 1401 4886 Apophoretis
1425 4834 1510 4886 ep.
1545 4819 1604 4873 C.
1643 4816 1899 4871 LXXXII.

313 4887 561 4958 Sigillum
605 4887 774 4958 Sigeri
817 4888 1173 4958 ﬁctileamalo
1216 4889 1282 4942 ibi
1316 4897 1492 4941 tamen
1539 4889 1757 4958 Sigerii,
1810 4904 1904 4956 pro

315 4947 527 5014 Giberii.
551 4947 952 5012 (h-térum'cnm
988 4957 1076 5012 Fr.
1103 4957 1260 5013 Junio
1283 4960 1434 5012 l'acile
1467 4947 1758 5022 persuadeo
1778 4947 1903 5011 uiihi

311 5027 580 5099 Sigerinm
614 5032 752 5083 hunc
791 5046 1101 5098 geunanuin
1133 5030 1315 5093 fuisse,
1348 5045 1468 5083 eum
1495 5033 1737 5093 cimstct,
1769 5029 1907 5083 inter

312 5101 434 5154 illos
456 5100 666 5154 Batavis
683 5103 733 5154 in
755 5101 1008 5170 principis
1024 5101 1262 5155 custodia
1286 5102 1514 5154 nnuimc
1530 5101 1703 5154 locum
1723 5100 1902 5154 tuisse.

314 5170 429 5226 Imo
454 5171 535 5242 vel
571 5169 778 5225 ft'isiutn
820 5170 984 5226 fuiSse
1009 5174 1273 5241 suspiciir,
1302 5173 1439 5240 apud
1466 5188 1600 5242 quos
1636 5174 1714 5226 vel
1748 5172 1906 5224 liniti.

313 5257 435 5296 mos
459 5241 832 5312 Groninganos
863 5259 968 5296 non
1002 5252 1206 5296 tantum
1236 5244 1422 5296 crebra
1452 5241 1755 5297 adhucdum
1784 5251 1909 5297 sunt

312 5315 610 5382 composita
654 5317 750 5367 ista
795 5315 1032 5368 nomina.
1070 5313 1398 5384 Sigel'ridus,
1432 5314 1770 5384 Sigcbertus,
1813 5312 1907 5368 sed

315 5387 607 5438 etiamnum
637 5384 966 5439 nobilissima
991 5393 1144 5438 vetus
1159 5393 1240 5438 est
1270 5383 1467 5439 familia
1499 5383 1806 5454 Sigerorum
1827 5383 1912 5438 vel

313 5454 643 5525 Sigei-iurum
690 5454 882 5525 Sigers.
907 5454 1039 5510 Cum
1069 5470 1196 5510 vero
1230 5456 1282 5508 in
1314 5456 1561 5509 omnibus
1602 5454 1714 5509 fere
1759 5454 1907 5508 MSS.

313 5535 490 5597 exstet
513 5535 584 5579 tot
605 5524 838 5597 Sigeriis,
863 5526 1003 5582 unde
1026 5526 1370 5596 depravatum
1390 5526 1441 5580 in
1463 5525 1526 5579 L.
1553 5526 1613 5578 Β.
1630 5535 1698 5578 tot
1717 5525 1911 5594 Siquis,

312 5596 358 5650 si
409 5613 513 5650 non
559 5613 654 5664 pro
673 5596 916 5650 omnibus
967 5609 1022 5652 ut
1051 5599 1193 5650 varia
1238 5597 1396 5651 lectio
1447 5597 1728 5650 substituto
1779 5597 1911 5658 fuit,

314 5679 514 5738 prmter
551 5667 855 5722 nominatos
887 5669 1020 5723 istos
1045 5668 1181 5722 duos
1203 5668 1362 5722 etiam
1392 5681 1757 5738 quoscumque
1783 5666 1916 5720 alios

314 5737 594 5865 Ecludill,‘
615 5741 705 5810 qui
734 5739 892 5794 simili
921 5739 1132 5795 scelere
1161 5738 1494 5809 majestatem
1528 5737 1778 5807 principis
1807 5738 1918 5791 vio-

373 5821 520 5862 runt.
601 5825 690 5865 sv.

373 5821 520 5862 l'lIlll.
556 5821 690 5865 ΙιΑν.

388 5879 472 5951 (d)
503 5879 668 5936 Sacra
697 5879 948 5951 faciebant
974 5896 1066 5952 pro
1098 5881 1160 5938 S.
1191 5877 1275 5954 1.]
1305 5880 1531 5939 Omnino
1568 5879 1674 5938 huc
1693 5880 1924 5953 pertinet

561 5972 1032 6038 Τειιτυιιιλῐιι.
1061 5972 1111 6036 ι.
1767 6033 1794 6039 -

1979 5536 2143 5579 .esset
2213 5521 2675 5590 interficiendorum
2743 5531 2978 5590 nutrierus
3032 5554 3046 5575 ,

2163 4697 2286 4747 Mala
2310 4701 2386 4746 est
2405 4694 2646 4744 medicina
2673 4692 2759 4741 ubi
2779 4687 2958 4750 aliquid
2986 4693 3158 4737 natura
3188 4688 3332 4750 perit.

2009 4782 2140 4838 Item
2171 4795 2331 4836 versu
2357 4778 2487 4833 247.
2840 4837 2842 4840 _

2165 4871 2394 4923 Graviora
2413 4867 2634 4933 quaedam
2655 4871 2769 4914 sunt
2792 4861 3016 4912 remedia
3041 4859 3290 4922 periculis.

2008 4958 2148 5014 Satis
2177 4957 2355 5012 testari
2387 4962 2562 5025 potest
2588 4951 2802 5025 sapiehs
2823 4946 3112 5025 consilium
3135 4945 3290 5025 Cetai
3309 4943 3422 5010 ﬁlii,
3447 4945 3610 5025 fratre

2010 5029 2267 5084 Bassiano
2297 5017 2402 5081 vita
2447 5036 2503 5080 et
2536 5017 3038 5098 imperioudignior:
3086 5017 3398 5071 Adscribam
3445 5017 3606 5098 verba

2010 5099 2276 5169 Spartiani
2307 5098 2359 5152 in
2390 5099 2506 5169 vita,
2543 5089 2662 5164 ejus
2682 5134 2697 5158 ,
2725 5091 2904 5169 ‘oigna
2951 5089 3106 5169 enim.
3135 5099 3259 5141 sunt
3307 5089 3556 5169 cognosci
3592 5105 3606 5141 :

2019 5157 2185 5240 Hujus
2217 5169 2345 5223 illud
2366 5167 2508 5239 pueri
2534 5157 2694 5240 fertur
2711 5157 2939 5240 insigne,
2969 5158 3106 5240 quod
3135 5175 3288 5226 quum
3319 5157 3463 5240 vitaet
3485 5175 3608 5226 par-

2013 5229 2138 5295 tium
2181 5229 2493 5294 diversarum
2526 5229 2657 5289 uiros
2703 5229 2922 5288 Severus
2961 5229 3218 5293 occidere,
3252 5240 3296 5282 et
3336 5229 3463 5281 inter
3493 5245 3608 5282 suos

2013 5313 2234 5377 diceret,
2273 5313 2436 5364 hostes
2465 5307 2603 5362 vobis
2633 5305 2790 5374 eripio
2823 5344 2847 5377 7.
2869 5301 3268 5377 consentiretque
3295 5299 3422 5352 adeo
3453 5315 3610 5377 usque

2015 5371 2290 5437 Bassianus
2312 5422 2326 5444 ,
2358 5391 2410 5433 ut
2441 5395 2610 5432 eorunt
2633 5371 2782 5431 etiam
2813 5374 2994 5428 liberos
3014 5414 3027 5436 ,
3069 5372 3112 5425 si
3156 5373 3246 5423 sibi
3291 5371 3608 5434 consuleret,

2016 5455 2201 5507 diceret
2248 5450 2586 5512 occidendos,
2628 5445 2755 5500 Geta
2800 5446 3137 5512 interrogasse
3164 5444 3343 5510 fertur,
3395 5449 3613 5512 quantus

3123 5527 3330 5580 cumque
3405 5511 3620 5565 dixisset

2020 5607 2192 5665 pater,
2229 5595 2315 5647 ille
2340 5583 2663 5660 interrogauit
2695 5605 2712 5642 :
2739 5586 2832 5639 Isti
2883 5584 3063 5636 habent
3091 5591 3342 5665 .parentcs
3364 5623 3378 5646 ,
3428 5583 3614 5665 habent

2022 5653 2370 5736 propinquos?
2397 5653 2553 5729 quani
2581 5673 2877 5736 responsum
2903 5665 3050 5717 esset,
3083 5653 3263 5705 habere
3289 5653 3576 5736 complures
3598 5667 3617 5736 ί

2022 5721 2230 5790 Ῥηίωί
2261 5751 2380 5804 ergo
2408 5721 2472 5786 'in
2501 5721 2696 5785 civitate
2737 5731 2920 5804 tristes_
2945 5734 3093 5804 erunt
3124 5739 3288 5804 gnam
3327 5723 3450 5804 ιαίιὶ,
3483 5721 3618 5792 quod

2021 5793 2660 5876 vicimus.Eioinnuisset,
2687 5799 2840 5876 addit
2888 5797 3083 5876 ibidem
3123 5793 3459 5876 Spart.,.ejus
3495 5809 3624 5876 sen-

2028 5881 2182 5936 tentia
2201 5918 2218 5948 ,
2245 5878 2338 5934 nisi
2369 5865 2676 5932 Plautiauu’s
2705 5869 2973 5942 prtefectus
3002 5867 3080 5920 rel
3108 5865 3370 5920 Juvenatis
3405 5865 3623 5920 institis-

2926 5959 3247 6043 (Ωαίπιεο)
