4258 6274
356 356 468 416 675

1732 356 2274 419 APOLOGETICUS.

3559 364 3668 436 ιη

359 490 494 549 quas
517 475 572 532 in
597 473 997 532 matrimonium
1039 474 1306 532 duxerant
1339 474 1633 532 liberorum
1669 490 1858 532 caussa
1906 486 1959 533 et
1989 479 2041 539 Α
2067 491 2137 532 no
2167 476 2326 534 oculo
2351 475 2560 534 facilius
2589 478 2868 550 perspicit,
2902 493 3062 551 quam
3093 479 3148 536 in
3177 493 3276 538 suo
3301 482 3530 541 trabem.
3561 492 3666 543 Tot

360 568 488 623 alibi
509 567 859 624 creandorum
892 566 991 640 (α),
1019 567 1202 624 nescio
1240 567 1455 639 quidem
1483 583 1548 622 an
1579 567 1808 635 invitas;
1837 570 1964 640 quid

360 663 503 716 enim
536 657 615 730 (l)
646 661 714 716 de
742 661 990 716 castitate
1014 669 1286 728 curarent,
1318 677 1478 732 quam
1518 660 1694 716 mariti
1728 669 1834 716 tam
1885 661 1962 716 fa-

363 753 467 808 cile
522 753 892 808 donaverant?
941 751 990 809 O
1028 754 1304 824 sapientia:
1359 753 1570 818 Atticae,
1629 769 1661 807 ο
1704 754 1960 810 Romanae

360 846 634 918 gravitatis
659 847 963 917 exemplum
989 849 1002 901 !
1033 847 1180 902 Leno
1197 855 1280 903 est
1301 847 1380 920 (2)
1401 847 1749 918 philosophus
1768 844 1962 903 et'cen-

365 955 459 996 sor
484 941 580 1012 (ὁ).
609 941 744 1008 Quid
773 956 901 1012 ergo
929 941 1147 1009 mirum,
1194 942 1236 996 si
1276 949 1424 996 tanta
1466 943 1663 997 caritas
1701 942 1956 998 conviva-

362 1038 450 1086 tur
486 1031 570 1102 (ὃ)
607 1030 722 1102 (c)?
767 1031 905 1086 Nam
953 1042 1007 1087 et
1035 1031 1279 1087 uenulas
1319 1042 1552 1099 nostras,
1600 1041 1958 1104 praeterquam

360 1124 582 1180 sceleris
611 1124 858 1190 infames,
890 1131 950 1179 ut
979 1123 1229 1195 prodigas
1267 1139 1480 1196 quoque
1513 1124 1594 1198 (ι)
1639 1123 1954 1195 suggillatis.

364 1217 439 1273 De
467 1217 622 1272 nobis
652 1217 856 1273 scilicet
883 1216 1131 1288 Diogenis
1152 1215 1352 1272 dictum
1375 1226 1460 1272 est
1480 1235 1493 1272 :
1516 1217 1853 1286 Megarenses
1875 1217 1956 1287 (ά)

360 1309 625 1365 obsonant
651 1301 806 1381 quasi
831 1311 1065 1365 crastina
1115 1309 1202 1364 die
1232 1309 1499 1377 morituri,
1529 1309 1798 1365 mdilicant
1825 1324 1958 1366 vero

359 1401 510 1472 quasi
531 1418 800 1474 nunquam
822 1401 1064 1458 morituri
1094 1401 1192 1473 (5).
1216 1399 1322 1458 Sed
1339 1401 1590 1472 stipulam
1617 1401 1737 1472 quis
1759 1401 1809 1455 in
1835 1401 1959 1458 alie-

2070 569 2316 626 tribubus
2343 577 2399 626 et
2422 569 2587 626 curiis
2612 581 2666 627 et
2687 571 2921 627 decuriis
2956 572 3288 630 ructantibus
3331 575 3528 631 acescit
3570 576 3666 634 aér

2070 665 2147 736 (6)
2172 663 2264 736 (e).
2291 664 2450 720 Saliis
2483 665 2554 737 (f)
2599 666 2892 721 coenaturis
2922 665 3157 722 creditor
3177 667 3277 721 erit
3305 669 3663 727 necessarius.

2067 755 2490 812 Herculanarum
2519 755 2849 812 decimarum
2879 765 2932 810 et
2978 757 3336 827 polluctorum
3367 758 3446 828 (7)
3476 775 3667 832 sump-

2064 854 2148 901 tus
2188 846 2432 901 tabularii
2457 846 2534 919 (8)
2584 841 2966 918 supputabunt.
3029 848 3321 917 Apaturiis.
3374 849 3670 921 Dionysiis,

2068 939 2338 1012 mysteriis
2383 940 2574 995 Atticis
2624 940 2701 1012 (9)
2749 955 3042 1011 coquorum
3071 940 3314 997 delectus
3342 941 3662 1000 indicentur.

2061 1031 2143 1087 Ad
2171 1031 2373 1086 fumum
2398 1046 2568 1087 coena:
2595 1031 2896 1101 Sarapiacae
2937 1033 3190 1103 sparteoli
3240 1033 3322 1103 (h)
3355 1035 3668 1091 excitabun-

2063 1131 2167 1178 tur.
2204 1123 2278 1178 De
2301 1123 2419 1178 solo
2451 1122 2681 1179 triclinio
2701 1122 3126 1179 Christianorum
3159 1132 3500 1190 retractatur,
3553 1125 3668 1182 Coe-

2062 1230 2128 1270 na
2167 1224 2350 1271 nostra
2380 1215 2448 1271 de
2499 1216 2715 1271 nomine
2759 1215 3022 1271 rationem
3077 1216 3162 1271 sui
3205 1215 3284 1287 (9)
3309 1217 3578 1283 ostendit;
3612 1219 3666 1275 id

2060 1318 2301 1377 vocatur,
2347 1309 2488 1380 quod
2542 1309 2759 1364 dilectio
2812 1323 2979 1379 penes
3034 1308 3252 1366 Graecos
3299 1318 3381 1364 est
3422 1310 3537 1384 (10)
3575 1313 3661 1382 (i).

2061 1402 2517 1474 Quantiscumque
2533 1401 2836 1474 sumptibus
2859 1411 3092 1471 constet,
3122 1403 3328 1461 lucrum
3344 1413 3428 1461 est
3453 1405 3665 1477 pietatis

1598 1498 1978 1556 LECTIONES
2018 1499 2432 1556 VARIANTES.

445 1615 493 1668 ιι
515 1615 661 1667 Enim
683 1615 826 1668 Abest
844 1613 1011 1667 Paris.

522 1678 752 1728 Lenones
775 1680 1094 1739 Havercamp.
1163 1737 1168 1739 Α
1223 1737 1230 1739 Α
1323 1738 1328 1739 ν
1375 1736 1418 1739 Α,
1611 1738 1614 1739 ν
1925 1711 1948 1739 Α.

437 1735 487 1808 3)
517 1739 827 1808 conviolatur
854 1735 1103 1808 _fratteq._
1289 1736 1437 1788 Fuld.
1481 1738 1761 1789 convivatur
1789 1751 1803 1799 ;
1842 1735 1954 1788 cod.

353 1799 504 1864 Agob.
527 1799 740 1864 violatur
756 1839 769 1862 ,
795 1799 903 1864 alii
925 1812 943 1850 :
967 1799 1285 1864 eonviolatur.

413 1861 489 1925 (4)
511 1863 719 1925 Quoque
731 1862 903 1925 Abest.
931 1861 1139 1912 Parisiis.

413 1922 488 1996 (3)
518 1922 600 1996 Ife.
626 1922 1113 1996 t‘gdificanpmorituri
1136 1923 1308 1996 desunt
1330 1923 1381 1996 in
1400 1922 1711 1989 codd.Agob.
1731 1929 1775 1975 el
1794 1922 1946 1988 Lugd.

351 1984 602 2039 etin'edd.
628 1987 802 2050 Rhen.,
819 1984 955 2048 Aldi,
982 1985 1105 2050 Gel.,
1129 1989 1299 2048 Barr.,
1323 1987 1508 2050 Gangn.

1991 1803 2041 1863 B

2124 1594 2195 1662 (ρ)
2221 1595 2459 1662 Acrescet
2480 1594 2605 1662 Jun.

2123 1653 2196 1714 (7)
2222 1655 2281 1705 Et
2304 1653 2436 1705 abest
2460 1653 2614 1714 Paris.

2096 1712 2481 1829 έξὼξιεῖξιυιεπίι
2504 1713 2712 1768 Parisia.
2735 1713 2886 1767 Codd.
2914 1712 3088 1782 Agob.,
3115 1715 3287 1782 Lugd,
3310 1723 3357 1768 et
3379 1716 3460 1769 ed.
3486 1717 3663 1771 Rhen.:

2070 1792 2340 1828 SlaDlllal'll.

2093 1862 2096 1864 τ
2130 1841 2202 1899 (9)
2229 1841 2376 1891 Suam
2405 1838 2562 1891 Paris.

2118 1903 2222 1964 (10)
2249 1899 2334 1953 Sic
2357 1901 2593 1973 scriptum
2627 1907 2800 1973 exslat_
2819 1899 2869 1953 in
2891 1901 3000 1953 cod.
3037 1902 3232 1973 Lugd_.;
3270 1901 3378 1953 cod.
3420 1902 3568 1973 Enld.
3615 1906 3664 1973 td

2056 1973 2277 2032 vocatum
2316 1979 2433 2032 quo,
2459 1966 2612 2032 '_etc.;
2652 1966 2801 2016 ceteri
2854 1974 3053 2016 vocatur
3101 1966 3232 2017 enim
3276 1979 3416 2028 ἀγάπη,
3441 1966 3489 2016 id
3532 1967 3664 2031 quod

2056 2025 2256 2077 dilectio
2280 2025 2439 2092 penes
2462 2027 2547 2079 Gr.
2576 2025 2668 2078 est.

1725 2107 2288 2168 COMMENTARIUS.

352 2205 606 2262 Marciam
632 2205 872 2276 poposcit
900 2213 956 2261 et
981 2204 1207 2276 accepit.
1231 2203 1419 2260 Simile
1432 2211 1661 2276 narrant
1689 2202 1952 2276 Diogenes

355 2277 606 2348 Laertius
627 2273 736 2348 fet:
754 2274 1367 2348 Hesychiusdlllustrius
1414 2274 1489 2348 de_
1527 2273 1843 2348 Menedemo
1895 2281 1951 2328 et

355 2347 672 2418 Asclepiade
691 2345 1042 2417 philosophis.
1066 2345 1434 2418 Menedemum
1461 2345 1676 2399 duxisse
1699 2354 1946 2409 matrem,

354 2415 725 2487 Asclepiadem
770 2415 953 2482 filiam,
1002 2425 1056 2472 et
1104 2432 1266 2487 quum
1313 2415 1568 2470 defuncta
1622 2425 1766 2470 esset
1814 2429 1950 2469 uxor

353 2488 704 2557 Asclepiadis,
729 2488 1026 2544 Menedemi
1051 2492 1260 2555 cepisse
1306 2488 1610 2556 conjugem.
1667 2487 1941 2557 illumque,

352 2559 494 2630 quod
525 2556 751 2628 Reipub.
785 2568 1063 2628 praeesset,
1091 2559 1253 2630 aliam,
1273 2557 1490 2612 duxisse
1521 2557 1755 2630 nobilem
1787 2556 1949 2630 etla-

353 2625 667 2699 cupletem';
698 2625 1065 2694 nihilominus,
1095 2629 1344 2698 quoniam
1375 2628 1677 2683 communis
1701 2636 1816 2682 erat
1843 2625 1947 2699 illis

353 2696 564 2764 domus,
596 2703 670 2756 rei
701 2702 977 2756 familiaris
1005 2696 1530 2754 administrationem
1573 2699 1737 2767 priori
1794 2696 1948 2751 uxori

352 2773 683 2842 permisisse.
714 2773 788 2828 De
829 2771 1049 2828 Socrate
1076 2771 1196 2826 vide
1240 2785 1368 2826 mox
1397 2770 1462 2824 ad
1511 2769 1664 2834 illud,
1717 2767 1949 2823 Lenones

355 2844 741 2985 θίῖὶξὲἷὶιιεω
764 2913 1295 2985 creandorum.Prout
1319 2912 1370 2966 in
1393 2911 1782 2985 Amphitryone
1796 2909 1952 2985 Plaut

359 2982 445 3040 tus
479 2982 552 3039 ait
580 3001 807 3040 uxorem
839 2986 1133 3039 usurariam
1167 2984 1430 3052 praebere,
1477 2984 1616 3038 idem
1655 2997 1776 3037 esse
1819 2997 1880 3034 ac
1906 2982 1950 3036 si

358 3073 536 3128 agrum
562 3058 780 3128 sterilem
803 3056 1097 3128 fodiendum
1125 3056 1276 3109 loces.
1313 3055 1446 3108 llsv.

2054 2201 2234 2271 Quare
2257 2213 2312 2278 et
2337 2206 2478 2260 inter
2504 2205 2811 2278 Aristotelis
2833 2215 2952 2260 cata
2980 2205 3122 2261 dicta
3147 2205 3288 2262 idem
3322 2208 3554 2278 scriptor
3576 2223 3663 2266 re-

2055 2285 2258 2350 censet.
2290 2277 2520 2331 homines
2533 2277 2813 2350 plerosque
2835 2278 2914 2350 ita
2935 2293 3116 2344 parcos
3143 2294 3271 2350 esse,
3300 2296 3360 2332 ac
3393 2277 3443 2334 si
3464 2297 3662 2350 semper

2054 2345 2236 2400 victuri
2261 2359 2424 2402 essent
2446 2365 2464 2413 ;
2488 2345 2618 2401 alios
2638 2345 2739 2400 tam
2766 2346 3034 2416 prodigos,
3074 2365 3134 2401 ac
3163 2349 3207 2402 si
3232 2352 3473 2406 continuo
3503 2345 3662 2406 mori-

2054 2417 2174 2470 turi.
2210 2425 2330 2479 Τοὺς
2358 2429 2462 2484 μὲν,
2491 2423 2614 2472 οὕτω
2639 2422 2870 2489 φείδεσθαι
2908 2426 2967 2479 ὡς
2995 2421 3072 2472 ἀεὶ
3099 2424 3405 2488 ζησομένους,
3448 2431 3556 2484 τοὺς
3588 2427 3656 2488 δὲ,

2052 2491 2198 2556 οὖτῳς
2219 2491 2485 2542 ἀναλίσκειν
2509 2497 2569 2551 ὡς
2590 2493 2763 2543 αὐτίκα
2790 2498 3162 2556 adamari-Aous.
3198 2491 3334 2546 “AV.

2130 2558 2562 2630 (e)Acescitaer.
2613 2559 2802 2614 Sidon.
2852 2561 3174 2625 Apollinaris
3218 2562 3335 2616 libr.
3371 2563 3656 2630 tn.'cpist.

2053 2629 2144 2683 12.
2177 2629 2388 2683 Alarum
2413 2631 2658 2700 specubus
2690 2631 2903 2684 hircosis
2933 2642 3081 2700 atque
3105 2633 3473 2688 ascescentibus
3493 2629 3659 2689 latera

2054 2701 2253 2768 captiva
2278 2701 2708 2755 circumvallatus.
2737 2701 2928 2755 Cicero
2957 2702 3005 2755 in
3037 2703 3191 2756 Orat.
3218 2704 3268 2757 in
3289 2705 3348 2757 Ι..
3401 2704 3656 2760 Pisonem

2052 2785 2172 2844 cap.
2205 2788 2315 2827 xm.
2354 2771 2631 2838 Paulisper
2657 2772 2888 2844 stetimus
2925 2773 2978 2826 in
3023 2773 3114 2826 illo
3149 2790 3424 2844 ganearum
3453 2785 3658 2830 tuarum

2053 2843 2233 2897 nidore
2255 2853 2404 2912 atque
2430 2846 2572 2914 fumo
2605 2859 2624 2897 :
2655 2843 2790 2896 unde
2811 2852 2864 2895 tu
2895 2859 2986 2896 nos
3017 2859 3130 2896 cum
3152 2843 3527 2914 improbissime
3550 2864 3658 2900 res-

2055 2914 2355 2987 pondendo,
2387 2924 2493 2987 tum
2516 2915 3103 2987 turpissimeerurtando
3129 2917 3339 2981 ejecisti.
3367 2917 3520 2984 Quod
3546 2934 3656 2987 prae

2056 2984 2392 3057 multitudine
2423 2983 2699 3057 hominum
2731 2985 2784 3039 in
2809 2983 3040 3057 theatris
3069 2994 3134 3057 ct
3157 2983 3480 3057 speetaculis
3508 2983 3653 3042 acci-

2057 3055 2186 3109 dere
2234 3064 2421 3108 notant
2458 3056 2770 3123 scriptores.
2819 3055 2890 3108 Ita
2933 3053 3207 3124 Eunapius
3257 3058 3554 3112 Sardianus
3601 3059 3653 3113 in

424 3128 504 3195 (b)
531 3119 820 3183 (lonl'undii
840 3126 1100 3190 Catones,
1134 3136 1192 3179 ut
1239 3139 1400 3192 supra
1447 3124 1747 3197 Scipiones.
1789 3121 1953 3197 Apud
1980 3119 2024 3181 C
2060 3124 2283 3181 {Edesio
2312 3119 2720 3197 Constantinum
2747 3124 2994 3195 Magnum
3024 3119 3173 3179 notat
3199 3127 3430 3197 undique
3453 3128 3653 3182 incolas

356 3194 573 3271 Lucian.
608 3201 658 3271 in
693 3197 1178 3271 lepidissimomillo‘
1209 3197 1474 3271 Dialogo,‘
1501 3195 1591 3271 qui
1640 3194 1949 3271 inscribitur

352 3268 595 3338 Lapithzr
617 3265 990 3324 Zeudtliemidi
1017 3267 1338 3322 Cleodemus
1364 3265 1554 3338 objicit
1589 3284 1614 3338 :_
1637 3265 1748 3338 An‘
1767 3269 1822 3318 οὗ
1845 3288 1946 3332 μα·

352 3336 563 3409 στρῖωπός
589 3347 676 3406 ἐγὼ
698 3356 781 3401 τῆς
805 3346 1011 3405 ἐμαυτοῦ
1026 3346 1240 3404 γυναικὸς
1269 3345 1421 3408 ὥσπερ
1446 3337 1490 3390 ei
1508 3343 1583 3400 σὺ,
1605 3336 1654 3389 id
1684 3344 1770 3390 est
1799 3347 1948 3402 alque

355 3427 450 3481 ego
473 3413 646 3463 uxoris
677 3409 934 3481 uietegleuo
958 3426 1217 3481 nmmum,
1235 3418 1286 3462 ut
1317 3418 1390 3462 tu.
1420 3409 1697 3481 Socratem
1728 3415 1947 3481 ul_puto

355 3475 768 3551 tangens,cujus
783 3479 1077 3550 Xanthippe
1097 3480 1261 3551 altera
1280 3493 1417 3551 uxor
1432 3478 1776 3551 communior
1783 3475 1948 3534 fuisse

355 3547 691 3620 perhibetur;
718 3551 827 3604 lmo
849 3547 1105 3606 Platonici
1150 3549 1414 3673 dogmatis
1439 3557 1714 3603 auctorem
1745 3547 1945 3602 Socra-

355 3633 460 3673 tem
505 3623 627 3673 facit
658 3623 792 3673 idem
836 3621 1104 3673 Lucianus
1143 3620 1195 3673 in
1259 3620 1470 3673 'itarum
1521 3621 1805 3673 Auctione.
1854 3619 1944 3673 ubi

353 3619 460 3676 tem
505 3623 627 3676 facit
658 3623 792 3677 idem
836 3621 1104 3676 Lucianus
1143 3620 1195 3675 in
1232 3619 1470 3674 Vitarum
1521 3621 1805 3684 Auctione,
1854 3619 1944 3674 ubi

351 3692 479 3746 illud
507 3693 791 3747 mercatori
821 3705 876 3746 ιιι
909 3694 1232 3762 praecipuum
1257 3691 1450 3760 dogma
1481 3705 1636 3744 suum
1669 3690 1940 3764 proponit,

349 3764 597 3832 quodque
617 3764 682 3818 ad
712 3779 933 3818 uxorem
965 3772 1169 3829 spectet
1203 3780 1216 3815 :
1259 3773 1393 3816 Δοκεῖ
1411 3767 1645 3828 μηδεμίαν
1671 3765 1824 3814 αὐτῶν
1848 3786 1946 3824 μη-

350 3837 468 3896 δενος
496 3843 614 3888 εἶναι
639 3845 800 3901 μόνον,
830 3846 972 3888 παντὶ
995 3838 1041 3886 δὲ
1062 3850 1269 3899 μετεῖναι
1296 3844 1362 3900 τῷ
1386 3841 1656 3903 βουλομᾶνῳ
1674 3842 1758 3885 τοῦ
1773 3848 1937 3902 γαρου;

350 3903 402 3957 id
431 3913 534 3968 est,
571 3903 781 3958 Videtur
803 3905 926 3958 mihi
949 3905 1143 3958 nullam
1172 3904 1353 3958 debere
1372 3905 1672 3974 cujusquam
1693 3919 1800 3974 esse
1823 3919 1943 3972 pro-

349 3975 532 4044 priam.
565 3993 739 4029 verum
769 3991 1171 4044 unamquamque
1197 3976 1384 4044 possint
1412 3973 1590 4026 debere
1609 3973 1852 4027 accedere
1872 3976 1942 4027 ad

349 4061 462 4098 eum
508 4048 596 4118 qui
637 4063 748 4099 eam
773 4056 1011 4118 appetat.
1043 4045 1546 4118 Quodplatonicus
1573 4045 1732 4098 etiam
1765 4044 1939 4113 philo-

351 4113 552 4185 SOpbu's
579 4118 708 4170 satis
741 4113 960 4170 ridicule
983 4118 1033 4170 in
1055 4113 1297 4184 Lapithis
1324 4113 1595 4185 proponit.

423 4183 496 4259 (ε)
511 4186 832 4259 Convivatur.
846 4186 1113 4256 Optimam
1139 4188 1277 4259 hanc
1291 4183 1581 4259 lectionem
1598 4183 1935 4259 cx‘Fnldcnsi

347 4256 457 4312 MS.
477 4255 716 4312 restituit
739 4258 1019 4327 Rigaltius,
1045 4269 1097 4312 et
1125 4266 1247 4311 ante
1270 4257 1414 4310 illum
1441 4263 1585 4311 recte
1613 4256 1773 4310 etiam
1802 4255 1934 4310 Sca-

349 4328 482 4398 liger
508 4329 558 4382 in
585 4344 677 4382 ora
706 4327 826 4383 libri
881 4339 934 4382 ct
979 4329 1172 4383 Junius
1211 4328 1506 4398 docuerant
1539 4327 1618 4398 ad,
1655 4327 1933 4396 sequentia

349 4396 640 4468 pértincre.
694 4398 950 4454 Illustrari
1001 4410 1176 4468 potest
1212 4415 1275 4452 ex
1319 4396 1662 4468 Suetonioiin
1693 4400 1934 4466 Augusto

345 4467 467 4536 Cap.
503 4469 666 4524 LXX.
697 4469 785 4522 ubi
829 4471 895 4525 de
927 4467 1067 4524 illius
1099 4470 1482 4524 incontinentia
1518 4485 1530 4520 :
1564 4467 1720 4522 Ctena
1745 4485 1940 4540 quoque
1965 4475 2018 4539 ])

345 4540 457 4606 eius
483 4542 720 4594 secretior
745 4541 804 4612 in
825 4542 1011 4612 fabulis
1028 4541 1146 4610 fuit,
1178 4556 1288 4609 qua:
1307 4540 1457 4609 uulgo
1487 4544 1758 4612 δῳδικόςθεος
1783 4554 1935 4612 uoca-

346 4612 500 4682 batur
529 4625 546 4664 :
574 4612 624 4664 in
651 4627 752 4682 qua
783 4609 1002 4665 Deorum
1051 4612 1360 4679 dearumque
1405 4611 1580 4664 habitu
1627 4609 1941 4682 discubuisse

345 4681 601 4752 convivas.
630 4680 674 4735 ei
698 4683 866 4752 ipsum
897 4699 988 4751 pro
1021 4683 1262 4747 Apolline
1301 4691 1560 4743 ornatmn,
1603 4697 1704 4734 non
1730 4680 1940 4734 Antonii

344 4751 498 4825 modo
525 4751 750 4825 epistola:
773 4754 1088 4825 singulorum
1112 4754 1318 4825 nomina
1339 4753 1686 4825 amarissime,
1702 4767 1942 4805 annume-

344 4822 508 4894 rantis
533 4822 869 4894 exprobrant,
891 4825 978 4877 sed
1007 4835 1051 4877 et
1082 4824 1190 4894 sine
1213 4833 1416 4876 auctore
1439 4822 1688 4894 notissimi
1716 4837 1889 4878 versus
1921 4838 1940 4877 .'

436 4892 556 4956 Cum
583 4891 786 4956 primum
809 4897 1005 4946 istorum
1027 4893 1252 4943 conducit
1267 4905 1445 4956 mensa
1456 4891 1754 4953 choragum,

501 4953 705 5016 Sesque
727 4956 849 5005 deos
870 4956 988 5005 vidit
1011 4956 1172 5004 Mallia
1193 4967 1386 5016 sesque
1413 4953 1556 5016 ideas.

438 5015 588 5078 Impia
608 5015 724 5066 dum
749 5017 908 5069 Caesar
933 5018 1107 5067 Phoebi
1135 5015 1384 5078 mendacia
1409 5015 1549 5078 ludit,

499 5077 626 5127 Dum
651 5092 773 5128 nova
795 5080 1018 5129 divorum
1035 5085 1196 5129 coenet
1218 5077 1477 5136 adulteria,

441 5139 612 5190 Omnia
639 5153 695 5190 se
720 5155 746 5189 a
772 5147 921 5191 terris
944 5147 1058 5191 tunc
1081 5141 1277 5190 numina
1300 5140 1628 5201 declinarunt,

498 5201 648 5264 Fugit
673 5210 936 5253 ctauratos
958 5206 1146 5266 Jupiter
1171 5204 1276 5268 ipse
1301 5203 1517 5253 thronos.
1614 5199 1621 5201 ”
1721 5199 1844 5250 ΗΑν.

418 5285 499 5357 (d)
533 5286 876 5362 Megarenses.
921 5288 994 5343 Dc
1043 5287 1535 5362 Agrigentinis-lioc
1563 5285 1941 5362 Empedoclem

344 5370 632 5426 usurpasse
662 5359 712 5411 iu
746 5359 836 5412 illo
865 5369 1088 5415 testatur
1134 5359 1378 5413 Laertius
1417 5358 1497 5411 his
1538 5357 1712 5411 verbis
1744 5374 1756 5409 :
1788 5357 1944 5424 Argeat-

343 5441 551 5492 ναντϊνοι
591 5440 794 5501 τρυφῶσι
828 5440 930 5498 μὲν,
981 5437 1040 5490 ὡς
1084 5437 1246 5500 etSpth
1276 5432 1662 5494 ἀποθανούμενοι.
1694 5432 1844 5501 οἰκίαις
1900 5431 1948 5480 δὲ

345 5499 796 5571 κ-ατασκωάξώται,
845 5509 904 5561 ὡς
947 5507 1104 5554 πάντα
1138 5499 1216 5554 ἐὸν
1257 5509 1416 5571 χρόνον
1457 5508 1756 5568 βιωσόμενοι,
1804 5499 1946 5571 Inter

344 5569 486 5643 dicta
519 5586 648 5643 vero
677 5571 930 5641 Diogenis
971 5571 1157 5643 Cynici
1205 5567 1305 5627 hoc
1335 5567 1602 5635 recenset,
1633 5569 1836 5623 dixisse
1875 5567 1942 5624 il-

347 5636 460 5695 lum
489 5639 556 5695 ad
581 5651 661 5696 τὸν
690 5636 950 5702 nolis-r2165;
976 5636 1258 5709 όῷωνοῦντα,

349 5769 361 5780 .
384 5769 401 5786 ἱ
495 5781 506 5786 _
566 5770 606 5786 η
648 5715 849 5786 -ἀιὺξνιςξς,
864 5721 909 5786 δή
933 5737 995 5773 μοι
1015 5729 1118 5786 Τίτος
1142 5724 1281 5771 iactat,
1303 5719 1339 5763 οἳ
1360 5721 1560 5784 ἀρράζιις.

349 5769 403 5825 id
431 5781 533 5847 cst,
555 5769 849 5841 Nate,inihi
887 5769 1025 5828 haud
1053 5769 1309 5847 longaevus
1351 5769 1722 5847 erisrinnuere
1749 5769 1937 5847 volens

350 5855 464 5917 pra:
505 5841 643 5900 fame
681 5847 789 5902 cito
818 5841 1160 5917 moriturum;
1187 5862 1306 5906 cum
1339 5846 1516 5904 omnia
1555 5841 1934 5921 obliguriisset.

2051 3197 2568 3264 Constantinopolim
2600 3195 2901 3250 traduxisse
2932 3207 3047 3266 πρὸς
3077 3206 3184 3257 τοὺς
3210 3204 3254 3251 ἐν
3300 3195 3404 3258 τᾶῑς
3441 3205 3654 3267 θεάτροις

2051 3272 2240 3340 κρᾶτους
2261 3271 2668 3340 Δπιιρειϐλυςὸντων
2701 3273 2949 3340 κμιητάγλης
2977 3268 3290 3340 ἀνθρώπῳνίά
3307 3277 3409 3340 cst,
3427 3268 3496 3320 ad
3525 3284 3652 3340 cup-

2052 3337 2234 3393 laudas
2254 3337 2524 3408 init/tentro
2553 3355 2584 3390 a
2613 3339 2972 3408 lentu/entisiet
2999 3339 3264 3407 crapulam
3302 3339 3654 3408 rejertantibns

2050 3411 2280 3481 plausus.
2311 3407 2461 3481 Unde
2503 3419 2565 3481 et
2580 3407 2777 3481 Noster
2791 3407 2860 3464 de
2901 3407 3146 3481 Spectac.
3169 3424 3292 3476 cap.
3329 3407 3499 3481 sxvn.
3527 3408 3652 3481 Non

2049 3477 2169 3551 ergo
2216 3480 2379 3550 fugies
2421 3479 2603 3534 sedilia
2646 3479 2866 3533 hostium
2914 3477 3103 3534 Christi
3127 3521 3140 3539 ,
3185 3481 3328 3533 illaut
3357 3480 3655 3534 cathedram

2051 3551 2489 3621 pestilentiarum,
2517 3551 2786 3621 ipsumque
2815 3566 3024 3621 aerem,
3057 3551 3145 3621 qui
3167 3551 3384 3620 desuper
3413 3551 3648 3618 incubat,

2049 3620 2272 3677 scelestis
2299 3621 2499 3675 uocibus
2528 3620 2960 3690 constupratum?
2985 3620 3119 3677 ΗΑν.

2120 3693 2186 3766 (ιι
2234 3691 2420 3766 Saliis.
2461 3691 2562 3766 Qui
2610 3692 2964 3766 lautissimtnn
3007 3692 3278 3766 habebant
3303 3692 3519 3766 epulum
3549 3692 3653 3748 Ca-

2045 3762 2220 3818 lendis
2257 3763 2457 3817 Martiis
2511 3764 2563 3817 in
2621 3763 2756 3818 festo
2799 3762 3135 3817 anciliorum.
3188 3763 3317 3817 Vide
3359 3763 3604 3818 Ovidium
3633 3805 3648 3829 ,

2050 3834 2329 3890 Horatium
2359 3843 2411 3888 et
2437 3834 2591 3888 alios.
2641 3834 2942 3905 Magnificas
3002 3834 3494 3905 cjusmodivcmnas
3520 3851 3652 3890 enu-

2044 3913 2215 3961 merat
2247 3905 2542 3960 Macrobius
2563 3907 2758 3960 Saturn
2792 3921 2848 3960 tt.
2875 3903 2936 3959 .9.
3035 3903 3041 3904 ⁷
3231 3949 3238 3954 .

2116 3977 2190 4048 (g)
2213 3973 2472 4048 Mysteriis
2503 3977 2699 4030 Atticis.
2730 3977 2891 4048 Sacra
2925 3974 3192 4030 Eleusinia
3217 3975 3651 4048 intelligit,undo

2046 4059 2191 4117 patet
2221 4059 2275 4101 ct
2305 4047 2375 4101 ibi
2409 4057 2751 4116 sumptuosas
2783 4047 2948 4101 fuisse
2975 4061 3180 4109 emiias.
3202 4047 3341 4116 quod
3366 4047 3432 4101 ad
3467 4047 3645 4101 Meur-

2043 4119 2214 4182 sium.
2247 4117 2339 4189 qui
2380 4118 2703 4187 singularem
2731 4118 2798 4171 de
2839 4118 2942 4171 illis
2978 4117 3148 4172 sacris
3199 4118 3438 4173 libellum
3485 4131 3640 4172 Cons-

2041 4190 2258 4256 eripsit.
2286 4189 2564 4243 observari
2598 4198 2794 4258 potest.
2825 4189 2960 4242 llav.

2110 4261 2190 4331 (Ιι)
2219 4260 2495 4331 Sparteoli.
2528 4257 2627 4331 Qui
2656 4258 2708 4313 hi
2727 4260 2830 4312 sint
2855 4301 2870 4324 ,
2901 4257 3104 4331 primus
3129 4258 3561 4331 docnitCasaub.
3582 4258 3650 4313 ad

2039 4329 2334 4400 Augustum
2361 4330 2604 4385 διιοιοιιίί
2631 4344 2705 4400 cl
2737 4346 2863 4383 xxx.
2907 4330 3178 4385 adducens
3227 4333 3428 4386 veteris
3474 4329 3650 4386 Scho-

2035 4398 2202 4456 liasta:
2227 4401 2402 4455 locum
2433 4401 2499 4455 ad
2528 4401 2654 4454 illud
2677 4398 2971 4455 Iuvenalis.

2169 4492 2430 4554 Dispositis
2453 4491 2693 4554 prtedives
2715 4491 2871 4541 hamis
2893 4491 3100 4554 vigilare
3125 4493 3378 4542 cohortem

2165 4552 2430 4603 Servor-um
2455 4552 2600 4604 noctu
2631 4552 2840 4603 Luciuus
2852 4552 3012 4616 jubet,

2043 4639 2131 4709 qui
2163 4637 2360 4692 ibidem
2389 4647 2534 4691 notat
2579 4637 2780 4709 dictum
2830 4653 2919 4706 per
2946 4636 3327 4709 translationem
3363 4634 3650 4709 disciplina:

2047 4707 2283 4762 militaris
2311 4709 2701 4776 Sparteolorunt
2733 4708 2909 4761 [ionice
2931 4747 2942 4767 .
2973 4723 3186 4776 quorum
3217 4707 3445 4759 cohortes
3486 4708 3538 4760 in
3567 4717 3649 4759 tu-

2046 4779 2194 4833 telam
2225 4780 2361 4832 urbis
2378 4795 2492 4832 cum
2514 4780 2678 4832 hamis
2703 4789 2749 4831 et
2772 4795 2889 4830 cum
2911 4794 3042 4841 liqua
3073 4778 3271 4848 vigilias
3301 4792 3480 4830 curare
3518 4792 3647 4831 conc

2046 4861 2311 4905 suevernnt
2333 4851 2526 4909 vicinis.
2557 4849 2644 4904 ubi
2677 4849 2734 4902 P.
2772 4849 3007 4902 Pithmus
3035 4848 3162 4916 legit
3189 4864 3345 4900 causa
3382 4849 3516 4917 ignis
3547 4864 3644 4916 pro

2048 4922 2252 4984 vicinis,
2277 4935 2377 4991 ego
2400 4921 2576 4974 tnalim
2612 4919 2803 4972 viciniis
2833 4917 3093 4991 :lnquirit
3137 4919 3333 4973 ibidem
3364 4919 3643 4973 Casaubo-

2050 5008 2151 5047 nus
2175 4993 2242 5046 de
2267 4991 2472 5062 origine
2497 4991 3034 5062 nominis,iputatqne
3058 4990 3126 5043 ita
3155 4991 3330 5062 dictos
3370 4992 3492 5056 quia
3523 5005 3646 5062 cre-

2049 5064 2147 5118 bro
2175 5062 2332 5117 funes
2354 5060 2656 5133 gestabant,
2691 5061 2775 5115 vel
2804 5077 2834 5133 a
2859 5061 3054 5133 tunicis
3093 5061 3359 5133 calceisve
3389 5060 3639 5133 Sparteis:

2047 5147 2168 5187 cum
2202 5130 2405 5202 possint
2458 5134 2527 5187 ita
2569 5133 2744 5201 potius
2791 5131 2957 5186 videri
3003 5131 3132 5185 dicti
3169 5147 3198 5184 a
3225 5132 3369 5202 vasis
3401 5130 3646 5202 sparteis

2050 5205 2166 5273 pice
2205 5201 2362 5259 illitis
2402 5203 2468 5256 ad
2511 5203 2888 5258 continendam
2961 5218 3152 5272 aquam
3185 5243 3199 5264 .
3246 5201 3644 5264 brandemmers.

2048 5277 2240 5345 quibus
2267 5276 2459 5330 l'ucrint
2485 5275 2751 5345 instructi.
2783 5273 3125 5327 Vocabantur
3165 5274 3224 5345 hi
3245 5274 3403 5345 etiam
3456 5273 3643 5325 matri-

2056 5343 2200 5398 carii.
2227 5347 2554 5402 Scholiastcs
2583 5344 2778 5399 Juliani
2814 5345 3183 5399 Antcccssnris
3215 5344 3264 5397 in
3284 5343 3467 5396 Const.
3487 5358 3646 5396 xxm-

2052 5431 2083 5471 c
2131 5417 2224 5472 88.
2256 5416 2355 5472 Ubi
2379 5419 2537 5471 etiam
2567 5415 2840 5470 lianmrum
2872 5430 3025 5468 usum
3044 5414 3222 5469 docet.
3251 5413 3535 5466 Matricarii
3565 5415 3643 5466 di-

2052 5501 2236 5541 cuntur
2259 5489 2337 5541 illi
2362 5504 2485 5558 quos
2509 5487 2733 5540 ridemus
2765 5486 2832 5538 ad
2864 5484 3097 5558 incendia
3125 5493 3403 5558 currentes,
3431 5493 3479 5536 et
3520 5501 3641 5554 por-

2045 5569 2207 5612 tantes
2236 5556 2476 5629 spongias
2499 5574 2611 5610 cam
2639 5556 2982 5627 ferramentis,
3016 5566 3060 5608 et
3082 5556 3186 5608 alia
3213 5556 3519 5629 ferramenta
3547 5571 3641 5629 pc—

2041 5646 2156 5699 quw
2186 5625 2384 5694 possiiii
2398 5631 2462 5682 de
2483 5625 2675 5698 pariete
2709 5629 2781 5699 in,
2807 5629 3049 5699 parietem
3088 5629 3306 5699 transire
3329 5665 3342 5690 ,
3385 5635 3432 5699 et
3453 5625 3536 5699 ita
3554 5627 3637 5678 in-

2037 5694 2268 5756 cendium
2324 5694 2629 5771 extingjnere.
2704 5694 2878 5771 Adde
2905 5696 3276 5771 Wouwerium
3336 5696 3402 5749 ad
3447 5694 3637 5751 Sidon.

2047 5773 2411 5840 Apollinarem
2443 5768 2532 5823 lib.
2564 5786 2633 5824 vt.
2665 5770 2820 5838 epist.
2855 5770 2888 5823 8
2918 5768 3051 5840 "av.

2109 5843 2175 5916 (ἱ)
2227 5841 2292 5901 lt!
2327 5852 2532 5897 vocatur
2550 5841 2687 5914 quod
2702 5837 2766 5894 id.
2800 5857 2853 5912 p.
2887 5839 2951 5896 (ἱ.
2974 5840 3062 5901 Sic
3091 5837 3255 5909 edidit
3280 5838 3472 5927 Rigalt.
3506 5853 3626 5925 perv
