4258 6274
355 426 467 492 4⁵17

1736 406 2273 492 spetoomtcus.

3556 430 3669 495 ‘78

361 546 648 619 nandi,sed
673 556 774 620 qua
789 543 956 620 penes
974 524 1141 605 Deum
1157 545 1239 620 (a)
1253 546 1423 619 major
1447 550 1532 604 est
1579 547 1959 618 contemplatio
1986 544 2038 609 Λ
2063 546 2108 605 si
2136 546 2332 605 illicitis
2369 548 2485 620 pari
2512 549 2705 606 merito
2747 532 3072 617 damnanda,
3118 544 3204 623 [si
3244 563 3359 606 non
3383 548 3664 609 dissimilis

360 641 728 700 mediocrium.
761 638 817 697 Si
844 638 1066 696 honesta
1083 647 1272 695 caussa
1302 646 1385 695 est
1408 637 1659 706 convivii,
1687 638 1954 709 reliquum

361 734 603 790 ordinem
628 720 927 803 disciplinas
957 732 1240 798 aestimate,
1273 732 1365 804 qui
1404 732 1474 789 sit
1503 728 1583 803 (l)
1613 729 1682 787 de
1704 729 1959 801 religion-

359 825 444 884 nis
486 818 692 883 officio:
735 825 868 882 nihil
890 825 1125 892 vilitatis,
1158 823 1294 881 nihil
1336 823 1685 881 immodestiae
1726 822 1957 879 admittit

360 919 457 992 (εκ
482 935 586 977 non
601 919 745 992 prius
765 917 1139 988 discumbitur,
1167 933 1326 990 quam
1345 920 1516 976 oratio
1533 917 1599 975 ad
1624 919 1793 975 Deum
1817 933 1954 993 pra;-

360 1018 601 1085 gustetur
645 1013 756 1086 (b);
787 1011 964 1069 editur
993 1020 1253 1083 quantum
1279 1011 1576 1068 esurientes
1602 1010 1846 1081 capiunt;
1874 1008 1956 1066 bi-

358 1102 504 1161 bitur
530 1111 784 1177 quantum
803 1103 1012 1176 pudicis
1038 1111 1120 1160 est
1138 1104 1288 1160 utile.
1314 1101 1390 1158 ita
1415 1109 1742 1169 saturantur,
1789 1101 1957 1174 utqui

360 1201 706 1258 meminerint
733 1203 894 1256 etiam
931 1214 1027 1270 per
1052 1206 1263 1255 noctem
1300 1197 1633 1254 adorandum
1656 1196 1828 1255 Deum
1851 1195 1956 1253 sibi

361 1305 515 1360 esse;
546 1292 619 1348 ita
643 1292 969 1359 fabulantur,
1025 1299 1085 1347 ut
1108 1291 1196 1362 qui
1238 1289 1714 1347 sciant‘dominnm
1743 1290 1953 1347 audire.

360 1383 490 1440 Post
515 1400 707 1456 aquam
734 1384 1038 1440 manualem
1072 1385 1153 1456 (5)
1204 1391 1256 1439 et
1298 1384 1518 1450 lumina,
1556 1391 1612 1438 ut
1635 1383 1861 1455 quisque
1890 1383 1958 1439 de

359 1477 643 1547 scripturis
692 1476 892 1532 sanctis
927 1476 1013 1531 vel
1064 1474 1131 1531 de
1167 1474 1384 1545 proprio
1414 1472 1628 1545 ingenio
1677 1483 1846 1545 potest
1886 1474 1958 1545 (c)

358 1577 684 1638 provocatur
708 1569 762 1624 in
803 1567 1035 1624 medium
1065 1567 1172 1627 Deo
1193 1579 1386 1621 canere
1410 1565 1535 1621 hinc
1551 1565 1807 1636 probatur
1826 1579 1959 1637 quo«

354 1660 524 1717 modo
553 1648 764 1716 biberit.
791 1659 980 1729 (Eque
1006 1658 1174 1712 oratio
1197 1658 1499 1712 convivium
1523 1657 1725 1712 dirimit
1750 1655 1850 1730 (ά).
1884 1657 1966 1712 Ιη-

357 1750 427 1807 de
453 1749 751 1808 disceditur
793 1765 899 1804 non
945 1749 1000 1804 in
1031 1757 1270 1803 catervas
1332 1748 1626 1804 czesionum
1666 1747 1739 1822 (e)
1790 1764 1965 1821 neque

379 1860 413 1899 n
442 1841 652 1900 classes
689 1841 1161 1906 discursationum,
1208 1855 1309 1897 nec
1359 1838 1413 1896 in
1451 1840 1764 1911 eruptiones
1803 1840 1964 1898 lasci-

361 1938 586 2001 viarum,
620 1936 717 1993 sed
746 1936 814 1991 ad
841 1934 1087 1991 eamdem
1112 1950 1297 1990 curam
1320 1934 1598 1991 modestiae
1618 1945 1674 1992 et
1688 1935 1956 2007 pudicitia:

362 2037 419 2085 ut
445 2028 533 2101 qui
582 2044 689 2086 non
738 2037 844 2084 tam
886 2042 1097 2085 ctenam
1127 2027 1481 2096 ccenaverint,
1532 2044 1694 2098 quam
1722 2029 1957 2102 discipli-

360 2122 506 2179 nam.
530 2114 657 2179 Haec
701 2121 861 2177 coitio
885 2119 1299 2176 ehristianorum
1346 2121 1536 2177 merito
1576 2136 1704 2178 sane
1746 2122 1953 2191 illicita,

2059 638 2374 696 damnandis
2406 640 2546 713 (4),]
2579 641 2622 696 si
2653 641 2772 713 quis
2800 640 2868 697 de
2890 655 2953 698 ea
2983 641 3224 713 queritur
3242 655 3309 698 eo
3337 641 3513 711 titulo,
3555 657 3661 713 quo

2058 716 2126 785 de
2179 729 2498 787 factionibus
2540 733 2760 803 querela
2806 740 2907 789 est.
2955 731 3010 787 In
3042 732 3196 803 cujus
3236 732 3527 804 perniciem
3567 734 3663 791 ali-

2059 822 2270 894 quando
2298 822 2685 881 convenimus?
2718 824 2831 880 lloe
2855 834 3041 880 Sumus
3071 825 3414 897 congregati,
3440 824 3580 896 quod
3609 833 3666 884 et

2058 915 2321 989 dispersi;
2355 917 2458 975 hoc
2480 918 2735 989 universi,
2754 919 2895 991 quod
2925 927 2979 976 et
3013 920 3243 991 singuli;
3272 920 3541 977 neminem
3571 918 3664 974 lte-

2057 1009 2245 1068 dentes
2261 1011 2333 1083 (f)
2352 1055 2367 1081 ,
2387 1013 2656 1070 neminem
2677 1012 3075 1071 contristantes.
3099 1012 3274 1082 Quum
3296 1010 3468 1085 probi,
3497 1027 3662 1083 quum
3736 1007 3739 1011 ’

2058 1098 2184 1162 boni
2206 1113 2419 1173 coeunt,
2452 1122 2614 1178 quum
2643 1107 2735 1178 pii,
2755 1122 2916 1178 quum
2946 1107 3080 1162 casti
3108 1112 3531 1179 congregantur,
3551 1116 3661 1161 non

2058 1198 2141 1256 est
2161 1196 2322 1256 fa‘etio
2350 1198 2601 1267 dicenda,
2641 1198 2736 1256 sed
2764 1199 2912 1255 curia
2952 1198 3050 1271 (g).

2667 1331 2896 1390 CAPUT
2926 1308 3061 1386 XL."

2067 1447 2338 1503 Factiosos
2384 1448 2553 1519 potius
2578 1462 2688 1503 esse
2706 1447 2854 1514 illos,
2902 1446 2989 1517 qui
3027 1443 3341 1499 benemoritis
3383 1442 3613 1498 insidiati
3643 1484 3660 1512 ,

2141 1538 2344 1609 publica
2370 1539 2508 1592 mala
2536 1539 2826 1592 christianis
2863 1537 3109 1605 imputant
3131 1578 3146 1603 ,
3189 1552 3306 1589 cum
3336 1545 3380 1589 et
3404 1544 3521 1589 ante
3559 1551 3667 1589 sec-

2139 1639 2245 1684 tam
2265 1631 2396 1684 hanc
2429 1629 2625 1699 majora
2653 1637 2696 1682 et
2746 1628 2954 1682 tertiora
2983 1627 3134 1680 etiam
3178 1625 3344 1680 orbem
3395 1640 3667 1695 quassave-

2136 1723 2381 1790 rint,~illa
2405 1738 2520 1777 vero
2546 1730 2732 1777 exorta
2751 1761 2767 1788 ,
2812 1700 3011 1777 minora
3050 1719 3332 1788 levioraque
3358 1732 3466 1771 esse
3508 1734 3663 1787 cepe-

2138 1817 2273 1881 rint,
2303 1825 2492 1885 utpota:
2519 1828 2633 1886 qua:
2666 1812 2894 1883 precibus
2923 1811 3027 1866 suis
3054 1809 3259 1864 meritas
3284 1806 3528 1863 Numinis
3555 1822 3664 1878 pa:-

1991 1908 2039 1973 B
2138 1929 2232 1967 nas
2258 1910 2499 1982 depellat,
2531 1909 2643 1963 licet
2668 1906 2744 1962 illi
2791 1920 2975 1961 temere
3024 1903 3142 1959 deos
3170 1903 3387 1959 colentes
3428 1902 3529 1957 veri
3570 1899 3669 1957 Dei

2131 2004 2488 2075 benignitatem
2510 2001 2664 2057 idolis
2688 2000 2999 2055 adscribunt.

2130 2120 2216 2178 40.
2252 2120 2320 2175 At
2364 2132 2394 2174 e
2445 2115 2715 2174 contrario
2791 2114 2896 2172 illis
2944 2128 3139 2170 nomen
3196 2112 3442 2169 factionis
3492 2111 3571 2185 (5)
3605 2119 3668 2168 ac

1596 2237 1977 2298 LECTIONES
1999 2234 2415 2299 VARIANTES.
2511 2273 2528 2286 .

453 2353 502 2425 1)
525 2353 792 2425 Qisciplinte
812 2352 877 2425 de
899 2365 1041 2424 causa
1065 2356 1303 2406 aestimate
1329 2354 1449 2417 quid
1468 2356 1535 2405 sit
1558 2365 1707 2407 Fran.

452 2415 503 2467 2)
526 2415 808 2465 Admittitur
825 2415 983 2466 Paris.

448 2476 501 2539 5)
526 2476 919 2540 Aqua’manalem
1171 2478 1291 2527 Jun.

448 2538 495 2603 4)
525 2538 614 2591 Vr)
640 2541 775 2590 uncis
796 2540 977 2590 inclusa
1004 2553 1066 2590 ex
1091 2550 1189 2591 uno
1211 2540 1318 2591 cod.
1342 2538 1483 2591 Fuld.
1511 2539 1805 2593 addiderunt
1842 2541 1954 2607 Rig.

390 2631 401 2638 ο

2063 2364 2117 2407 et
2137 2354 2292 2415 llam;
2317 2352 2408 2415 sed
2444 2350 2541 2415 illis
2576 2346 3036 2415 receptisﬂaverc.
3073 2354 3180 2411 post
3209 2346 3497 2397 damnandis
3529 2354 3668 2397 recte

2068 2411 2361 2469 asseruisset
2383 2413 2584 2463 factiosa
2607 2411 2687 2462 vel
2703 2411 2872 2463 factio.

2135 2480 2199 2544 (5)
2238 2477 2523 2528 Factionem
2544 2478 2665 2525 Par.

1731 2648 2295 2706 COMMENTARIUS.

361 2765 755 2823 emolumentum
788 2765 878 2820 tibi
905 2776 994 2820 aut
1021 2765 1193 2821 domui
1224 2773 1324 2820 tua:
1351 2765 1607 2836 afferunt?
1632 2764 1921 2820 Prandium
1946 2807 1962 2831 ,

362 2840 552 2910 inquies
580 2880 595 2905 ,
641 2838 845 2910 suavius
889 2838 1110 2892 reddunt
1156 2836 1455 2910 :quomodo
1498 2853 1652 2910 suave
1695 2837 1965 2910 quicquam

363 2907 533 2981 facere
552 2908 745 2982 possint
767 2950 781 2977 ,
805 2910 891 2979 qui
913 2910 1097 2979 palmis
1126 2908 1391 2964 carduntur
1409 2950 1423 2975 ,
1455 2907 1541 2979 qui
1571 2909 1859 2979 turpissime
1887 2908 1966 2962 lo-

364 2979 587 3052 quuntur
618 2979 821 3035 ?'Hav.

436 3054 511 3126 (ει)
540 3052 650 3126 Sed
675 3066 967 3126 qudpenes
989 3048 1174 3126 Deum.
1202 3051 1316 3105 Non
1346 3050 1546 3119 itaque,
1565 3049 1756 3126 inquit,
1782 3049 1961 3126 ingra:

365 3119 744 3179 tis'voratrin'is
764 3119 900 3177 dena
937 3121 1030 3175 Dei
1059 3122 1434 3191 dispensamus
1454 3161 1469 3184 ,
1517 3119 1613 3175 sed
1636 3161 1649 3179 .

365 3196 634 3267 acceptius
660 3195 881 3258 scimus,
904 3194 1085 3267 egenis
1111 3190 1583 3267 alendis.Pulchre
1622 3190 1818 3267 Chrys.
1845 3190 1966 3267 loco

363 3262 560 3334 Smpius
588 3273 883 3320 memorato
915 3283 926 3316 :
962 3262 1089 3317 Haec
1116 3281 1146 3317 a
1176 3281 1255 3319 me
1299 3264 1435 3316 dicta
1457 3304 1469 3324 .
1498 3278 1598 3315 non
1627 3263 1747 3328 quia
1786 3262 1962 3333 probi.

365 3337 512 3391 beam
538 3337 643 3390 illis
672 3337 911 3389 alimenta
933 3335 1215 3389 ministrari
1242 3377 1256 3400 ,
1288 3335 1375 3387 sed
1403 3334 1522 3402 quia
1565 3334 1659 3385 Itac
1705 3336 1773 3386 de
1810 3348 1963 3386 causa

1696 3123 1837 3189 quod
1890 3120 1990 3179 illi:

2069 2765 2121 2820 la
2142 2765 2485 2834 disrumpetur
2507 2778 2520 2816 :
2545 2761 2635 2817 sed
2659 2759 2904 2834 orationis
2925 2759 3346 2834 exspectationem
3373 2773 3467 2834 pro
3505 2756 3669 2834 [meno

2066 2836 2292 2891 sensibus
2338 2828 2525 2890 habens
2569 2832 2898 2901 impositam,
2939 2846 3053 2883 cum
3102 2829 3268 2901 debita
3317 2828 3562 2901 modestia
3608 2844 3670 2882 ea:

2067 2908 2304 2962 omnibus
2332 2904 2579 2976 appositis
2634 2899 2815 2976 sumet,
2839 2912 2886 2956 et
2929 2901 3110 2976 multa
3145 2899 3347 2976 quidem
3396 2900 3666 2976 animant,

2067 2970 2390 3032 multaetiam
2404 2970 2756 3030 benedictione
2777 2989 2959 3042 corpus
2984 2971 3227 3041 implebit.
3263 2970 3332 3025 Et
3357 2985 3481 3027 mox
3518 2988 3529 3023 :
3563 2970 3670 3025 Ab-

2067 3049 2282 3122 surdum
2324 3059 2394 3102 est
2420 3046 2552 3101 enim
2576 3088 2587 3108 ,
2618 3061 2785 3122 servos
2805 3043 3244 3122 _quide.m.nostros
3263 3083 3277 3107 ,
3319 3044 3366 3094 si
3398 3057 3551 3122 quant
3578 3059 3671 3110 ap-

2070 3121 2350 3189 positorum
2380 3126 2574 3189 partem
2616 3133 2658 3189 aq
2698 3114 2842 3189 nobis
2870 3113 3163 3189 accipiant,
3209 3122 3257 3165 et
3291 3113 3484 3182 gratias
3520 3127 3669 3189 agere

2068 3180 2212 3245 nobis
2232 3230 2245 3256 ,
2273 3199 2318 3243 et
2345 3180 2457 3243 cum
2481 3186 2824 3240 benedictione
2852 3183 3115 3256 recedere_,
3155 3198 3245 3235 nos
3270 3180 3437 3256 autem
3479 3180 3669 3256 tot_bo-

2070 3262 2148 3316 nis
2177 3250 2421 3331 patientes
2442 3301 2458 3328 ,
2491 3274 2579 3312 nec
2605 3266 2799 3310 tantum
2830 3253 3036 3331 honoris
3066 3252 3175 3306 Deo
3202 3250 3666 3331 rependere-Har.

2142 3322 2219 3402 (ὁ)
2251 3330 2371 3385 Νοη
2487 3337 2712 3402 catervas
2755 3327 3063 3402 cresionum._
3109 3331 3427 3402 pigneranda
3451 3361 3467 3385 ,
3498 3322 3672 3402 inquit

366 3380 828 3476 nollemmia’stari.
861 3404 944 3460 Ea:
968 3380 1317 3460 misericordia
1338 3380 1500 3467 enim,
1532 3420 1633 3457 non
1677 3419 1740 3457 ea:
1780 3380 1962 3476 con-tiu:
1989 3380 2034 3441 (ἶ
2067 3380 2864 3476 ScaligerT-llujuspetulantiae
2905 3394 3158 3476 meminit
3176 3380 3471 3476 Suetonius
3496 3393 3546 3447 in
3574 3380 3671 3449 Né‘

368 3478 525 3531 mella
554 3474 797 3546 originem
822 3477 1067 3531 alimonia
1095 3477 1251 3530 trahit
1279 3493 1297 3531 :
1325 3475 1585 3529 miseresce
1614 3516 1627 3537 ,
1680 3491 1780 3546 non
1827 3474 1964 3528 deri-

365 3548 513 3611 deas,
552 3544 842 3615 natriasque
860 3549 977 3616 quia
1004 3550 1153 3616 inops
1177 3558 1285 3611 est;
1316 3547 1532 3610 nutrias,
1560 3546 1678 3615 quia
1706 3544 1965 3599 Christum

363 3620 419 3673 in
449 3621 562 3691 ipso
585 3620 768 3684 nutris,
784 3635 883 3672 non
906 3620 1027 3689 quia
1047 3620 1311 3691 diabolicis
1337 3616 1498 3672 verbis
1523 3616 1829 3671 cachinnum
1856 3633 1966 3673 mo—

372 3701 452 3745 vet
472 3690 491 3757 ⁷,
522 3699 568 3745 ει
596 3707 745 3744 suam
772 3691 939 3744 obruit
961 3691 1132 3743 vitam.
1162 3690 1299 3745 Hsv.

437 3760 535 3834 (b)_
564 3760 744 3817 Oratio
780 3761 849 3814 ad
876 3759 1061 3834 ADeum
1105 3770 1438 3831 praegustetur
1461 3758 1636 3834 _Q_uo_.d
1698 3758 1965 3834 si__etiam

363 3829 633 3899 Gentiles,
676 3843 828 3902 prout
858 3832 1017 3887 docet
1042 3829 1138 3894 nos
1169 3829 1384 3888 arianus
1409 3831 1473 3884 ad
1503 3829 1730 3900 Epicteti
1760 3830 1853 3884 lib.
1885 3844 1961 3885 ut.

363 3917 413 3959 ο.
428 3903 517 3958 21.
536 3908 639 3959 οὐδὲ
653 3914 924 3974 στείρσυθιν
944 3911 1117 3969 ἄλλως,
1136 3908 1175 3958 si
1196 3915 1266 3971 pi
1284 3915 1373 3961 τήν
1398 3912 1630 3974 Δήμητρα
1654 3908 1734 3955 im
1762 3911 1966 3956 καλεσα-

362 3984 519 4042 μένος,
533 3990 636 4028 non
655 3972 829 4029 serunt
848 3991 1001 4045 agros
1020 3976 1117 4028 nisi
1143 3977 1281 4044 prius
1302 3975 1531 4027 invocata
1553 3972 1751 4039 Cerere,
1765 3982 1963 4045 quanto

362 4048 533 4114 magis
560 4060 667 4100 non
695 4045 849 4100 decet
869 4044 978 4115 agri
1012 4046 1180 4113 ipsum
1222 4046 1450 4099 fructum
1483 4054 1829 4115 pereepturos
1854 4044 1962 4099 Do:

362 4113 494 4171 mini
544 4116 637 4171 Dei
689 4113 1117 4171 benedictionem
1160 4113 1733 4184 expostulare‘tldque
1774 4129 1959 4170 rursus

362 4185 512 4258 ipsos
558 4188 786 4258 gentiles
837 4203 942 4241 non
994 4187 1293 4257 neglexisse
1340 4194 1563 4240 testatur
1601 4184 1959 4253 Quintilianus

361 4256 758 4315 Declamatione
786 4273 924 4313 CCCI.
954 4256 1121 4312 Adisti
1150 4272 1376 4312 mensam
1402 4297 1417 4316 .
1446 4259 1513 4309 ad
1542 4273 1694 4326 quam
1733 4273 1847 4310 cum
1871 4272 1955 4311 ve-

359 4330 470 4384 nire
495 4330 738 4399 capimus
766 4329 888 4384 deos
924 4330 1236 4383 invocamus.
1300 4329 1365 4383 Et
1392 4327 1815 4399 Christianorum
1861 4327 1960 4396 ἱεῖς

360 4406 449 4454 tur
475 4401 587 4455 veri
629 4401 725 4456 Dei
752 4399 917 4455 verbo
943 4408 1000 4454 et
1019 4400 1353 4455 invocatione
1396 4398 1546 4453 cilius
1575 4398 1956 4466 sanetillcatur,

358 4484 400 4541 ι.
425 4470 567 4526 Tim.
594 4472 753 4541 md.
780 4471 837 4526 5.
863 4470 1104 4540 Namque
1138 4478 1195 4525 ut
1238 4470 1326 4541 pie
1368 4469 1649 4541 Chrysost.
1695 4469 1776 4524 Ad
1825 4471 1954 4538 Pop.

358 4540 609 4614 Antioch.
638 4540 795 4614 Hom.
831 4557 1016 4597 LXXIX.
1047 4540 1255 4614 Mensa
1270 4542 1335 4595 ab
1359 4540 1588 4595 oratione
1617 4556 1816 4614 sumens
1859 4542 1962 4614 ini-_

359 4612 491 4664 tium
514 4651 529 4677 ,
558 4623 605 4666 et
631 4611 683 4667 in
713 4614 993 4667 orationem
1020 4613 1275 4679 desinens,
1316 4628 1574 4679 nunquam
1604 4611 1830 4680 deficiet,
1871 4612 1959 4665 sed

358 4684 721 4754 fonte-largius
760 4686 930 4738 omnia
958 4683 1101 4738 nobis
1131 4682 1309 4751 afferet
1332 4684 1463 4754 bona
1487 4701 1505 4737 :
1532 4699 1615 4744 ne.
1639 4692 1835 4735 tantum
1862 4684 1961 4736 ita-
1988 4691 2040 4749 1)

353 4769 453 4824 que
487 4753 944 4824 prsetermittamus
965 4755 1379 4810 emolumentum.
1414 4753 1547 4808 Nota
1601 4768 1725 4824 vero
1773 4768 1958 4808 vocem

354 4822 726 4952 prwguiltetur,
786 4841 892 4898 qua
933 4826 1267 4896 Spiritualem
1317 4826 1495 4882 cibum
1543 4822 1713 4880 innuit
1756 4826 1957 4879 oratio-

354 4909 503 4951 nem.
581 4914 670 4952 av.

352 4909 503 4951 nem.
530 4909 670 4953 ΗΑν.

426 4965 513 5040 (ο)
545 4967 636 5024 Vel
665 4968 729 5023 de
753 4970 961 5040 proprio
979 4968 1202 5040 ingenio.
1246 4967 1406 5040 Quod
1430 4966 1498 5022 de
1523 4966 1739 5040 hymnis
1759 4972 1814 5021 et
1834 4979 1954 5040 can-

350 5037 472 5109 ticis
503 5037 859 5109 interpretor,
888 5041 956 5095 ab
981 5039 1363 5095 eruditioribus
1392 5037 1949 5109 ‘conviviscomposi-

350 5108 455 5175 tis,
487 5107 792 5178 prius—vero
818 5110 885 5166 de
918 5110 1137 5180 psalmis
1164 5109 1218 5165 in
1251 5109 1489 5164 Ecclesia
1522 5107 1734 5178 publice
1762 5107 1947 5179 recep-

353 5180 441 5251 tis.
468 5180 538 5235 Et
563 5180 669 5237 hue
694 5180 1039 5237 referendum
1057 5181 1197 5237 duco
1219 5182 1481 5251 insignem
1509 5180 1688 5234 locum
1712 5181 1764 5235 in
1786 5180 1959 5250 Epist.

348 5248 500 5306 Pauli
526 5260 581 5307 et
603 5251 889 5322 Ephesios.
919 5267 1037 5323 cap.
1067 5269 1121 5307 ν.
1151 5252 1239 5309 19.
1272 5248 1517 5312 λαλοῦντες
1546 5256 1730 5312 ἑαυτοῖς
1758 5248 1961 5320 ψιλμοῖς

347 5324 432 5374 sisi
461 5327 621 5390 ὕμνοις
653 5328 736 5377 ui
761 5329 905 5385 ὠδαῖς
930 5328 1290 5393 «scopa/riuo?“
1318 5329 1507 5384 ἃδοντες
1534 5327 1616 5376 καὶ
1643 5330 1891 5392 ψάλλοντες
1919 5329 1963 5377 ἐν

344 5404 411 5463 τῇ
436 5398 610 5464 ιιρδιᾳ
638 5401 765 5463 ὕμῶν
791 5412 859 5467 τῷ
888 5405 1049 5467 κυρίῳ.
1083 5395 1220 5450 "AV.

418 5506 502 5579 (ἀ)
529 5507 708 5564 Oratio
726 5510 1008 5564 convivium
1022 5508 1234 5563 dirimit.
1260 5507 1464 5563 Rursus
1490 5505 1683 5562 ibidem
1703 5520 1858 5559 versu
1874 5505 1963 5561 ‘20.

343 5581 489 5652 εὖχαιρ
500 5587 732 5642 ιστοῢντες
754 5589 957 5637 πάντοοε
973 5586 1081 5652 ὑπὲρ
1097 5587 1283 5634 πάντων
1298 5586 1341 5634 ὲ)
1355 5582 1552 5652 buli/uri
1564 5583 1823 5646 τοῦχωρίου
1838 5586 1967 5647 ἡμῶν

343 5636 485 5722 legati
497 5636 830 5722 Χρισπτοῦξτφ
854 5660 941 5722 Θεῷ
961 5636 1248 5721 καῗπιτρί,
1285 5659 1339 5704 ut
1360 5636 1493 5722 adeo
1522 5648 1639 5722 haec
1663 5636 1968 5718 respexisse

341 5714 928 5794 etiamffermideatur
950 5714 1361 5794 Chrysos'mmus
1386 5720 1544 5775 etiam
1567 5718 1685 5773 loco
1706 5714 1970 5794 memora-

341 5786 402 5861 to
436 5809 449 5845 :
483 5791 629 5865 9pm
648 5803 731 5865 est
747 5794 918 5865 itaque
944 5786 1369 5865 nos,'ct_mensam
1392 5799 1634 5861 petentes,
1650 5799 1697 5844 et
1723 5789 1970 5845 desisten-

342 5858 578 5943 ςερηιξέρ
600 5863 793 5943 gratias
812 5858 978 5943 (igere.
998 5860 1088 5943 'Ad
1117 5863 1211 5943 hoc
1241 5863 1373 5943 enim
1392 5858 1604 5932 paratus
1629 5903 1643 5925 ,
1702 5877 1967 5931 nunquam

340 5931 399 5987 in
416 5931 705 5993 ebrietatem
732 5931 926 5996 decidet
954 5945 1043 5995 aut
1071 5931 1427 6002 insolentiam;
1459 5948 1715 6005 nunquam
1767 5949 1962 6009 crapu-

2069 3464 2345 3543 ronevcap.
2375 3464 2519 3526 xxiv.
2554 3464 2819 3543 Siquidem
2848 3464 3114 3543 redeuntes
3142 3480 3342 3543 actvna
3370 3464 3629 3518 verberare
3653 3505 3669 3529 ,

2066 3562 2126 3599 ac
2150 3536 2490 3615 repugnantes
2518 3536 2792 3615 vulnerare
2837 3537 3125 3615 cloacisque
3165 3536 3451 3615 demergere
3498 3551 3671 3615 assue-
3718 3590 3721 3593 μ

2071 3606 2231 3670 νεναί.
2263 3606 2332 3670 Et
2363 3615 2415 3668 in
2447 3612 2657 3668 Othone
2686 3626 2737 3667 (ς.
2769 3625 2825 3664 ιι.
2852 3607 3137 3663 Ferebatur
3162 3616 3205 3661 et
3234 3606 3409 3677 vagari
3444 3606 3671 3660 noctibus

2071 3687 2251 3740 solitus
2276 3728 2290 3750 ,
2322 3696 2473 3755 atque
2500 3683 2779 3755 invalidum
2819 3680 3358 3755 quemqueobvio‘rum
3389 3679 3479 3755 _vel
3526 3686 3673 3755 potu-

2073 3757 2262 3811 lentum
2280 3748 2569 3825 corripere;
2590 3770 2651 3807 ac
2673 3748 2889 3807 distento
2906 3748 3030 3821 sago
3067 3749 3359 3819 impositum
3382 3748 3434 3801 in
3462 3748 3674 3802 sublime

2062 3830 2292 3900 jactare._
2321 3828 2460 3882 ΗΜ.

2146 3900 2211 3969 (l)
2242 3898 2509 3954 Neminem
2535 3896 2903 3969 contristantes.
2964 3892 3152 3969 Verbis
3186 3890 3392 3969 scilicet
3431 3889 3674 3969 procaci-

2065 3961 2204 4035 bus,
2247 3981 2302 4025 ut
2342 3969 2609 4024 faciebant
2647 3966 2868 4036 Cynici,
2917 3966 3013 4036 qui
3068 3964 3151 4036 vel
3195 3963 3247 4016 in
3296 3976 3449 4036 reges
3504 3961 3675 4036 latra:

2068 4029 2235 4111 bant,
2259 4051 2317 4095 ut
2344 4040 2499 4095 infra.
2526 4039 2644 4111 Huc
2690 4029 2812 4094 facit
2858 4029 3478 4111 inscriptiosepulcralis
3527 4029 3669 4111 apud

2064 4101 2352 4168 Gruterum
2384 4110 2670 4181 Menophili
2699 4120 2893 4179 poetm,
2921 4109 2974 4163 in
3002 4101 3106 4176 qua
3135 4101 3274 4161 inter
3299 4107 3404 4161 alia
3446 4102 3549 4158 hoc
3593 4101 3673 4156 le-

2065 4185 2212 4254 gitur
2235 4224 2250 4249 ,

2186 4294 2319 4348 Nulli
2342 4297 2496 4347 tristis
2520 4308 2671 4355 eram,
2699 4294 2817 4344 nulli
2837 4294 3059 4345 convicia
3082 4290 3185 4343 dixi
3226 4307 3238 4341 :

2068 4382 2210 4465 (iuod
2237 4380 2303 4436 ad
2327 4380 2618 4436 maledicos
2652 4390 2834 4450 poetas
2864 4387 2918 4434 et
2940 4386 3176 4435 veterem
3208 4373 3536 4431 comoediam
3565 4389 3678 4431 res-

2067 4464 2219 4595 ω(ζῶ
2246 4522 2354 4577 Sed
2379 4520 3003 4595 curia.‘Eleganti_s_sime,
3032 4528 3234 4595 estun
3245 4514 3488 4595 imitatus
3508 4514 3678 4595 Luca:

2068 4584 2231 4658 nam,
2271 4602 2417 4663 certe
2448 4592 2592 4660 paria
2620 4584 2740 4663 quae
2790 4592 2879 4645 ille
2906 4584 3147 4663 pratulit.
3202 4588 3293 4663 Sic
3343 4587 3485 4663 enim
3538 4584 3680 4653 apud

2068 4681 2188 4733 eum
2219 4652 2273 4718 in
2305 4652 2663 4733 pulcherrima
2694 4652 2935 4733 oratione
2961 4661 3196 4731 graviter
3248 4652 3507 4712 Lentulus
3548 4652 3680 4709 cum

2065 4736 2118 4791 in
2155 4729 2318 4804 Epiro
2347 4732 2484 4788 inter
2520 4732 2874 4804 Pompeianos
2902 4729 2981 4785 de
3011 4746 3219 4784 summa
3271 4743 3451 4784 rerum
3483 4739 3678 4782 consu-

2048 4801 2268 4871 leretur
2291 4806 2382 4860 lib.
2416 4821 2487 4858 vr.
2524 4801 2685 4860 versu
2716 4801 2806 4856 9.7.

2473 4894 2828 4959 Tarpeiasede
2854 4900 3060 4959 perusta

2181 4960 2430 5011 Gallorum
2454 4951 2660 5019 facilius,
2687 4951 2938 5019 Veiosque
2973 4956 3241 5005 habitante
3263 4951 3492 5013 Camillo,

2179 5020 2284 5073 Illic
2304 5022 2457 5073 lloma
2479 5016 2587 5072 fuit.

2049 5107 2191 5163 Ante
2222 5106 2333 5177 jam
2364 5118 2523 5161 versu
2575 5104 2664 5160 l0.
2694 5102 2813 5173 ipse
2834 5101 3080 5157 Lucanus
3108 5099 3284 5155 locum
3305 5098 3453 5154 illum
3483 5096 3679 5151 curiam

2067 5193 2271 5234 vocavc
2285 5187 2368 5233 rat
2396 5220 2411 5243 ,

2470 5268 2780 5328 Secretaque
2803 5278 2979 5317 verum

2193 5331 2386 5395 Hospes
2408 5334 2456 5381 in
2475 5325 2899 5382 externis'audivit
2914 5328 3051 5379 curia
3070 5325 3242 5378 tectis.

2076 5416 2222 5472 addit

2196 5458 2450 5618 ξῖἔιὶηῑίιιιίε
2472 5511 2633 5618 c?astra
2653 5516 2801 5555 voces
2824 5509 2898 5555 tot
2918 5504 3114 5555 strictas
3133 5504 3248 5567 jure
3271 5497 3515 5553 secures?

2239 5582 2268 5617 ο
2326 5581 2470 5618 asces

2239 5581 2290 5618 Ol
2310 5581 2470 5618 [33085

2073 5651 2189 5706 Non
2211 5649 2472 5707 dissimile
2491 5651 2616 5721 quid
2643 5658 2725 5706 est
2771 5649 2908 5721 apud
2945 5648 3222 5720 Chrysost.
3269 5662 3413 5703 χιιι.
3438 5644 3512 5721 _in
3554 5655 3679 5712 cap.

2071 5737 2181 5777 xw.
2209 5722 2462 5788 Mattliaai,
2492 5716 2578 5777 ubi
2606 5737 2767 5791 quum
2796 5716 3107 5775 adhortatus
3124 5728 3268 5775 esset
3297 5716 3546 5791 populum
3570 5728 3678 5769 non

2071 5794 2337 5864 parasitos
2358 5792 2424 5848 ad
2455 5788 2691 5864 mensas,
2722 5791 2814 5848 sed
2839 5806 3101 5864 pauperes
3140 5791 3319 5860 potius
3352 5788 3446 5843 Dei
3466 5798 3680 5864 ‘servos

2072 5853 2247 5939 alere,
2272 5866 2352 5939 sic
2396 5864 2553 5939 in_l_it:
2589 5853 2689 5921 Ita'
2718 5853 2897 5920 domus
2943 5853 3033 5918 iibi
3075 5853 3178 5918 non
3218 5855 3563 5934 spectaculum
3592 5853 3684 5912 sed
3744 5933 3750 5939 ο

2072 5934 2280 5995 ecclesia
2304 5934 2410 6006 ﬁet.
2440 5934 2578 5998 llsv.
