  <div class='ocr_page' id='page_1' title='image "/cluster/home/n/w/nwhite01/storage/ocr_20150623/1/hvd.32044054128335/261.png"; bbox 0 0 4258 6274; ppageno 0'>
   <div class='ocr_carea' id='block_1_1' title="bbox 597 404 708 466">
    <p class='ocr_par' dir='ltr' id='par_1_1' title="bbox 597 404 708 466">
     <span class='ocr_line' id='line_1_1' title="bbox 597 404 708 466; baseline 0 -1"><span class='ocrx_word' id='word_1_1' title='bbox 597 404 708 466; x_wconf 79' lang='grc'><strong>479</strong></span> 
     </span>
    </p>
   </div>
   <div class='ocr_carea' id='block_1_2' title="bbox 2018 399 2480 461">
    <p class='ocr_par' dir='ltr' id='par_1_2' title="bbox 2018 399 2480 461">
     <span class='ocr_line' id='line_1_2' title="bbox 2018 399 2480 461; baseline 0 -3"><span class='ocrx_word' id='word_1_2' title='bbox 2018 399 2480 461; x_wconf 80' lang='lat' dir='ltr'><strong>TERTULLIANI</strong></span> 
     </span>
    </p>
   </div>
   <div class='ocr_carea' id='block_1_3' title="bbox 3795 397 3903 455">
    <p class='ocr_par' dir='ltr' id='par_1_3' title="bbox 3795 397 3903 455">
     <span class='ocr_line' id='line_1_3' title="bbox 3795 397 3903 455; baseline 0.009 -1"><span class='ocrx_word' id='word_1_3' title='bbox 3795 397 3903 455; x_wconf 61' lang='lat'><strong>480</strong></span> 
     </span>
    </p>
   </div>
   <div class='ocr_carea' id='block_1_4' title="bbox 600 513 3893 594">
    <p class='ocr_par' dir='ltr' id='par_1_4' title="bbox 600 513 3893 594">
     <span class='ocr_line' id='line_1_4' title="bbox 600 513 3893 594; baseline -0.002 -16"><span class='ocrx_word' id='word_1_4' title='bbox 600 519 1046 594; x_wconf 79' lang='lat' dir='ltr'><strong>commodandum</strong></span> <span class='ocrx_word' id='word_1_5' title='bbox 1093 522 1211 584; x_wconf 88' lang='lat' dir='ltr'><strong>est,</strong></span> <span class='ocrx_word' id='word_1_6' title='bbox 1257 514 1348 586; x_wconf 86' lang='lat' dir='ltr'><strong>qui</strong></span> <span class='ocrx_word' id='word_1_7' title='bbox 1373 514 1427 570; x_wconf 92' lang='lat' dir='ltr'><strong>in</strong></span> <span class='ocrx_word' id='word_1_8' title='bbox 1458 514 1639 571; x_wconf 90' lang='lat' dir='ltr'><strong>odium</strong></span> <span class='ocrx_word' id='word_1_9' title='bbox 1684 515 1949 571; x_wconf 89' lang='lat' dir='ltr'><strong>bonorum</strong></span> <span class='ocrx_word' id='word_1_10' title='bbox 1974 517 2188 590; x_wconf 89' lang='lat' dir='ltr'><strong>conspi-</strong></span> <span class='ocrx_word' id='word_1_11' title='bbox 2213 517 2471 580; x_wconf 77' lang='lat' dir='ltr'><strong>Astetit,</strong></span> <span class='ocrx_word' id='word_1_12' title='bbox 2524 515 2598 588; x_wconf 82' lang='grc' dir='ltr'><strong>(ο)</strong></span> <span class='ocrx_word' id='word_1_13' title='bbox 2648 515 2692 570; x_wconf 89' lang='lat' dir='ltr'><strong>si</strong></span> <span class='ocrx_word' id='word_1_14' title='bbox 2726 523 2869 573; x_wconf 89' lang='lat' dir='ltr'><strong>terra</strong></span> <span class='ocrx_word' id='word_1_15' title='bbox 2910 517 3112 584; x_wconf 82' lang='lat' dir='ltr'><strong>movit,</strong></span> <span class='ocrx_word' id='word_1_16' title='bbox 3157 516 3245 586; x_wconf 76' lang='grc' dir='ltr'><strong>(ά)</strong></span> <span class='ocrx_word' id='word_1_17' title='bbox 3286 516 3333 571; x_wconf 87' lang='lat' dir='ltr'><strong>si</strong></span> <span class='ocrx_word' id='word_1_18' title='bbox 3371 515 3576 580; x_wconf 77' lang='lat' dir='ltr'><strong>fames,</strong></span> <span class='ocrx_word' id='word_1_19' title='bbox 3633 513 3681 570; x_wconf 87' lang='lat' dir='ltr'><strong>si</strong></span> <span class='ocrx_word' id='word_1_20' title='bbox 3736 513 3893 584; x_wconf 89' lang='lat' dir='ltr'><strong>lues,</strong></span> 
     </span>
    </p>
   </div>
   <div class='ocr_carea' id='block_1_5' title="bbox 601 605 2194 680">
    <p class='ocr_par' dir='ltr' id='par_1_5' title="bbox 601 605 2194 680">
     <span class='ocr_line' id='line_1_5' title="bbox 601 605 2194 680; baseline -0.003 -12"><span class='ocrx_word' id='word_1_21' title='bbox 601 623 756 677; x_wconf 90' lang='lat' dir='ltr'><strong>rant,</strong></span> <span class='ocrx_word' id='word_1_22' title='bbox 786 611 877 680; x_wconf 86' lang='lat' dir='ltr'><strong>qui</strong></span> <span class='ocrx_word' id='word_1_23' title='bbox 913 609 1201 664; x_wconf 89' lang='lat' dir='ltr'><strong>adversum</strong></span> <span class='ocrx_word' id='word_1_24' title='bbox 1233 605 1546 677; x_wconf 87' lang='lat' dir='ltr'><strong>sanguinem</strong></span> <span class='ocrx_word' id='word_1_25' title='bbox 1580 608 1942 669; x_wconf 83' lang='lat' dir='ltr'><strong>innocentium</strong></span> <span class='ocrx_word' id='word_1_26' title='bbox 1973 609 2194 664; x_wconf 86' lang='lat' dir='ltr'><strong>concla-</strong></span> 
     </span>
    </p>
   </div>
   <div class='ocr_carea' id='block_1_6' title="bbox 599 699 2194 773">
    <p class='ocr_par' dir='ltr' id='par_1_6' title="bbox 599 699 2194 773">
     <span class='ocr_line' id='line_1_6' title="bbox 599 699 2194 773; baseline -0.001 -15"><span class='ocrx_word' id='word_1_27' title='bbox 599 711 749 759; x_wconf 88' lang='lat' dir='ltr'><strong>mant</strong></span> <span class='ocrx_word' id='word_1_28' title='bbox 797 702 911 773; x_wconf 84' lang='lat' dir='ltr'><strong>(l),</strong></span> <span class='ocrx_word' id='word_1_29' title='bbox 966 708 1321 770; x_wconf 72' lang='lat' dir='ltr'><strong>prmtexeutes</strong></span> <span class='ocrx_word' id='word_1_30' title='bbox 1368 714 1498 755; x_wconf 85' lang='lat' dir='ltr'><strong>sane</strong></span> <span class='ocrx_word' id='word_1_31' title='bbox 1539 699 1606 754; x_wconf 89' lang='lat' dir='ltr'><strong>ad</strong></span> <span class='ocrx_word' id='word_1_32' title='bbox 1675 699 1782 756; x_wconf 88' lang='lat' dir='ltr'><strong>odii</strong></span> <span class='ocrx_word' id='word_1_33' title='bbox 1824 699 2194 757; x_wconf 90' lang='lat' dir='ltr'><strong>defensionem</strong></span> 
     </span>
    </p>
   </div>
   <div class='ocr_carea' id='block_1_7' title="bbox 599 791 2194 864">
    <p class='ocr_par' dir='ltr' id='par_1_7' title="bbox 599 791 2194 864">
     <span class='ocr_line' id='line_1_7' title="bbox 599 791 2194 864; baseline -0.001 -14"><span class='ocrx_word' id='word_1_34' title='bbox 599 794 744 850; x_wconf 86' lang='lat' dir='ltr'><strong>illam</strong></span> <span class='ocrx_word' id='word_1_35' title='bbox 807 806 1019 862; x_wconf 90' lang='lat' dir='ltr'><strong>quoque</strong></span> <span class='ocrx_word' id='word_1_36' title='bbox 1068 791 1352 848; x_wconf 88' lang='lat' dir='ltr'><strong>vanitatem</strong></span> <span class='ocrx_word' id='word_1_37' title='bbox 1383 834 1399 858; x_wconf 94' lang='lat'><strong>,</strong></span> <span class='ocrx_word' id='word_1_38' title='bbox 1460 792 1604 864; x_wconf 89' lang='lat' dir='ltr'><strong>quod</strong></span> <span class='ocrx_word' id='word_1_39' title='bbox 1656 795 1965 850; x_wconf 82' lang='lat' dir='ltr'><strong>existiment</strong></span> <span class='ocrx_word' id='word_1_40' title='bbox 2018 795 2194 849; x_wconf 87' lang='lat' dir='ltr'><strong>omnis</strong></span> 
     </span>
    </p>
   </div>
   <div class='ocr_carea' id='block_1_8' title="bbox 598 870 2194 968">
    <p class='ocr_par' dir='ltr' id='par_1_8' title="bbox 598 870 2194 968">
     <span class='ocr_line' id='line_1_8' title="bbox 598 870 2194 968; baseline -0.001 -23"><span class='ocrx_word' id='word_1_41' title='bbox 598 889 828 962; x_wconf 77' lang='lat' dir='ltr'><strong>publica:</strong></span> <span class='ocrx_word' id='word_1_42' title='bbox 855 887 1062 954; x_wconf 85' lang='lat' dir='ltr'><strong>cladis,</strong></span> <span class='ocrx_word' id='word_1_43' title='bbox 1113 889 1289 942; x_wconf 89' lang='lat' dir='ltr'><strong>omnis</strong></span> <span class='ocrx_word' id='word_1_44' title='bbox 1347 889 1621 958; x_wconf 89' lang='lat' dir='ltr'><strong>popularis</strong></span> <span class='ocrx_word' id='word_1_45' title='bbox 1664 870 2194 968; x_wconf 50' lang='lat' dir='ltr'><strong>incomntﬂichris-</strong></span> 
     </span>
    </p>
   </div>
   <div class='ocr_carea' id='block_1_9' title="bbox 602 961 2192 1053">
    <p class='ocr_par' dir='ltr' id='par_1_9' title="bbox 602 961 2192 1053">
     <span class='ocr_line' id='line_1_9' title="bbox 602 961 2192 1053; baseline -0.001 -15"><span class='ocrx_word' id='word_1_46' title='bbox 602 961 776 1038; x_wconf 89' lang='lat' dir='ltr'><strong>tianos</strong></span> <span class='ocrx_word' id='word_1_47' title='bbox 803 995 925 1037; x_wconf 90' lang='lat' dir='ltr'><strong>esse</strong></span> <span class='ocrx_word' id='word_1_48' title='bbox 955 981 1006 1036; x_wconf 92' lang='lat' dir='ltr'><strong>in</strong></span> <span class='ocrx_word' id='word_1_49' title='bbox 1032 995 1220 1036; x_wconf 86' lang='lat' dir='ltr'><strong>caussa</strong></span> <span class='ocrx_word' id='word_1_50' title='bbox 1253 979 1357 1053; x_wconf 74' lang='lat'><strong>(2).</strong></span> <span class='ocrx_word' id='word_1_51' title='bbox 1385 980 1442 1036; x_wconf 91' lang='lat' dir='ltr'><strong>Si</strong></span> <span class='ocrx_word' id='word_1_52' title='bbox 1469 980 1677 1036; x_wconf 79' lang='lat' dir='ltr'><strong>Tiberis</strong></span> <span class='ocrx_word' id='word_1_53' title='bbox 1700 961 2034 1036; x_wconf 58' lang='grc' dir='ltr'><strong>αεσεηιιῖῇ</strong></span> <span class='ocrx_word' id='word_1_54' title='bbox 2053 969 2192 1036; x_wconf 71' lang='lat' dir='ltr'><strong>moe-</strong></span> 
     </span>
    </p>
   </div>
   <div class='ocr_carea' id='block_1_10' title="bbox 599 1071 2194 1152">
    <p class='ocr_par' dir='ltr' id='par_1_10' title="bbox 599 1071 2194 1152">
     <span class='ocr_line' id='line_1_10' title="bbox 599 1071 2194 1152; baseline -0.004 -19"><span class='ocrx_word' id='word_1_55' title='bbox 599 1073 804 1147; x_wconf 78' lang='lat' dir='ltr'><strong>ttia(5),</strong></span> <span class='ocrx_word' id='word_1_56' title='bbox 824 1072 899 1146; x_wconf 90' lang='lat' dir='ltr'><strong>(a)</strong></span> <span class='ocrx_word' id='word_1_57' title='bbox 931 1072 1144 1129; x_wconf 87' lang='lat' dir='ltr'><strong>siNilus</strong></span> <span class='ocrx_word' id='word_1_58' title='bbox 1173 1087 1279 1152; x_wconf 84' lang='lat' dir='ltr'><strong>non</strong></span> <span class='ocrx_word' id='word_1_59' title='bbox 1306 1071 1640 1144; x_wconf 87' lang='lat' dir='ltr'><strong>ascendit(b)</strong></span> <span class='ocrx_word' id='word_1_60' title='bbox 1669 1071 1721 1126; x_wconf 87' lang='lat' dir='ltr'><strong>itt</strong></span> <span class='ocrx_word' id='word_1_61' title='bbox 1749 1086 1899 1135; x_wconf 89' lang='lat' dir='ltr'><strong>arva,</strong></span> <span class='ocrx_word' id='word_1_62' title='bbox 1922 1071 1966 1126; x_wconf 88' lang='lat' dir='ltr'><strong>si</strong></span> <span class='ocrx_word' id='word_1_63' title='bbox 1997 1071 2194 1129; x_wconf 71' lang='lat' dir='ltr'><strong>coelum</strong></span> 
     </span>
    </p>
   </div>
   <div class='ocr_carea' id='block_1_11' title="bbox 2295 606 3903 681">
    <p class='ocr_par' dir='ltr' id='par_1_11' title="bbox 2295 606 3903 681">
     <span class='ocr_line' id='line_1_11' title="bbox 2295 606 3903 681; baseline 0.001 -16"><span class='ocrx_word' id='word_1_64' title='bbox 2295 609 2476 666; x_wconf 89' lang='lat' dir='ltr'><strong>statim</strong></span> <span class='ocrx_word' id='word_1_65' title='bbox 2505 607 2588 681; x_wconf 73' lang='grc' dir='ltr'><strong>(ι)</strong></span> <span class='ocrx_word' id='word_1_66' title='bbox 2643 607 3099 665; x_wconf 82' lang='lat' dir='ltr'><strong>CHRISTIANOS</strong></span> <span class='ocrx_word' id='word_1_67' title='bbox 3130 609 3220 663; x_wconf 84' lang='lat' dir='ltr'><strong>AD</strong></span> <span class='ocrx_word' id='word_1_68' title='bbox 3262 606 3566 664; x_wconf 79' lang='lat' dir='ltr'><strong>LEONEM.</strong></span> <span class='ocrx_word' id='word_1_69' title='bbox 3597 606 3674 679; x_wconf 84' lang='lat' dir='ltr'><strong>(e)</strong></span> <span class='ocrx_word' id='word_1_70' title='bbox 3704 607 3903 666; x_wconf 84' lang='lat' dir='ltr'><strong>Tantos</strong></span> 
     </span>
    </p>
   </div>
   <div class='ocr_carea' id='block_1_12' title="bbox 2295 701 3899 780">
    <p class='ocr_par' dir='ltr' id='par_1_12' title="bbox 2295 701 3899 780">
     <span class='ocr_line' id='line_1_12' title="bbox 2295 701 3899 780; baseline 0.001 -24"><span class='ocrx_word' id='word_1_71' title='bbox 2295 702 2362 756; x_wconf 91' lang='lat' dir='ltr'><strong>ad</strong></span> <span class='ocrx_word' id='word_1_72' title='bbox 2391 703 2582 757; x_wconf 74' lang='lat' dir='ltr'><strong>unum?</strong></span> <span class='ocrx_word' id='word_1_73' title='bbox 2612 701 2722 758; x_wconf 89' lang='lat' dir='ltr'><strong>Oro</strong></span> <span class='ocrx_word' id='word_1_74' title='bbox 2743 717 2857 767; x_wconf 92' lang='lat' dir='ltr'><strong>vos,</strong></span> <span class='ocrx_word' id='word_1_75' title='bbox 2887 713 3012 780; x_wconf 84' lang='lat' dir='ltr'><strong>ante</strong></span> <span class='ocrx_word' id='word_1_76' title='bbox 3032 701 3306 758; x_wconf 87' lang='lat' dir='ltr'><strong>Tiberium</strong></span> <span class='ocrx_word' id='word_1_77' title='bbox 3329 743 3344 769; x_wconf 95' lang='lat'><strong>,</strong></span> <span class='ocrx_word' id='word_1_78' title='bbox 3372 702 3426 757; x_wconf 93' lang='lat' dir='ltr'><strong>id</strong></span> <span class='ocrx_word' id='word_1_79' title='bbox 3457 711 3682 780; x_wconf 82' lang='lat' dir='ltr'><strong>estante</strong></span> <span class='ocrx_word' id='word_1_80' title='bbox 3701 701 3899 758; x_wconf 91' lang='lat' dir='ltr'><strong>Christi</strong></span> 
     </span>
    </p>
   </div>
   <div class='ocr_carea' id='block_1_13' title="bbox 2295 778 3902 868">
    <p class='ocr_par' dir='ltr' id='par_1_13' title="bbox 2295 778 3902 868">
     <span class='ocr_line' id='line_1_13' title="bbox 2295 778 3902 868; baseline 0 -16"><span class='ocrx_word' id='word_1_81' title='bbox 2295 796 2582 853; x_wconf 76' lang='lat' dir='ltr'><strong>adventum</strong></span> <span class='ocrx_word' id='word_1_82' title='bbox 2603 839 2617 860; x_wconf 92' lang='lat'><strong>,</strong></span> <span class='ocrx_word' id='word_1_83' title='bbox 2672 778 2892 868; x_wconf 55' lang='lat' dir='ltr'><strong>quantae</strong></span> <span class='ocrx_word' id='word_1_84' title='bbox 2929 798 3111 854; x_wconf 86' lang='lat' dir='ltr'><strong>clades</strong></span> <span class='ocrx_word' id='word_1_85' title='bbox 3152 797 3336 852; x_wconf 90' lang='lat' dir='ltr'><strong>orbem</strong></span> <span class='ocrx_word' id='word_1_86' title='bbox 3367 804 3424 852; x_wconf 92' lang='lat' dir='ltr'><strong>et</strong></span> <span class='ocrx_word' id='word_1_87' title='bbox 3459 796 3648 852; x_wconf 84' lang='lat' dir='ltr'><strong>urbem</strong></span> <span class='ocrx_word' id='word_1_88' title='bbox 3667 778 3902 853; x_wconf 49' lang='lat' dir='ltr'><strong>eunde-</strong></span> 
     </span>
    </p>
   </div>
   <div class='ocr_carea' id='block_1_14' title="bbox 2296 887 3903 960">
    <p class='ocr_par' dir='ltr' id='par_1_14' title="bbox 2296 887 3903 960">
     <span class='ocr_line' id='line_1_14' title="bbox 2296 887 3903 960; baseline 0 -16"><span class='ocrx_word' id='word_1_89' title='bbox 2296 889 2460 944; x_wconf 88' lang='lat' dir='ltr'><strong>runt?</strong></span> <span class='ocrx_word' id='word_1_90' title='bbox 2501 889 2751 960; x_wconf 77' lang='lat' dir='ltr'><strong>Legimus</strong></span> <span class='ocrx_word' id='word_1_91' title='bbox 2793 889 2987 944; x_wconf 86' lang='lat' dir='ltr'><strong>Hieran</strong></span> <span class='ocrx_word' id='word_1_92' title='bbox 3015 931 3030 956; x_wconf 93' lang='lat'><strong>,</strong></span> <span class='ocrx_word' id='word_1_93' title='bbox 3081 887 3147 959; x_wconf 84' lang='lat' dir='ltr'><strong>(l)</strong></span> <span class='ocrx_word' id='word_1_94' title='bbox 3176 887 3544 958; x_wconf 79' lang='lat' dir='ltr'><strong>Anaphen‘l5)</strong></span> <span class='ocrx_word' id='word_1_95' title='bbox 3570 899 3626 943; x_wconf 89' lang='lat' dir='ltr'><strong>et</strong></span> <span class='ocrx_word' id='word_1_96' title='bbox 3657 888 3903 944; x_wconf 87' lang='lat' dir='ltr'><strong>Delonet</strong></span> 
     </span>
    </p>
   </div>
   <div class='ocr_carea' id='block_1_15' title="bbox 2291 977 3903 1052">
    <p class='ocr_par' dir='ltr' id='par_1_15' title="bbox 2291 977 3903 1052">
     <span class='ocr_line' id='line_1_15' title="bbox 2291 977 3903 1052; baseline 0.001 -18"><span class='ocrx_word' id='word_1_97' title='bbox 2291 977 2525 1035; x_wconf 80' lang='lat' dir='ltr'><strong>Rhodon</strong></span> <span class='ocrx_word' id='word_1_98' title='bbox 2572 989 2628 1036; x_wconf 90' lang='lat' dir='ltr'><strong>et</strong></span> <span class='ocrx_word' id='word_1_99' title='bbox 2656 980 2735 1035; x_wconf 93' lang='lat' dir='ltr'><strong>Co</strong></span> <span class='ocrx_word' id='word_1_100' title='bbox 2779 978 2857 1052; x_wconf 88' lang='lat' dir='ltr'><strong>(g)</strong></span> <span class='ocrx_word' id='word_1_101' title='bbox 2907 980 2989 1052; x_wconf 86' lang='lat'><strong>(6)</strong></span> <span class='ocrx_word' id='word_1_102' title='bbox 3038 980 3240 1034; x_wconf 79' lang='lat' dir='ltr'><strong>insulas</strong></span> <span class='ocrx_word' id='word_1_103' title='bbox 3279 978 3464 1034; x_wconf 88' lang='lat' dir='ltr'><strong>multis</strong></span> <span class='ocrx_word' id='word_1_104' title='bbox 3511 992 3634 1034; x_wconf 91' lang='lat' dir='ltr'><strong>cum</strong></span> <span class='ocrx_word' id='word_1_105' title='bbox 3666 979 3903 1036; x_wconf 85' lang='lat' dir='ltr'><strong>millibus</strong></span> 
     </span>
    </p>
   </div>
   <div class='ocr_carea' id='block_1_16' title="bbox 2302 1069 3900 1142">
    <p class='ocr_par' dir='ltr' id='par_1_16' title="bbox 2302 1069 3900 1142">
     <span class='ocr_line' id='line_1_16' title="bbox 2302 1069 3900 1142; baseline 0.001 -17"><span class='ocrx_word' id='word_1_106' title='bbox 2302 1071 2579 1126; x_wconf 88' lang='lat' dir='ltr'><strong>hominum</strong></span> <span class='ocrx_word' id='word_1_107' title='bbox 2620 1086 2836 1142; x_wconf 88' lang='lat' dir='ltr'><strong>pessum</strong></span> <span class='ocrx_word' id='word_1_108' title='bbox 2888 1071 3108 1128; x_wconf 82' lang='lat' dir='ltr'><strong>abiisse.</strong></span> <span class='ocrx_word' id='word_1_109' title='bbox 3139 1069 3408 1128; x_wconf 74' lang='lat' dir='ltr'><strong>Memorat</strong></span> <span class='ocrx_word' id='word_1_110' title='bbox 3435 1080 3493 1128; x_wconf 89' lang='lat' dir='ltr'><strong>et</strong></span> <span class='ocrx_word' id='word_1_111' title='bbox 3538 1069 3692 1128; x_wconf 79' lang='lat' dir='ltr'><strong>Plato</strong></span> <span class='ocrx_word' id='word_1_112' title='bbox 3725 1071 3900 1142; x_wconf 83' lang='lat' dir='ltr'><strong>majo-</strong></span> 
     </span>
    </p>
   </div>
   <div class='ocr_carea' id='block_1_17' title="bbox 1834 1183 2673 1242">
    <p class='ocr_par' dir='ltr' id='par_1_17' title="bbox 1834 1183 2673 1242">
     <span class='ocr_line' id='line_1_17' title="bbox 1834 1183 2673 1242; baseline 0 -2"><span class='ocrx_word' id='word_1_113' title='bbox 1834 1183 2220 1242; x_wconf 82' lang='lat' dir='ltr'><strong>LECTIONES</strong></span> <span class='ocrx_word' id='word_1_114' title='bbox 2258 1183 2673 1242; x_wconf 80' lang='lat' dir='ltr'><strong>VARIANTES.</strong></span> 
     </span>
    </p>
   </div>
   <div class='ocr_carea' id='block_1_18' title="bbox 659 1299 1171 1367">
    <p class='ocr_par' dir='ltr' id='par_1_18' title="bbox 659 1299 1171 1367">
     <span class='ocr_line' id='line_1_18' title="bbox 659 1299 1171 1367; baseline 0.002 -13"><span class='ocrx_word' id='word_1_115' title='bbox 659 1303 676 1367; x_wconf 92' lang='lat'><strong>(</strong></span> <span class='ocrx_word' id='word_1_116' title='bbox 687 1303 732 1367; x_wconf 86' lang='lat' dir='ltr'><strong>l)</strong></span> <span class='ocrx_word' id='word_1_117' title='bbox 766 1303 983 1356; x_wconf 86' lang='lat' dir='ltr'><strong>Clamant</strong></span> <span class='ocrx_word' id='word_1_118' title='bbox 1005 1299 1171 1367; x_wconf 80' lang='lat' dir='ltr'><strong>Paris.</strong></span> 
     </span>
    </p>
   </div>
   <div class='ocr_carea' id='block_1_19' title="bbox 667 1365 1202 1428">
    <p class='ocr_par' dir='ltr' id='par_1_19' title="bbox 667 1365 1202 1428">
     <span class='ocr_line' id='line_1_19' title="bbox 667 1365 1202 1428; baseline -0.004 -12"><span class='ocrx_word' id='word_1_119' title='bbox 667 1365 731 1428; x_wconf 70' lang='grc' dir='ltr'><strong>(Ξ)</strong></span> <span class='ocrx_word' id='word_1_120' title='bbox 771 1367 972 1418; x_wconf 82' lang='lat' dir='ltr'><strong>Causam</strong></span> <span class='ocrx_word' id='word_1_121' title='bbox 998 1365 1202 1417; x_wconf 86' lang='lat' dir='ltr'><strong>Semler.</strong></span> 
     </span>
    </p>
   </div>
   <div class='ocr_carea' id='block_1_20' title="bbox 663 1424 2080 1495">
    <p class='ocr_par' dir='ltr' id='par_1_20' title="bbox 663 1424 2080 1495">
     <span class='ocr_line' id='line_1_20' title="bbox 663 1424 2080 1495; baseline -0.004 -15"><span class='ocrx_word' id='word_1_122' title='bbox 663 1424 737 1495; x_wconf 77' lang='lat'><strong>(5&#39;)</strong></span> <span class='ocrx_word' id='word_1_123' title='bbox 773 1432 877 1480; x_wconf 89' lang='lat' dir='ltr'><strong>Pro</strong></span> <span class='ocrx_word' id='word_1_124' title='bbox 900 1431 952 1479; x_wconf 88' lang='lat' dir='ltr'><strong>in</strong></span> <span class='ocrx_word' id='word_1_125' title='bbox 973 1430 1147 1480; x_wconf 78' lang='lat' dir='ltr'><strong>mcenia</strong></span> <span class='ocrx_word' id='word_1_126' title='bbox 1169 1425 1298 1493; x_wconf 87' lang='lat' dir='ltr'><strong>quod</strong></span> <span class='ocrx_word' id='word_1_127' title='bbox 1319 1437 1502 1486; x_wconf 88' lang='lat' dir='ltr'><strong>omnes,</strong></span> <span class='ocrx_word' id='word_1_128' title='bbox 1522 1426 1630 1490; x_wconf 83' lang='lat' dir='ltr'><strong>Rig.</strong></span> <span class='ocrx_word' id='word_1_129' title='bbox 1644 1424 1782 1476; x_wconf 80' lang='lat' dir='ltr'><strong>habet</strong></span> <span class='ocrx_word' id='word_1_130' title='bbox 1798 1424 1857 1475; x_wconf 88' lang='lat' dir='ltr'><strong>ad</strong></span> <span class='ocrx_word' id='word_1_131' title='bbox 1880 1427 2080 1477; x_wconf 71' lang='lat' dir='ltr'><strong>mmnla.</strong></span> 
     </span>
    </p>
   </div>
   <div class='ocr_carea' id='block_1_21' title="bbox 2387 1300 3085 1360">
    <p class='ocr_par' dir='ltr' id='par_1_21' title="bbox 2387 1300 3085 1360">
     <span class='ocr_line' id='line_1_21' title="bbox 2387 1300 3085 1360; baseline 0.001 -9"><span class='ocrx_word' id='word_1_132' title='bbox 2387 1301 2438 1360; x_wconf 70' lang='grc'><strong>4)</strong></span> <span class='ocrx_word' id='word_1_133' title='bbox 2472 1301 2778 1353; x_wconf 81' lang='lat' dir='ltr'><strong>Acclamatur</strong></span> <span class='ocrx_word' id='word_1_134' title='bbox 2801 1300 2941 1354; x_wconf 91' lang='lat' dir='ltr'><strong>addit</strong></span> <span class='ocrx_word' id='word_1_135' title='bbox 2963 1304 3085 1355; x_wconf 83' lang='lat' dir='ltr'><strong>Jun.</strong></span> 
     </span>
    </p>
   </div>
   <div class='ocr_carea' id='block_1_22' title="bbox 2365 1300 2722 1490">
    <p class='ocr_par' dir='ltr' id='par_1_22' title="bbox 2365 1300 2722 1490">
     <span class='ocr_line' id='line_1_22' title="bbox 2387 1301 2722 1360; baseline 0.006 -10"><span class='ocrx_word' id='word_1_136' title='bbox 2387 1301 2438 1360; x_wconf 71' lang='grc'><strong>4)</strong></span> <span class='ocrx_word' id='word_1_137' title='bbox 2472 1301 2722 1352; x_wconf 80' lang='lat' dir='ltr'><strong>Acclamat</strong></span> 
     </span>
     <span class='ocr_line' id='line_1_23' title="bbox 2365 1300 2722 1490; baseline 0 -76"><span class='ocrx_word' id='word_1_138' title='bbox 2474 1363 2722 1426; x_wconf 84' lang='lat' dir='ltr'><strong>Hierapoli</strong></span> 
     </span>
     <span class='ocr_line' id='line_1_24' title="bbox 2387 1426 2722 1479; baseline 0 -1"><span class='ocrx_word' id='word_1_139' title='bbox 2387 1430 2419 1478; x_wconf 72' lang='grc' dir='ltr'>ὁ</span> <span class='ocrx_word' id='word_1_140' title='bbox 2475 1426 2575 1479; x_wconf 83' lang='lat' dir='ltr'><strong>Con</strong></span> <span class='ocrx_word' id='word_1_141' title='bbox 2598 1429 2722 1479; x_wconf 84' lang='lat' dir='ltr'><strong>Par.</strong></span> 
     </span>
    </p>
   </div>
   <div class='ocr_carea' id='block_1_23' title="bbox 2387 1361 2954 1491">
    <p class='ocr_par' dir='ltr' id='par_1_23' title="bbox 2387 1361 2954 1491">
     <span class='ocr_line' id='line_1_25' title="bbox 2389 1361 2954 1491; baseline 0.004 -79"><span class='ocrx_word' id='word_1_142' title='bbox 2389 1361 2448 1491; x_wconf 52' lang='lat'><strong>5}.</strong></span> <span class='ocrx_word' id='word_1_143' title='bbox 2474 1363 2778 1426; x_wconf 85' lang='lat' dir='ltr'><strong>Hierapolim</strong></span> <span class='ocrx_word' id='word_1_144' title='bbox 2801 1365 2954 1416; x_wconf 82' lang='lat' dir='ltr'><strong>Fran.</strong></span> 
     </span>
     <span class='ocr_line' id='line_1_26' title="bbox 2387 1426 2722 1479; baseline 0 -1"><span class='ocrx_word' id='word_1_145' title='bbox 2387 1429 2419 1478; x_wconf 88' lang='lat'><strong>6</strong></span> <span class='ocrx_word' id='word_1_146' title='bbox 2475 1426 2575 1479; x_wconf 83' lang='lat' dir='ltr'><strong>Con</strong></span> <span class='ocrx_word' id='word_1_147' title='bbox 2598 1429 2722 1479; x_wconf 84' lang='lat' dir='ltr'><strong>Par.</strong></span> 
     </span>
    </p>
   </div>
   <div class='ocr_carea' id='block_1_24' title="bbox 1973 1529 2529 1590">
    <p class='ocr_par' dir='ltr' id='par_1_24' title="bbox 1973 1529 2529 1590">
     <span class='ocr_line' id='line_1_27' title="bbox 1973 1529 2529 1590; baseline 0 -3"><span class='ocrx_word' id='word_1_148' title='bbox 1973 1529 2529 1590; x_wconf 81' lang='lat' dir='ltr'><strong>COMMENTARIUS.</strong></span> 
     </span>
    </p>
   </div>
   <div class='ocr_carea' id='block_1_25' title="bbox 677 1646 2195 1722">
    <p class='ocr_par' dir='ltr' id='par_1_25' title="bbox 677 1646 2195 1722">
     <span class='ocr_line' id='line_1_28' title="bbox 677 1646 2195 1722; baseline 0 -20"><span class='ocrx_word' id='word_1_149' title='bbox 677 1648 752 1722; x_wconf 91' lang='lat' dir='ltr'><strong>(a)</strong></span> <span class='ocrx_word' id='word_1_150' title='bbox 797 1650 859 1706; x_wconf 87' lang='lat' dir='ltr'><strong>Si</strong></span> <span class='ocrx_word' id='word_1_151' title='bbox 886 1648 1085 1722; x_wconf 75' lang='lat' dir='ltr'><strong>Tiberis</strong></span> <span class='ocrx_word' id='word_1_152' title='bbox 1110 1647 1336 1722; x_wconf 75' lang='lat' dir='ltr'><strong>ascendit</strong></span> <span class='ocrx_word' id='word_1_153' title='bbox 1364 1647 1416 1722; x_wconf 85' lang='lat' dir='ltr'><strong>in</strong></span> <span class='ocrx_word' id='word_1_154' title='bbox 1441 1649 1643 1702; x_wconf 78' lang='lat' dir='ltr'><strong>nitenia.</strong></span> <span class='ocrx_word' id='word_1_155' title='bbox 1674 1646 2082 1722; x_wconf 81' lang='lat' dir='ltr'><strong>Fuitveteribtts</strong></span> <span class='ocrx_word' id='word_1_156' title='bbox 2105 1661 2195 1717; x_wconf 85' lang='lat' dir='ltr'><strong>ge-</strong></span> 
     </span>
    </p>
   </div>
   <div class='ocr_carea' id='block_1_26' title="bbox 602 1719 2190 1792">
    <p class='ocr_par' dir='ltr' id='par_1_26' title="bbox 602 1719 2190 1792">
     <span class='ocr_line' id='line_1_29' title="bbox 602 1719 2190 1792; baseline -0.004 -14"><span class='ocrx_word' id='word_1_157' title='bbox 602 1719 703 1778; x_wconf 84' lang='lat' dir='ltr'><strong>nus</strong></span> <span class='ocrx_word' id='word_1_158' title='bbox 725 1719 986 1792; x_wconf 81' lang='lat' dir='ltr'><strong>quoddam</strong></span> <span class='ocrx_word' id='word_1_159' title='bbox 1022 1720 1439 1792; x_wconf 77' lang='lat' dir='ltr'><strong>superstitionis,</strong></span> <span class='ocrx_word' id='word_1_160' title='bbox 1468 1727 1525 1772; x_wconf 84' lang='grc' dir='ltr'><strong>ιιι</strong></span> <span class='ocrx_word' id='word_1_161' title='bbox 1566 1727 1817 1792; x_wconf 79' lang='lat' dir='ltr'><strong>putarent</strong></span> <span class='ocrx_word' id='word_1_162' title='bbox 1838 1732 2025 1773; x_wconf 85' lang='lat' dir='ltr'><strong>ontnes</strong></span> <span class='ocrx_word' id='word_1_163' title='bbox 2045 1719 2190 1786; x_wconf 89' lang='lat' dir='ltr'><strong>ipsos</strong></span> 
     </span>
    </p>
   </div>
   <div class='ocr_carea' id='block_1_27' title="bbox 601 1789 2190 1860">
    <p class='ocr_par' dir='ltr' id='par_1_27' title="bbox 601 1789 2190 1860">
     <span class='ocr_line' id='line_1_30' title="bbox 601 1789 2190 1860; baseline -0.004 -11"><span class='ocrx_word' id='word_1_164' title='bbox 601 1789 884 1849; x_wconf 77' lang='lat' dir='ltr'><strong>adversum</strong></span> <span class='ocrx_word' id='word_1_165' title='bbox 913 1791 1036 1860; x_wconf 89' lang='lat' dir='ltr'><strong>quid</strong></span> <span class='ocrx_word' id='word_1_166' title='bbox 1079 1791 1376 1851; x_wconf 88' lang='lat' dir='ltr'><strong>vaticinari,</strong></span> <span class='ocrx_word' id='word_1_167' title='bbox 1408 1805 1531 1843; x_wconf 89' lang='lat' dir='ltr'><strong>cum</strong></span> <span class='ocrx_word' id='word_1_168' title='bbox 1571 1789 1891 1860; x_wconf 85' lang='lat' dir='ltr'><strong>iuutularent</strong></span> <span class='ocrx_word' id='word_1_169' title='bbox 1933 1803 2190 1860; x_wconf 80' lang='lat' dir='ltr'><strong>aquarum</strong></span> 
     </span>
    </p>
   </div>
   <div class='ocr_carea' id='block_1_28' title="bbox 600 1858 2187 1928">
    <p class='ocr_par' dir='ltr' id='par_1_28' title="bbox 600 1858 2187 1928">
     <span class='ocr_line' id='line_1_31' title="bbox 600 1858 2187 1928; baseline -0.003 -10"><span class='ocrx_word' id='word_1_170' title='bbox 600 1865 764 1919; x_wconf 84' lang='lat' dir='ltr'><strong>mole.</strong></span> <span class='ocrx_word' id='word_1_171' title='bbox 794 1858 964 1928; x_wconf 87' lang='lat' dir='ltr'><strong>Tacit,</strong></span> <span class='ocrx_word' id='word_1_172' title='bbox 991 1863 1084 1916; x_wconf 88' lang='lat' dir='ltr'><strong>lih.</strong></span> <span class='ocrx_word' id='word_1_173' title='bbox 1110 1862 1150 1914; x_wconf 90' lang='lat' dir='ltr'><strong>l.</strong></span> <span class='ocrx_word' id='word_1_174' title='bbox 1182 1862 1373 1915; x_wconf 84' lang='lat' dir='ltr'><strong>Annal.</strong></span> <span class='ocrx_word' id='word_1_175' title='bbox 1403 1873 1455 1914; x_wconf 89' lang='lat' dir='ltr'><strong>et</strong></span> <span class='ocrx_word' id='word_1_176' title='bbox 1488 1861 1578 1914; x_wconf 88' lang='lat' dir='ltr'><strong>lib.</strong></span> <span class='ocrx_word' id='word_1_177' title='bbox 1610 1859 1649 1913; x_wconf 94' lang='lat' dir='ltr'><strong>l.</strong></span> <span class='ocrx_word' id='word_1_178' title='bbox 1682 1861 1790 1915; x_wconf 88' lang='lat' dir='ltr'><strong>Tit.</strong></span> <span class='ocrx_word' id='word_1_179' title='bbox 1831 1859 2004 1915; x_wconf 73' lang='lat' dir='ltr'><strong>Valer.</strong></span> <span class='ocrx_word' id='word_1_180' title='bbox 2046 1858 2187 1928; x_wconf 69' lang='lat' dir='ltr'><strong>Max.</strong></span> 
     </span>
    </p>
   </div>
   <div class='ocr_carea' id='block_1_29' title="bbox 600 1905 2266 2029">
    <p class='ocr_par' dir='ltr' id='par_1_29' title="bbox 600 1905 2266 2029">
     <span class='ocr_line' id='line_1_32' title="bbox 600 1905 2266 2029; baseline -0.002 -40"><span class='ocrx_word' id='word_1_181' title='bbox 600 1905 778 2029; x_wconf 39' lang='lat' dir='ltr'><strong>i&#39;i&#39;bivt&#39;.</strong></span> <span class='ocrx_word' id='word_1_182' title='bbox 804 1905 1975 2029; x_wconf 45' lang='lat' dir='ltr'><strong>2351&#39;s“:“stulti-titin&#39;csitaio;13.15.“;</strong></span> <span class='ocrx_word' id='word_1_183' title='bbox 1994 1905 2187 1986; x_wconf 60' lang='grc' dir='ltr'><strong>ὶίῦῗῦξ</strong></span> <span class='ocrx_word' id='word_1_184' title='bbox 2217 1905 2266 1966; x_wconf 84' lang='grc' dir='ltr'><strong>Β</strong></span> 
     </span>
    </p>
   </div>
   <div class='ocr_carea' id='block_1_30' title="bbox 602 2005 734 2062">
    <p class='ocr_par' dir='ltr' id='par_1_30' title="bbox 602 2005 734 2062">
     <span class='ocr_line' id='line_1_33' title="bbox 602 2005 734 2062; baseline -0.015 0"><span class='ocrx_word' id='word_1_185' title='bbox 602 2005 734 2062; x_wconf 69' lang='grc' dir='ltr'><strong>ιλιι.</strong></span> 
     </span>
    </p>
   </div>
   <div class='ocr_carea' id='block_1_31' title="bbox 675 2095 2192 2168">
    <p class='ocr_par' dir='ltr' id='par_1_31' title="bbox 675 2095 2192 2168">
     <span class='ocr_line' id='line_1_34' title="bbox 675 2095 2192 2168; baseline -0.001 -16"><span class='ocrx_word' id='word_1_186' title='bbox 675 2097 753 2168; x_wconf 87' lang='lat' dir='ltr'><strong>(b)</strong></span> <span class='ocrx_word' id='word_1_187' title='bbox 787 2095 942 2152; x_wconf 81' lang='lat' dir='ltr'><strong>Nilus</strong></span> <span class='ocrx_word' id='word_1_188' title='bbox 985 2113 1084 2152; x_wconf 90' lang='lat' dir='ltr'><strong>non</strong></span> <span class='ocrx_word' id='word_1_189' title='bbox 1129 2097 1358 2151; x_wconf 78' lang='lat' dir='ltr'><strong>ascendit</strong></span> <span class='ocrx_word' id='word_1_190' title='bbox 1404 2097 1626 2168; x_wconf 70' lang='lat' dir='ltr'><strong>inaruit.</strong></span> <span class='ocrx_word' id='word_1_191' title='bbox 1672 2096 1830 2152; x_wconf 89' lang='lat' dir='ltr'><strong>Fuld.</strong></span> <span class='ocrx_word' id='word_1_192' title='bbox 1876 2113 2019 2150; x_wconf 86' lang='lat' dir='ltr'><strong>rura.</strong></span> <span class='ocrx_word' id='word_1_193' title='bbox 2051 2097 2192 2164; x_wconf 86' lang='lat' dir='ltr'><strong>Quid</strong></span> 
     </span>
    </p>
   </div>
   <div class='ocr_carea' id='block_1_32' title="bbox 601 2166 2198 2236">
    <p class='ocr_par' dir='ltr' id='par_1_32' title="bbox 601 2166 2198 2236">
     <span class='ocr_line' id='line_1_35' title="bbox 601 2166 2198 2236; baseline 0.001 -12"><span class='ocrx_word' id='word_1_194' title='bbox 601 2166 794 2224; x_wconf 83' lang='lat' dir='ltr'><strong>mirum</strong></span> <span class='ocrx_word' id='word_1_195' title='bbox 844 2177 1058 2236; x_wconf 86' lang='lat' dir='ltr'><strong>putasse</strong></span> <span class='ocrx_word' id='word_1_196' title='bbox 1113 2185 1141 2221; x_wconf 91' lang='lat' dir='ltr'><strong>a</strong></span> <span class='ocrx_word' id='word_1_197' title='bbox 1193 2169 1390 2222; x_wconf 87' lang='lat' dir='ltr'><strong>malitia</strong></span> <span class='ocrx_word' id='word_1_198' title='bbox 1420 2166 1846 2223; x_wconf 89' lang='lat' dir='ltr'><strong>Christianorum</strong></span> <span class='ocrx_word' id='word_1_199' title='bbox 1911 2172 2198 2235; x_wconf 81' lang='lat' dir='ltr'><strong>provenire</strong></span> 
     </span>
    </p>
   </div>
   <div class='ocr_carea' id='block_1_33' title="bbox 603 2239 2200 2306">
    <p class='ocr_par' dir='ltr' id='par_1_33' title="bbox 603 2239 2200 2306">
     <span class='ocr_line' id='line_1_36' title="bbox 603 2239 2200 2306; baseline 0.004 -14"><span class='ocrx_word' id='word_1_200' title='bbox 603 2253 780 2306; x_wconf 90' lang='lat' dir='ltr'><strong>posse,</strong></span> <span class='ocrx_word' id='word_1_201' title='bbox 813 2254 934 2293; x_wconf 89' lang='lat' dir='ltr'><strong>cum</strong></span> <span class='ocrx_word' id='word_1_202' title='bbox 963 2239 1121 2293; x_wconf 87' lang='lat' dir='ltr'><strong>etiam</strong></span> <span class='ocrx_word' id='word_1_203' title='bbox 1149 2239 1542 2294; x_wconf 76' lang='lat' dir='ltr'><strong>creditlerintvi</strong></span> <span class='ocrx_word' id='word_1_204' title='bbox 1569 2241 1771 2300; x_wconf 73' lang='lat' dir='ltr'><strong>magica</strong></span> <span class='ocrx_word' id='word_1_205' title='bbox 1804 2239 2049 2296; x_wconf 87' lang='lat' dir='ltr'><strong>inhiberi.</strong></span> <span class='ocrx_word' id='word_1_206' title='bbox 2097 2241 2200 2298; x_wconf 87' lang='lat' dir='ltr'><strong>Lu-</strong></span> 
     </span>
    </p>
   </div>
   <div class='ocr_carea' id='block_1_34' title="bbox 603 2309 1721 2380">
    <p class='ocr_par' dir='ltr' id='par_1_34' title="bbox 603 2309 1721 2380">
     <span class='ocr_line' id='line_1_37' title="bbox 603 2309 1721 2380; baseline -0.002 -14"><span class='ocrx_word' id='word_1_207' title='bbox 603 2325 770 2366; x_wconf 88' lang='lat' dir='ltr'><strong>canus</strong></span> <span class='ocrx_word' id='word_1_208' title='bbox 800 2309 866 2365; x_wconf 88' lang='lat' dir='ltr'><strong>de</strong></span> <span class='ocrx_word' id='word_1_209' title='bbox 897 2324 1022 2380; x_wconf 88' lang='lat' dir='ltr'><strong>saga</strong></span> <span class='ocrx_word' id='word_1_210' title='bbox 1047 2309 1326 2375; x_wconf 84' lang='lat' dir='ltr'><strong>Thessala,</strong></span> <span class='ocrx_word' id='word_1_211' title='bbox 1360 2309 1454 2364; x_wconf 89' lang='lat' dir='ltr'><strong>lib.</strong></span> <span class='ocrx_word' id='word_1_212' title='bbox 1487 2325 1560 2364; x_wconf 79' lang='lat' dir='ltr'><strong>v1.</strong></span> <span class='ocrx_word' id='word_1_213' title='bbox 1592 2309 1721 2366; x_wconf 69' lang='grc'><strong>474.</strong></span> 
     </span>
    </p>
   </div>
   <div class='ocr_carea' id='block_1_35' title="bbox 1002 2443 1665 2496">
    <p class='ocr_par' dir='ltr' id='par_1_35' title="bbox 1002 2443 1665 2496">
     <span class='ocr_line' id='line_1_38' title="bbox 1002 2443 1665 2496; baseline -0.002 -1"><span class='ocrx_word' id='word_1_214' title='bbox 1002 2445 1166 2495; x_wconf 87' lang='lat' dir='ltr'><strong>Nilum</strong></span> <span class='ocrx_word' id='word_1_215' title='bbox 1187 2458 1285 2495; x_wconf 86' lang='lat' dir='ltr'><strong>non</strong></span> <span class='ocrx_word' id='word_1_216' title='bbox 1302 2443 1479 2496; x_wconf 79' lang='lat' dir='ltr'><strong>extulit</strong></span> <span class='ocrx_word' id='word_1_217' title='bbox 1501 2451 1665 2495; x_wconf 72' lang='lat' dir='ltr'><strong>testas.</strong></span> 
     </span>
    </p>
   </div>
   <div class='ocr_carea' id='block_1_36' title="bbox 1633 2528 1769 2584">
    <p class='ocr_par' dir='ltr' id='par_1_36' title="bbox 1633 2528 1769 2584">
     <span class='ocr_line' id='line_1_39' title="bbox 1633 2528 1769 2584; baseline -0.007 -1"><span class='ocrx_word' id='word_1_218' title='bbox 1633 2528 1769 2584; x_wconf 78' lang='grc' dir='ltr'><strong>ΙΙΑν.</strong></span> 
     </span>
    </p>
   </div>
   <div class='ocr_carea' id='block_1_37' title="bbox 679 2640 2193 2712">
    <p class='ocr_par' dir='ltr' id='par_1_37' title="bbox 679 2640 2193 2712">
     <span class='ocr_line' id='line_1_40' title="bbox 679 2640 2193 2712; baseline -0.001 -14"><span class='ocrx_word' id='word_1_219' title='bbox 679 2642 731 2712; x_wconf 89' lang='lat' dir='ltr'><strong>(c</strong></span> <span class='ocrx_word' id='word_1_220' title='bbox 762 2640 822 2698; x_wconf 91' lang='lat' dir='ltr'><strong>Si</strong></span> <span class='ocrx_word' id='word_1_221' title='bbox 848 2641 1028 2696; x_wconf 77' lang='lat' dir='ltr'><strong>caelum</strong></span> <span class='ocrx_word' id='word_1_222' title='bbox 1059 2642 1213 2696; x_wconf 85' lang='lat' dir='ltr'><strong>stetit.</strong></span> <span class='ocrx_word' id='word_1_223' title='bbox 1264 2641 1448 2712; x_wconf 82' lang='lat' dir='ltr'><strong>Stupet</strong></span> <span class='ocrx_word' id='word_1_224' title='bbox 1489 2641 1625 2695; x_wconf 78' lang='lat' dir='ltr'><strong>dixit</strong></span> <span class='ocrx_word' id='word_1_225' title='bbox 1673 2640 1766 2695; x_wconf 89' lang='lat' dir='ltr'><strong>lib.</strong></span> <span class='ocrx_word' id='word_1_226' title='bbox 1810 2640 1876 2696; x_wconf 92' lang='lat' dir='ltr'><strong>de</strong></span> <span class='ocrx_word' id='word_1_227' title='bbox 1920 2641 2147 2710; x_wconf 84' lang='lat' dir='ltr'><strong>Jejuniis</strong></span> <span class='ocrx_word' id='word_1_228' title='bbox 2176 2683 2193 2710; x_wconf 94' lang='lat'><strong>,</strong></span> 
     </span>
    </p>
   </div>
   <div class='ocr_carea' id='block_1_38' title="bbox 642 2712 2194 2782">
    <p class='ocr_par' dir='ltr' id='par_1_38' title="bbox 642 2712 2194 2782">
     <span class='ocr_line' id='line_1_41' title="bbox 642 2712 2194 2782; baseline 0.002 -17"><span class='ocrx_word' id='word_1_229' title='bbox 642 2713 873 2768; x_wconf 87' lang='lat' dir='ltr'><strong>umnodo</strong></span> <span class='ocrx_word' id='word_1_230' title='bbox 911 2713 978 2766; x_wconf 91' lang='lat' dir='ltr'><strong>de</strong></span> <span class='ocrx_word' id='word_1_231' title='bbox 1010 2713 1217 2780; x_wconf 79' lang='lat' dir='ltr'><strong>lingua,</strong></span> <span class='ocrx_word' id='word_1_232' title='bbox 1248 2728 1369 2767; x_wconf 89' lang='lat' dir='ltr'><strong>eum</strong></span> <span class='ocrx_word' id='word_1_233' title='bbox 1411 2712 1554 2766; x_wconf 86' lang='lat' dir='ltr'><strong>illam</strong></span> <span class='ocrx_word' id='word_1_234' title='bbox 1587 2714 1860 2766; x_wconf 88' lang='lat' dir='ltr'><strong>immotam</strong></span> <span class='ocrx_word' id='word_1_235' title='bbox 1907 2721 2151 2768; x_wconf 87' lang='lat' dir='ltr'><strong>tenemus</strong></span> <span class='ocrx_word' id='word_1_236' title='bbox 2177 2755 2194 2782; x_wconf 90' lang='lat'><strong>,</strong></span> 
     </span>
    </p>
   </div>
   <div class='ocr_carea' id='block_1_39' title="bbox 601 2729 2192 2855">
    <p class='ocr_par' dir='ltr' id='par_1_39' title="bbox 601 2729 2192 2855">
     <span class='ocr_line' id='line_1_42' title="bbox 642 2729 2192 2782; baseline 0.002 -17"><span class='ocrx_word' id='word_1_237' title='bbox 642 2729 873 2768; x_wconf 86' lang='lat' dir='ltr'><strong>uomoao</strong></span> <span class='ocrx_word' id='word_1_238' title='bbox 911 2729 978 2766; x_wconf 85' lang='lat' dir='ltr'><strong>ne</strong></span> <span class='ocrx_word' id='word_1_239' title='bbox 1010 2729 1217 2780; x_wconf 79' lang='lat' dir='ltr'><strong>lingua,</strong></span> <span class='ocrx_word' id='word_1_240' title='bbox 1248 2729 1369 2767; x_wconf 90' lang='lat' dir='ltr'><strong>cum</strong></span> <span class='ocrx_word' id='word_1_241' title='bbox 1411 2729 1554 2766; x_wconf 84' lang='lat' dir='ltr'><strong>mam</strong></span> <span class='ocrx_word' id='word_1_242' title='bbox 1587 2729 1860 2766; x_wconf 82' lang='lat' dir='ltr'><strong>unmmam</strong></span> <span class='ocrx_word' id='word_1_243' title='bbox 1907 2729 2151 2768; x_wconf 88' lang='lat' dir='ltr'><strong>tenemus</strong></span> <span class='ocrx_word' id='word_1_244' title='bbox 2177 2755 2192 2782; x_wconf 88' lang='lat'><strong>,</strong></span> 
     </span>
     <span class='ocr_line' id='line_1_43' title="bbox 601 2729 2192 2855; baseline 0 -16"><span class='ocrx_word' id='word_1_245' title='bbox 601 2729 797 2839; x_wconf 64' lang='lat' dir='ltr'><strong>ﬂicitnr</strong></span> <span class='ocrx_word' id='word_1_246' title='bbox 844 2794 1045 2854; x_wconf 77' lang='lat' dir='ltr'><strong>stupere</strong></span> <span class='ocrx_word' id='word_1_247' title='bbox 1091 2784 1179 2837; x_wconf 89' lang='lat' dir='ltr'><strong>lib.</strong></span> <span class='ocrx_word' id='word_1_248' title='bbox 1216 2784 1293 2837; x_wconf 85' lang='lat' dir='ltr'><strong>Ad</strong></span> <span class='ocrx_word' id='word_1_249' title='bbox 1325 2782 1444 2837; x_wconf 86' lang='lat' dir='ltr'><strong>Nat.</strong></span> <span class='ocrx_word' id='word_1_250' title='bbox 1498 2783 1535 2855; x_wconf 83' lang='lat' dir='ltr'><strong>l.</strong></span> <span class='ocrx_word' id='word_1_251' title='bbox 1590 2783 1644 2837; x_wconf 89' lang='lat'><strong>8.</strong></span> <span class='ocrx_word' id='word_1_252' title='bbox 1697 2783 1946 2851; x_wconf 85' lang='lat' dir='ltr'><strong>Stupente</strong></span> <span class='ocrx_word' id='word_1_253' title='bbox 1993 2784 2192 2855; x_wconf 82' lang='lat' dir='ltr'><strong>lingua.</strong></span> 
     </span>
    </p>
   </div>
   <div class='ocr_carea' id='block_1_40' title="bbox 602 2853 2194 2925">
    <p class='ocr_par' dir='ltr' id='par_1_40' title="bbox 602 2853 2194 2925">
     <span class='ocr_line' id='line_1_44' title="bbox 602 2853 2194 2925; baseline 0.001 -16"><span class='ocrx_word' id='word_1_254' title='bbox 602 2865 791 2925; x_wconf 89' lang='lat' dir='ltr'><strong>estque</strong></span> <span class='ocrx_word' id='word_1_255' title='bbox 821 2855 870 2909; x_wconf 91' lang='lat' dir='ltr'><strong>id</strong></span> <span class='ocrx_word' id='word_1_256' title='bbox 903 2853 1072 2924; x_wconf 88' lang='lat' dir='ltr'><strong>ipsum</strong></span> <span class='ocrx_word' id='word_1_257' title='bbox 1099 2855 1239 2924; x_wconf 88' lang='lat' dir='ltr'><strong>quod</strong></span> <span class='ocrx_word' id='word_1_258' title='bbox 1270 2855 1392 2925; x_wconf 74' lang='lat' dir='ltr'><strong>mris</strong></span> <span class='ocrx_word' id='word_1_259' title='bbox 1419 2863 1472 2908; x_wconf 90' lang='lat' dir='ltr'><strong>ct</strong></span> <span class='ocrx_word' id='word_1_260' title='bbox 1498 2853 1620 2908; x_wconf 81' lang='lat' dir='ltr'><strong>ferri</strong></span> <span class='ocrx_word' id='word_1_261' title='bbox 1650 2855 2005 2925; x_wconf 78' lang='lat' dir='ltr'><strong>appellatione</strong></span> <span class='ocrx_word' id='word_1_262' title='bbox 2029 2853 2084 2909; x_wconf 78' lang='lat' dir='ltr'><strong>et</strong></span> <span class='ocrx_word' id='word_1_263' title='bbox 2108 2869 2194 2912; x_wconf 88' lang='lat' dir='ltr'><strong>as-</strong></span> 
     </span>
    </p>
   </div>
   <div class='ocr_carea' id='block_1_41' title="bbox 602 2924 2189 2993">
    <p class='ocr_par' dir='ltr' id='par_1_41' title="bbox 602 2924 2189 2993">
     <span class='ocr_line' id='line_1_45' title="bbox 602 2924 2189 2993; baseline 0.001 -13"><span class='ocrx_word' id='word_1_264' title='bbox 602 2924 926 2980; x_wconf 88' lang='lat' dir='ltr'><strong>similatione</strong></span> <span class='ocrx_word' id='word_1_265' title='bbox 952 2926 1266 2993; x_wconf 79' lang='lat' dir='ltr'><strong>exprimitur</strong></span> <span class='ocrx_word' id='word_1_266' title='bbox 1294 2924 1516 2979; x_wconf 88' lang='lat' dir='ltr'><strong>Levitic.</strong></span> <span class='ocrx_word' id='word_1_267' title='bbox 1551 2924 1698 2979; x_wconf 63' lang='lat' dir='ltr'><strong>xxvi.</strong></span> <span class='ocrx_word' id='word_1_268' title='bbox 1754 2925 1842 2980; x_wconf 89' lang='grc'><strong>19.</strong></span> <span class='ocrx_word' id='word_1_269' title='bbox 1869 2935 1924 2980; x_wconf 91' lang='lat' dir='ltr'><strong>et</strong></span> <span class='ocrx_word' id='word_1_270' title='bbox 1971 2925 2189 2981; x_wconf 86' lang='lat' dir='ltr'><strong>Deuter.</strong></span> 
     </span>
    </p>
   </div>
   <div class='ocr_carea' id='block_1_42' title="bbox 602 2995 2193 3053">
    <p class='ocr_par' dir='ltr' id='par_1_42' title="bbox 602 2995 2193 3053">
     <span class='ocr_line' id='line_1_46' title="bbox 602 2995 2193 3053; baseline -0.001 -1"><span class='ocrx_word' id='word_1_271' title='bbox 602 3012 793 3052; x_wconf 81' lang='lat' dir='ltr'><strong>xxvut.</strong></span> <span class='ocrx_word' id='word_1_272' title='bbox 826 2998 916 3053; x_wconf 77' lang='lat'><strong>‘25.</strong></span> <span class='ocrx_word' id='word_1_273' title='bbox 949 2995 1054 3050; x_wconf 86' lang='lat' dir='ltr'><strong>Nos</strong></span> <span class='ocrx_word' id='word_1_274' title='bbox 1075 2996 1320 3051; x_wconf 81' lang='lat' dir='ltr'><strong>similiter</strong></span> <span class='ocrx_word' id='word_1_275' title='bbox 1349 2995 1574 3050; x_wconf 85' lang='lat' dir='ltr'><strong>dicimus</strong></span> <span class='ocrx_word' id='word_1_276' title='bbox 1600 2997 1636 3048; x_wconf 83' lang='lat' dir='ltr'><strong>’t</strong></span> <span class='ocrx_word' id='word_1_277' title='bbox 1661 3011 1806 3051; x_wconf 73' lang='lat' dir='ltr'><strong>vocer</strong></span> <span class='ocrx_word' id='word_1_278' title='bbox 1829 3006 1961 3051; x_wconf 89' lang='lat' dir='ltr'><strong>staat</strong></span> <span class='ocrx_word' id='word_1_279' title='bbox 1985 3013 2046 3050; x_wconf 76' lang='lat' dir='ltr'><strong>so</strong></span> <span class='ocrx_word' id='word_1_280' title='bbox 2084 3006 2193 3053; x_wconf 86' lang='lat' dir='ltr'><strong>vast</strong></span> 
     </span>
    </p>
   </div>
   <div class='ocr_carea' id='block_1_43' title="bbox 602 3065 2192 3137">
    <p class='ocr_par' dir='ltr' id='par_1_43' title="bbox 602 3065 2192 3137">
     <span class='ocr_line' id='line_1_47' title="bbox 602 3065 2192 3137; baseline 0.001 -16"><span class='ocrx_word' id='word_1_281' title='bbox 602 3068 680 3122; x_wconf 86' lang='lat' dir='ltr'><strong>als</strong></span> <span class='ocrx_word' id='word_1_282' title='bbox 706 3084 794 3122; x_wconf 89' lang='lat' dir='ltr'><strong>een</strong></span> <span class='ocrx_word' id='word_1_283' title='bbox 821 3083 987 3122; x_wconf 86' lang='lat' dir='ltr'><strong>munr.</strong></span> <span class='ocrx_word' id='word_1_284' title='bbox 1031 3068 1081 3120; x_wconf 93' lang='lat' dir='ltr'><strong>in</strong></span> <span class='ocrx_word' id='word_1_285' title='bbox 1107 3067 1359 3122; x_wconf 90' lang='lat' dir='ltr'><strong>diuturno</strong></span> <span class='ocrx_word' id='word_1_286' title='bbox 1394 3067 1477 3121; x_wconf 88' lang='lat' dir='ltr'><strong>vel</strong></span> <span class='ocrx_word' id='word_1_287' title='bbox 1515 3065 1709 3121; x_wconf 87' lang='lat' dir='ltr'><strong>ardore</strong></span> <span class='ocrx_word' id='word_1_288' title='bbox 1756 3068 1835 3122; x_wconf 88' lang='lat' dir='ltr'><strong>vel</strong></span> <span class='ocrx_word' id='word_1_289' title='bbox 1879 3068 2040 3137; x_wconf 90' lang='lat' dir='ltr'><strong>gelu,</strong></span> <span class='ocrx_word' id='word_1_290' title='bbox 2071 3081 2192 3123; x_wconf 90' lang='lat' dir='ltr'><strong>cum</strong></span> 
     </span>
    </p>
   </div>
   <div class='ocr_carea' id='block_1_44' title="bbox 604 3137 2194 3209">
    <p class='ocr_par' dir='ltr' id='par_1_44' title="bbox 604 3137 2194 3209">
     <span class='ocr_line' id='line_1_48' title="bbox 604 3137 2194 3209; baseline -0.001 -15"><span class='ocrx_word' id='word_1_291' title='bbox 604 3155 710 3194; x_wconf 92' lang='lat' dir='ltr'><strong>non</strong></span> <span class='ocrx_word' id='word_1_292' title='bbox 736 3139 962 3193; x_wconf 81' lang='lat' dir='ltr'><strong>solvitur</strong></span> <span class='ocrx_word' id='word_1_293' title='bbox 1007 3139 1060 3193; x_wconf 93' lang='lat' dir='ltr'><strong>in</strong></span> <span class='ocrx_word' id='word_1_294' title='bbox 1092 3137 1309 3193; x_wconf 86' lang='lat' dir='ltr'><strong>imbres.</strong></span> <span class='ocrx_word' id='word_1_295' title='bbox 1342 3138 1416 3192; x_wconf 89' lang='lat' dir='ltr'><strong>lta</strong></span> <span class='ocrx_word' id='word_1_296' title='bbox 1445 3137 1556 3192; x_wconf 90' lang='lat' dir='ltr'><strong>fere</strong></span> <span class='ocrx_word' id='word_1_297' title='bbox 1596 3137 1850 3209; x_wconf 78' lang='lat' dir='ltr'><strong>Virgilius</strong></span> <span class='ocrx_word' id='word_1_298' title='bbox 1887 3139 2019 3193; x_wconf 75' lang='lat' dir='ltr'><strong>dixit</strong></span> <span class='ocrx_word' id='word_1_299' title='bbox 2055 3147 2194 3209; x_wconf 79' lang='lat' dir='ltr'><strong>stare</strong></span> 
     </span>
    </p>
   </div>
   <div class='ocr_carea' id='block_1_45' title="bbox 603 3208 2192 3279">
    <p class='ocr_par' dir='ltr' id='par_1_45' title="bbox 603 3208 2192 3279">
     <span class='ocr_line' id='line_1_49' title="bbox 603 3208 2192 3279; baseline 0.001 -16"><span class='ocrx_word' id='word_1_300' title='bbox 603 3210 818 3271; x_wconf 66' lang='lat' dir='ltr'><strong>caelum,</strong></span> <span class='ocrx_word' id='word_1_301' title='bbox 864 3209 1078 3279; x_wconf 84' lang='lat' dir='ltr'><strong>quando</strong></span> <span class='ocrx_word' id='word_1_302' title='bbox 1105 3219 1351 3279; x_wconf 81' lang='lat' dir='ltr'><strong>aSpectus</strong></span> <span class='ocrx_word' id='word_1_303' title='bbox 1389 3209 1518 3262; x_wconf 83' lang='lat' dir='ltr'><strong>solis</strong></span> <span class='ocrx_word' id='word_1_304' title='bbox 1563 3217 1619 3263; x_wconf 87' lang='lat' dir='ltr'><strong>et</strong></span> <span class='ocrx_word' id='word_1_305' title='bbox 1669 3208 2001 3275; x_wconf 87' lang='lat' dir='ltr'><strong>pelluciditas</strong></span> <span class='ocrx_word' id='word_1_306' title='bbox 2043 3208 2192 3264; x_wconf 87' lang='lat' dir='ltr'><strong>lluidi</strong></span> 
     </span>
    </p>
   </div>
   <div class='ocr_carea' id='block_1_46' title="bbox 2291 1650 3901 1722">
    <p class='ocr_par' dir='ltr' id='par_1_46' title="bbox 2291 1650 3901 1722">
     <span class='ocr_line' id='line_1_50' title="bbox 2291 1650 3901 1722; baseline 0.004 -20"><span class='ocrx_word' id='word_1_307' title='bbox 2291 1651 2462 1718; x_wconf 77' lang='lat' dir='ltr'><strong>ferre,</strong></span> <span class='ocrx_word' id='word_1_308' title='bbox 2514 1650 2678 1720; x_wconf 83' lang='lat' dir='ltr'><strong>indigi</strong></span> <span class='ocrx_word' id='word_1_309' title='bbox 2707 1651 2899 1720; x_wconf 77' lang='lat' dir='ltr'><strong>fuimus</strong></span> <span class='ocrx_word' id='word_1_310' title='bbox 2935 1652 3194 1715; x_wconf 88' lang='lat' dir='ltr'><strong>omnium,</strong></span> <span class='ocrx_word' id='word_1_311' title='bbox 3226 1656 3462 1722; x_wconf 80' lang='lat' dir='ltr'><strong>ferroque</strong></span> <span class='ocrx_word' id='word_1_312' title='bbox 3503 1663 3551 1706; x_wconf 89' lang='lat' dir='ltr'><strong>et</strong></span> <span class='ocrx_word' id='word_1_313' title='bbox 3599 1653 3733 1722; x_wconf 68' lang='lat' dir='ltr'><strong>[ante</strong></span> <span class='ocrx_word' id='word_1_314' title='bbox 3778 1667 3901 1710; x_wconf 85' lang='lat' dir='ltr'><strong>con-</strong></span> 
     </span>
    </p>
   </div>
   <div class='ocr_carea' id='block_1_47' title="bbox 2291 1722 3902 1798">
    <p class='ocr_par' dir='ltr' id='par_1_47' title="bbox 2291 1722 3902 1798">
     <span class='ocr_line' id='line_1_51' title="bbox 2291 1722 3902 1798; baseline 0.006 -25"><span class='ocrx_word' id='word_1_315' title='bbox 2291 1723 2722 1798; x_wconf 73' lang='lat' dir='ltr'><strong>sumpti_sumt_ts.</strong></span> <span class='ocrx_word' id='word_1_316' title='bbox 2752 1722 3007 1798; x_wconf 71' lang='lat' dir='ltr'><strong>Adeoque</strong></span> <span class='ocrx_word' id='word_1_317' title='bbox 3031 1723 3360 1798; x_wconf 74' lang='lat' dir='ltr'><strong>usurpabant</strong></span> <span class='ocrx_word' id='word_1_318' title='bbox 3408 1723 3538 1798; x_wconf 78' lang='lat' dir='ltr'><strong>illud</strong></span> <span class='ocrx_word' id='word_1_319' title='bbox 3559 1765 3576 1790; x_wconf 90' lang='lat'><strong>,</strong></span> <span class='ocrx_word' id='word_1_320' title='bbox 3618 1723 3767 1798; x_wconf 84' lang='lat' dir='ltr'><strong>quod</strong></span> <span class='ocrx_word' id='word_1_321' title='bbox 3797 1726 3902 1798; x_wconf 86' lang='lat' dir='ltr'><strong>alio</strong></span> 
     </span>
    </p>
   </div>
   <div class='ocr_carea' id='block_1_48' title="bbox 2291 1794 3902 1866">
    <p class='ocr_par' dir='ltr' id='par_1_48' title="bbox 2291 1794 3902 1866">
     <span class='ocr_line' id='line_1_52' title="bbox 2291 1794 3902 1866; baseline 0.001 -17"><span class='ocrx_word' id='word_1_322' title='bbox 2291 1794 2454 1852; x_wconf 81' lang='lat' dir='ltr'><strong>sensu</strong></span> <span class='ocrx_word' id='word_1_323' title='bbox 2473 1795 2604 1866; x_wconf 87' lang='lat' dir='ltr'><strong>dicit</strong></span> <span class='ocrx_word' id='word_1_324' title='bbox 2631 1796 2853 1866; x_wconf 83' lang='lat' dir='ltr'><strong>August.</strong></span> <span class='ocrx_word' id='word_1_325' title='bbox 2886 1795 2936 1848; x_wconf 91' lang='lat' dir='ltr'><strong>in</strong></span> <span class='ocrx_word' id='word_1_326' title='bbox 2973 1794 3059 1848; x_wconf 75' lang='lat' dir='ltr'><strong>Ps.</strong></span> <span class='ocrx_word' id='word_1_327' title='bbox 3086 1810 3270 1866; x_wconf 60' lang='grc' dir='ltr'><strong>χχχιιι.</strong></span> <span class='ocrx_word' id='word_1_328' title='bbox 3306 1794 3563 1866; x_wconf 83' lang='lat' dir='ltr'><strong>Quamdiu</strong></span> <span class='ocrx_word' id='word_1_329' title='bbox 3609 1794 3706 1850; x_wconf 87' lang='lat' dir='ltr'><strong>ista</strong></span> <span class='ocrx_word' id='word_1_330' title='bbox 3743 1797 3902 1866; x_wconf 82' lang='lat' dir='ltr'><strong>patie-</strong></span> 
     </span>
    </p>
   </div>
   <div class='ocr_carea' id='block_1_49' title="bbox 2293 1864 3900 1940">
    <p class='ocr_par' dir='ltr' id='par_1_49' title="bbox 2293 1864 3900 1940">
     <span class='ocr_line' id='line_1_53' title="bbox 2293 1864 3900 1940; baseline 0.001 -19"><span class='ocrx_word' id='word_1_331' title='bbox 2293 1882 2407 1940; x_wconf 78' lang='lat' dir='ltr'><strong>ntur</strong></span> <span class='ocrx_word' id='word_1_332' title='bbox 2430 1865 2657 1940; x_wconf 73' lang='lat' dir='ltr'><strong>quotidie</strong></span> <span class='ocrx_word' id='word_1_333' title='bbox 2709 1865 2892 1940; x_wconf 79' lang='lat' dir='ltr'><strong>pejora</strong></span> <span class='ocrx_word' id='word_1_334' title='bbox 2920 1866 3166 1940; x_wconf 82' lang='lat' dir='ltr'><strong>et__pejora</strong></span> <span class='ocrx_word' id='word_1_335' title='bbox 3185 1865 3210 1917; x_wconf 74' lang='grc' dir='ltr'><strong><em>Ρ</em></strong></span> <span class='ocrx_word' id='word_1_336' title='bbox 3236 1864 3388 1934; x_wconf 83' lang='lat' dir='ltr'><strong>Apud</strong></span> <span class='ocrx_word' id='word_1_337' title='bbox 3420 1877 3656 1940; x_wconf 57' lang='lat' dir='ltr'><strong>parente!</strong></span> <span class='ocrx_word' id='word_1_338' title='bbox 3702 1864 3900 1940; x_wconf 71' lang='lat' dir='ltr'><strong>nostros</strong></span> 
     </span>
    </p>
   </div>
   <div class='ocr_carea' id='block_1_50' title="bbox 2295 1935 3895 2007">
    <p class='ocr_par' dir='ltr' id='par_1_50' title="bbox 2295 1935 3895 2007">
     <span class='ocr_line' id='line_1_54' title="bbox 2295 1935 3895 2007; baseline 0 -16"><span class='ocrx_word' id='word_1_339' title='bbox 2295 1935 2501 2006; x_wconf 78' lang='lat' dir='ltr'><strong>{uerunt</strong></span> <span class='ocrx_word' id='word_1_340' title='bbox 2540 1936 2646 1990; x_wconf 88' lang='lat' dir='ltr'><strong>dies</strong></span> <span class='ocrx_word' id='word_1_341' title='bbox 2676 1935 2926 1990; x_wconf 74' lang='lat' dir='ltr'><strong>meliores.</strong></span> <span class='ocrx_word' id='word_1_342' title='bbox 2954 1935 3057 1990; x_wconf 89' lang='lat' dir='ltr'><strong>Cui</strong></span> <span class='ocrx_word' id='word_1_343' title='bbox 3078 1945 3224 1990; x_wconf 90' lang='lat' dir='ltr'><strong>recte</strong></span> <span class='ocrx_word' id='word_1_344' title='bbox 3259 1936 3572 2007; x_wconf 77' lang='lat' dir='ltr'><strong>respondet.</strong></span> <span class='ocrx_word' id='word_1_345' title='bbox 3606 1936 3650 1990; x_wconf 89' lang='grc' dir='ltr'><em>Ο</em></span> <span class='ocrx_word' id='word_1_346' title='bbox 3673 1939 3716 1992; x_wconf 91' lang='lat' dir='ltr'><strong>si</strong></span> <span class='ocrx_word' id='word_1_347' title='bbox 3737 1938 3895 1992; x_wconf 87' lang='lat' dir='ltr'><strong>inter-</strong></span> 
     </span>
    </p>
   </div>
   <div class='ocr_carea' id='block_1_51' title="bbox 2297 2007 3900 2081">
    <p class='ocr_par' dir='ltr' id='par_1_51' title="bbox 2297 2007 3900 2081">
     <span class='ocr_line' id='line_1_55' title="bbox 2297 2007 3900 2081; baseline 0 -19"><span class='ocrx_word' id='word_1_348' title='bbox 2297 2025 2507 2081; x_wconf 87' lang='lat' dir='ltr'><strong>rogares</strong></span> <span class='ocrx_word' id='word_1_349' title='bbox 2537 2009 2676 2075; x_wconf 88' lang='lat' dir='ltr'><strong>ipsos</strong></span> <span class='ocrx_word' id='word_1_350' title='bbox 2701 2016 2928 2081; x_wconf 57' lang='lat' dir='ltr'><strong>parentes</strong></span> <span class='ocrx_word' id='word_1_351' title='bbox 2955 2017 3087 2081; x_wconf 83' lang='lat' dir='ltr'><strong>tuos,</strong></span> <span class='ocrx_word' id='word_1_352' title='bbox 3117 2007 3349 2081; x_wconf 75' lang='lat' dir='ltr'><strong>similiter</strong></span> <span class='ocrx_word' id='word_1_353' title='bbox 3392 2007 3478 2060; x_wconf 88' lang='lat' dir='ltr'><strong>tibi</strong></span> <span class='ocrx_word' id='word_1_354' title='bbox 3505 2007 3569 2081; x_wconf 78' lang='lat' dir='ltr'><strong>de</strong></span> <span class='ocrx_word' id='word_1_355' title='bbox 3609 2008 3900 2081; x_wconf 79' lang='lat' dir='ltr'><strong>parentibus</strong></span> 
     </span>
    </p>
   </div>
   <div class='ocr_carea' id='block_1_52' title="bbox 2299 2076 3898 2145">
    <p class='ocr_par' dir='ltr' id='par_1_52' title="bbox 2299 2076 3898 2145">
     <span class='ocr_line' id='line_1_56' title="bbox 2299 2076 3898 2145; baseline 0.001 -13"><span class='ocrx_word' id='word_1_356' title='bbox 2299 2076 2673 2136; x_wconf 73' lang='lat' dir='ltr'><strong>mnrmurarent</strong></span> <span class='ocrx_word' id='word_1_357' title='bbox 2705 2094 2723 2132; x_wconf 93' lang='lat'><strong><em>:</em></strong></span> <span class='ocrx_word' id='word_1_358' title='bbox 2753 2076 2983 2132; x_wconf 84' lang='lat' dir='ltr'><strong>Fuerunt</strong></span> <span class='ocrx_word' id='word_1_359' title='bbox 3013 2077 3141 2130; x_wconf 87' lang='lat' dir='ltr'><strong>beati</strong></span> <span class='ocrx_word' id='word_1_360' title='bbox 3173 2087 3341 2145; x_wconf 84' lang='lat' dir='ltr'><strong>patres</strong></span> <span class='ocrx_word' id='word_1_361' title='bbox 3368 2079 3526 2132; x_wconf 85' lang='lat' dir='ltr'><strong>nostri</strong></span> <span class='ocrx_word' id='word_1_362' title='bbox 3563 2095 3576 2132; x_wconf 91' lang='lat'><strong>:</strong></span> <span class='ocrx_word' id='word_1_363' title='bbox 3608 2095 3700 2134; x_wconf 89' lang='lat' dir='ltr'><strong>nos</strong></span> <span class='ocrx_word' id='word_1_364' title='bbox 3728 2079 3898 2134; x_wconf 82' lang='lat' dir='ltr'><strong>miseri</strong></span> 
     </span>
    </p>
   </div>
   <div class='ocr_carea' id='block_1_53' title="bbox 2299 2148 3893 2221">
    <p class='ocr_par' dir='ltr' id='par_1_53' title="bbox 2299 2148 3893 2221">
     <span class='ocr_line' id='line_1_57' title="bbox 2299 2148 3893 2221; baseline 0 -15"><span class='ocrx_word' id='word_1_365' title='bbox 2299 2169 2494 2217; x_wconf 88' lang='lat' dir='ltr'><strong>sumus,</strong></span> <span class='ocrx_word' id='word_1_366' title='bbox 2524 2149 2694 2221; x_wconf 70' lang='lat' dir='ltr'><strong>malos</strong></span> <span class='ocrx_word' id='word_1_367' title='bbox 2710 2149 2816 2221; x_wconf 85' lang='lat' dir='ltr'><strong>dies</strong></span> <span class='ocrx_word' id='word_1_368' title='bbox 2846 2149 3106 2221; x_wconf 82' lang='lat' dir='ltr'><strong>habemus.</strong></span> <span class='ocrx_word' id='word_1_369' title='bbox 3141 2149 3286 2204; x_wconf 86' lang='lat' dir='ltr'><strong>Bene</strong></span> <span class='ocrx_word' id='word_1_370' title='bbox 3310 2148 3667 2221; x_wconf 85' lang='lat' dir='ltr'><strong>Hieronymus</strong></span> <span class='ocrx_word' id='word_1_371' title='bbox 3697 2149 3750 2204; x_wconf 89' lang='lat' dir='ltr'><strong>in</strong></span> <span class='ocrx_word' id='word_1_372' title='bbox 3774 2165 3893 2218; x_wconf 86' lang='lat' dir='ltr'><strong>cap.</strong></span> 
     </span>
    </p>
   </div>
   <div class='ocr_carea' id='block_1_54' title="bbox 2299 2219 3900 2291">
    <p class='ocr_par' dir='ltr' id='par_1_54' title="bbox 2299 2219 3900 2291">
     <span class='ocr_line' id='line_1_58' title="bbox 2299 2219 3900 2291; baseline -0.001 -13"><span class='ocrx_word' id='word_1_373' title='bbox 2299 2239 2394 2280; x_wconf 81' lang='lat' dir='ltr'><strong>vn.</strong></span> <span class='ocrx_word' id='word_1_374' title='bbox 2421 2221 2624 2278; x_wconf 80' lang='lat' dir='ltr'><strong>Eccles.</strong></span> <span class='ocrx_word' id='word_1_375' title='bbox 2645 2219 2727 2274; x_wconf 90' lang='lat' dir='ltr'><strong>Ne</strong></span> <span class='ocrx_word' id='word_1_376' title='bbox 2742 2219 3138 2291; x_wconf 81' lang='lat' dir='ltr'><strong>dicaszmeliora</strong></span> <span class='ocrx_word' id='word_1_377' title='bbox 3165 2230 3394 2291; x_wconf 83' lang='lat' dir='ltr'><strong>tempora</strong></span> <span class='ocrx_word' id='word_1_378' title='bbox 3424 2219 3564 2291; x_wconf 76' lang='lat' dir='ltr'><strong>fuere</strong></span> <span class='ocrx_word' id='word_1_379' title='bbox 3590 2237 3741 2291; x_wconf 83' lang='lat' dir='ltr'><strong>quant</strong></span> <span class='ocrx_word' id='word_1_380' title='bbox 3769 2238 3900 2276; x_wconf 86' lang='lat' dir='ltr'><strong>nunc</strong></span> 
     </span>
    </p>
   </div>
   <div class='ocr_carea' id='block_1_55' title="bbox 2301 2289 3892 2360">
    <p class='ocr_par' dir='ltr' id='par_1_55' title="bbox 2301 2289 3892 2360">
     <span class='ocr_line' id='line_1_59' title="bbox 2301 2289 3892 2360; baseline 0 -13"><span class='ocrx_word' id='word_1_381' title='bbox 2301 2303 2453 2360; x_wconf 88' lang='lat' dir='ltr'><strong>sunt;</strong></span> <span class='ocrx_word' id='word_1_382' title='bbox 2481 2295 2689 2348; x_wconf 84' lang='lat' dir='ltr'><strong>virtutes</strong></span> <span class='ocrx_word' id='word_1_383' title='bbox 2715 2291 2894 2344; x_wconf 82' lang='lat' dir='ltr'><strong>uiuenti</strong></span> <span class='ocrx_word' id='word_1_384' title='bbox 2939 2290 3132 2359; x_wconf 79' lang='lat' dir='ltr'><strong>faciunt</strong></span> <span class='ocrx_word' id='word_1_385' title='bbox 3179 2290 3285 2344; x_wconf 85' lang='lat' dir='ltr'><strong>dies</strong></span> <span class='ocrx_word' id='word_1_386' title='bbox 3324 2289 3480 2345; x_wconf 85' lang='lat' dir='ltr'><strong>bonos</strong></span> <span class='ocrx_word' id='word_1_387' title='bbox 3501 2332 3515 2356; x_wconf 86' lang='lat'><strong>,</strong></span> <span class='ocrx_word' id='word_1_388' title='bbox 3544 2289 3666 2346; x_wconf 82' lang='lat' dir='ltr'><strong>uitia</strong></span> <span class='ocrx_word' id='word_1_389' title='bbox 3710 2292 3892 2347; x_wconf 89' lang='lat' dir='ltr'><strong>malos.</strong></span> 
     </span>
    </p>
   </div>
   <div class='ocr_carea' id='block_1_56' title="bbox 2299 2360 3900 2432">
    <p class='ocr_par' dir='ltr' id='par_1_56' title="bbox 2299 2360 3900 2432">
     <span class='ocr_line' id='line_1_60' title="bbox 2299 2360 3900 2432; baseline -0.002 -13"><span class='ocrx_word' id='word_1_390' title='bbox 2299 2365 2356 2419; x_wconf 92' lang='lat' dir='ltr'><strong>ld</strong></span> <span class='ocrx_word' id='word_1_391' title='bbox 2379 2366 2520 2420; x_wconf 88' lang='lat' dir='ltr'><strong>enim</strong></span> <span class='ocrx_word' id='word_1_392' title='bbox 2551 2363 2768 2417; x_wconf 90' lang='lat' dir='ltr'><strong>insitum</strong></span> <span class='ocrx_word' id='word_1_393' title='bbox 2802 2360 3106 2432; x_wconf 87' lang='lat' dir='ltr'><strong>hominibus</strong></span> <span class='ocrx_word' id='word_1_394' title='bbox 3134 2362 3350 2432; x_wconf 82' lang='lat' dir='ltr'><strong>antiqua</strong></span> <span class='ocrx_word' id='word_1_395' title='bbox 3382 2363 3539 2432; x_wconf 87' lang='lat' dir='ltr'><strong>novis</strong></span> <span class='ocrx_word' id='word_1_396' title='bbox 3569 2403 3582 2426; x_wconf 89' lang='lat'><strong>,</strong></span> <span class='ocrx_word' id='word_1_397' title='bbox 3617 2362 3900 2432; x_wconf 75' lang='lat' dir='ltr'><strong>prtesenti-</strong></span> 
     </span>
    </p>
   </div>
   <div class='ocr_carea' id='block_1_57' title="bbox 2305 2431 3896 2506">
    <p class='ocr_par' dir='ltr' id='par_1_57' title="bbox 2305 2431 3896 2506">
     <span class='ocr_line' id='line_1_61' title="bbox 2305 2431 3896 2506; baseline -0.001 -15"><span class='ocrx_word' id='word_1_398' title='bbox 2305 2436 2404 2491; x_wconf 87' lang='lat' dir='ltr'><strong>bus</strong></span> <span class='ocrx_word' id='word_1_399' title='bbox 2435 2433 2701 2506; x_wconf 80' lang='lat' dir='ltr'><strong>praeterita</strong></span> <span class='ocrx_word' id='word_1_400' title='bbox 2729 2431 2976 2487; x_wconf 84' lang='lat' dir='ltr'><strong>conferre</strong></span> <span class='ocrx_word' id='word_1_401' title='bbox 3002 2431 3156 2486; x_wconf 89' lang='lat' dir='ltr'><strong>docet</strong></span> <span class='ocrx_word' id='word_1_402' title='bbox 3186 2431 3468 2487; x_wconf 85' lang='lat' dir='ltr'><strong>Lucretius</strong></span> <span class='ocrx_word' id='word_1_403' title='bbox 3511 2431 3601 2488; x_wconf 92' lang='lat' dir='ltr'><strong>lib.</strong></span> <span class='ocrx_word' id='word_1_404' title='bbox 3624 2431 3704 2489; x_wconf 46' lang='lat' dir='ltr'><strong>&#39;tt.</strong></span> <span class='ocrx_word' id='word_1_405' title='bbox 3737 2433 3896 2490; x_wconf 73' lang='grc'><strong>1165.</strong></span> 
     </span>
    </p>
   </div>
   <div class='ocr_carea' id='block_1_58' title="bbox 2394 2525 3680 2591">
    <p class='ocr_par' dir='ltr' id='par_1_58' title="bbox 2394 2525 3680 2591">
     <span class='ocr_line' id='line_1_62' title="bbox 2394 2525 3680 2591; baseline -0.003 -12"><span class='ocrx_word' id='word_1_406' title='bbox 2394 2529 2601 2591; x_wconf 85' lang='lat' dir='ltr'><strong>Jamque</strong></span> <span class='ocrx_word' id='word_1_407' title='bbox 2623 2533 2768 2591; x_wconf 81' lang='lat' dir='ltr'><strong>caput</strong></span> <span class='ocrx_word' id='word_1_408' title='bbox 2787 2538 3022 2588; x_wconf 88' lang='lat' dir='ltr'><strong>quassans</strong></span> <span class='ocrx_word' id='word_1_409' title='bbox 3043 2525 3240 2588; x_wconf 79' lang='lat' dir='ltr'><strong>grandis</strong></span> <span class='ocrx_word' id='word_1_410' title='bbox 3252 2527 3645 2591; x_wconf 75' lang='lat' dir='ltr'><strong>suspiratarator</strong></span> <span class='ocrx_word' id='word_1_411' title='bbox 3665 2565 3680 2588; x_wconf 89' lang='lat'><strong>,</strong></span> 
     </span>
    </p>
   </div>
   <div class='ocr_carea' id='block_1_59' title="bbox 2397 2587 3676 2649">
    <p class='ocr_par' dir='ltr' id='par_1_59' title="bbox 2397 2587 3676 2649">
     <span class='ocr_line' id='line_1_63' title="bbox 2397 2587 3676 2649; baseline -0.005 -7"><span class='ocrx_word' id='word_1_412' title='bbox 2397 2587 2634 2642; x_wconf 72' lang='lat' dir='ltr'><strong>Crebrius</strong></span> <span class='ocrx_word' id='word_1_413' title='bbox 2655 2587 2896 2638; x_wconf 80' lang='lat' dir='ltr'><strong>incassum</strong></span> <span class='ocrx_word' id='word_1_414' title='bbox 2921 2587 3151 2649; x_wconf 82' lang='lat' dir='ltr'><strong>magnum</strong></span> <span class='ocrx_word' id='word_1_415' title='bbox 3167 2587 3404 2637; x_wconf 83' lang='lat' dir='ltr'><strong>cecidisse</strong></span> <span class='ocrx_word' id='word_1_416' title='bbox 3422 2588 3638 2637; x_wconf 83' lang='lat' dir='ltr'><strong>laborem</strong></span> <span class='ocrx_word' id='word_1_417' title='bbox 3663 2587 3676 2637; x_wconf 70' lang='grc' dir='ltr'><em>ὲ</em></span> 
     </span>
    </p>
   </div>
   <div class='ocr_carea' id='block_1_60' title="bbox 2395 2649 3652 2712">
    <p class='ocr_par' dir='ltr' id='par_1_60' title="bbox 2395 2649 3652 2712">
     <span class='ocr_line' id='line_1_64' title="bbox 2395 2649 3652 2712; baseline -0.002 -9"><span class='ocrx_word' id='word_1_418' title='bbox 2395 2652 2586 2704; x_wconf 88' lang='lat' dir='ltr'><strong>Etcum</strong></span> <span class='ocrx_word' id='word_1_419' title='bbox 2610 2661 2828 2712; x_wconf 85' lang='lat' dir='ltr'><strong>tempora</strong></span> <span class='ocrx_word' id='word_1_420' title='bbox 2851 2649 3156 2712; x_wconf 84' lang='lat' dir='ltr'><strong>temporibus</strong></span> <span class='ocrx_word' id='word_1_421' title='bbox 3177 2650 3438 2710; x_wconf 71' lang='lat' dir='ltr'><strong>praesentia</strong></span> <span class='ocrx_word' id='word_1_422' title='bbox 3459 2649 3652 2701; x_wconf 77' lang='lat' dir='ltr'><strong>confert</strong></span> 
     </span>
    </p>
   </div>
   <div class='ocr_carea' id='block_1_61' title="bbox 2395 2711 3525 2775">
    <p class='ocr_par' dir='ltr' id='par_1_61' title="bbox 2395 2711 3525 2775">
     <span class='ocr_line' id='line_1_65' title="bbox 2395 2711 3525 2775; baseline -0.004 -10"><span class='ocrx_word' id='word_1_423' title='bbox 2395 2715 2686 2772; x_wconf 67' lang='lat' dir='ltr'><strong>Praeteritis,</strong></span> <span class='ocrx_word' id='word_1_424' title='bbox 2709 2711 2871 2762; x_wconf 83' lang='lat' dir='ltr'><strong>laudat</strong></span> <span class='ocrx_word' id='word_1_425' title='bbox 2893 2711 3110 2762; x_wconf 76' lang='lat' dir='ltr'><strong>fortunas</strong></span> <span class='ocrx_word' id='word_1_426' title='bbox 3132 2725 3264 2775; x_wconf 68' lang='lat' dir='ltr'><strong>saepe</strong></span> <span class='ocrx_word' id='word_1_427' title='bbox 3288 2712 3525 2775; x_wconf 85' lang='lat' dir='ltr'><strong>parentis.</strong></span> 
     </span>
    </p>
   </div>
   <div class='ocr_carea' id='block_1_62' title="bbox 2301 2794 3364 2868">
    <p class='ocr_par' dir='ltr' id='par_1_62' title="bbox 2301 2794 3364 2868">
     <span class='ocr_line' id='line_1_66' title="bbox 2301 2794 3364 2868; baseline -0.006 -14"><span class='ocrx_word' id='word_1_428' title='bbox 2301 2798 2395 2854; x_wconf 85' lang='lat' dir='ltr'><strong>ubi</strong></span> <span class='ocrx_word' id='word_1_429' title='bbox 2413 2807 2700 2868; x_wconf 88' lang='lat' dir='ltr'><strong>sequentes</strong></span> <span class='ocrx_word' id='word_1_430' title='bbox 2728 2809 2914 2850; x_wconf 89' lang='lat' dir='ltr'><strong>versus</strong></span> <span class='ocrx_word' id='word_1_431' title='bbox 2941 2795 3074 2849; x_wconf 87' lang='lat' dir='ltr'><strong>satis</strong></span> <span class='ocrx_word' id='word_1_432' title='bbox 3100 2794 3364 2864; x_wconf 88' lang='lat' dir='ltr'><strong>deplorati</strong></span> 
     </span>
    </p>
   </div>
   <div class='ocr_carea' id='block_1_63' title="bbox 2389 2883 3580 2949">
    <p class='ocr_par' dir='ltr' id='par_1_63' title="bbox 2389 2883 3580 2949">
     <span class='ocr_line' id='line_1_67' title="bbox 2389 2883 3580 2949; baseline -0.005 -9"><span class='ocrx_word' id='word_1_433' title='bbox 2389 2890 2564 2940; x_wconf 86' lang='lat' dir='ltr'><strong>Tristis</strong></span> <span class='ocrx_word' id='word_1_434' title='bbox 2581 2890 2699 2938; x_wconf 90' lang='lat' dir='ltr'><strong>item</strong></span> <span class='ocrx_word' id='word_1_435' title='bbox 2717 2885 2895 2936; x_wconf 67' lang='lat' dir='ltr'><strong>vetula:</strong></span> <span class='ocrx_word' id='word_1_436' title='bbox 2920 2887 3032 2937; x_wconf 80' lang='lat' dir='ltr'><strong>vitis</strong></span> <span class='ocrx_word' id='word_1_437' title='bbox 3051 2891 3346 2949; x_wconf 15' lang='lat' dir='ltr'><strong>satoriaequa</strong></span> <span class='ocrx_word' id='word_1_438' title='bbox 3373 2883 3580 2949; x_wconf 75' lang='lat' dir='ltr'><strong>fatigat;</strong></span> 
     </span>
    </p>
   </div>
   <div class='ocr_carea' id='block_1_64' title="bbox 2388 2947 3599 3015">
    <p class='ocr_par' dir='ltr' id='par_1_64' title="bbox 2388 2947 3599 3015">
     <span class='ocr_line' id='line_1_68' title="bbox 2388 2947 3599 3015; baseline -0.004 -13"><span class='ocrx_word' id='word_1_439' title='bbox 2388 2952 2647 3015; x_wconf 83' lang='lat' dir='ltr'><strong>Temporis</strong></span> <span class='ocrx_word' id='word_1_440' title='bbox 2669 2951 2858 2999; x_wconf 85' lang='lat' dir='ltr'><strong>incusat</strong></span> <span class='ocrx_word' id='word_1_441' title='bbox 2877 2962 3072 3011; x_wconf 89' lang='lat' dir='ltr'><strong>nomen,</strong></span> <span class='ocrx_word' id='word_1_442' title='bbox 3099 2947 3387 3012; x_wconf 85' lang='lat' dir='ltr'><strong>seclutnque</strong></span> <span class='ocrx_word' id='word_1_443' title='bbox 3409 2947 3599 3011; x_wconf 81' lang='lat' dir='ltr'><strong>fatigat,</strong></span> 
     </span>
    </p>
   </div>
   <div class='ocr_carea' id='block_1_65' title="bbox 2297 3033 2912 3094">
    <p class='ocr_par' dir='ltr' id='par_1_65' title="bbox 2297 3033 2912 3094">
     <span class='ocr_line' id='line_1_69' title="bbox 2297 3033 2912 3094; baseline -0.008 0"><span class='ocrx_word' id='word_1_444' title='bbox 2297 3038 2367 3094; x_wconf 88' lang='lat' dir='ltr'><strong>ita</strong></span> <span class='ocrx_word' id='word_1_445' title='bbox 2399 3045 2522 3094; x_wconf 90' lang='lat' dir='ltr'><strong>sunt</strong></span> <span class='ocrx_word' id='word_1_446' title='bbox 2548 3033 2863 3091; x_wconf 86' lang='lat' dir='ltr'><strong>restituendi</strong></span> <span class='ocrx_word' id='word_1_447' title='bbox 2899 3053 2912 3089; x_wconf 90' lang='lat'><strong>:</strong></span> 
     </span>
    </p>
   </div>
   <div class='ocr_carea' id='block_1_66' title="bbox 2389 3122 3564 3187">
    <p class='ocr_par' dir='ltr' id='par_1_66' title="bbox 2389 3122 3564 3187">
     <span class='ocr_line' id='line_1_70' title="bbox 2389 3122 3564 3187; baseline -0.003 -10"><span class='ocrx_word' id='word_1_448' title='bbox 2389 3127 2566 3178; x_wconf 86' lang='lat' dir='ltr'><strong>Tristis</strong></span> <span class='ocrx_word' id='word_1_449' title='bbox 2586 3129 2704 3176; x_wconf 90' lang='lat' dir='ltr'><strong>item</strong></span> <span class='ocrx_word' id='word_1_450' title='bbox 2720 3125 2902 3175; x_wconf 76' lang='lat' dir='ltr'><strong>vetulae</strong></span> <span class='ocrx_word' id='word_1_451' title='bbox 2926 3124 3039 3175; x_wconf 90' lang='lat' dir='ltr'><strong>vitis</strong></span> <span class='ocrx_word' id='word_1_452' title='bbox 3051 3131 3181 3187; x_wconf 81' lang='lat' dir='ltr'><strong>sator</strong></span> <span class='ocrx_word' id='word_1_453' title='bbox 3205 3130 3353 3187; x_wconf 88' lang='lat' dir='ltr'><strong>atque</strong></span> <span class='ocrx_word' id='word_1_454' title='bbox 3374 3122 3564 3187; x_wconf 59' lang='lat' dir='ltr'><strong>fatiscat</strong></span> 
     </span>
    </p>
   </div>
   <div class='ocr_carea' id='block_1_67' title="bbox 2388 3185 3568 3254">
    <p class='ocr_par' dir='ltr' id='par_1_67' title="bbox 2388 3185 3568 3254">
     <span class='ocr_line' id='line_1_71' title="bbox 2388 3185 3568 3254; baseline -0.004 -13"><span class='ocrx_word' id='word_1_455' title='bbox 2388 3191 2644 3254; x_wconf 87' lang='lat' dir='ltr'><strong>Temporis</strong></span> <span class='ocrx_word' id='word_1_456' title='bbox 2668 3189 2858 3238; x_wconf 86' lang='lat' dir='ltr'><strong>incusat</strong></span> <span class='ocrx_word' id='word_1_457' title='bbox 2879 3200 3058 3237; x_wconf 87' lang='lat' dir='ltr'><strong>nomen</strong></span> <span class='ocrx_word' id='word_1_458' title='bbox 3079 3185 3362 3249; x_wconf 65' lang='lat' dir='ltr'><strong>finitumque</strong></span> <span class='ocrx_word' id='word_1_459' title='bbox 3377 3185 3568 3249; x_wconf 81' lang='lat' dir='ltr'><strong>fatigat.</strong></span> 
     </span>
    </p>
   </div>
   <div class='ocr_carea' id='block_1_68' title="bbox 602 3262 3900 3352">
    <p class='ocr_par' dir='ltr' id='par_1_68' title="bbox 602 3262 3900 3352">
     <span class='ocr_line' id='line_1_72' title="bbox 602 3262 3900 3352; baseline -0.003 -19"><span class='ocrx_word' id='word_1_460' title='bbox 602 3262 1880 3352; x_wconf 47' lang='lat' dir='ltr'><strong>...;.*..&#39;.s&quot;‘p..t.‘..i.&#39;animum...senatus;</strong></span> <span class='ocrx_word' id='word_1_461' title='bbox 1927 3262 2002 3336; x_wconf 74' lang='grc' dir='ltr'><strong>ιι.</strong></span> <span class='ocrx_word' id='word_1_462' title='bbox 2049 3262 2195 3337; x_wconf 59' lang='lat' dir='ltr'><strong>est...</strong></span> <span class='ocrx_word' id='word_1_463' title='bbox 2224 3262 2269 3325; x_wconf 86' lang='lat' dir='ltr'><strong>c</strong></span> <span class='ocrx_word' id='word_1_464' title='bbox 2303 3273 2394 3331; x_wconf 87' lang='lat' dir='ltr'><strong>Sic</strong></span> <span class='ocrx_word' id='word_1_465' title='bbox 2433 3274 2772 3352; x_wconf 65' lang='lat' dir='ltr'><strong>membrana:</strong></span> <span class='ocrx_word' id='word_1_466' title='bbox 2824 3271 3101 3352; x_wconf 55' lang='lat' dir='ltr'><strong>v0.5a...</strong></span> <span class='ocrx_word' id='word_1_467' title='bbox 3130 3313 3156 3352; x_wconf 24' lang='lat' dir='ltr'><strong>,l</strong></span> <span class='ocrx_word' id='word_1_468' title='bbox 3211 3285 3354 3352; x_wconf 66' lang='lat' dir='ltr'><strong>nu...</strong></span> <span class='ocrx_word' id='word_1_469' title='bbox 3409 3271 3581 3352; x_wconf 62' lang='lat' dir='ltr'><strong>Lugd,</strong></span> <span class='ocrx_word' id='word_1_470' title='bbox 3631 3271 3747 3352; x_wconf 59' lang='grc' dir='ltr'><strong>β...</strong></span> <span class='ocrx_word' id='word_1_471' title='bbox 3797 3269 3900 3352; x_wconf 83' lang='lat' dir='ltr'><strong>nisi</strong></span> 
     </span>
    </p>
   </div>
   <div class='ocr_carea' id='block_1_69' title="bbox 603 3349 1092 3435">
    <p class='ocr_par' dir='ltr' id='par_1_69' title="bbox 603 3349 1092 3435">
     <span class='ocr_line' id='line_1_73' title="bbox 603 3349 1092 3435; baseline -0.004 -27"><span class='ocrx_word' id='word_1_472' title='bbox 603 3349 820 3408; x_wconf 64' lang='lat' dir='ltr'><strong>Eneid.</strong></span> <span class='ocrx_word' id='word_1_473' title='bbox 848 3349 1092 3435; x_wconf 52' lang='grc' dir='ltr'>χιιξίοῖ.</span> 
     </span>
    </p>
   </div>
   <div class='ocr_carea' id='block_1_70' title="bbox 1003 3442 1549 3508">
    <p class='ocr_par' dir='ltr' id='par_1_70' title="bbox 1003 3442 1549 3508">
     <span class='ocr_line' id='line_1_74' title="bbox 1003 3442 1549 3508; baseline 0 -16"><span class='ocrx_word' id='word_1_474' title='bbox 1003 3443 1112 3492; x_wconf 69' lang='lat' dir='ltr'><strong>iam</strong></span> <span class='ocrx_word' id='word_1_475' title='bbox 1137 3442 1345 3508; x_wconf 75' lang='lat' dir='ltr'><strong>pulvere</strong></span> <span class='ocrx_word' id='word_1_476' title='bbox 1354 3442 1549 3508; x_wconf 74' lang='lat' dir='ltr'><strong>coelum</strong></span> 
     </span>
    </p>
   </div>
   <div class='ocr_carea' id='block_1_71' title="bbox 729 3503 1472 3568">
    <p class='ocr_par' dir='ltr' id='par_1_71' title="bbox 729 3503 1472 3568">
     <span class='ocr_line' id='line_1_75' title="bbox 729 3503 1472 3568; baseline 0.001 -14"><span class='ocrx_word' id='word_1_477' title='bbox 729 3503 874 3555; x_wconf 89' lang='lat' dir='ltr'><strong>Stare</strong></span> <span class='ocrx_word' id='word_1_478' title='bbox 891 3505 1077 3555; x_wconf 87' lang='lat' dir='ltr'><strong>vident.</strong></span> <span class='ocrx_word' id='word_1_479' title='bbox 1138 3503 1153 3508; x_wconf 84' lang='grc'><strong><em>“</em></strong></span> <span class='ocrx_word' id='word_1_480' title='bbox 1297 3503 1472 3568; x_wconf 85' lang='grc' dir='ltr'><strong>(Ηαυ.)</strong></span> 
     </span>
    </p>
   </div>
   <div class='ocr_carea' id='block_1_72' title="bbox 678 3609 2206 3683">
    <p class='ocr_par' dir='ltr' id='par_1_72' title="bbox 678 3609 2206 3683">
     <span class='ocr_line' id='line_1_76' title="bbox 678 3609 2206 3683; baseline 0.002 -19"><span class='ocrx_word' id='word_1_481' title='bbox 678 3609 757 3683; x_wconf 80' lang='lat' dir='ltr'><strong>(d)</strong></span> <span class='ocrx_word' id='word_1_482' title='bbox 788 3609 1142 3683; x_wconf 84' lang='lat' dir='ltr'><strong>Terra_mouit.</strong></span> <span class='ocrx_word' id='word_1_483' title='bbox 1217 3610 1368 3683; x_wconf 78' lang='lat' dir='ltr'><strong>Quod</strong></span> <span class='ocrx_word' id='word_1_484' title='bbox 1395 3625 1518 3664; x_wconf 90' lang='lat' dir='ltr'><strong>cum</strong></span> <span class='ocrx_word' id='word_1_485' title='bbox 1545 3610 1688 3664; x_wconf 70' lang='lat' dir='ltr'><strong>Asia:</strong></span> <span class='ocrx_word' id='word_1_486' title='bbox 1736 3611 1928 3665; x_wconf 90' lang='lat' dir='ltr'><strong>multas</strong></span> <span class='ocrx_word' id='word_1_487' title='bbox 1976 3611 2206 3683; x_wconf 75' lang='lat' dir='ltr'><strong>inclytae</strong></span> 
     </span>
    </p>
   </div>
   <div class='ocr_carea' id='block_1_73' title="bbox 607 3680 2203 3750">
    <p class='ocr_par' dir='ltr' id='par_1_73' title="bbox 607 3680 2203 3750">
     <span class='ocr_line' id='line_1_77' title="bbox 607 3680 2203 3750; baseline 0.001 -15"><span class='ocrx_word' id='word_1_488' title='bbox 607 3680 773 3736; x_wconf 88' lang='lat' dir='ltr'><strong>urbes</strong></span> <span class='ocrx_word' id='word_1_489' title='bbox 798 3681 1010 3742; x_wconf 88' lang='lat' dir='ltr'><strong>evertit,</strong></span> <span class='ocrx_word' id='word_1_490' title='bbox 1037 3691 1148 3735; x_wconf 87' lang='lat' dir='ltr'><strong>tttm</strong></span> <span class='ocrx_word' id='word_1_491' title='bbox 1170 3683 1329 3735; x_wconf 90' lang='lat' dir='ltr'><strong>etiam</strong></span> <span class='ocrx_word' id='word_1_492' title='bbox 1353 3680 1556 3737; x_wconf 81' lang='lat' dir='ltr'><strong>Italiam</strong></span> <span class='ocrx_word' id='word_1_493' title='bbox 1584 3695 1798 3750; x_wconf 87' lang='lat' dir='ltr'><strong>semper</strong></span> <span class='ocrx_word' id='word_1_494' title='bbox 1821 3683 2018 3735; x_wconf 89' lang='lat' dir='ltr'><strong>misere</strong></span> <span class='ocrx_word' id='word_1_495' title='bbox 2043 3680 2203 3737; x_wconf 83' lang='lat' dir='ltr'><strong>vexa-</strong></span> 
     </span>
    </p>
   </div>
   <div class='ocr_carea' id='block_1_74' title="bbox 605 3750 2200 3820">
    <p class='ocr_par' dir='ltr' id='par_1_74' title="bbox 605 3750 2200 3820">
     <span class='ocr_line' id='line_1_78' title="bbox 605 3750 2200 3820; baseline 0.003 -17"><span class='ocrx_word' id='word_1_496' title='bbox 605 3752 701 3806; x_wconf 91' lang='lat' dir='ltr'><strong>vit.</strong></span> <span class='ocrx_word' id='word_1_497' title='bbox 731 3750 882 3806; x_wconf 89' lang='lat' dir='ltr'><strong>Unde</strong></span> <span class='ocrx_word' id='word_1_498' title='bbox 909 3751 959 3804; x_wconf 93' lang='lat' dir='ltr'><strong>in</strong></span> <span class='ocrx_word' id='word_1_499' title='bbox 1007 3752 1115 3820; x_wconf 88' lang='lat' dir='ltr'><strong>ipsa</strong></span> <span class='ocrx_word' id='word_1_500' title='bbox 1145 3752 1304 3806; x_wconf 90' lang='lat' dir='ltr'><strong>etiam</strong></span> <span class='ocrx_word' id='word_1_501' title='bbox 1332 3751 1500 3806; x_wconf 80' lang='lat' dir='ltr'><strong>Roma</strong></span> <span class='ocrx_word' id='word_1_502' title='bbox 1531 3752 1580 3804; x_wconf 90' lang='lat' dir='ltr'><strong>in</strong></span> <span class='ocrx_word' id='word_1_503' title='bbox 1627 3759 1810 3806; x_wconf 88' lang='lat' dir='ltr'><strong>monte</strong></span> <span class='ocrx_word' id='word_1_504' title='bbox 1857 3751 2089 3818; x_wconf 88' lang='lat' dir='ltr'><strong>Tarpeio</strong></span> <span class='ocrx_word' id='word_1_505' title='bbox 2116 3754 2200 3808; x_wconf 90' lang='lat' dir='ltr'><strong>in-</strong></span> 
     </span>
    </p>
   </div>
   <div class='ocr_carea' id='block_1_75' title="bbox 606 3820 2203 3891">
    <p class='ocr_par' dir='ltr' id='par_1_75' title="bbox 606 3820 2203 3891">
     <span class='ocr_line' id='line_1_79' title="bbox 606 3820 2203 3891; baseline 0.002 -16"><span class='ocrx_word' id='word_1_506' title='bbox 606 3822 750 3878; x_wconf 83' lang='lat' dir='ltr'><strong>venti</strong></span> <span class='ocrx_word' id='word_1_507' title='bbox 779 3820 994 3876; x_wconf 89' lang='lat' dir='ltr'><strong>fuerunt</strong></span> <span class='ocrx_word' id='word_1_508' title='bbox 1020 3823 1158 3891; x_wconf 85' lang='lat' dir='ltr'><strong>putei</strong></span> <span class='ocrx_word' id='word_1_509' title='bbox 1193 3835 1359 3890; x_wconf 90' lang='lat' dir='ltr'><strong>usque</strong></span> <span class='ocrx_word' id='word_1_510' title='bbox 1389 3823 1454 3877; x_wconf 89' lang='lat' dir='ltr'><strong>ad</strong></span> <span class='ocrx_word' id='word_1_511' title='bbox 1482 3821 1699 3890; x_wconf 86' lang='lat' dir='ltr'><strong>planum</strong></span> <span class='ocrx_word' id='word_1_512' title='bbox 1729 3821 1876 3876; x_wconf 88' lang='lat' dir='ltr'><strong>urbis</strong></span> <span class='ocrx_word' id='word_1_513' title='bbox 1905 3823 2081 3877; x_wconf 91' lang='lat' dir='ltr'><strong>solum</strong></span> <span class='ocrx_word' id='word_1_514' title='bbox 2104 3838 2203 3878; x_wconf 63' lang='lat' dir='ltr'><strong>ex-</strong></span> 
     </span>
    </p>
   </div>
   <div class='ocr_carea' id='block_1_76' title="bbox 607 3891 2204 3962">
    <p class='ocr_par' dir='ltr' id='par_1_76' title="bbox 607 3891 2204 3962">
     <span class='ocr_line' id='line_1_80' title="bbox 607 3891 2204 3962; baseline 0.001 -14"><span class='ocrx_word' id='word_1_515' title='bbox 607 3893 799 3958; x_wconf 86' lang='lat' dir='ltr'><strong>cavati,</strong></span> <span class='ocrx_word' id='word_1_516' title='bbox 830 3892 894 3946; x_wconf 91' lang='lat' dir='ltr'><strong>ad</strong></span> <span class='ocrx_word' id='word_1_517' title='bbox 918 3891 1183 3946; x_wconf 88' lang='lat' dir='ltr'><strong>sedandos</strong></span> <span class='ocrx_word' id='word_1_518' title='bbox 1204 3901 1364 3962; x_wconf 68' lang='lat' dir='ltr'><strong>terra:</strong></span> <span class='ocrx_word' id='word_1_519' title='bbox 1395 3901 1592 3956; x_wconf 89' lang='lat' dir='ltr'><strong>motus,</strong></span> <span class='ocrx_word' id='word_1_520' title='bbox 1612 3902 1667 3946; x_wconf 94' lang='lat' dir='ltr'><strong>ut</strong></span> <span class='ocrx_word' id='word_1_521' title='bbox 1698 3901 1844 3962; x_wconf 90' lang='lat' dir='ltr'><strong>putat</strong></span> <span class='ocrx_word' id='word_1_522' title='bbox 1872 3893 2204 3960; x_wconf 75' lang='lat' dir='ltr'><strong>antiquitatis</strong></span> 
     </span>
    </p>
   </div>
   <div class='ocr_carea' id='block_1_77' title="bbox 606 3961 2202 4034">
    <p class='ocr_par' dir='ltr' id='par_1_77' title="bbox 606 3961 2202 4034">
     <span class='ocr_line' id='line_1_81' title="bbox 606 3961 2202 4034; baseline 0.001 -16"><span class='ocrx_word' id='word_1_523' title='bbox 606 3964 782 4018; x_wconf 87' lang='lat' dir='ltr'><strong>omnis</strong></span> <span class='ocrx_word' id='word_1_524' title='bbox 808 3961 1454 4034; x_wconf 18' lang='lat' dir='ltr'><strong>peritissimnsiBernard.</strong></span> <span class='ocrx_word' id='word_1_525' title='bbox 1487 3962 1555 4016; x_wconf 89' lang='lat' dir='ltr'><strong>de</strong></span> <span class='ocrx_word' id='word_1_526' title='bbox 1583 3961 1923 4018; x_wconf 73' lang='lat' dir='ltr'><strong>blontl‘aucon</strong></span> <span class='ocrx_word' id='word_1_527' title='bbox 1951 4004 1966 4029; x_wconf 91' lang='lat'><strong>,</strong></span> <span class='ocrx_word' id='word_1_528' title='bbox 1995 3963 2202 4020; x_wconf 85' lang='lat' dir='ltr'><strong>descri-</strong></span> 
     </span>
    </p>
   </div>
   <div class='ocr_carea' id='block_1_78' title="bbox 609 4033 1805 4102">
    <p class='ocr_par' dir='ltr' id='par_1_78' title="bbox 609 4033 1805 4102">
     <span class='ocr_line' id='line_1_82' title="bbox 609 4033 1805 4102; baseline -0.003 -12"><span class='ocrx_word' id='word_1_529' title='bbox 609 4035 742 4091; x_wconf 87' lang='lat' dir='ltr'><strong>bens</strong></span> <span class='ocrx_word' id='word_1_530' title='bbox 766 4033 860 4090; x_wconf 82' lang='lat' dir='ltr'><strong>ens</strong></span> <span class='ocrx_word' id='word_1_531' title='bbox 883 4034 934 4088; x_wconf 88' lang='lat' dir='ltr'><strong>in</strong></span> <span class='ocrx_word' id='word_1_532' title='bbox 960 4033 1137 4088; x_wconf 84' lang='lat' dir='ltr'><strong>Diario</strong></span> <span class='ocrx_word' id='word_1_533' title='bbox 1164 4033 1349 4088; x_wconf 84' lang='lat' dir='ltr'><strong>Italico</strong></span> <span class='ocrx_word' id='word_1_534' title='bbox 1378 4051 1494 4102; x_wconf 89' lang='lat' dir='ltr'><strong>cap.</strong></span> <span class='ocrx_word' id='word_1_535' title='bbox 1528 4049 1642 4087; x_wconf 80' lang='lat' dir='ltr'><strong>xm.</strong></span> <span class='ocrx_word' id='word_1_536' title='bbox 1672 4034 1805 4090; x_wconf 61' lang='lat' dir='ltr'><strong>llav.</strong></span> 
     </span>
    </p>
   </div>
   <div class='ocr_carea' id='block_1_79' title="bbox 679 4124 2203 4198">
    <p class='ocr_par' dir='ltr' id='par_1_79' title="bbox 679 4124 2203 4198">
     <span class='ocr_line' id='line_1_83' title="bbox 679 4124 2203 4198; baseline 0.001 -18"><span class='ocrx_word' id='word_1_537' title='bbox 679 4127 756 4198; x_wconf 91' lang='lat' dir='ltr'><strong>(e)</strong></span> <span class='ocrx_word' id='word_1_538' title='bbox 777 4126 1089 4198; x_wconf 75' lang='lat' dir='ltr'><strong>Christianos</strong></span> <span class='ocrx_word' id='word_1_539' title='bbox 1114 4127 1181 4178; x_wconf 87' lang='lat' dir='ltr'><strong>ad</strong></span> <span class='ocrx_word' id='word_1_540' title='bbox 1199 4126 1412 4198; x_wconf 83' lang='lat' dir='ltr'><strong>leonem.</strong></span> <span class='ocrx_word' id='word_1_541' title='bbox 1437 4124 1705 4198; x_wconf 82' lang='lat' dir='ltr'><strong>Solemnis</strong></span> <span class='ocrx_word' id='word_1_542' title='bbox 1734 4125 1984 4191; x_wconf 86' lang='lat' dir='ltr'><strong>formula,</strong></span> <span class='ocrx_word' id='word_1_543' title='bbox 2007 4126 2075 4181; x_wconf 92' lang='lat' dir='ltr'><strong>de</strong></span> <span class='ocrx_word' id='word_1_544' title='bbox 2095 4142 2203 4196; x_wconf 87' lang='lat' dir='ltr'><strong>qua</strong></span> 
     </span>
    </p>
   </div>
   <div class='ocr_carea' id='block_1_80' title="bbox 606 4196 2202 4266">
    <p class='ocr_par' dir='ltr' id='par_1_80' title="bbox 606 4196 2202 4266">
     <span class='ocr_line' id='line_1_84' title="bbox 606 4196 2202 4266; baseline 0 -14"><span class='ocrx_word' id='word_1_545' title='bbox 606 4196 716 4266; x_wconf 84' lang='lat' dir='ltr'><strong>egit</strong></span> <span class='ocrx_word' id='word_1_546' title='bbox 757 4199 916 4252; x_wconf 88' lang='lat' dir='ltr'><strong>etiam</strong></span> <span class='ocrx_word' id='word_1_547' title='bbox 955 4196 1234 4252; x_wconf 87' lang='lat' dir='ltr'><strong>Ferrarius</strong></span> <span class='ocrx_word' id='word_1_548' title='bbox 1283 4197 1336 4251; x_wconf 93' lang='lat' dir='ltr'><strong>in</strong></span> <span class='ocrx_word' id='word_1_549' title='bbox 1397 4198 1605 4252; x_wconf 88' lang='lat' dir='ltr'><strong>erudito</strong></span> <span class='ocrx_word' id='word_1_550' title='bbox 1648 4197 1782 4250; x_wconf 89' lang='lat' dir='ltr'><strong>libro</strong></span> <span class='ocrx_word' id='word_1_551' title='bbox 1824 4198 1893 4251; x_wconf 90' lang='lat' dir='ltr'><strong>de</strong></span> <span class='ocrx_word' id='word_1_552' title='bbox 1962 4208 2202 4252; x_wconf 88' lang='lat' dir='ltr'><strong>veterum</strong></span> 
     </span>
    </p>
   </div>
   <div class='ocr_carea' id='block_1_81' title="bbox 606 4267 2205 4338">
    <p class='ocr_par' dir='ltr' id='par_1_81' title="bbox 606 4267 2205 4338">
     <span class='ocr_line' id='line_1_85' title="bbox 606 4267 2205 4338; baseline 0 -16"><span class='ocrx_word' id='word_1_553' title='bbox 606 4268 754 4324; x_wconf 83' lang='lat' dir='ltr'><strong>Accl.</strong></span> <span class='ocrx_word' id='word_1_554' title='bbox 783 4277 838 4322; x_wconf 90' lang='lat' dir='ltr'><strong>et</strong></span> <span class='ocrx_word' id='word_1_555' title='bbox 870 4268 1064 4322; x_wconf 82' lang='lat' dir='ltr'><strong>Plausu</strong></span> <span class='ocrx_word' id='word_1_556' title='bbox 1092 4267 1182 4322; x_wconf 92' lang='lat' dir='ltr'><strong>lib.</strong></span> <span class='ocrx_word' id='word_1_557' title='bbox 1217 4283 1307 4322; x_wconf 83' lang='lat' dir='ltr'><strong>vn.</strong></span> <span class='ocrx_word' id='word_1_558' title='bbox 1339 4283 1390 4322; x_wconf 91' lang='lat' dir='ltr'><strong>c.</strong></span> <span class='ocrx_word' id='word_1_559' title='bbox 1423 4270 1510 4328; x_wconf 88' lang='grc'><strong>18.</strong></span> <span class='ocrx_word' id='word_1_560' title='bbox 1543 4268 1610 4323; x_wconf 85' lang='grc' dir='ltr'><strong>Ει</strong></span> <span class='ocrx_word' id='word_1_561' title='bbox 1639 4267 1861 4338; x_wconf 85' lang='lat' dir='ltr'><strong>quidem</strong></span> <span class='ocrx_word' id='word_1_562' title='bbox 1882 4267 1989 4322; x_wconf 91' lang='lat' dir='ltr'><strong>duo</strong></span> <span class='ocrx_word' id='word_1_563' title='bbox 2021 4269 2072 4322; x_wconf 91' lang='lat' dir='ltr'><strong>in</strong></span> <span class='ocrx_word' id='word_1_564' title='bbox 2104 4268 2205 4325; x_wconf 89' lang='lat' dir='ltr'><strong>hac</strong></span> 
     </span>
    </p>
   </div>
   <div class='ocr_carea' id='block_1_82' title="bbox 607 4337 2201 4412">
    <p class='ocr_par' dir='ltr' id='par_1_82' title="bbox 607 4337 2201 4412">
     <span class='ocr_line' id='line_1_86' title="bbox 607 4337 2201 4412; baseline 0.001 -21"><span class='ocrx_word' id='word_1_565' title='bbox 607 4338 945 4412; x_wconf 81' lang='lat' dir='ltr'><strong>immanitate</strong></span> <span class='ocrx_word' id='word_1_566' title='bbox 973 4338 1257 4412; x_wconf 13' lang='lat' dir='ltr'><strong>observari,</strong></span> <span class='ocrx_word' id='word_1_567' title='bbox 1298 4350 1521 4412; x_wconf 82' lang='lat' dir='ltr'><strong>possunt</strong></span> <span class='ocrx_word' id='word_1_568' title='bbox 1551 4379 1566 4402; x_wconf 95' lang='lat'><strong>,</strong></span> <span class='ocrx_word' id='word_1_569' title='bbox 1598 4337 1680 4393; x_wconf 88' lang='lat' dir='ltr'><strong>vel</strong></span> <span class='ocrx_word' id='word_1_570' title='bbox 1710 4337 1869 4412; x_wconf 86' lang='lat' dir='ltr'><strong>quod</strong></span> <span class='ocrx_word' id='word_1_571' title='bbox 1910 4339 1976 4392; x_wconf 88' lang='lat' dir='ltr'><strong>ad</strong></span> <span class='ocrx_word' id='word_1_572' title='bbox 2023 4339 2201 4412; x_wconf 90' lang='lat' dir='ltr'><strong>palum</strong></span> 
     </span>
    </p>
   </div>
   <div class='ocr_carea' id='block_1_83' title="bbox 606 4409 2204 4480">
    <p class='ocr_par' dir='ltr' id='par_1_83' title="bbox 606 4409 2204 4480">
     <span class='ocr_line' id='line_1_87' title="bbox 606 4409 2204 4480; baseline 0.001 -17"><span class='ocrx_word' id='word_1_573' title='bbox 606 4410 802 4480; x_wconf 87' lang='lat' dir='ltr'><strong>alligati</strong></span> <span class='ocrx_word' id='word_1_574' title='bbox 857 4409 1044 4466; x_wconf 89' lang='lat' dir='ltr'><strong>bestiis</strong></span> <span class='ocrx_word' id='word_1_575' title='bbox 1094 4409 1148 4463; x_wconf 93' lang='lat' dir='ltr'><strong>in</strong></span> <span class='ocrx_word' id='word_1_576' title='bbox 1191 4411 1507 4466; x_wconf 75' lang='lat' dir='ltr'><strong>miserrimre</strong></span> <span class='ocrx_word' id='word_1_577' title='bbox 1563 4411 1751 4464; x_wconf 91' lang='lat' dir='ltr'><strong>mortis</strong></span> <span class='ocrx_word' id='word_1_578' title='bbox 1787 4409 2204 4479; x_wconf 65' lang='lat' dir='ltr'><strong>&#39;eXSpectatione</strong></span> 
     </span>
    </p>
   </div>
   <div class='ocr_carea' id='block_1_84' title="bbox 605 4480 2205 4551">
    <p class='ocr_par' dir='ltr' id='par_1_84' title="bbox 605 4480 2205 4551">
     <span class='ocr_line' id='line_1_88' title="bbox 605 4480 2205 4551; baseline 0.001 -19"><span class='ocrx_word' id='word_1_579' title='bbox 605 4480 1003 4549; x_wconf 84' lang='lat' dir='ltr'><strong>obiicerentur,</strong></span> <span class='ocrx_word' id='word_1_580' title='bbox 1035 4489 1190 4549; x_wconf 91' lang='lat' dir='ltr'><strong>prout</strong></span> <span class='ocrx_word' id='word_1_581' title='bbox 1215 4483 1479 4550; x_wconf 80' lang='lat' dir='ltr'><strong>exetnplis</strong></span> <span class='ocrx_word' id='word_1_582' title='bbox 1518 4491 1570 4535; x_wconf 89' lang='lat' dir='ltr'><strong>et</strong></span> <span class='ocrx_word' id='word_1_583' title='bbox 1609 4484 1763 4536; x_wconf 89' lang='lat' dir='ltr'><strong>icone</strong></span> <span class='ocrx_word' id='word_1_584' title='bbox 1807 4481 2043 4536; x_wconf 88' lang='lat' dir='ltr'><strong>ostendit</strong></span> <span class='ocrx_word' id='word_1_585' title='bbox 2079 4480 2205 4551; x_wconf 82' lang='lat' dir='ltr'><strong>Lip-</strong></span> 
     </span>
    </p>
   </div>
   <div class='ocr_carea' id='block_1_85' title="bbox 608 4551 2204 4622">
    <p class='ocr_par' dir='ltr' id='par_1_85' title="bbox 608 4551 2204 4622">
     <span class='ocr_line' id='line_1_89' title="bbox 608 4551 2204 4622; baseline 0.002 -18"><span class='ocrx_word' id='word_1_586' title='bbox 608 4553 721 4607; x_wconf 89' lang='lat' dir='ltr'><strong>sius</strong></span> <span class='ocrx_word' id='word_1_587' title='bbox 749 4552 816 4607; x_wconf 90' lang='lat' dir='ltr'><strong>de</strong></span> <span class='ocrx_word' id='word_1_588' title='bbox 842 4552 1012 4608; x_wconf 91' lang='lat' dir='ltr'><strong>Cruce</strong></span> <span class='ocrx_word' id='word_1_589' title='bbox 1053 4551 1144 4605; x_wconf 89' lang='lat' dir='ltr'><strong>lib.</strong></span> <span class='ocrx_word' id='word_1_590' title='bbox 1166 4567 1255 4622; x_wconf 10' lang='lat' dir='ltr'><strong>rlll.</strong></span> <span class='ocrx_word' id='word_1_591' title='bbox 1288 4567 1339 4607; x_wconf 95' lang='lat' dir='ltr'><strong>c.</strong></span> <span class='ocrx_word' id='word_1_592' title='bbox 1372 4553 1564 4608; x_wconf 88' lang='lat' dir='ltr'><strong>undec.</strong></span> <span class='ocrx_word' id='word_1_593' title='bbox 1619 4552 1814 4622; x_wconf 85' lang='lat' dir='ltr'><strong>quibus</strong></span> <span class='ocrx_word' id='word_1_594' title='bbox 1841 4551 1982 4605; x_wconf 87' lang='lat' dir='ltr'><strong>addo</strong></span> <span class='ocrx_word' id='word_1_595' title='bbox 2028 4551 2204 4607; x_wconf 90' lang='lat' dir='ltr'><strong>locum</strong></span> 
     </span>
    </p>
   </div>
   <div class='ocr_carea' id='block_1_86' title="bbox 607 4621 2204 4692">
    <p class='ocr_par' dir='ltr' id='par_1_86' title="bbox 607 4621 2204 4692">
     <span class='ocr_line' id='line_1_90' title="bbox 607 4621 2204 4692; baseline 0.001 -15"><span class='ocrx_word' id='word_1_596' title='bbox 607 4622 931 4680; x_wconf 89' lang='lat' dir='ltr'><strong>Theodoreti</strong></span> <span class='ocrx_word' id='word_1_597' title='bbox 956 4623 1046 4679; x_wconf 77' lang='lat' dir='ltr'><strong>Gl‘.</strong></span> <span class='ocrx_word' id='word_1_598' title='bbox 1087 4621 1186 4676; x_wconf 78' lang='grc' dir='ltr'><strong>ΑΠ’.</strong></span> <span class='ocrx_word' id='word_1_599' title='bbox 1217 4623 1338 4676; x_wconf 79' lang='lat' dir='ltr'><strong>Cttl.</strong></span> <span class='ocrx_word' id='word_1_600' title='bbox 1368 4638 1416 4678; x_wconf 90' lang='lat' dir='ltr'><strong>C.</strong></span> <span class='ocrx_word' id='word_1_601' title='bbox 1451 4639 1561 4678; x_wconf 80' lang='lat' dir='ltr'><strong>Vlll.</strong></span> <span class='ocrx_word' id='word_1_602' title='bbox 1590 4621 1647 4692; x_wconf 73' lang='grc' dir='ltr'><strong>ι).</strong></span> <span class='ocrx_word' id='word_1_603' title='bbox 1667 4621 1786 4676; x_wconf 67' lang='grc'><strong>112.</strong></span> <span class='ocrx_word' id='word_1_604' title='bbox 1813 4625 1896 4675; x_wconf 67' lang='grc' dir='ltr'><strong>καὶ</strong></span> <span class='ocrx_word' id='word_1_605' title='bbox 1917 4632 2003 4691; x_wconf 74' lang='grc' dir='ltr'><strong>μέν</strong></span> <span class='ocrx_word' id='word_1_606' title='bbox 2021 4647 2097 4677; x_wconf 83' lang='grc' dir='ltr'><strong>τοι</strong></span> <span class='ocrx_word' id='word_1_607' title='bbox 2120 4627 2204 4678; x_wconf 63' lang='grc' dir='ltr'><strong>καὶ</strong></span> 
     </span>
    </p>
   </div>
   <div class='ocr_carea' id='block_1_87' title="bbox 606 4697 2200 4766">
    <p class='ocr_par' dir='ltr' id='par_1_87' title="bbox 606 4697 2200 4766">
     <span class='ocr_line' id='line_1_91' title="bbox 606 4697 2200 4766; baseline -0.002 -17"><span class='ocrx_word' id='word_1_608' title='bbox 606 4701 950 4766; x_wconf 53' lang='lat' dir='ltr'><strong>ﬂammeo-Aut,</strong></span> <span class='ocrx_word' id='word_1_609' title='bbox 972 4698 1054 4747; x_wconf 68' lang='lat' dir='ltr'><strong>uti</strong></span> <span class='ocrx_word' id='word_1_610' title='bbox 1068 4702 1113 4747; x_wconf 71' lang='grc' dir='ltr'><strong>ος</strong></span> <span class='ocrx_word' id='word_1_611' title='bbox 1128 4717 1210 4763; x_wconf 67' lang='grc' dir='ltr'><strong>ραις</strong></span> <span class='ocrx_word' id='word_1_612' title='bbox 1238 4697 1420 4766; x_wconf 79' lang='grc' dir='ltr'><strong>ἀνρίους</strong></span> <span class='ocrx_word' id='word_1_613' title='bbox 1441 4699 1550 4749; x_wconf 61' lang='lat' dir='ltr'><strong>iacis</strong></span> <span class='ocrx_word' id='word_1_614' title='bbox 1573 4701 1870 4766; x_wconf 68' lang='grc' dir='ltr'><strong>θοινωμένους</strong></span> <span class='ocrx_word' id='word_1_615' title='bbox 1892 4700 1958 4748; x_wconf 70' lang='grc' dir='ltr'><strong>τὰ.</strong></span> <span class='ocrx_word' id='word_1_616' title='bbox 1977 4703 2200 4763; x_wconf 64' lang='grc' dir='ltr'><strong>σώμασι,</strong></span> 
     </span>
    </p>
   </div>
   <div class='ocr_carea' id='block_1_88' title="bbox 607 4764 2204 4845">
    <p class='ocr_par' dir='ltr' id='par_1_88' title="bbox 607 4764 2204 4845">
     <span class='ocr_line' id='line_1_92' title="bbox 607 4764 2204 4845; baseline 0.001 -27"><span class='ocrx_word' id='word_1_617' title='bbox 607 4764 755 4820; x_wconf 88' lang='lat' dir='ltr'><strong>idest</strong></span> <span class='ocrx_word' id='word_1_618' title='bbox 773 4765 916 4845; x_wconf 77' lang='lat' dir='ltr'><strong>Palis</strong></span> <span class='ocrx_word' id='word_1_619' title='bbox 940 4765 1100 4845; x_wconf 68' lang='lat' dir='ltr'><strong>inﬁxa</strong></span> <span class='ocrx_word' id='word_1_620' title='bbox 1119 4764 1483 4845; x_wconf 68' lang='lat' dir='ltr'><strong>constiterit,th</strong></span> <span class='ocrx_word' id='word_1_621' title='bbox 1500 4764 1800 4845; x_wconf 74' lang='lat' dir='ltr'><strong>immanibus</strong></span> <span class='ocrx_word' id='word_1_622' title='bbox 1814 4781 1868 4845; x_wconf 74' lang='lat' dir='ltr'><strong>se</strong></span> <span class='ocrx_word' id='word_1_623' title='bbox 1878 4765 2000 4845; x_wconf 37' lang='lat' dir='ltr'><strong>[etiis</strong></span> <span class='ocrx_word' id='word_1_624' title='bbox 2015 4766 2204 4845; x_wconf 72' lang='lat' dir='ltr'><strong>laniari</strong></span> 
     </span>
    </p>
   </div>
   <div class='ocr_carea' id='block_1_89' title="bbox 606 4835 2203 4905">
    <p class='ocr_par' dir='ltr' id='par_1_89' title="bbox 606 4835 2203 4905">
     <span class='ocr_line' id='line_1_93' title="bbox 606 4835 2203 4905; baseline 0.002 -17"><span class='ocrx_word' id='word_1_625' title='bbox 606 4837 940 4905; x_wconf 72' lang='lat' dir='ltr'><strong>conspexerit.</strong></span> <span class='ocrx_word' id='word_1_626' title='bbox 973 4835 1154 4892; x_wconf 83' lang='lat' dir='ltr'><strong>Potest</strong></span> <span class='ocrx_word' id='word_1_627' title='bbox 1185 4849 1361 4891; x_wconf 84' lang='lat' dir='ltr'><strong>tamen</strong></span> <span class='ocrx_word' id='word_1_628' title='bbox 1398 4837 1468 4892; x_wconf 89' lang='lat' dir='ltr'><strong>ibi</strong></span> <span class='ocrx_word' id='word_1_629' title='bbox 1497 4837 1687 4891; x_wconf 90' lang='lat' dir='ltr'><strong>melius</strong></span> <span class='ocrx_word' id='word_1_630' title='bbox 1719 4835 1965 4904; x_wconf 75' lang='lat' dir='ltr'><strong>supplicii</strong></span> <span class='ocrx_word' id='word_1_631' title='bbox 2003 4835 2203 4905; x_wconf 83' lang='lat' dir='ltr'><strong>duplex</strong></span> 
     </span>
    </p>
   </div>
   <div class='ocr_carea' id='block_1_90' title="bbox 605 4905 2201 4977">
    <p class='ocr_par' dir='ltr' id='par_1_90' title="bbox 605 4905 2201 4977">
     <span class='ocr_line' id='line_1_94' title="bbox 605 4905 2201 4977; baseline 0.001 -17"><span class='ocrx_word' id='word_1_632' title='bbox 605 4907 796 4962; x_wconf 83' lang='lat' dir='ltr'><strong>modus</strong></span> <span class='ocrx_word' id='word_1_633' title='bbox 812 4907 1052 4970; x_wconf 88' lang='lat' dir='ltr'><strong>indicari,</strong></span> <span class='ocrx_word' id='word_1_634' title='bbox 1073 4907 1138 4961; x_wconf 88' lang='lat' dir='ltr'><strong>de</strong></span> <span class='ocrx_word' id='word_1_635' title='bbox 1163 4924 1267 4977; x_wconf 89' lang='lat' dir='ltr'><strong>quo</strong></span> <span class='ocrx_word' id='word_1_636' title='bbox 1284 4923 1443 4976; x_wconf 85' lang='lat' dir='ltr'><strong>supra</strong></span> <span class='ocrx_word' id='word_1_637' title='bbox 1468 4923 1520 4970; x_wconf 86' lang='lat' dir='ltr'><strong>c,</strong></span> <span class='ocrx_word' id='word_1_638' title='bbox 1553 4923 1644 4962; x_wconf 71' lang='grc' dir='ltr'><strong>χιι.</strong></span> <span class='ocrx_word' id='word_1_639' title='bbox 1679 4906 1744 4960; x_wconf 91' lang='lat' dir='ltr'><strong>ad</strong></span> <span class='ocrx_word' id='word_1_640' title='bbox 1765 4905 2019 4977; x_wconf 82' lang='lat' dir='ltr'><strong>stipitibus</strong></span> <span class='ocrx_word' id='word_1_641' title='bbox 2035 4907 2201 4974; x_wconf 85' lang='lat' dir='ltr'><strong>impo-</strong></span> 
     </span>
    </p>
   </div>
   <div class='ocr_carea' id='block_1_91' title="bbox 607 4976 2200 5045">
    <p class='ocr_par' dir='ltr' id='par_1_91' title="bbox 607 4976 2200 5045">
     <span class='ocr_line' id='line_1_95' title="bbox 607 4976 2200 5045; baseline 0.002 -16"><span class='ocrx_word' id='word_1_642' title='bbox 607 4977 727 5031; x_wconf 88' lang='lat' dir='ltr'><strong>nitis</strong></span> <span class='ocrx_word' id='word_1_643' title='bbox 767 4979 1086 5032; x_wconf 81' lang='lat' dir='ltr'><strong>christianos.</strong></span> <span class='ocrx_word' id='word_1_644' title='bbox 1141 4976 1230 5032; x_wconf 71' lang='lat' dir='ltr'><strong>Vel</strong></span> <span class='ocrx_word' id='word_1_645' title='bbox 1259 4978 1400 5045; x_wconf 87' lang='lat' dir='ltr'><strong>quod</strong></span> <span class='ocrx_word' id='word_1_646' title='bbox 1427 4979 1812 5032; x_wconf 88' lang='lat' dir='ltr'><strong>damnarentur</strong></span> <span class='ocrx_word' id='word_1_647' title='bbox 1846 4976 1912 5032; x_wconf 89' lang='lat' dir='ltr'><strong>ad</strong></span> <span class='ocrx_word' id='word_1_648' title='bbox 1961 4977 2158 5032; x_wconf 87' lang='lat' dir='ltr'><strong>bestias</strong></span> <span class='ocrx_word' id='word_1_649' title='bbox 2182 5019 2200 5044; x_wconf 92' lang='lat'><strong>,</strong></span> 
     </span>
    </p>
   </div>
   <div class='ocr_carea' id='block_1_92' title="bbox 608 5048 2202 5118">
    <p class='ocr_par' dir='ltr' id='par_1_92' title="bbox 608 5048 2202 5118">
     <span class='ocr_line' id='line_1_96' title="bbox 608 5048 2202 5118; baseline 0.004 -19"><span class='ocrx_word' id='word_1_650' title='bbox 608 5057 665 5118; x_wconf 83' lang='lat' dir='ltr'><strong>ut</strong></span> <span class='ocrx_word' id='word_1_651' title='bbox 693 5063 812 5103; x_wconf 89' lang='lat' dir='ltr'><strong>cum</strong></span> <span class='ocrx_word' id='word_1_652' title='bbox 847 5049 950 5104; x_wconf 88' lang='lat' dir='ltr'><strong>illis</strong></span> <span class='ocrx_word' id='word_1_653' title='bbox 977 5048 1364 5118; x_wconf 82' lang='lat' dir='ltr'><strong>depugnarent.</strong></span> <span class='ocrx_word' id='word_1_654' title='bbox 1405 5049 1494 5104; x_wconf 89' lang='lat' dir='ltr'><strong>Sic</strong></span> <span class='ocrx_word' id='word_1_655' title='bbox 1531 5048 1749 5104; x_wconf 88' lang='lat' dir='ltr'><strong>Glabrio</strong></span> <span class='ocrx_word' id='word_1_656' title='bbox 1787 5048 2202 5118; x_wconf 10' lang='lat' dir='ltr'><strong>viriconsularis</strong></span> 
     </span>
    </p>
   </div>
   <div class='ocr_carea' id='block_1_93' title="bbox 606 5117 2195 5188">
    <p class='ocr_par' dir='ltr' id='par_1_93' title="bbox 606 5117 2195 5188">
     <span class='ocr_line' id='line_1_97' title="bbox 606 5117 2195 5188; baseline 0.003 -17"><span class='ocrx_word' id='word_1_657' title='bbox 606 5117 749 5174; x_wconf 92' lang='lat' dir='ltr'><strong>leoni</strong></span> <span class='ocrx_word' id='word_1_658' title='bbox 781 5119 1023 5188; x_wconf 74' lang='lat' dir='ltr'><strong>obiectus</strong></span> <span class='ocrx_word' id='word_1_659' title='bbox 1046 5117 1076 5172; x_wconf 72' lang='grc' dir='ltr'><strong>ἐι</strong></span> <span class='ocrx_word' id='word_1_660' title='bbox 1107 5117 1409 5175; x_wconf 88' lang='lat' dir='ltr'><strong>Domitiano</strong></span> <span class='ocrx_word' id='word_1_661' title='bbox 1435 5121 1604 5188; x_wconf 80' lang='lat' dir='ltr'><strong>victor</strong></span> <span class='ocrx_word' id='word_1_662' title='bbox 1633 5118 1822 5174; x_wconf 87' lang='lat' dir='ltr'><strong>evasit.</strong></span> <span class='ocrx_word' id='word_1_663' title='bbox 1856 5117 2195 5188; x_wconf 80' lang='lat' dir='ltr'><strong>Xiphilinus:</strong></span> 
     </span>
    </p>
   </div>
   <div class='ocr_carea' id='block_1_94' title="bbox 603 5185 2203 5254">
    <p class='ocr_par' dir='ltr' id='par_1_94' title="bbox 603 5185 2203 5254">
     <span class='ocr_line' id='line_1_98' title="bbox 603 5185 2203 5254; baseline 0 -9"><span class='ocrx_word' id='word_1_664' title='bbox 603 5197 682 5245; x_wconf 76' lang='grc' dir='ltr'><strong>ὅτι</strong></span> <span class='ocrx_word' id='word_1_665' title='bbox 714 5185 1010 5246; x_wconf 62' lang='lat' dir='ltr'><strong>interibit-na.</strong></span> <span class='ocrx_word' id='word_1_666' title='bbox 1033 5201 1178 5245; x_wconf 73' lang='grc' dir='ltr'><strong>αυτὸν</strong></span> <span class='ocrx_word' id='word_1_667' title='bbox 1204 5214 1270 5252; x_wconf 76' lang='grc' dir='ltr'><strong>εις</strong></span> <span class='ocrx_word' id='word_1_668' title='bbox 1305 5203 1386 5246; x_wconf 73' lang='grc' dir='ltr'><strong>τὸν</strong></span> <span class='ocrx_word' id='word_1_669' title='bbox 1419 5185 1650 5254; x_wconf 53' lang='lat' dir='ltr'><strong>nemo»,</strong></span> <span class='ocrx_word' id='word_1_670' title='bbox 1682 5199 1788 5244; x_wconf 91' lang='lat' dir='ltr'><strong>etc.</strong></span> <span class='ocrx_word' id='word_1_671' title='bbox 1821 5189 1872 5244; x_wconf 79' lang='lat' dir='ltr'><strong>id</strong></span> <span class='ocrx_word' id='word_1_672' title='bbox 1901 5185 1984 5243; x_wconf 45' lang='lat' dir='ltr'><strong>(is!</strong></span> <span class='ocrx_word' id='word_1_673' title='bbox 2014 5207 2027 5242; x_wconf 87' lang='lat'><strong>:</strong></span> <span class='ocrx_word' id='word_1_674' title='bbox 2064 5187 2203 5245; x_wconf 86' lang='lat' dir='ltr'><strong>Nam</strong></span> 
     </span>
    </p>
   </div>
   <div class='ocr_carea' id='block_1_95' title="bbox 603 5259 2200 5332">
    <p class='ocr_par' dir='ltr' id='par_1_95' title="bbox 603 5259 2200 5332">
     <span class='ocr_line' id='line_1_99' title="bbox 603 5259 2200 5332; baseline 0.001 -18"><span class='ocrx_word' id='word_1_675' title='bbox 603 5278 760 5332; x_wconf 83' lang='lat' dir='ltr'><strong>guunt</strong></span> <span class='ocrx_word' id='word_1_676' title='bbox 787 5278 902 5315; x_wconf 89' lang='lat' dir='ltr'><strong>eum</strong></span> <span class='ocrx_word' id='word_1_677' title='bbox 931 5262 1197 5317; x_wconf 88' lang='lat' dir='ltr'><strong>Consulem</strong></span> <span class='ocrx_word' id='word_1_678' title='bbox 1220 5263 1270 5315; x_wconf 90' lang='lat' dir='ltr'><strong>in</strong></span> <span class='ocrx_word' id='word_1_679' title='bbox 1295 5263 1546 5317; x_wconf 82' lang='lat' dir='ltr'><strong>Albanum</strong></span> <span class='ocrx_word' id='word_1_680' title='bbox 1567 5271 1788 5314; x_wconf 83' lang='lat' dir='ltr'><strong>uocasset</strong></span> <span class='ocrx_word' id='word_1_681' title='bbox 1817 5259 1885 5313; x_wconf 88' lang='lat' dir='ltr'><strong>ad</strong></span> <span class='ocrx_word' id='word_1_682' title='bbox 1882 5260 2165 5332; x_wconf 73' lang='lat' dir='ltr'><strong>juvenalia</strong></span> <span class='ocrx_word' id='word_1_683' title='bbox 2185 5304 2200 5326; x_wconf 90' lang='lat'><strong>,</strong></span> 
     </span>
    </p>
   </div>
   <div class='ocr_carea' id='block_1_96' title="bbox 603 5331 2202 5403">
    <p class='ocr_par' dir='ltr' id='par_1_96' title="bbox 603 5331 2202 5403">
     <span class='ocr_line' id='line_1_100' title="bbox 603 5331 2202 5403; baseline 0.001 -19"><span class='ocrx_word' id='word_1_684' title='bbox 603 5331 942 5402; x_wconf 73' lang='lat' dir='ltr'><strong>coegissetque</strong></span> <span class='ocrx_word' id='word_1_685' title='bbox 965 5333 1236 5386; x_wconf 89' lang='lat' dir='ltr'><strong>imntanem</strong></span> <span class='ocrx_word' id='word_1_686' title='bbox 1281 5335 1476 5388; x_wconf 84' lang='lat' dir='ltr'><strong>leonem</strong></span> <span class='ocrx_word' id='word_1_687' title='bbox 1505 5348 1796 5403; x_wconf 64' lang='lat' dir='ltr'><strong>expugnare</strong></span> <span class='ocrx_word' id='word_1_688' title='bbox 1818 5373 1834 5397; x_wconf 94' lang='lat'><strong>,</strong></span> <span class='ocrx_word' id='word_1_689' title='bbox 1868 5331 2077 5385; x_wconf 84' lang='lat' dir='ltr'><strong>Glabrio</strong></span> <span class='ocrx_word' id='word_1_690' title='bbox 2100 5348 2202 5386; x_wconf 88' lang='lat' dir='ltr'><strong>non</strong></span> 
     </span>
    </p>
   </div>
   <div class='ocr_carea' id='block_1_97' title="bbox 507 5403 2204 5474">
    <p class='ocr_par' dir='ltr' id='par_1_97' title="bbox 507 5403 2204 5474">
     <span class='ocr_line' id='line_1_101' title="bbox 507 5403 2204 5474; baseline 0.001 -18"><span class='ocrx_word' id='word_1_691' title='bbox 507 5426 522 5436; x_wconf 58' lang='grc' dir='ltr'>κ</span> <span class='ocrx_word' id='word_1_692' title='bbox 604 5405 771 5457; x_wconf 90' lang='lat' dir='ltr'><strong>solum</strong></span> <span class='ocrx_word' id='word_1_693' title='bbox 802 5420 832 5456; x_wconf 87' lang='lat' dir='ltr'><strong>a</strong></span> <span class='ocrx_word' id='word_1_694' title='bbox 861 5403 1005 5459; x_wconf 85' lang='lat' dir='ltr'><strong>leone</strong></span> <span class='ocrx_word' id='word_1_695' title='bbox 1032 5404 1181 5474; x_wconf 75' lang='lat' dir='ltr'><strong>Imus</strong></span> <span class='ocrx_word' id='word_1_696' title='bbox 1211 5421 1312 5458; x_wconf 86' lang='lat' dir='ltr'><strong>non</strong></span> <span class='ocrx_word' id='word_1_697' title='bbox 1357 5413 1431 5458; x_wconf 89' lang='lat' dir='ltr'><strong>est</strong></span> <span class='ocrx_word' id='word_1_698' title='bbox 1454 5445 1468 5468; x_wconf 93' lang='lat'><strong>,</strong></span> <span class='ocrx_word' id='word_1_699' title='bbox 1494 5403 1608 5474; x_wconf 76' lang='lat' dir='ltr'><strong>sed</strong></span> <span class='ocrx_word' id='word_1_700' title='bbox 1650 5403 1822 5474; x_wconf 78' lang='lat' dir='ltr'><strong>etiam°</strong></span> <span class='ocrx_word' id='word_1_701' title='bbox 1846 5417 1959 5455; x_wconf 87' lang='lat' dir='ltr'><strong>eum</strong></span> <span class='ocrx_word' id='word_1_702' title='bbox 1999 5405 2204 5474; x_wconf 77' lang='lat' dir='ltr'><strong>egregie</strong></span> 
     </span>
    </p>
   </div>
   <div class='ocr_carea' id='block_1_98' title="bbox 601 5471 2204 5551">
    <p class='ocr_par' dir='ltr' id='par_1_98' title="bbox 601 5471 2204 5551">
     <span class='ocr_line' id='line_1_102' title="bbox 601 5471 2204 5551; baseline 0.002 -25"><span class='ocrx_word' id='word_1_703' title='bbox 601 5475 1039 5551; x_wconf 29' lang='lat' dir='ltr'><strong>confecithquctn</strong></span> <span class='ocrx_word' id='word_1_704' title='bbox 1087 5473 1436 5551; x_wconf 73' lang='lat' dir='ltr'><strong>christianum</strong></span> <span class='ocrx_word' id='word_1_705' title='bbox 1481 5473 1646 5551; x_wconf 79' lang='lat' dir='ltr'><strong>fuisse</strong></span> <span class='ocrx_word' id='word_1_706' title='bbox 1685 5473 1882 5551; x_wconf 74' lang='lat' dir='ltr'><strong>ibidem</strong></span> <span class='ocrx_word' id='word_1_707' title='bbox 1926 5471 2204 5551; x_wconf 45' lang='lat' dir='ltr'><strong>indicatet</strong></span> 
     </span>
    </p>
   </div>
   <div class='ocr_carea' id='block_1_99' title="bbox 603 5542 2194 5615">
    <p class='ocr_par' dir='ltr' id='par_1_99' title="bbox 603 5542 2194 5615">
     <span class='ocr_line' id='line_1_103' title="bbox 603 5542 2194 5615; baseline -0.001 -18"><span class='ocrx_word' id='word_1_708' title='bbox 603 5542 710 5599; x_wconf 84' lang='lat' dir='ltr'><strong>nos</strong></span> <span class='ocrx_word' id='word_1_709' title='bbox 729 5561 793 5600; x_wconf 81' lang='lat' dir='ltr'><strong>ex</strong></span> <span class='ocrx_word' id='word_1_710' title='bbox 823 5542 911 5600; x_wconf 81' lang='lat' dir='ltr'><strong>illo</strong></span> <span class='ocrx_word' id='word_1_711' title='bbox 938 5547 1097 5600; x_wconf 92' lang='lat' dir='ltr'><strong>etiam</strong></span> <span class='ocrx_word' id='word_1_712' title='bbox 1129 5542 1418 5602; x_wconf 74' lang='lat' dir='ltr'><strong>docuimus</strong></span> <span class='ocrx_word' id='word_1_713' title='bbox 1435 5560 1552 5614; x_wconf 79' lang='lat' dir='ltr'><strong>cap.</strong></span> <span class='ocrx_word' id='word_1_714' title='bbox 1586 5547 1638 5600; x_wconf 93' lang='grc'><strong>1.</strong></span> <span class='ocrx_word' id='word_1_715' title='bbox 1666 5544 1732 5599; x_wconf 86' lang='lat' dir='ltr'><strong>ad</strong></span> <span class='ocrx_word' id='word_1_716' title='bbox 1765 5543 1852 5598; x_wconf 90' lang='lat' dir='ltr'><strong>illa</strong></span> <span class='ocrx_word' id='word_1_717' title='bbox 1891 5544 2043 5598; x_wconf 89' lang='lat' dir='ltr'><strong>etiam</strong></span> <span class='ocrx_word' id='word_1_718' title='bbox 2082 5542 2194 5615; x_wconf 84' lang='lat' dir='ltr'><strong>dig-</strong></span> 
     </span>
    </p>
   </div>
   <div class='ocr_carea' id='block_1_100' title="bbox 600 5615 1736 5688">
    <p class='ocr_par' dir='ltr' id='par_1_100' title="bbox 600 5615 1736 5688">
     <span class='ocr_line' id='line_1_104' title="bbox 600 5615 1736 5688; baseline 0.002 -20"><span class='ocrx_word' id='word_1_719' title='bbox 600 5617 808 5688; x_wconf 84' lang='lat' dir='ltr'><strong>nitatem</strong></span> <span class='ocrx_word' id='word_1_720' title='bbox 835 5617 902 5669; x_wconf 88' lang='lat' dir='ltr'><strong>ad</strong></span> <span class='ocrx_word' id='word_1_721' title='bbox 929 5618 1022 5688; x_wconf 77' lang='lat' dir='ltr'><strong>hoc</strong></span> <span class='ocrx_word' id='word_1_722' title='bbox 1052 5633 1233 5670; x_wconf 85' lang='lat' dir='ltr'><strong>nomen</strong></span> <span class='ocrx_word' id='word_1_723' title='bbox 1263 5617 1569 5688; x_wconf 83' lang='lat' dir='ltr'><strong>transgredi.</strong></span> <span class='ocrx_word' id='word_1_724' title='bbox 1603 5615 1736 5670; x_wconf 69' lang='lat' dir='ltr'><strong>llsv.</strong></span> 
     </span>
    </p>
   </div>
   <div class='ocr_carea' id='block_1_101' title="bbox 674 5685 2195 5756">
    <p class='ocr_par' dir='ltr' id='par_1_101' title="bbox 674 5685 2195 5756">
     <span class='ocr_line' id='line_1_105' title="bbox 674 5685 2195 5756; baseline 0.003 -18"><span class='ocrx_word' id='word_1_725' title='bbox 674 5687 738 5756; x_wconf 85' lang='lat' dir='ltr'><strong>(l)</strong></span> <span class='ocrx_word' id='word_1_726' title='bbox 769 5687 897 5740; x_wconf 84' lang='lat' dir='ltr'><strong>Ante</strong></span> <span class='ocrx_word' id='word_1_727' title='bbox 921 5685 1107 5741; x_wconf 83' lang='lat' dir='ltr'><strong>Christi</strong></span> <span class='ocrx_word' id='word_1_728' title='bbox 1133 5685 1426 5744; x_wconf 66' lang='lat' dir='ltr'><strong>adventum.</strong></span> <span class='ocrx_word' id='word_1_729' title='bbox 1472 5687 1674 5742; x_wconf 88' lang='lat' dir='ltr'><strong>Similis</strong></span> <span class='ocrx_word' id='word_1_730' title='bbox 1703 5688 1879 5752; x_wconf 77' lang='lat' dir='ltr'><strong>itaque</strong></span> <span class='ocrx_word' id='word_1_731' title='bbox 1921 5687 2018 5740; x_wconf 86' lang='lat' dir='ltr'><strong>fuit</strong></span> <span class='ocrx_word' id='word_1_732' title='bbox 2061 5702 2195 5755; x_wconf 87' lang='lat' dir='ltr'><strong>qne-</strong></span> 
     </span>
    </p>
   </div>
   <div class='ocr_carea' id='block_1_102' title="bbox 600 5757 2190 5823">
    <p class='ocr_par' dir='ltr' id='par_1_102' title="bbox 600 5757 2190 5823">
     <span class='ocr_line' id='line_1_106' title="bbox 600 5757 2190 5823; baseline 0.004 -17"><span class='ocrx_word' id='word_1_733' title='bbox 600 5758 708 5808; x_wconf 89' lang='lat' dir='ltr'><strong>rcla</strong></span> <span class='ocrx_word' id='word_1_734' title='bbox 757 5759 1032 5823; x_wconf 76' lang='lat' dir='ltr'><strong>gentilium</strong></span> <span class='ocrx_word' id='word_1_735' title='bbox 1075 5758 1246 5823; x_wconf 85' lang='lat' dir='ltr'><strong>qualis</strong></span> <span class='ocrx_word' id='word_1_736' title='bbox 1295 5760 1420 5812; x_wconf 91' lang='lat' dir='ltr'><strong>olim</strong></span> <span class='ocrx_word' id='word_1_737' title='bbox 1450 5758 1755 5812; x_wconf 69' lang='lat' dir='ltr'><strong>.ludmoruut</strong></span> <span class='ocrx_word' id='word_1_738' title='bbox 1785 5757 2190 5813; x_wconf 87' lang='lat' dir='ltr'><strong>idololatrarum</strong></span> 
     </span>
    </p>
   </div>
   <div class='ocr_carea' id='block_1_103' title="bbox 599 5825 2190 5897">
    <p class='ocr_par' dir='ltr' id='par_1_103' title="bbox 599 5825 2190 5897">
     <span class='ocr_line' id='line_1_107' title="bbox 599 5825 2190 5897; baseline 0.006 -24"><span class='ocrx_word' id='word_1_739' title='bbox 599 5825 739 5894; x_wconf 86' lang='lat' dir='ltr'><strong>apud</strong></span> <span class='ocrx_word' id='word_1_740' title='bbox 769 5825 966 5897; x_wconf 78' lang='lat' dir='ltr'><strong>lerem.</strong></span> <span class='ocrx_word' id='word_1_741' title='bbox 999 5843 1145 5880; x_wconf 71' lang='grc' dir='ltr'><strong>κων.</strong></span> <span class='ocrx_word' id='word_1_742' title='bbox 1183 5829 1271 5883; x_wconf 84' lang='grc'><strong>18.</strong></span> <span class='ocrx_word' id='word_1_743' title='bbox 1312 5830 1388 5882; x_wconf 88' lang='lat' dir='ltr'><strong>Ab</strong></span> <span class='ocrx_word' id='word_1_744' title='bbox 1415 5829 1504 5882; x_wconf 91' lang='lat' dir='ltr'><strong>illo</strong></span> <span class='ocrx_word' id='word_1_745' title='bbox 1532 5830 1664 5880; x_wconf 88' lang='lat' dir='ltr'><strong>enim</strong></span> <span class='ocrx_word' id='word_1_746' title='bbox 1704 5840 1928 5895; x_wconf 85' lang='lat' dir='ltr'><strong>tempore</strong></span> <span class='ocrx_word' id='word_1_747' title='bbox 1947 5869 1960 5890; x_wconf 88' lang='lat'><strong>,</strong></span> <span class='ocrx_word' id='word_1_748' title='bbox 1989 5843 2052 5881; x_wconf 77' lang='lat' dir='ltr'><strong>ex</strong></span> <span class='ocrx_word' id='word_1_749' title='bbox 2089 5846 2190 5897; x_wconf 83' lang='lat' dir='ltr'><strong>quo</strong></span> 
     </span>
    </p>
   </div>
   <div class='ocr_carea' id='block_1_104' title="bbox 600 5896 2190 5974">
    <p class='ocr_par' dir='ltr' id='par_1_104' title="bbox 600 5896 2190 5974">
     <span class='ocr_line' id='line_1_108' title="bbox 600 5896 2190 5974; baseline 0.011 -30"><span class='ocrx_word' id='word_1_750' title='bbox 600 5896 900 5951; x_wconf 83' lang='lat' dir='ltr'><strong>cessavimus</strong></span> <span class='ocrx_word' id='word_1_751' title='bbox 928 5896 1139 5968; x_wconf 75' lang='lat' dir='ltr'><strong>Regina:</strong></span> <span class='ocrx_word' id='word_1_752' title='bbox 1161 5898 1285 5956; x_wconf 75' lang='lat' dir='ltr'><strong>Caeli</strong></span> <span class='ocrx_word' id='word_1_753' title='bbox 1331 5899 1625 5968; x_wconf 74' lang='lat' dir='ltr'><strong>sacrificare</strong></span> <span class='ocrx_word' id='word_1_754' title='bbox 1654 5907 1700 5957; x_wconf 86' lang='lat' dir='ltr'><strong>et</strong></span> <span class='ocrx_word' id='word_1_755' title='bbox 1734 5898 2068 5974; x_wconf 79' lang='lat' dir='ltr'><strong>thymiamala</strong></span> <span class='ocrx_word' id='word_1_756' title='bbox 2103 5896 2190 5968; x_wconf 71' lang='lat' dir='ltr'><strong>Of-</strong></span> 
     </span>
    </p>
   </div>
   <div class='ocr_carea' id='block_1_105' title="bbox 2306 3342 3902 3417">
    <p class='ocr_par' dir='ltr' id='par_1_105' title="bbox 2306 3342 3902 3417">
     <span class='ocr_line' id='line_1_109' title="bbox 2306 3342 3902 3417; baseline -0.001 -17"><span class='ocrx_word' id='word_1_757' title='bbox 2306 3345 2448 3417; x_wconf 89' lang='lat' dir='ltr'><strong>quod</strong></span> <span class='ocrx_word' id='word_1_758' title='bbox 2478 3345 2547 3417; x_wconf 88' lang='lat' dir='ltr'><strong>ibi</strong></span> <span class='ocrx_word' id='word_1_759' title='bbox 2584 3344 2809 3417; x_wconf 69' lang='lat' dir='ltr'><strong>fatiscit,</strong></span> <span class='ocrx_word' id='word_1_760' title='bbox 2844 3343 3021 3417; x_wconf 75' lang='lat' dir='ltr'><strong>fatigat</strong></span> <span class='ocrx_word' id='word_1_761' title='bbox 3052 3342 3261 3417; x_wconf 79' lang='lat' dir='ltr'><strong>[cedunt_.</strong></span> <span class='ocrx_word' id='word_1_762' title='bbox 3294 3343 3345 3395; x_wconf 85' lang='lat' dir='ltr'><strong>id</strong></span> <span class='ocrx_word' id='word_1_763' title='bbox 3374 3342 3818 3417; x_wconf 71' lang='lat' dir='ltr'><strong>esteriminatur</strong></span> <span class='ocrx_word' id='word_1_764' title='bbox 3844 3350 3902 3398; x_wconf 83' lang='lat' dir='ltr'><strong>et</strong></span> 
     </span>
    </p>
   </div>
   <div class='ocr_carea' id='block_1_106' title="bbox 2305 3413 3903 3484">
    <p class='ocr_par' dir='ltr' id='par_1_106' title="bbox 2305 3413 3903 3484">
     <span class='ocr_line' id='line_1_110' title="bbox 2305 3413 3903 3484; baseline -0.001 -12"><span class='ocrx_word' id='word_1_765' title='bbox 2305 3413 2558 3472; x_wconf 63' lang='lat' dir='ltr'><strong>c&#39;ouvitiis</strong></span> <span class='ocrx_word' id='word_1_766' title='bbox 2601 3415 2816 3470; x_wconf 90' lang='lat' dir='ltr'><strong>incessit</strong></span> <span class='ocrx_word' id='word_1_767' title='bbox 2846 3413 2924 3468; x_wconf 52' lang='lat' dir='ltr'><strong>&#39;ut</strong></span> <span class='ocrx_word' id='word_1_768' title='bbox 2963 3413 3184 3468; x_wconf 69' lang='lat' dir='ltr'><strong>fmdum.</strong></span> <span class='ocrx_word' id='word_1_769' title='bbox 3239 3413 3380 3484; x_wconf 88' lang='lat' dir='ltr'><strong>Lege</strong></span> <span class='ocrx_word' id='word_1_770' title='bbox 3411 3413 3481 3469; x_wconf 90' lang='lat' dir='ltr'><strong>ibi</strong></span> <span class='ocrx_word' id='word_1_771' title='bbox 3529 3414 3580 3468; x_wconf 92' lang='lat' dir='ltr'><strong>in</strong></span> <span class='ocrx_word' id='word_1_772' title='bbox 3631 3422 3903 3484; x_wconf 82' lang='lat' dir='ltr'><strong>postremo</strong></span> 
     </span>
    </p>
   </div>
   <div class='ocr_carea' id='block_1_107' title="bbox 2306 3481 3902 3555">
    <p class='ocr_par' dir='ltr' id='par_1_107' title="bbox 2306 3481 3902 3555">
     <span class='ocr_line' id='line_1_111' title="bbox 2306 3481 3902 3555; baseline -0.002 -14"><span class='ocrx_word' id='word_1_773' title='bbox 2306 3487 2428 3542; x_wconf 91' lang='lat' dir='ltr'><strong>libri</strong></span> <span class='ocrx_word' id='word_1_774' title='bbox 2481 3501 2636 3541; x_wconf 90' lang='lat' dir='ltr'><strong>versu</strong></span> <span class='ocrx_word' id='word_1_775' title='bbox 2685 3501 2749 3540; x_wconf 75' lang='lat' dir='ltr'><strong>es</strong></span> <span class='ocrx_word' id='word_1_776' title='bbox 2789 3485 2976 3541; x_wconf 90' lang='lat' dir='ltr'><strong>iisdem</strong></span> <span class='ocrx_word' id='word_1_777' title='bbox 3031 3481 3356 3539; x_wconf 77' lang='lat' dir='ltr'><strong>membranis</strong></span> <span class='ocrx_word' id='word_1_778' title='bbox 3415 3485 3484 3538; x_wconf 85' lang='lat' dir='ltr'><strong>ad</strong></span> <span class='ocrx_word' id='word_1_779' title='bbox 3531 3481 3793 3555; x_wconf 82' lang='lat' dir='ltr'><strong>capulum.</strong></span> <span class='ocrx_word' id='word_1_780' title='bbox 3849 3481 3902 3538; x_wconf 87' lang='lat' dir='ltr'><strong>id</strong></span> 
     </span>
    </p>
   </div>
   <div class='ocr_carea' id='block_1_108' title="bbox 2307 3554 3899 3683">
    <p class='ocr_par' dir='ltr' id='par_1_108' title="bbox 2307 3554 3899 3683">
     <span class='ocr_line' id='line_1_112' title="bbox 2307 3554 3899 3683; baseline -0.003 -71"><span class='ocrx_word' id='word_1_781' title='bbox 2307 3569 2390 3683; x_wconf 50' lang='lat' dir='ltr'><strong>Est</strong></span> <span class='ocrx_word' id='word_1_782' title='bbox 2428 3555 2495 3612; x_wconf 89' lang='lat' dir='ltr'><strong>ad</strong></span> <span class='ocrx_word' id='word_1_783' title='bbox 2525 3556 2853 3628; x_wconf 88' lang='lat' dir='ltr'><strong>sepulturam</strong></span> <span class='ocrx_word' id='word_1_784' title='bbox 2894 3565 2948 3611; x_wconf 91' lang='lat' dir='ltr'><strong>et</strong></span> <span class='ocrx_word' id='word_1_785' title='bbox 2989 3555 3264 3610; x_wconf 91' lang='lat' dir='ltr'><strong>interitum</strong></span> <span class='ocrx_word' id='word_1_786' title='bbox 3287 3594 3306 3621; x_wconf 95' lang='lat'><strong>,</strong></span> <span class='ocrx_word' id='word_1_787' title='bbox 3355 3570 3452 3626; x_wconf 88' lang='lat' dir='ltr'><strong>pro</strong></span> <span class='ocrx_word' id='word_1_788' title='bbox 3491 3554 3562 3608; x_wconf 83' lang='lat' dir='ltr'><strong>ad</strong></span> <span class='ocrx_word' id='word_1_789' title='bbox 3597 3554 3899 3626; x_wconf 81' lang='lat' dir='ltr'><strong>scopulum.</strong></span> 
     </span>
     <span class='ocr_line' id='line_1_113' title="bbox 2358 3646 2444 3683; baseline -0.023 0"><span class='ocrx_word' id='word_1_790' title='bbox 2358 3646 2444 3683; x_wconf 80' lang='lat' dir='ltr'><strong>AV.</strong></span> 
     </span>
    </p>
   </div>
   <div class='ocr_carea' id='block_1_109' title="bbox 2358 3646 2444 3684">
    <p class='ocr_par' dir='ltr' id='par_1_109' title="bbox 2358 3646 2444 3684">
     <span class='ocr_line' id='line_1_114' title="bbox 2358 3646 2444 3684; baseline -0.047 0"><span class='ocrx_word' id='word_1_791' title='bbox 2358 3646 2444 3684; x_wconf 78' lang='lat' dir='ltr'><strong>AV.</strong></span> 
     </span>
    </p>
   </div>
   <div class='ocr_carea' id='block_1_110' title="bbox 2377 3694 3904 3770">
    <p class='ocr_par' dir='ltr' id='par_1_110' title="bbox 2377 3694 3904 3770">
     <span class='ocr_line' id='line_1_115' title="bbox 2377 3694 3904 3770; baseline 0 -18"><span class='ocrx_word' id='word_1_792' title='bbox 2377 3701 2457 3770; x_wconf 69' lang='grc' dir='ltr'><strong>(κ)</strong></span> <span class='ocrx_word' id='word_1_793' title='bbox 2491 3697 2708 3761; x_wconf 85' lang='lat' dir='ltr'><strong>Hieran,</strong></span> <span class='ocrx_word' id='word_1_794' title='bbox 2736 3698 3005 3770; x_wconf 84' lang='lat' dir='ltr'><strong>Anaphen.</strong></span> <span class='ocrx_word' id='word_1_795' title='bbox 3060 3695 3167 3770; x_wconf 17' lang='lat' dir='ltr'><strong>,Ex</strong></span> <span class='ocrx_word' id='word_1_796' title='bbox 3199 3696 3311 3753; x_wconf 92' lang='lat' dir='ltr'><strong>sola</strong></span> <span class='ocrx_word' id='word_1_797' title='bbox 3337 3712 3493 3770; x_wconf 12' lang='lat' dir='ltr'><strong>rvera</strong></span> <span class='ocrx_word' id='word_1_798' title='bbox 3516 3697 3690 3770; x_wconf 76' lang='lat' dir='ltr'><strong>vexati</strong></span> <span class='ocrx_word' id='word_1_799' title='bbox 3739 3694 3904 3770; x_wconf 82' lang='lat' dir='ltr'><strong>hujus</strong></span> 
     </span>
    </p>
   </div>
   <div class='ocr_carea' id='block_1_111' title="bbox 2309 3767 3904 3837">
    <p class='ocr_par' dir='ltr' id='par_1_111' title="bbox 2309 3767 3904 3837">
     <span class='ocr_line' id='line_1_116' title="bbox 2309 3767 3904 3837; baseline -0.001 -13"><span class='ocrx_word' id='word_1_800' title='bbox 2309 3767 2418 3826; x_wconf 83' lang='lat' dir='ltr'><strong>loci</strong></span> <span class='ocrx_word' id='word_1_801' title='bbox 2440 3767 2704 3836; x_wconf 83' lang='lat' dir='ltr'><strong>scriptura</strong></span> <span class='ocrx_word' id='word_1_802' title='bbox 2737 3767 2968 3833; x_wconf 89' lang='lat' dir='ltr'><strong>videtur,</strong></span> <span class='ocrx_word' id='word_1_803' title='bbox 2992 3768 3072 3822; x_wconf 88' lang='lat' dir='ltr'><strong>vel</strong></span> <span class='ocrx_word' id='word_1_804' title='bbox 3101 3778 3256 3837; x_wconf 90' lang='lat' dir='ltr'><strong>prout</strong></span> <span class='ocrx_word' id='word_1_805' title='bbox 3277 3769 3433 3823; x_wconf 89' lang='lat' dir='ltr'><strong>etiam</strong></span> <span class='ocrx_word' id='word_1_806' title='bbox 3462 3767 3804 3837; x_wconf 85' lang='lat' dir='ltr'><strong>doctissimus</strong></span> <span class='ocrx_word' id='word_1_807' title='bbox 3822 3768 3904 3823; x_wconf 84' lang='lat' dir='ltr'><strong>vir</strong></span> 
     </span>
    </p>
   </div>
   <div class='ocr_carea' id='block_1_112' title="bbox 2307 3836 3900 3896">
    <p class='ocr_par' dir='ltr' id='par_1_112' title="bbox 2307 3836 3900 3896">
     <span class='ocr_line' id='line_1_117' title="bbox 2307 3836 3900 3896; baseline -0.002 0"><span class='ocrx_word' id='word_1_808' title='bbox 2307 3841 2538 3896; x_wconf 86' lang='lat' dir='ltr'><strong>Jacobus</strong></span> <span class='ocrx_word' id='word_1_809' title='bbox 2566 3839 2930 3896; x_wconf 85' lang='lat' dir='ltr'><strong>Gothofredus</strong></span> <span class='ocrx_word' id='word_1_810' title='bbox 2957 3836 3207 3894; x_wconf 85' lang='lat' dir='ltr'><strong>emendat</strong></span> <span class='ocrx_word' id='word_1_811' title='bbox 3234 3839 3298 3893; x_wconf 90' lang='lat' dir='ltr'><strong>ad</strong></span> <span class='ocrx_word' id='word_1_812' title='bbox 3346 3838 3510 3893; x_wconf 90' lang='lat' dir='ltr'><strong>libros</strong></span> <span class='ocrx_word' id='word_1_813' title='bbox 3541 3838 3618 3891; x_wconf 81' lang='lat' dir='ltr'><strong>Ad</strong></span> <span class='ocrx_word' id='word_1_814' title='bbox 3643 3836 3900 3893; x_wconf 85' lang='lat' dir='ltr'><strong>Nationes</strong></span> 
     </span>
    </p>
   </div>
   <div class='ocr_carea' id='block_1_113' title="bbox 2310 3909 3904 3980">
    <p class='ocr_par' dir='ltr' id='par_1_113' title="bbox 2310 3909 3904 3980">
     <span class='ocr_line' id='line_1_118' title="bbox 2310 3909 3904 3980; baseline -0.001 -15"><span class='ocrx_word' id='word_1_815' title='bbox 2310 3911 2506 3965; x_wconf 81' lang='lat' dir='ltr'><strong>Hieran</strong></span> <span class='ocrx_word' id='word_1_816' title='bbox 2530 3952 2545 3976; x_wconf 90' lang='lat'><strong>,</strong></span> <span class='ocrx_word' id='word_1_817' title='bbox 2579 3909 2728 3964; x_wconf 82' lang='lat' dir='ltr'><strong>Nean</strong></span> <span class='ocrx_word' id='word_1_818' title='bbox 2752 3953 2765 3975; x_wconf 93' lang='lat'><strong>,</strong></span> <span class='ocrx_word' id='word_1_819' title='bbox 2798 3910 3069 3978; x_wconf 81' lang='lat' dir='ltr'><strong>Anaphen,</strong></span> <span class='ocrx_word' id='word_1_820' title='bbox 3099 3909 3239 3980; x_wconf 82' lang='lat' dir='ltr'><strong>quod</strong></span> <span class='ocrx_word' id='word_1_821' title='bbox 3261 3911 3398 3965; x_wconf 91' lang='lat' dir='ltr'><strong>enim</strong></span> <span class='ocrx_word' id='word_1_822' title='bbox 3412 3909 3758 3980; x_wconf 65' lang='lat' dir='ltr'><strong>substituunt</strong></span> <span class='ocrx_word' id='word_1_823' title='bbox 3784 3909 3904 3980; x_wconf 84' lang='lat' dir='ltr'><strong>edi-</strong></span> 
     </span>
    </p>
   </div>
   <div class='ocr_carea' id='block_1_114' title="bbox 2311 3978 3906 4051">
    <p class='ocr_par' dir='ltr' id='par_1_114' title="bbox 2311 3978 3906 4051">
     <span class='ocr_line' id='line_1_119' title="bbox 2311 3978 3906 4051; baseline -0.001 -14"><span class='ocrx_word' id='word_1_824' title='bbox 2311 3985 2483 4038; x_wconf 90' lang='lat' dir='ltr'><strong>tiones</strong></span> <span class='ocrx_word' id='word_1_825' title='bbox 2514 3982 2731 4036; x_wconf 77' lang='lat' dir='ltr'><strong>l’atnelii</strong></span> <span class='ocrx_word' id='word_1_826' title='bbox 2754 4024 2769 4048; x_wconf 90' lang='lat'><strong>,</strong></span> <span class='ocrx_word' id='word_1_827' title='bbox 2806 3981 2977 4035; x_wconf 69' lang='lat' dir='ltr'><strong>ltlten.</strong></span> <span class='ocrx_word' id='word_1_828' title='bbox 3005 3993 3058 4036; x_wconf 92' lang='lat' dir='ltr'><strong>et</strong></span> <span class='ocrx_word' id='word_1_829' title='bbox 3087 3978 3158 4034; x_wconf 77' lang='lat' dir='ltr'><strong>La</strong></span> <span class='ocrx_word' id='word_1_830' title='bbox 3190 3979 3375 4035; x_wconf 70' lang='lat' dir='ltr'><strong>Cerda:</strong></span> <span class='ocrx_word' id='word_1_831' title='bbox 3403 3978 3745 4051; x_wconf 76' lang='lat' dir='ltr'><strong>Hierapolim,</strong></span> <span class='ocrx_word' id='word_1_832' title='bbox 3775 3979 3906 4035; x_wconf 82' lang='lat' dir='ltr'><strong>Bar—</strong></span> 
     </span>
    </p>
   </div>
   <div class='ocr_carea' id='block_1_115' title="bbox 2309 4051 3906 4122">
    <p class='ocr_par' dir='ltr' id='par_1_115' title="bbox 2309 4051 3906 4122">
     <span class='ocr_line' id='line_1_120' title="bbox 2309 4051 3906 4122; baseline -0.001 -14"><span class='ocrx_word' id='word_1_833' title='bbox 2309 4057 2433 4120; x_wconf 77' lang='lat' dir='ltr'><strong>rte&#39;t,</strong></span> <span class='ocrx_word' id='word_1_834' title='bbox 2474 4051 2790 4122; x_wconf 80' lang='lat' dir='ltr'><strong>Hierapolim</strong></span> <span class='ocrx_word' id='word_1_835' title='bbox 2837 4061 3020 4118; x_wconf 86' lang='lat' dir='ltr'><strong>aperte</strong></span> <span class='ocrx_word' id='word_1_836' title='bbox 3074 4053 3265 4107; x_wconf 80' lang='lat' dir='ltr'><strong>falsum</strong></span> <span class='ocrx_word' id='word_1_837' title='bbox 3300 4061 3382 4108; x_wconf 89' lang='lat' dir='ltr'><strong>est</strong></span> <span class='ocrx_word' id='word_1_838' title='bbox 3409 4093 3422 4118; x_wconf 94' lang='lat'><strong>,</strong></span> <span class='ocrx_word' id='word_1_839' title='bbox 3474 4065 3596 4106; x_wconf 90' lang='lat' dir='ltr'><strong>cum</strong></span> <span class='ocrx_word' id='word_1_840' title='bbox 3624 4059 3906 4107; x_wconf 81' lang='lat' dir='ltr'><strong>recenseat</strong></span> 
     </span>
    </p>
   </div>
   <div class='ocr_carea' id='block_1_116' title="bbox 2309 4123 3903 4194">
    <p class='ocr_par' dir='ltr' id='par_1_116' title="bbox 2309 4123 3903 4194">
     <span class='ocr_line' id='line_1_121' title="bbox 2309 4123 3903 4194; baseline -0.001 -15"><span class='ocrx_word' id='word_1_841' title='bbox 2309 4124 2530 4179; x_wconf 86' lang='lat' dir='ltr'><strong>Tertull.</strong></span> <span class='ocrx_word' id='word_1_842' title='bbox 2563 4124 2657 4178; x_wconf 90' lang='lat' dir='ltr'><strong>illa</strong></span> <span class='ocrx_word' id='word_1_843' title='bbox 2683 4140 2801 4194; x_wconf 75' lang='lat' dir='ltr'><strong>qua:</strong></span> <span class='ocrx_word' id='word_1_844' title='bbox 2830 4133 2953 4178; x_wconf 88' lang='lat' dir='ltr'><strong>ante</strong></span> <span class='ocrx_word' id='word_1_845' title='bbox 2979 4138 3084 4177; x_wconf 90' lang='lat' dir='ltr'><strong>non</strong></span> <span class='ocrx_word' id='word_1_846' title='bbox 3107 4137 3225 4194; x_wconf 65' lang='lat' dir='ltr'><strong>qua:</strong></span> <span class='ocrx_word' id='word_1_847' title='bbox 3256 4133 3378 4192; x_wconf 90' lang='lat' dir='ltr'><strong>post</strong></span> <span class='ocrx_word' id='word_1_848' title='bbox 3420 4132 3605 4194; x_wconf 88' lang='lat' dir='ltr'><strong>natum</strong></span> <span class='ocrx_word' id='word_1_849' title='bbox 3630 4132 3684 4177; x_wconf 90' lang='lat' dir='ltr'><strong>et</strong></span> <span class='ocrx_word' id='word_1_850' title='bbox 3707 4123 3903 4194; x_wconf 74' lang='lat' dir='ltr'><strong>prtedi-</strong></span> 
     </span>
    </p>
   </div>
   <div class='ocr_carea' id='block_1_117' title="bbox 2307 4192 3902 4250">
    <p class='ocr_par' dir='ltr' id='par_1_117' title="bbox 2307 4192 3902 4250">
     <span class='ocr_line' id='line_1_122' title="bbox 2307 4192 3902 4250; baseline -0.001 -1"><span class='ocrx_word' id='word_1_851' title='bbox 2307 4205 2484 4250; x_wconf 88' lang='lat' dir='ltr'><strong>eatum</strong></span> <span class='ocrx_word' id='word_1_852' title='bbox 2535 4192 2806 4250; x_wconf 77' lang='lat' dir='ltr'><strong>Christum</strong></span> <span class='ocrx_word' id='word_1_853' title='bbox 2839 4202 3155 4249; x_wconf 86' lang='lat' dir='ltr'><strong>evenerunt.</strong></span> <span class='ocrx_word' id='word_1_854' title='bbox 3195 4193 3285 4247; x_wconf 81' lang='lat' dir='ltr'><strong>Sic</strong></span> <span class='ocrx_word' id='word_1_855' title='bbox 3312 4194 3454 4248; x_wconf 92' lang='lat' dir='ltr'><strong>enim</strong></span> <span class='ocrx_word' id='word_1_856' title='bbox 3483 4195 3535 4247; x_wconf 93' lang='lat' dir='ltr'><strong>in</strong></span> <span class='ocrx_word' id='word_1_857' title='bbox 3565 4193 3655 4248; x_wconf 90' lang='lat' dir='ltr'><strong>lib.</strong></span> <span class='ocrx_word' id='word_1_858' title='bbox 3688 4193 3754 4247; x_wconf 89' lang='lat' dir='ltr'><strong>ad</strong></span> <span class='ocrx_word' id='word_1_859' title='bbox 3782 4192 3902 4248; x_wconf 85' lang='lat' dir='ltr'><strong>Nat.</strong></span> 
     </span>
    </p>
   </div>
   <div class='ocr_carea' id='block_1_118' title="bbox 2308 4263 3902 4330">
    <p class='ocr_par' dir='ltr' id='par_1_118' title="bbox 2308 4263 3902 4330">
     <span class='ocr_line' id='line_1_123' title="bbox 2308 4263 3902 4330; baseline -0.001 -10"><span class='ocrx_word' id='word_1_860' title='bbox 2308 4267 2428 4320; x_wconf 91' lang='lat' dir='ltr'><strong>loco</strong></span> <span class='ocrx_word' id='word_1_861' title='bbox 2453 4265 2685 4321; x_wconf 81' lang='lat' dir='ltr'><strong>adducto</strong></span> <span class='ocrx_word' id='word_1_862' title='bbox 2717 4283 2731 4320; x_wconf 90' lang='lat'>:</span> <span class='ocrx_word' id='word_1_863' title='bbox 2768 4263 2964 4320; x_wconf 64' lang='lat' dir='ltr'><strong>zEtatis</strong></span> <span class='ocrx_word' id='word_1_864' title='bbox 3015 4274 3203 4318; x_wconf 65' lang='lat' dir='ltr'><strong>nostra:</strong></span> <span class='ocrx_word' id='word_1_865' title='bbox 3231 4265 3456 4318; x_wconf 86' lang='lat' dir='ltr'><strong>nondum</strong></span> <span class='ocrx_word' id='word_1_866' title='bbox 3483 4267 3604 4318; x_wconf 88' lang='lat' dir='ltr'><strong>anni</strong></span> <span class='ocrx_word' id='word_1_867' title='bbox 3649 4266 3857 4318; x_wconf 83' lang='lat' dir='ltr'><strong>trecenti</strong></span> <span class='ocrx_word' id='word_1_868' title='bbox 3885 4305 3902 4330; x_wconf 90' lang='lat'><strong>,</strong></span> 
     </span>
    </p>
   </div>
   <div class='ocr_carea' id='block_1_119' title="bbox 2306 4335 3906 4406">
    <p class='ocr_par' dir='ltr' id='par_1_119' title="bbox 2306 4335 3906 4406">
     <span class='ocr_line' id='line_1_124' title="bbox 2306 4335 3906 4406; baseline -0.001 -16"><span class='ocrx_word' id='word_1_869' title='bbox 2306 4347 2510 4406; x_wconf 66' lang='lat' dir='ltr'><strong>quantae</strong></span> <span class='ocrx_word' id='word_1_870' title='bbox 2537 4338 2706 4392; x_wconf 88' lang='lat' dir='ltr'><strong>clades</strong></span> <span class='ocrx_word' id='word_1_871' title='bbox 2726 4346 2841 4390; x_wconf 82' lang='lat' dir='ltr'><strong>ante</strong></span> <span class='ocrx_word' id='word_1_872' title='bbox 2866 4338 2920 4390; x_wconf 86' lang='lat' dir='ltr'><strong>in</strong></span> <span class='ocrx_word' id='word_1_873' title='bbox 2965 4336 3187 4404; x_wconf 84' lang='lat' dir='ltr'><strong>spatium</strong></span> <span class='ocrx_word' id='word_1_874' title='bbox 3217 4351 3376 4403; x_wconf 85' lang='lat' dir='ltr'><strong>supra</strong></span> <span class='ocrx_word' id='word_1_875' title='bbox 3405 4337 3691 4390; x_wconf 84' lang='lat' dir='ltr'><strong>universum</strong></span> <span class='ocrx_word' id='word_1_876' title='bbox 3732 4335 3906 4390; x_wconf 83' lang='lat' dir='ltr'><strong>orbem</strong></span> 
     </span>
    </p>
   </div>
   <div class='ocr_carea' id='block_1_120' title="bbox 2308 4406 3904 4472">
    <p class='ocr_par' dir='ltr' id='par_1_120' title="bbox 2308 4406 3904 4472">
     <span class='ocr_line' id='line_1_125' title="bbox 2308 4406 3904 4472; baseline -0.002 -8"><span class='ocrx_word' id='word_1_877' title='bbox 2308 4420 2414 4464; x_wconf 89' lang='lat' dir='ltr'><strong>etc.</strong></span> <span class='ocrx_word' id='word_1_878' title='bbox 2445 4408 2532 4462; x_wconf 92' lang='lat' dir='ltr'><strong>ubi</strong></span> <span class='ocrx_word' id='word_1_879' title='bbox 2551 4408 2774 4462; x_wconf 89' lang='lat' dir='ltr'><strong>ridicule</strong></span> <span class='ocrx_word' id='word_1_880' title='bbox 2827 4406 3065 4461; x_wconf 82' lang='lat' dir='ltr'><strong>Priorius</strong></span> <span class='ocrx_word' id='word_1_881' title='bbox 3093 4406 3437 4472; x_wconf 89' lang='lat' dir='ltr'><strong>supinitatem</strong></span> <span class='ocrx_word' id='word_1_882' title='bbox 3481 4420 3629 4461; x_wconf 87' lang='lat' dir='ltr'><strong>suam</strong></span> <span class='ocrx_word' id='word_1_883' title='bbox 3666 4406 3904 4461; x_wconf 88' lang='lat' dir='ltr'><strong>ostendit</strong></span> 
     </span>
    </p>
   </div>
   <div class='ocr_carea' id='block_1_121' title="bbox 2307 4474 3899 4550">
    <p class='ocr_par' dir='ltr' id='par_1_121' title="bbox 2307 4474 3899 4550">
     <span class='ocr_line' id='line_1_126' title="bbox 2307 4474 3899 4550; baseline -0.003 -16"><span class='ocrx_word' id='word_1_884' title='bbox 2307 4478 2712 4550; x_wconf 60' lang='lat' dir='ltr'><strong>restringenda</strong></span> <span class='ocrx_word' id='word_1_885' title='bbox 2747 4477 2928 4534; x_wconf 85' lang='lat' dir='ltr'><strong>clades</strong></span> <span class='ocrx_word' id='word_1_886' title='bbox 2976 4476 3184 4550; x_wconf 5' lang='lat' dir='ltr'><strong>illasgad</strong></span> <span class='ocrx_word' id='word_1_887' title='bbox 3217 4487 3428 4549; x_wconf 89' lang='lat' dir='ltr'><strong>tempus</strong></span> <span class='ocrx_word' id='word_1_888' title='bbox 3474 4474 3899 4550; x_wconf 78' lang='lat' dir='ltr'><strong>Christianorum</strong></span> 
     </span>
    </p>
   </div>
   <div class='ocr_carea' id='block_1_122' title="bbox 2308 4547 3900 4630">
    <p class='ocr_par' dir='ltr' id='par_1_122' title="bbox 2308 4547 3900 4630">
     <span class='ocr_line' id='line_1_127' title="bbox 2308 4547 3900 4630; baseline -0.002 -25"><span class='ocrx_word' id='word_1_889' title='bbox 2308 4547 2601 4630; x_wconf 70' lang='lat' dir='ltr'><strong>eorumque</strong></span> <span class='ocrx_word' id='word_1_890' title='bbox 2641 4548 3118 4630; x_wconf 50' lang='lat' dir='ltr'><strong>afﬂictioties,nqtti</strong></span> <span class='ocrx_word' id='word_1_891' title='bbox 3157 4547 3795 4630; x_wconf 68' lang='lat' dir='ltr'><strong>corrigendo_sequentia</strong></span> <span class='ocrx_word' id='word_1_892' title='bbox 3845 4547 3900 4602; x_wconf 91' lang='lat' dir='ltr'><strong>in</strong></span> 
     </span>
    </p>
   </div>
   <div class='ocr_carea' id='block_1_123' title="bbox 2229 4616 3906 4690">
    <p class='ocr_par' dir='ltr' id='par_1_123' title="bbox 2229 4616 3906 4690">
     <span class='ocr_line' id='line_1_128' title="bbox 2229 4616 3906 4690; baseline -0.002 -14"><span class='ocrx_word' id='word_1_893' title='bbox 2229 4616 2282 4676; x_wconf 89' lang='lat' dir='ltr'><strong>D</strong></span> <span class='ocrx_word' id='word_1_894' title='bbox 2309 4620 2470 4675; x_wconf 82' lang='lat' dir='ltr'><strong>Heria</strong></span> <span class='ocrx_word' id='word_1_895' title='bbox 2491 4616 2703 4690; x_wconf 77' lang='lat' dir='ltr'><strong>Anaphe</strong></span> <span class='ocrx_word' id='word_1_896' title='bbox 2723 4629 2776 4675; x_wconf 90' lang='lat' dir='ltr'><strong>et</strong></span> <span class='ocrx_word' id='word_1_897' title='bbox 2804 4620 2953 4674; x_wconf 86' lang='lat' dir='ltr'><strong>Delos</strong></span> <span class='ocrx_word' id='word_1_898' title='bbox 2977 4616 3746 4690; x_wconf 72' lang='lat' dir='ltr'><strong>Gotliofredieruendationem</strong></span> <span class='ocrx_word' id='word_1_899' title='bbox 3765 4621 3906 4674; x_wconf 88' lang='lat' dir='ltr'><strong>bona</strong></span> 
     </span>
    </p>
   </div>
   <div class='ocr_carea' id='block_1_124' title="bbox 2311 4688 3911 4762">
    <p class='ocr_par' dir='ltr' id='par_1_124' title="bbox 2311 4688 3911 4762">
     <span class='ocr_line' id='line_1_129' title="bbox 2311 4688 3911 4762; baseline -0.002 -15"><span class='ocrx_word' id='word_1_900' title='bbox 2311 4692 2415 4747; x_wconf 83' lang='lat' dir='ltr'><strong>fide</strong></span> <span class='ocrx_word' id='word_1_901' title='bbox 2443 4688 2772 4762; x_wconf 41' lang='lat' dir='ltr'><strong>suam&#39;facit.</strong></span> <span class='ocrx_word' id='word_1_902' title='bbox 2806 4691 2912 4746; x_wconf 83' lang='lat' dir='ltr'><strong>MS.</strong></span> <span class='ocrx_word' id='word_1_903' title='bbox 2945 4688 3115 4762; x_wconf 85' lang='lat' dir='ltr'><strong>Lugd.</strong></span> <span class='ocrx_word' id='word_1_904' title='bbox 3141 4689 3257 4762; x_wconf 86' lang='lat' dir='ltr'><strong>Bat.</strong></span> <span class='ocrx_word' id='word_1_905' title='bbox 3303 4689 3750 4762; x_wconf 73' lang='lat' dir='ltr'><strong>Hyeramcipaeam</strong></span> <span class='ocrx_word' id='word_1_906' title='bbox 3777 4706 3911 4761; x_wconf 80' lang='lat' dir='ltr'><strong>quo-</strong></span> 
     </span>
    </p>
   </div>
   <div class='ocr_carea' id='block_1_125' title="bbox 2308 4761 3907 4832">
    <p class='ocr_par' dir='ltr' id='par_1_125' title="bbox 2308 4761 3907 4832">
     <span class='ocr_line' id='line_1_130' title="bbox 2308 4761 3907 4832; baseline -0.001 -15"><span class='ocrx_word' id='word_1_907' title='bbox 2308 4763 2468 4818; x_wconf 89' lang='lat' dir='ltr'><strong>modo</strong></span> <span class='ocrx_word' id='word_1_908' title='bbox 2514 4761 2628 4818; x_wconf 90' lang='lat' dir='ltr'><strong>fere</strong></span> <span class='ocrx_word' id='word_1_909' title='bbox 2657 4763 2817 4817; x_wconf 90' lang='lat' dir='ltr'><strong>etiam</strong></span> <span class='ocrx_word' id='word_1_910' title='bbox 2867 4761 3220 4832; x_wconf 67' lang='lat' dir='ltr'><strong>nonnullialii</strong></span> <span class='ocrx_word' id='word_1_911' title='bbox 3250 4761 3464 4818; x_wconf 81' lang='lat' dir='ltr'><strong>Codices</strong></span> <span class='ocrx_word' id='word_1_912' title='bbox 3492 4803 3507 4828; x_wconf 90' lang='lat'><strong>,</strong></span> <span class='ocrx_word' id='word_1_913' title='bbox 3565 4779 3629 4817; x_wconf 79' lang='lat' dir='ltr'><strong>ex</strong></span> <span class='ocrx_word' id='word_1_914' title='bbox 3677 4775 3907 4832; x_wconf 89' lang='lat' dir='ltr'><strong>quorum</strong></span> 
     </span>
    </p>
   </div>
   <div class='ocr_carea' id='block_1_126' title="bbox 2309 4830 3909 4903">
    <p class='ocr_par' dir='ltr' id='par_1_126' title="bbox 2309 4830 3909 4903">
     <span class='ocr_line' id='line_1_131' title="bbox 2309 4830 3909 4903; baseline -0.001 -15"><span class='ocrx_word' id='word_1_915' title='bbox 2309 4833 2538 4888; x_wconf 78' lang='lat' dir='ltr'><strong>lectione</strong></span> <span class='ocrx_word' id='word_1_916' title='bbox 2579 4833 2810 4903; x_wconf 71' lang='lat' dir='ltr'><strong>coniecit</strong></span> <span class='ocrx_word' id='word_1_917' title='bbox 2833 4830 3281 4903; x_wconf 35' lang='lat' dir='ltr'><strong>Juniusdllt‘erem</strong></span> <span class='ocrx_word' id='word_1_918' title='bbox 3329 4835 3544 4902; x_wconf 87' lang='lat' dir='ltr'><strong>cepiam,</strong></span> <span class='ocrx_word' id='word_1_919' title='bbox 3568 4830 3827 4888; x_wconf 80' lang='lat' dir='ltr'><strong>advocato</strong></span> <span class='ocrx_word' id='word_1_920' title='bbox 3856 4833 3909 4887; x_wconf 92' lang='lat' dir='ltr'><strong>in</strong></span> 
     </span>
    </p>
   </div>
   <div class='ocr_carea' id='block_1_127' title="bbox 2307 4901 3910 4975">
    <p class='ocr_par' dir='ltr' id='par_1_127' title="bbox 2307 4901 3910 4975">
     <span class='ocr_line' id='line_1_132' title="bbox 2307 4901 3910 4975; baseline -0.002 -15"><span class='ocrx_word' id='word_1_921' title='bbox 2307 4915 2484 4975; x_wconf 86' lang='lat' dir='ltr'><strong>partes</strong></span> <span class='ocrx_word' id='word_1_922' title='bbox 2512 4901 2693 4959; x_wconf 82' lang='lat' dir='ltr'><strong>Plinio</strong></span> <span class='ocrx_word' id='word_1_923' title='bbox 2713 4905 2806 4960; x_wconf 88' lang='lat' dir='ltr'><strong>lib.</strong></span> <span class='ocrx_word' id='word_1_924' title='bbox 2827 4903 2907 4975; x_wconf 16' lang='grc' dir='ltr'><strong>έν.</strong></span> <span class='ocrx_word' id='word_1_925' title='bbox 2938 4902 3002 4975; x_wconf 83' lang='grc' dir='ltr'><strong>Ν.</strong></span> <span class='ocrx_word' id='word_1_926' title='bbox 3027 4901 3092 4975; x_wconf 76' lang='lat' dir='ltr'><strong>ll.</strong></span> <span class='ocrx_word' id='word_1_927' title='bbox 3121 4919 3169 4958; x_wconf 92' lang='lat' dir='ltr'><strong>c.</strong></span> <span class='ocrx_word' id='word_1_928' title='bbox 3201 4904 3289 4975; x_wconf 66' lang='grc'><strong>51.</strong></span> <span class='ocrx_word' id='word_1_929' title='bbox 3324 4901 3429 4959; x_wconf 76' lang='lat' dir='ltr'><strong>sed</strong></span> <span class='ocrx_word' id='word_1_930' title='bbox 3455 4919 3733 4969; x_wconf 77' lang='lat' dir='ltr'><strong>expresse,</strong></span> <span class='ocrx_word' id='word_1_931' title='bbox 3756 4911 3910 4975; x_wconf 88' lang='lat' dir='ltr'><strong>prout</strong></span> 
     </span>
    </p>
   </div>
   <div class='ocr_carea' id='block_1_128' title="bbox 2304 4973 3906 5043">
    <p class='ocr_par' dir='ltr' id='par_1_128' title="bbox 2304 4973 3906 5043">
     <span class='ocr_line' id='line_1_133' title="bbox 2304 4973 3906 5043; baseline -0.002 -12"><span class='ocrx_word' id='word_1_932' title='bbox 2304 4973 2414 5031; x_wconf 78' lang='lat' dir='ltr'><strong>edit</strong></span> <span class='ocrx_word' id='word_1_933' title='bbox 2438 4975 2720 5043; x_wconf 76' lang='lat' dir='ltr'><strong>Rigaltitts,</strong></span> <span class='ocrx_word' id='word_1_934' title='bbox 2740 4974 2908 5030; x_wconf 79' lang='lat' dir='ltr'><strong>codex</strong></span> <span class='ocrx_word' id='word_1_935' title='bbox 2941 4973 3167 5029; x_wconf 81' lang='lat' dir='ltr'><strong>Aldintts</strong></span> <span class='ocrx_word' id='word_1_936' title='bbox 3195 4973 3578 5043; x_wconf 80' lang='lat' dir='ltr'><strong>Ilierennapen,</strong></span> <span class='ocrx_word' id='word_1_937' title='bbox 3612 4974 3906 5042; x_wconf 78' lang='lat' dir='ltr'><strong>quomodo,</strong></span> 
     </span>
    </p>
   </div>
   <div class='ocr_carea' id='block_1_129' title="bbox 2305 5044 3909 5116">
    <p class='ocr_par' dir='ltr' id='par_1_129' title="bbox 2305 5044 3909 5116">
     <span class='ocr_line' id='line_1_134' title="bbox 2305 5044 3909 5116; baseline -0.002 -16"><span class='ocrx_word' id='word_1_938' title='bbox 2305 5046 2447 5116; x_wconf 89' lang='lat' dir='ltr'><strong>quod</strong></span> <span class='ocrx_word' id='word_1_939' title='bbox 2479 5044 2596 5116; x_wconf 84' lang='lat' dir='ltr'><strong>plus</strong></span> <span class='ocrx_word' id='word_1_940' title='bbox 2622 5057 2722 5111; x_wconf 87' lang='lat' dir='ltr'><strong>est,</strong></span> <span class='ocrx_word' id='word_1_941' title='bbox 2755 5046 2861 5101; x_wconf 84' lang='lat' dir='ltr'><strong>MS.</strong></span> <span class='ocrx_word' id='word_1_942' title='bbox 2886 5046 3078 5100; x_wconf 91' lang='lat' dir='ltr'><strong>unicus</strong></span> <span class='ocrx_word' id='word_1_943' title='bbox 3100 5086 3115 5110; x_wconf 88' lang='lat'><strong>,</strong></span> <span class='ocrx_word' id='word_1_944' title='bbox 3149 5047 3200 5100; x_wconf 90' lang='lat' dir='ltr'><strong>in</strong></span> <span class='ocrx_word' id='word_1_945' title='bbox 3245 5063 3350 5114; x_wconf 87' lang='lat' dir='ltr'><strong>quo</strong></span> <span class='ocrx_word' id='word_1_946' title='bbox 3394 5047 3514 5116; x_wconf 83' lang='lat' dir='ltr'><strong>libri</strong></span> <span class='ocrx_word' id='word_1_947' title='bbox 3539 5046 3604 5099; x_wconf 90' lang='lat' dir='ltr'><strong>ad</strong></span> <span class='ocrx_word' id='word_1_948' title='bbox 3631 5044 3909 5109; x_wconf 75' lang='lat' dir='ltr'><strong>Nationes,</strong></span> 
     </span>
    </p>
   </div>
   <div class='ocr_carea' id='block_1_130' title="bbox 2308 5115 3907 5187">
    <p class='ocr_par' dir='ltr' id='par_1_130' title="bbox 2308 5115 3907 5187">
     <span class='ocr_line' id='line_1_135' title="bbox 2308 5115 3907 5187; baseline -0.003 -16"><span class='ocrx_word' id='word_1_949' title='bbox 2308 5115 2380 5172; x_wconf 84' lang='lat' dir='ltr'><strong>ibi</strong></span> <span class='ocrx_word' id='word_1_950' title='bbox 2412 5115 2565 5187; x_wconf 81' lang='lat' dir='ltr'><strong>plane</strong></span> <span class='ocrx_word' id='word_1_951' title='bbox 2592 5118 2752 5172; x_wconf 89' lang='lat' dir='ltr'><strong>etiam</strong></span> <span class='ocrx_word' id='word_1_952' title='bbox 2800 5116 3072 5186; x_wconf 80' lang='lat' dir='ltr'><strong>eXprimit.</strong></span> <span class='ocrx_word' id='word_1_953' title='bbox 3125 5116 3235 5172; x_wconf 79' lang='lat' dir='ltr'><strong>MS.</strong></span> <span class='ocrx_word' id='word_1_954' title='bbox 3288 5117 3406 5170; x_wconf 85' lang='lat' dir='ltr'><strong>Put.</strong></span> <span class='ocrx_word' id='word_1_955' title='bbox 3467 5115 3858 5187; x_wconf 73' lang='lat' dir='ltr'><strong>Hierennapean</strong></span> <span class='ocrx_word' id='word_1_956' title='bbox 3889 5154 3907 5181; x_wconf 92' lang='lat'><strong>,</strong></span> 
     </span>
    </p>
   </div>
   <div class='ocr_carea' id='block_1_131' title="bbox 2308 5186 3908 5258">
    <p class='ocr_par' dir='ltr' id='par_1_131' title="bbox 2308 5186 3908 5258">
     <span class='ocr_line' id='line_1_136' title="bbox 2308 5186 3908 5258; baseline -0.003 -16"><span class='ocrx_word' id='word_1_957' title='bbox 2308 5186 2580 5258; x_wconf 81' lang='lat' dir='ltr'><strong>Agebard.</strong></span> <span class='ocrx_word' id='word_1_958' title='bbox 2614 5187 3070 5258; x_wconf 84' lang='lat' dir='ltr'><strong>Hierantnapeom.</strong></span> <span class='ocrx_word' id='word_1_959' title='bbox 3128 5187 3361 5258; x_wconf 83' lang='lat' dir='ltr'><strong>Bongarf</strong></span> <span class='ocrx_word' id='word_1_960' title='bbox 3385 5230 3400 5254; x_wconf 92' lang='lat'><strong>,</strong></span> <span class='ocrx_word' id='word_1_961' title='bbox 3454 5186 3908 5258; x_wconf 76' lang='lat' dir='ltr'><strong>lthcrannapeam.</strong></span> 
     </span>
    </p>
   </div>
   <div class='ocr_carea' id='block_1_132' title="bbox 2308 5254 3910 5336">
    <p class='ocr_par' dir='ltr' id='par_1_132' title="bbox 2308 5254 3910 5336">
     <span class='ocr_line' id='line_1_137' title="bbox 2308 5254 3910 5336; baseline -0.002 -23"><span class='ocrx_word' id='word_1_962' title='bbox 2308 5254 2670 5336; x_wconf 69' lang='lat' dir='ltr'><strong>l_li_stil:t__vera</strong></span> <span class='ocrx_word' id='word_1_963' title='bbox 2694 5260 2764 5314; x_wconf 90' lang='lat' dir='ltr'><strong>sit</strong></span> <span class='ocrx_word' id='word_1_964' title='bbox 2793 5254 2952 5336; x_wconf 80' lang='lat' dir='ltr'><strong>lectio</strong></span> <span class='ocrx_word' id='word_1_965' title='bbox 2975 5258 3083 5322; x_wconf 91' lang='lat' dir='ltr'><strong>illa,</strong></span> <span class='ocrx_word' id='word_1_966' title='bbox 3102 5254 3266 5336; x_wconf 75' lang='lat' dir='ltr'><strong>quani</strong></span> <span class='ocrx_word' id='word_1_967' title='bbox 3282 5254 3910 5336; x_wconf 56' lang='lat' dir='ltr'><strong>ex_pr_essimus.__Codcx:</strong></span> 
     </span>
    </p>
   </div>
   <div class='ocr_carea' id='block_1_133' title="bbox 2307 5326 3908 5399">
    <p class='ocr_par' dir='ltr' id='par_1_133' title="bbox 2307 5326 3908 5399">
     <span class='ocr_line' id='line_1_138' title="bbox 2307 5326 3908 5399; baseline -0.002 -15"><span class='ocrx_word' id='word_1_968' title='bbox 2307 5329 2460 5384; x_wconf 86' lang='lat' dir='ltr'><strong>Fuld.</strong></span> <span class='ocrx_word' id='word_1_969' title='bbox 2501 5328 2871 5384; x_wconf 80' lang='lat' dir='ltr'><strong>Hierannanda</strong></span> <span class='ocrx_word' id='word_1_970' title='bbox 2902 5344 3070 5398; x_wconf 88' lang='lat' dir='ltr'><strong>penes.</strong></span> <span class='ocrx_word' id='word_1_971' title='bbox 3103 5326 3170 5382; x_wconf 81' lang='lat' dir='ltr'><strong>ad</strong></span> <span class='ocrx_word' id='word_1_972' title='bbox 3216 5326 3366 5399; x_wconf 80' lang='lat' dir='ltr'><strong>quod</strong></span> <span class='ocrx_word' id='word_1_973' title='bbox 3412 5331 3462 5383; x_wconf 90' lang='lat' dir='ltr'><strong>in</strong></span> <span class='ocrx_word' id='word_1_974' title='bbox 3495 5345 3588 5382; x_wconf 89' lang='lat' dir='ltr'><strong>ora</strong></span> <span class='ocrx_word' id='word_1_975' title='bbox 3649 5326 3770 5382; x_wconf 88' lang='lat' dir='ltr'><strong>libri</strong></span> <span class='ocrx_word' id='word_1_976' title='bbox 3800 5326 3908 5399; x_wconf 84' lang='lat' dir='ltr'><strong>mei</strong></span> 
     </span>
    </p>
   </div>
   <div class='ocr_carea' id='block_1_134' title="bbox 2306 5398 3912 5469">
    <p class='ocr_par' dir='ltr' id='par_1_134' title="bbox 2306 5398 3912 5469">
     <span class='ocr_line' id='line_1_139' title="bbox 2306 5398 3912 5469; baseline -0.005 -12"><span class='ocrx_word' id='word_1_977' title='bbox 2306 5401 2606 5457; x_wconf 84' lang='lat' dir='ltr'><strong>Scriverius</strong></span> <span class='ocrx_word' id='word_1_978' title='bbox 2655 5417 2720 5456; x_wconf 82' lang='lat' dir='ltr'><strong>ex</strong></span> <span class='ocrx_word' id='word_1_979' title='bbox 2747 5399 3055 5469; x_wconf 83' lang='lat' dir='ltr'><strong>conjectura</strong></span> <span class='ocrx_word' id='word_1_980' title='bbox 3104 5398 3510 5469; x_wconf 86' lang='lat' dir='ltr'><strong>adscripserat:</strong></span> <span class='ocrx_word' id='word_1_981' title='bbox 3542 5398 3912 5469; x_wconf 72' lang='lat' dir='ltr'><strong>Legimusiue-</strong></span> 
     </span>
    </p>
   </div>
   <div class='ocr_carea' id='block_1_135' title="bbox 2306 5467 3912 5543">
    <p class='ocr_par' dir='ltr' id='par_1_135' title="bbox 2306 5467 3912 5543">
     <span class='ocr_line' id='line_1_140' title="bbox 2306 5467 3912 5543; baseline -0.003 -17"><span class='ocrx_word' id='word_1_982' title='bbox 2306 5472 2565 5527; x_wconf 86' lang='lat' dir='ltr'><strong>narranda</strong></span> <span class='ocrx_word' id='word_1_983' title='bbox 2582 5488 2728 5543; x_wconf 84' lang='lat' dir='ltr'><strong>pene,</strong></span> <span class='ocrx_word' id='word_1_984' title='bbox 2756 5467 2922 5543; x_wconf 78' lang='lat' dir='ltr'><strong>Delon</strong></span> <span class='ocrx_word' id='word_1_985' title='bbox 2944 5481 2989 5523; x_wconf 90' lang='lat' dir='ltr'><strong>et</strong></span> <span class='ocrx_word' id='word_1_986' title='bbox 3007 5469 3235 5543; x_wconf 63' lang='lat' dir='ltr'><strong>Bitodon</strong></span> <span class='ocrx_word' id='word_1_987' title='bbox 3256 5467 3472 5543; x_wconf 77' lang='lat' dir='ltr'><strong>etc._qni</strong></span> <span class='ocrx_word' id='word_1_988' title='bbox 3494 5486 3559 5524; x_wconf 79' lang='lat' dir='ltr'><strong>ex</strong></span> <span class='ocrx_word' id='word_1_989' title='bbox 3586 5467 3678 5543; x_wconf 82' lang='lat' dir='ltr'><strong>lib.</strong></span> <span class='ocrx_word' id='word_1_990' title='bbox 3701 5467 3766 5543; x_wconf 73' lang='lat' dir='ltr'><strong>ad</strong></span> <span class='ocrx_word' id='word_1_991' title='bbox 3784 5467 3912 5543; x_wconf 66' lang='lat' dir='ltr'><strong>Na}.</strong></span> 
     </span>
    </p>
   </div>
   <div class='ocr_carea' id='block_1_136' title="bbox 2304 5537 3912 5611">
    <p class='ocr_par' dir='ltr' id='par_1_136' title="bbox 2304 5537 3912 5611">
     <span class='ocr_line' id='line_1_141' title="bbox 2304 5537 3912 5611; baseline -0.003 -14"><span class='ocrx_word' id='word_1_992' title='bbox 2304 5544 2433 5597; x_wconf 86' lang='lat' dir='ltr'><strong>satis</strong></span> <span class='ocrx_word' id='word_1_993' title='bbox 2464 5537 2724 5597; x_wconf 63' lang='lat' dir='ltr'><strong>refn&#39;tatur</strong></span> <span class='ocrx_word' id='word_1_994' title='bbox 2766 5542 2834 5596; x_wconf 90' lang='lat' dir='ltr'><strong>ah</strong></span> <span class='ocrx_word' id='word_1_995' title='bbox 2864 5537 2979 5611; x_wconf 81' lang='lat' dir='ltr'><strong>ipso</strong></span> <span class='ocrx_word' id='word_1_996' title='bbox 3005 5541 3230 5596; x_wconf 87' lang='lat' dir='ltr'><strong>Tertull.</strong></span> <span class='ocrx_word' id='word_1_997' title='bbox 3265 5542 3310 5594; x_wconf 91' lang='lat' dir='ltr'><strong>is</strong></span> <span class='ocrx_word' id='word_1_998' title='bbox 3361 5537 3413 5596; x_wconf 86' lang='lat' dir='ltr'><strong>in</strong></span> <span class='ocrx_word' id='word_1_999' title='bbox 3463 5542 3556 5596; x_wconf 87' lang='lat' dir='ltr'><strong>lih.</strong></span> <span class='ocrx_word' id='word_1_1000' title='bbox 3586 5541 3668 5595; x_wconf 86' lang='lat' dir='ltr'><strong>Ad</strong></span> <span class='ocrx_word' id='word_1_1001' title='bbox 3698 5537 3871 5611; x_wconf 71' lang='lat' dir='ltr'><strong>NatJ</strong></span> <span class='ocrx_word' id='word_1_1002' title='bbox 3893 5577 3912 5603; x_wconf 94' lang='lat'><strong>,</strong></span> 
     </span>
    </p>
   </div>
   <div class='ocr_carea' id='block_1_137' title="bbox 2299 5609 3916 5683">
    <p class='ocr_par' dir='ltr' id='par_1_137' title="bbox 2299 5609 3916 5683">
     <span class='ocr_line' id='line_1_142' title="bbox 2299 5609 3916 5683; baseline -0.006 -13"><span class='ocrx_word' id='word_1_1003' title='bbox 2299 5634 2347 5670; x_wconf 86' lang='lat' dir='ltr'><strong>e.</strong></span> <span class='ocrx_word' id='word_1_1004' title='bbox 2391 5614 2444 5670; x_wconf 90' lang='lat'><strong>9.</strong></span> <span class='ocrx_word' id='word_1_1005' title='bbox 2481 5613 2578 5668; x_wconf 81' lang='lat' dir='ltr'><strong>(lbi</strong></span> <span class='ocrx_word' id='word_1_1006' title='bbox 2613 5623 2730 5666; x_wconf 87' lang='lat' dir='ltr'><strong>tunc</strong></span> <span class='ocrx_word' id='word_1_1007' title='bbox 2760 5609 3042 5667; x_wconf 82' lang='lat' dir='ltr'><strong>Christiani</strong></span> <span class='ocrx_word' id='word_1_1008' title='bbox 3063 5628 3212 5683; x_wconf 85' lang='lat' dir='ltr'><strong>,cunt</strong></span> <span class='ocrx_word' id='word_1_1009' title='bbox 3246 5611 3594 5683; x_wconf 85' lang='lat' dir='ltr'><strong>Hierennape,</strong></span> <span class='ocrx_word' id='word_1_1010' title='bbox 3619 5623 3664 5665; x_wconf 90' lang='lat' dir='ltr'><strong>et</strong></span> <span class='ocrx_word' id='word_1_1011' title='bbox 3689 5609 3916 5683; x_wconf 73' lang='lat' dir='ltr'><strong>Delphos</strong></span> 
     </span>
    </p>
   </div>
   <div class='ocr_carea' id='block_1_138' title="bbox 2298 5679 3914 5755">
    <p class='ocr_par' dir='ltr' id='par_1_138' title="bbox 2298 5679 3914 5755">
     <span class='ocr_line' id='line_1_143' title="bbox 2298 5679 3914 5755; baseline -0.004 -15"><span class='ocrx_word' id='word_1_1012' title='bbox 2298 5694 2405 5740; x_wconf 89' lang='lat' dir='ltr'><strong>etc.</strong></span> <span class='ocrx_word' id='word_1_1013' title='bbox 2433 5687 2547 5755; x_wconf 74' lang='lat' dir='ltr'><strong>lege</strong></span> <span class='ocrx_word' id='word_1_1014' title='bbox 2580 5683 2760 5752; x_wconf 83' lang='lat' dir='ltr'><strong>Hiera,</strong></span> <span class='ocrx_word' id='word_1_1015' title='bbox 2790 5683 3006 5754; x_wconf 78' lang='lat' dir='ltr'><strong>Anaphe</strong></span> <span class='ocrx_word' id='word_1_1016' title='bbox 3032 5684 3118 5739; x_wconf 83' lang='lat' dir='ltr'><strong>vel</strong></span> <span class='ocrx_word' id='word_1_1017' title='bbox 3143 5682 3348 5754; x_wconf 83' lang='lat' dir='ltr'><strong>Napea,</strong></span> <span class='ocrx_word' id='word_1_1018' title='bbox 3372 5695 3429 5738; x_wconf 90' lang='lat' dir='ltr'><strong>ut</strong></span> <span class='ocrx_word' id='word_1_1019' title='bbox 3456 5679 3580 5755; x_wconf 75' lang='lat' dir='ltr'><strong>facit</strong></span> <span class='ocrx_word' id='word_1_1020' title='bbox 3605 5683 3768 5755; x_wconf 79' lang='lat' dir='ltr'><strong>etiam</strong></span> <span class='ocrx_word' id='word_1_1021' title='bbox 3794 5679 3914 5755; x_wconf 63' lang='lat' dir='ltr'><strong>Sal-</strong></span> 
     </span>
    </p>
   </div>
   <div class='ocr_carea' id='block_1_139' title="bbox 2298 5751 3909 5827">
    <p class='ocr_par' dir='ltr' id='par_1_139' title="bbox 2298 5751 3909 5827">
     <span class='ocr_line' id='line_1_144' title="bbox 2298 5751 3909 5827; baseline -0.004 -18"><span class='ocrx_word' id='word_1_1022' title='bbox 2298 5772 2412 5810; x_wconf 86' lang='lat' dir='ltr'><strong>mas</strong></span> <span class='ocrx_word' id='word_1_1023' title='bbox 2438 5751 2506 5811; x_wconf 77' lang='lat' dir='ltr'><strong>us</strong></span> <span class='ocrx_word' id='word_1_1024' title='bbox 2525 5755 2590 5810; x_wconf 90' lang='lat' dir='ltr'><strong>ad</strong></span> <span class='ocrx_word' id='word_1_1025' title='bbox 2618 5757 2860 5811; x_wconf 81' lang='lat' dir='ltr'><strong>Solinutn</strong></span> <span class='ocrx_word' id='word_1_1026' title='bbox 2893 5751 2943 5827; x_wconf 84' lang='lat' dir='ltr'><strong>p.</strong></span> <span class='ocrx_word' id='word_1_1027' title='bbox 2975 5756 3089 5812; x_wconf 67' lang='grc'><strong>102.</strong></span> <span class='ocrx_word' id='word_1_1028' title='bbox 3114 5767 3168 5812; x_wconf 92' lang='lat' dir='ltr'><strong>ct</strong></span> <span class='ocrx_word' id='word_1_1029' title='bbox 3189 5751 3314 5809; x_wconf 82' lang='lat' dir='ltr'><strong>ante</strong></span> <span class='ocrx_word' id='word_1_1030' title='bbox 3345 5755 3494 5810; x_wconf 89' lang='lat' dir='ltr'><strong>illum</strong></span> <span class='ocrx_word' id='word_1_1031' title='bbox 3520 5751 3909 5827; x_wconf 79' lang='lat' dir='ltr'><strong>Gothofredus.</strong></span> 
     </span>
    </p>
   </div>
   <div class='ocr_carea' id='block_1_140' title="bbox 2296 5821 3912 5895">
    <p class='ocr_par' dir='ltr' id='par_1_140' title="bbox 2296 5821 3912 5895">
     <span class='ocr_line' id='line_1_145' title="bbox 2296 5821 3912 5895; baseline -0.004 -15"><span class='ocrx_word' id='word_1_1032' title='bbox 2296 5827 2432 5880; x_wconf 61' lang='lat' dir='ltr'><strong>llsv.</strong></span> <span class='ocrx_word' id='word_1_1033' title='bbox 2460 5857 2530 5868; x_wconf 93' lang='lat'><strong>—</strong></span> <span class='ocrx_word' id='word_1_1034' title='bbox 2558 5827 2744 5892; x_wconf 89' lang='lat' dir='ltr'><strong>Heria,</strong></span> <span class='ocrx_word' id='word_1_1035' title='bbox 2773 5821 3136 5895; x_wconf 79' lang='lat' dir='ltr'><strong>Anapltesque</strong></span> <span class='ocrx_word' id='word_1_1036' title='bbox 3178 5829 3298 5884; x_wconf 72' lang='lat' dir='ltr'><strong>dum</strong></span> <span class='ocrx_word' id='word_1_1037' title='bbox 3325 5827 3575 5883; x_wconf 89' lang='lat' dir='ltr'><strong>videntur</strong></span> <span class='ocrx_word' id='word_1_1038' title='bbox 3600 5839 3723 5880; x_wconf 88' lang='lat' dir='ltr'><strong>esse</strong></span> <span class='ocrx_word' id='word_1_1039' title='bbox 3749 5821 3912 5895; x_wconf 82' lang='lat' dir='ltr'><strong>maris</strong></span> 
     </span>
    </p>
   </div>
   <div class='ocr_carea' id='block_1_141' title="bbox 2293 5894 3916 5978">
    <p class='ocr_par' dir='ltr' id='par_1_141' title="bbox 2293 5894 3916 5978">
     <span class='ocr_line' id='line_1_146' title="bbox 2293 5894 3916 5978; baseline -0.002 -26"><span class='ocrx_word' id='word_1_1040' title='bbox 2293 5897 2456 5956; x_wconf 90' lang='lat' dir='ltr'><strong>lonici</strong></span> <span class='ocrx_word' id='word_1_1041' title='bbox 2487 5899 2675 5960; x_wconf 78' lang='lat' dir='ltr'><strong>insulae</strong></span> <span class='ocrx_word' id='word_1_1042' title='bbox 2695 5898 2840 5959; x_wconf 86' lang='lat' dir='ltr'><strong>inter</strong></span> <span class='ocrx_word' id='word_1_1043' title='bbox 2885 5898 3155 5972; x_wconf 81' lang='lat' dir='ltr'><strong>Sporadas</strong></span> <span class='ocrx_word' id='word_1_1044' title='bbox 3184 5900 3486 5969; x_wconf 66' lang='lat' dir='ltr'><strong>recensita,</strong></span> <span class='ocrx_word' id='word_1_1045' title='bbox 3516 5911 3742 5970; x_wconf 88' lang='lat' dir='ltr'><strong>quarum</strong></span> <span class='ocrx_word' id='word_1_1046' title='bbox 3768 5894 3916 5978; x_wconf 77' lang='lat' dir='ltr'><strong>prior</strong></span> 
     </span>
    </p>
   </div>
  </div>
