4258 6274
598 375 706 434 ὄΞἹ

2019 367 2486 429 TERTULLIANI

3805 349 3922 426 res

592 497 788 568 est(a);
806 505 933 553 tunc
957 493 1266 552 reatituetur
1289 505 1452 550 omne
1479 491 1773 548 humanum
1794 505 1982 565 genus,
2005 492 2069 548 ad
2095 507 2191 549 ex-
2221 494 2275 555 Α
2298 492 2466 565 gitur,
2494 491 2675 548 salvus
2704 498 2807 560 est,
2839 499 2896 547 ut
2921 490 3068 548 nullo
3093 491 3202 564 jam
3246 490 3354 564 igni
3404 489 3773 549 decinerescat
3806 494 3906 564 (d).

593 588 939 660 pungendum
970 585 1110 658 quod
1152 586 1203 641 in
1249 584 1354 641 isto
1397 598 1513 640 aivo
1540 584 1665 640 boni
1695 600 1791 640 seu
1822 585 1947 640 mali
1983 586 2197 652 meruit,

592 690 650 739 et
676 681 796 738 exin
834 677 1243 751 dependendum
1300 679 1355 733 in
1411 678 1728 733 immensam
1770 679 1850 750 (l)
1883 679 2198 735 aeternitatis

590 772 1028 846 perpetuitatem.
1077 770 1311 842 Ideoque
1354 786 1452 827 nec
1483 786 1630 827 mors
1678 771 1821 841 jam,
1875 786 1975 827 nec
2013 786 2198 828 rursus

590 882 658 923 ac
686 881 873 923 rursus
893 867 1239 934 resurrectio,
1266 864 1360 922 sed
1382 865 1582 921 erimus
1601 865 1759 919 iidcm
1787 864 1878 936 qui
1904 880 2065 931 nunc,
2096 880 2197 922 nec

591 959 684 1014 alii
725 966 872 1029 post:
911 957 1002 1014 Dei
1049 957 1266 1029 quidem
1297 957 1534 1013 cultores
1563 957 1700 1027 apud
1748 957 1915 1011 Deum
1956 971 2192 1028 semper,

588 1050 928 1122 superinduti
973 1049 1269 1105 substantia
1321 1050 1535 1120 propria
1587 1049 1934 1114 aeternitatis;
1987 1049 2195 1119 profani

592 1160 725 1201 vero
749 1155 800 1201 et
825 1144 916 1215 qui
946 1156 1052 1198 non
1081 1145 1274 1215 integri
1299 1141 1364 1198 ad
1393 1144 1580 1209 Deum,
1614 1143 1665 1197 in
1692 1157 1848 1213 poena
1877 1158 2030 1212 atque
2052 1143 2195 1214 jugis

590 1241 754 1314 ignis,
776 1239 1028 1295 habentis
1054 1254 1118 1295 ex
1151 1239 1266 1310 ipsa
1317 1247 1504 1292 natura
1554 1237 1692 1308 ejus.
1725 1236 1959 1291 divinam
1991 1237 2197 1293 scilicet

589 1331 1144 1389 subministrationem
1205 1328 1720 1399 incorruptibilitatis
1777 1327 1876 1398 (il).
1925 1327 2196 1383 Noverunt

590 1435 645 1482 et
672 1422 986 1494 Philos0phi
1009 1422 1373 1477 diversitatem
1406 1423 1585 1476 arcani
1611 1427 1666 1475 et
1706 1419 1904 1491 publici
1931 1420 2088 1491 ignis.
2125 1419 2198 1475 Ita

588 1522 749 1594 longe
773 1520 910 1577 alius
937 1529 1020 1576 est
1046 1519 1135 1590 qui
1168 1518 1287 1573 usui
1321 1516 1577 1582 humano,
1601 1515 1739 1571 alius
1765 1514 1853 1585 qui
1872 1514 2076 1586 judicio
2105 1515 2198 1572 Dei

591 1622 834 1686 apparet,
868 1612 982 1666 sive
1009 1611 1074 1665 de
1123 1610 1261 1665 coelo
1293 1607 1512 1663 fulmina
1544 1608 1815 1678 stringens
1847 1606 1950 1678 (b),
1983 1609 2100 1663 sive
2131 1608 2199 1664 de

590 1717 736 1764 terra
769 1721 865 1778 per
891 1703 1120 1760 vertices
1141 1702 1404 1758 montium
1437 1701 1797 1772 ernctans(c);
1825 1715 1930 1754 non
1948 1701 2090 1755 enini
2105 1701 2198 1756 ab«

590 1799 757 1856 sumit
808 1795 949 1868 quod
980 1794 1157 1851 exurit
1177 1835 1191 1860 ,
1225 1793 1342 1860 sed,
1373 1792 1499 1848 dum
1528 1800 1733 1864 erogat,
1783 1802 2017 1862 reparat.
2049 1792 2198 1851 Adeo

2304 587 2373 644 Et
2394 588 2497 644 hoc
2518 588 2621 643 erit
2651 587 3017 643 testimonium
3069 588 3206 658 ignis
3237 587 3445 649 mterni,
3475 585 3575 643 hoc
3597 587 3907 658 exemplum

2300 681 2442 752 jngis
2484 681 2674 752 judicii
2719 697 2932 754 poenam
2971 682 3276 737 nutrientis.
3323 680 3529 738 Montes
3587 691 3815 739 uruntur
3853 691 3910 740 et

2301 773 2531 830 durant:
2563 773 2690 845 quid
2723 785 2982 832 nocentes
3007 785 3059 830 et
3090 775 3184 830 Dei
3217 775 3436 829 hostes?

2876 866 3103 925 CAPUT
3142 866 3335 923 XLIX.

2299 959 3016 1031 ARGUMENTttu.—Ineptum
3029 961 3214 1030 itaque,
3231 960 3433 1014 lattdari
3453 959 3586 1014 idem
3610 961 3662 1015 in
3679 958 3914 1017 Philoso-

2371 1053 2486 1123 phis
2501 1060 2549 1107 ‘et
2569 1053 2901 1108 admirationi
2916 1069 3041 1118 esse,
3057 1053 3110 1106 in
3128 1052 3430 1106 Christianis
3447 1053 3580 1106 odiri
3594 1063 3640 1107 et
3657 1055 3906 1125 persequi:

2373 1162 2592 1216 quorum
2615 1146 2790 1217 opinio
2811 1188 2824 1210 ,
2855 1145 2933 1200 vel
2952 1146 2994 1199 si
3020 1145 3154 1217 falsa
3182 1145 3245 1199 sit
3269 1186 3282 1210 ,
3319 1161 3433 1198 cum
3479 1155 3649 1199 (tmten
3675 1145 3744 1198 ad
3769 1155 3904 1201 recte

2369 1239 2634 1294 vivendum
2665 1240 2863 1310 prosit,
2893 1240 3066 1294 irrisui
3110 1238 3271 1310 magis
3296 1255 3450 1306 quam
3495 1240 3654 1309 plenis
3691 1241 3905 1310 adjudi-

2370 1334 2478 1387 cari
2502 1333 2931 1405 debeat,quibus
2984 1344 3150 1390 tamen
3183 1334 3401 1388 exsultat
3455 1335 3674 1406 vulgus,
3734 1337 3908 1406 inepte

2376 1426 2610 1498 quidem,
2641 1441 2795 1496 quum
2822 1442 2984 1498 parum
3022 1426 3134 1481 istae
3179 1427 3424 1498 gaudium
3457 1427 3558 1482 sint
3585 1425 3908 1483 Christiana-

2375 1535 2488 1572 rum
2513 1560 2526 1583 ,
2555 1519 2641 1590 qui
2671 1520 2859 1592 injuste
2881 1520 3052 1574 vexari
3079 1529 3126 1574 et
3170 1519 3408 1576 danmari
3433 1522 3642 1588 malint,
3674 1537 3826 1592 quam
3865 1539 3899 1577 a

2378 1610 2486 1666 Deo
2516 1613 2766 1667 excidere.

2376 1704 2501 1761 llaec
2525 1717 2649 1761 sunt
2677 1705 2756 1778 ('5)
2781 1723 2900 1779 qua:
2931 1708 2983 1763 in
3020 1707 3176 1764 nobis
3191 1709 3320 1765 solis
3348 1709 3793 1781 prmsumptiones
3810 1725 3908 1767 vo-

2303 1805 2516 1866 cantur,
2534 1799 2585 1852 in
2607 1798 2946 1870 Philosnpltis
2972 1810 3028 1856 et
3050 1801 3229 1857 Poetis
3250 1815 3475 1857 summa:
3497 1803 3734 1859 scientiae
3759 1811 3814 1860 et
3832 1804 3914 1860 in-

589 1897 813 1948 manent
838 1897 1047 1944 montes
1078 1899 1297 1964 semper
1323 1883 1593 1950 ardentes,
1625 1893 1678 1938 et
1705 1883 1794 1955 qui
1825 1885 1893 1939 de
1917 1884 2058 1940 ctelo
2081 1893 2194 1941 tan-
2224 1881 2273 1940 B
2301 1891 2469 1962 signia
2502 1891 2734 1963 ingenia.
2764 1891 2843 1948 Illi
2875 1893 3198 1964 prudentes,
3229 1911 3328 1951 nos
3358 1895 3521 1968 inepti
3546 1895 3644 1970 (e);
3676 1896 3753 1953 illi
3810 1897 3912 1955 ho-

1817 1996 2205 2058 LECTIONES
2244 2001 2658 2063 VARIANTES.

679 2122 727 2192 ξ)
752 2119 816 2192 ξι
838 2119 1021 2192 exinde
1047 2115 1666 2192 perdendumimmjepsam
1691 2114 1781 2192 Fr:
1815 2189 1837 2192 _
1856 2188 1951 2192 ﬁ“
1994 2174 2107 2192 “tu
2153 2180 2163 2192 .

679 2123 699 2173 1
752 2122 816 2172 Ει
838 2122 1021 2169 exinde
1047 2122 1353 2191 perdendum
1380 2122 1665 2164 immensam
1691 2122 1781 2186 Fr.
2064 2174 2074 2185 ο
2153 2180 2163 2192 ⁸

651 2122 727 2249 l2;
752 2185 879 2254 Ηρυ·
905 2189 957 2231 ει
978 2194 1062 2254 (ἱυι
1086 2192 1183 2254 ἔφη
1211 2175 1688 2254 ν¹.¹Ῑιεὶετέκ²ἓίὶξ¹ἓ¹ὲὶπῖν
1719 2176 2123 2254 39.,ι39ίῗ¹ἒ²ἒ.[⁸²9·
2151 2191 2201 2228 ια

595 2237 815 2312 poenam]
833 2255 976 2308 teque
991 2237 1126 2305 iugis
1141 2240 1288 2303 ignis,
1311 2237 1542 2289 habentis
1567 2237 1696 2304 [Rig.
1719 2237 1982 2302 habentes]
1997 2237 2130 2291 ’ex'i.
2152 2254 2203 2290 n.

2306 2132 2355 2170 e.
2381 2121 2544 2171 divina
2568 2135 2637 2171 sc.
2663 2122 2822 2172 subm.
2847 2123 3026 2174 incorr.

2371 2183 2446 2248 (ὅ)
2469 2181 2590 2235 Haec
2612 2182 2722 2251 Rig.
2750 2187 2961 2237 Haverc.

1974 2342 2531 2410 COMMENTARIUS.

593 2473 768 2540 fuerit.
797 2466 924 2524 Loci
962 2463 1279 2522 subobscuri
1310 2462 1396 2517 hic
1444 2472 1531 2540 est
1569 2475 1760 2540 sensus
1795 2479 1808 2516 :
1846 2477 2012 2530 quum
2055 2477 2186 2540 ergo

589 2532 942 2598 constitutum
971 2549 1181 2605 tempus
1209 2544 1264 2591 ct
1303 2534 1562 2589 terminus
1607 2532 1696 2588 ille
1735 2543 2053 2615 extremus,
2094 2532 2185 2605 qui

589 2615 734 2668 inter
759 2610 1104 2681 temporalem
1135 2616 1189 2662 et
1217 2612 1779 2681 perpetuamaitatem
1808 2614 1889 2681 es_t
1911 2606 2126 2681 ,_dict_us
2155 2621 2183 2681 τε

589 2683 761 2740 Paulo
787 2675 1042 2753 Apostolo
1079 2686 1256 2760 ἅποέέὲς
1281 2680 1368 2760 atati.
1389 2683 1508 2760 ῥιςιςῆ
1539 2680 1779 2760 ὀρθοξξμοΰ
1799 2675 2013 2758 .(Epist.
2046 2675 2090 2741 Ῑ,
2118 2677 2187 2760 ad

591 2747 863 2820 Corinthi,
891 2765 1011 2822 cap.
1041 2766 1129 2818 xv,
1166 2747 1259 2815 52)
1305 2747 1504 2822 aderit,
1531 2747 1768 2800 utetiam
1796 2747 1963 2815 ipsius
2002 2747 2186 2803 mundi

591 2818 986 2896 species,'qu:e
1020 2835 1172 2896 teque
1203 2818 1625 2896 temporalisest
1651 2831 1714 2871 ac
1742 2832 1915 2896 sevum
1957 2825 2013 2873 et
2048 2829 2186 2874 tem-

591 2886 696 2965 pus
716 2886 928 2966 ipsum,
957 2901 1013 2948 et
1038 2886 1297 2966 hactenus
1317 2886 1482 2966 'quasi
1509 2886 1736 2966 densum
1765 2888 1943 2943 velum
1972 2896 2027 2944 et
2065 2905 2185 2944 ma-

593 2958 753 3023 ceria
783 2967 970 3036 ingens
1001 2962 1260 3036 prohibet
1279 2958 1592 3014 aeternitatis
1627 2973 1779 3036 usum
1805 2999 1821 3024 ,
1859 2968 2096 3014 transeat
2136 2971 2192 3016 et

592 3028 910 3093 immutetur
934 3076 950 3101 ,
982 3028 1110 3089 tunc
1138 3033 1446 3102 restituetur
1470 3044 1630 3084 omne
1661 3028 1954 3102 humanum
1997 3047 2188 3102 genus,

593 3119 702 3166 etc.
732 3108 917 3164 Oratio
945 3104 1188 3177 Septimii
1228 3104 1301 3177 ita
1331 3101 1814 3177 distinguimelius
1848 3101 2025 3177 forsan
2064 3119 2192 3177 pos-

591 3182 665 3236 sit
688 3221 703 3249 ,
724 3196 839 3234 cum
884 3172 1162 3250 ergofﬁnis
1187 3186 1235 3230 et
1265 3174 1439 3240 limes,
1467 3172 1664 3226 medius
1691 3173 1775 3242 qui
1796 3172 2077 3241 interhiat,
2101 3175 2196 3229 ad-

630 3253 779 3306 ‘uerit.
813 3250 951 3306 Hav.

603 3255 779 3323 fuerit.
813 3255 951 3306 Hav.
1507 3315 1526 3330 Ἰ

671 3323 747 3395 (a)
777 3321 942 3395 Aultei
976 3319 1081 3395 vice
1103 3333 1335 3388 oppansa
1361 3324 1460 3395 est.
1494 3315 1668 3384 Supra
1695 3329 1816 3385 cap.
1847 3331 1957 3395 xvi,
1981 3315 2050 3372 de
2079 3317 2198 3372 velo

595 3387 890 3449 sanctuarii
935 3410 949 3446 :
971 3387 1145 3447 etiam
1166 3387 1460 3457 conspectui
1485 3396 1784 3458 cwterorum
1809 3388 1921 3441 velo
1968 3405 2198 3458 oppanso

592 3465 1004 3542 interdicebatur.
1149 3456 1326 3515 forsan
1355 3457 1594 3542 respergit
1623 3456 1690 3510 ad
1711 3457 1839 3542 illud
1855 3456 2088 3542 Virgilii,
2111 3459 2202 3542 qui

595 3538 674 3590 sic
706 3535 1009 3604 loquentem
1045 3531 1308 3587 Venerem
1349 3527 1415 3582 ad
1475 3528 1644 3584 lilium
1692 3526 1921 3584 [Eueatn
1959 3526 2201 3596 inducit,

595 3605 692 3660 lib.
721 3604 790 3670 II,
815 3605 921 3660 604
953 3619 966 3656 :

686 3697 886 3760 ASpice,
912 3709 1122 3760 namque
1143 3707 1357 3760 omnem,
1383 3705 1496 3760 quae
1521 3705 1651 3760 nunc
1673 3693 1884 3760 obducta
1901 3696 2061 3744 tuenti

693 3755 928 3808 Mdrtales
949 3755 1157 3806 hebetat.
1190 3757 1324 3805 visus
1370 3757 1477 3814 tibi,
1505 3762 1557 3804 et
1585 3755 1782 3804 humida
1803 3757 1988 3805 circum

687 3820 894 3883 Caligat,
920 3820 1104 3868 nubem
1130 3819 1354 3880 eripiam.

593 3906 859 3962 Ilomerus
887 3903 962 3958 illi
991 3902 1291 3972 prmiverat,
1319 3899 1456 3969 apttd
1474 3899 1780 3972 quem._lih.
1810 3899 1961 3956 lliad.
1993 3901 2057 3970 E,
2086 3918 2205 3958 ver-

599 3994 666 4035 su
691 3976 814 4042 127,
843 3974 910 4030 ad
952 3970 1261 4030 Diomedem
1296 3972 1365 4025 ita
1400 3973 1543 4025 tatur
1571 3970 1784 4026 Pallas:

592 4212 634 4268 l.
666 4227 742 4277 e.,
774 4212 1053 4282 Caligincm
1084 4225 1200 4282 vero
1240 4207 1328 4260 tibi
1354 4207 1416 4259 ab
1447 4205 1607 4282 oculis
1647 4205 1864 4282 abstuli,
1919 4209 2199 4282 qua:_prius

595 4285 768 4339 aberat
787 4323 803 4348 ,
835 4277 1040 4338 ut'benc
1080 4281 1347 4348 dignoscas
1367 4320 1380 4336 .
1441 4289 1547 4348 tum
1578 4277 1852 4341 hominem,
1883 4277 1986 4332 tum
2020 4277 2199 4333 Deum.

596 4347 880 4423 Quomtido
907 4353 1021 4408 fere
1049 4347 1644 4423 Eutiapitts__S;itdiatitts
1670 4350 1720 4402 in
1748 4349 1908 4403 simili
1938 4349 2112 4404 fabula
2135 4351 2202 4406 de

592 4420 876 4482 Jamblichi
904 4422 1195 4492 discipulis.
1216 4436 1265 4488 p.
1396 4436 1407 4472 ε
1434 4425 1710 4492 γὼςένοχὶοῖ
1736 4429 1765 4480 ἡ
1793 4429 1878 4487 μὲν
1904 4425 2056 4477 αὗτῶν
2078 4430 2201 4477 πο).-

593 4506 731 4560 iam;
772 4507 938 4568 μικρδν
978 4491 1099 4568 ciust:
1129 4500 1399 4568 cestimim.
1431 4491 1466 4543 i.
1496 4491 1738 4568 etquod
1767 4492 1897 4568 forte
1922 4496 2194 4568 impeditus

593 4581 725 4626 esset
753 4562 984 4637 ipsorum
1009 4567 1146 4619 visus
1185 4564 1350 4637 minus
1375 4577 1510 4637 (icer.
1563 4562 1627 4637 Et
1654 4563 1704 4614 in
1731 4577 1855 4637 vera
1884 4563 2101 4637 historia
2129 4565 2195 4620 ad

591 4632 784 4709 preces
814 4641 1001 4714 Elisea}
1033 4634 1241 4714 aperuit
1271 4634 1408 4687 Deus
1437 4632 1632 4714 fill—Illllll‘
1647 4633 1834 4714 oculos
1854 4674 1868 4697 ,
1902 4644 1962 4714 ut
1993 4635 2197 4690 videret
2219 4653 2274 4714 D

591 4702 846 4768 caelestes
874 4702 1153 4778 copiaslll
1183 4705 1316 4778 Reg.
1349 4703 1559 4778 vt._l7).
1599 4702 1923 4778 Spectatque
1951 4706 2050 4778 huc
2075 4722 2194 4778 oms

592 4786 753 4838 nibus
827 4774 1075 4851 gent-ibus
1099 4774 1491 4851 llesiderabilis
1543 4776 1828 4851 protnissip
1884 4775 2002 4851 κζ)θί
2053 4777 2192 4851 apud

591 4853 806 4919 Isaiam,
826 4845 958 4916 ixv,
983 4850 1014 4904 7
1044 4867 1056 4902 :
1093 4846 1160 4902 Et
1174 4848 1226 4902 in
1245 4849 1339 4900 hoc
1353 4858 1518 4900 monte
1536 4845 1750 4900 abolebit
1776 4845 2024 4901 Dominus
2047 4845 2195 4919 faciei

590 4925 910 4979 involucrum
934 4964 948 4988 ,
975 4930 1020 4975 et
1049 4928 1396 4992 tegumentum
1423 4933 1523 4987 quo
1557 4934 1730 4972 omnes
1764 4927 2002 4989 teguntur
2022 4921 2194 4975 nntia-

687 5034 702 5050 ο
739 5011 879 5050 I‘IAV.

592 4994 897 5137 miliPSAibe
925 5064 988 5118 de
1015 5063 1141 5118 caelo
1163 5059 1382 5137 fulmina
1404 5059 1680 5137 stringens.
1708 5058 1778 5137 Id
1807 5069 1889 5116 est
1937 5060 2157 5137 eliciens
2175 5104 2192 5131 ,

591 5130 838 5210 adeoque
869 5139 1080 5210 igneum
1104 5130 1254 5203 quasi
1267 5145 1557 5210 nenscninex
1593 5130 1856 5210 nubibus,
1889 5142 1946 5188 ut
1968 5130 2184 5210 yagina,

591 5201 850 5267 edticéus.
888 5201 984 5263 'Sic
1013 5201 1231 5273 Ajacem
1261 5202 1397 5256 Oilei
1428 5202 1594 5273 lilium
1627 5217 1654 5253 a
1697 5201 1932 5257 Minerva
1964 5201 2192 5261 fulmine

589 5298 694 5354 qua
723 5271 1224 5354 Ierr0_translixum
1254 5281 1469 5344 pectora
1508 5271 1711 5327 inducit
1740 5273 1995 5344 Virgilius
2022 5276 2117 5331 lib.
2151 5292 2191 5331 ι.

591 5349 808 5410 ἱΕηεὶἀ.
847 5349 939 5406 48.

715 5442 864 5509 Illum
888 5441 1198 5509 expirantem
1225 5434 1460 5509 transfixo
1484 5436 1926 5509 pectnorellammas

713 5505 934 5558 Turbine
957 5498 1211 5565 corripuit,
1237 5498 1536 5562 scopuloque
1556 5499 1712 5549 aﬂixit
1738 5506 1897 5551 acuto.
1943 5499 2073 5552 Har.

659 5613 735 5687 (c)
765 5612 885 5670 Sive
910 5609 974 5664 de
1000 5617 1134 5687 terra
1157 5622 1245 5678 per
1271 5605 1750 5687 verticesanIitiuiii
1769 5615 2031 5687 eructans.
2055 5604 2195 5687 Gon-

575 5673 756 5756 jtitixit
786 5693 844 5739 ut
882 5673 1290 5756 ptenales,'cap.
1319 5692 1433 5756 XL}
1467 5673 1602 5756 Qum
1636 5675 1891 5756 Vulsinios
1931 5679 1995 5756 de
2017 5678 2146 5733 cmlo
2172 5719 2189 5743 ,

582 5747 868 5826 Pompeius
884 5747 953 5806 de
981 5766 1076 5805 suo
1104 5759 1274 5826 monte
1299 5749 1549 5826 perfudit:
1578 5747 1820 5826 Appellat
1845 5752 2054 5826 vertices
2085 5765 2187 5805 un-

577 5817 774 5882 dantes
815 5824 1058 5879 ﬂammas
1095 5834 1216 5888 qua:
1255 5817 1306 5872 in
1353 5817 1624 5890 montibus
1665 5817 1954 5890 ignivomis
1993 5836 2190 5890 magno

585 5896 786 5956 urbine
813 5895 1022 5951 adactae
1050 5899 1360 5950 eruetantur
1388 5901 1442 5948 et
1477 5888 1628 5946 foras
1660 5888 2039 5962 prorumpunt.
2085 5888 2184 5950 Di-

2223 3289 2269 3353 C
2303 3317 2522 3372 corpora
2565 3289 2808 3372 tangunt,
2866 3289 2973 3360 nec
3001 3289 3291 3361 absumunt.

2291 2477 2513 2596 {limata}
2515 2479 2725 2528 veteres
2753 2480 2805 2528 et
2850 2472 3088 2528 vorticem
3111 2483 3165 2530 et
3190 2477 3444 2531 verticem.
3467 2475 3779 2546 Lucretius,
3811 2479 3911 2536 lib.

2364 2581 2553 2606 ’-VV.

2417 2631 2573 2746 gnam
2597 2647 2708 2685 cum
2733 2637 2982 2699 perscidit,
3010 2638 3264 2702 extemplo
3288 2640 3418 2691 cadit
3441 2642 3618 2706 igneus
3642 2640 3726 2694 ille

2467 2709 2526 2745 or
2549 2709 2632 2746 ex.

2467 2709 2612 2746 ortex
2621 2734 2632 2745 .

2293 2775 2464 2847 Idem,
2496 2779 2591 2835 lib.
2626 2780 2665 2848 Ι,
2697 2781 2805 2838 294
2836 2801 2849 2836 :

2727 2873 2982 2925 Interdum
3007 2877 3194 2927 vertice
3223 2884 3351 2928 torto

2419 2933 2712 2999 corripiunt,
2739 2939 3007 3001 rapidoque
3030 2941 3239 2989 rotantia
3262 2943 3464 2992 turbine
3488 2949 3702 3006 portant.
3726 2941 3858 2994 Hsv.

2369 3015 2450 3088 (ὁ)
2485 3015 2554 3072 Ut
2599 3019 2744 3072 nullo
2781 3021 2894 3091 jam
2923 3021 3033 3091 igni
3080 3021 3444 3078 decinerescat.
3482 3024 3576 3080 Vel
3625 3027 3694 3080 ita
3733 3027 3908 3084 locum

2295 3085 2440 3161 hunc
2467 3091 2708 3159 percepit
2749 3085 3002 3148 Minutius
3022 3135 3036 3159 ,
3065 3095 3214 3161 quasi
3242 3095 3430 3149 innuat
3458 3094 3822 3153 Tertullianus
3850 3100 3903 3154 id

2296 3159 2440 3236 quod
2461 3161 2792 3236 experientia
2821 3162 3015 3236 docet,
3049 3159 3253 3219 scilicet
3278 3181 3506 3236 corpora
3533 3167 3810 3224 fulminata
3840 3170 3906 3224 il-

2300 3231 2427 3286 laisa
2454 3231 2655 3296 videri,
2684 3231 2810 3286 dum
2841 3235 3048 3309 scribit,
3083 3251 3134 3305 p.
3164 3237 3234 3292 59
3265 3231 3426 3309 :sicut
3458 3239 3602 3309 ignes
3633 3240 3906 3307 fulminum

3321 3308 3614 3376 Quomodo
3644 3321 3698 3365 et
3726 3311 3908 3367 Gallus

2309 3373 2593 3448 interpres.
2623 3373 2720 3448 Vel
2749 3377 2974 3448 recessit
2999 3377 3066 3432 ab
3095 3377 3183 3432 illa
3215 3373 3476 3448 opinione
3508 3397 3670 3448 quam
3693 3383 3776 3437 vel
3800 3395 3910 3439 tue-

2309 3443 2356 3498 ri
2383 3445 2466 3499 vel
2494 3447 2763 3514 respicere
2781 3446 2994 3504 videtur
3022 3451 3223 3504 Auctor
3250 3443 3452 3513 noster.
3488 3443 3619 3506 Dum
3659 3453 3802 3508 enim
3824 3453 3907 3510 di-

2309 3515 2384 3569 cit
2409 3515 2655 3590 salvum',
2702 3526 2757 3570 ut
2807 3518 2954 3590 nullo
2990 3520 3099 3590 jam
3129 3521 3235 3586 igni
3282 3522 3692 3588 decinerescat,
3738 3525 3907 3582 videri

2310 3595 2488 3656 potest
2511 3587 2706 3663 docere
2733 3587 3286 3663 cadavera'l'ulminata
3313 3592 3380 3648 ab
3403 3594 3510 3663 igni
3530 3587 3773 3650 consumi
3797 3612 3903 3653 non

2311 3671 2488 3726 posse.
2513 3658 2602 3713 Sic
2641 3662 3143 3733 negabantgveteres
3163 3662 3277 3733 illis
3301 3663 3391 3733 qui
3421 3658 3684 3720 venenum
3715 3667 3909 3724 hause-

2310 3737 2431 3810 rant
2459 3743 2552 3784 cor
2580 3731 2828 3810 cremari.
2854 3731 3092 3810 _Plin_ius,
3114 3732 3212 3810 lib.
3247 3731 3329 3810 xi,
3352 3749 3465 3806 cap.
3492 3736 3561 3810 57
3589 3755 3600 3788 :
3623 3734 3724 3810 cor
3743 3755 3907 3810 nega-

2314 3807 2397 3852 tur
2437 3800 2666 3876 cremari
2680 3818 2826 3871 posse
2849 3803 2901 3857 in
2953 3805 3016 3857 iis
3037 3805 3126 3876 qui
3152 3806 3387 3860 cardiaco
3416 3800 3587 3861 inorbo
3629 3800 3861 3862 obierunt
3883 3851 3901 3876 ,

2309 3878 2398 3922 aut
2435 3887 2623 3946 veneno
2648 3872 2983 3945 interemptis.
3014 3872 3160 3930 Certe
3176 3887 3339 3930 exstat
3367 3878 3530 3931 'oratio
3568 3877 3775 3945 Vitellii,
3805 3872 3909 3946 qua

2309 3955 2451 3994 reum
2481 3939 2722 4024 Pisonem
2751 3939 2872 4014 ejus
2897 3946 3099 4000 sceleris
3145 3949 3410 4020 coarguit,
3437 3950 3538 4024 [ioc
3595 3965 3718 4024 usus
3745 3939 3911 4024 urgu-

2311 4022 2477 4066 mento
2507 4029 2526 4066 :
2557 4014 2827 4082 palamque
2864 4026 3074 4072 testatus
3092 4058 3108 4080 .
3159 4014 3287 4072 non'
3306 4019 3529 4089 potuisse
3559 4021 3621 4074 ob
3661 4014 3908 4078 veneriam

2311 4098 2398 4136 cor
2428 4081 2716 4139 Germanici
2740 4083 2958 4141 Cwsaris
2996 4088 3243 4144 comburi.
3277 4090 3343 4144 Et
3369 4105 3434 4145 ex
3473 4091 3558 4146 illa
3587 4090 3766 4147 forsan
3797 4094 3907 4149 He-

2310 4098 2398 4136 cor
2428 4098 2714 4139 uermamci
2740 4098 2958 4141 cresans
2996 4098 3243 4144 comburi.
3277 4098 3343 4144 Et
3369 4105 3434 4145 ex
3473 4098 3558 4146 illa
3587 4098 3766 4147 forsan
3797 4098 3907 4150 He-

2313 4163 2613 4210 truscorum
2651 4156 2930 4226 disciplina
2959 4160 3043 4214 lex
3090 4161 3176 4214 illa
3209 4159 3396 4216 Numte
3435 4162 3576 4226 apud
3599 4161 3818 4220 Festum
3851 4167 3905 4222 in

2313 4240 2445 4279 voce
2475 4226 2729 4281 Occisum.
2756 4226 2884 4283 SE1.
2907 4229 3237 4286 ι-ιοδιιΝιςΜ.
3265 4231 3538 4289 FULMIN.
3562 4233 3765 4290 JOBIS.
3791 4236 3906 4293 OC-

2306 4295 2496 4352 CISIT.
2523 4297 2636 4353 EM.
2667 4297 2914 4355 SUPRA.
2943 4301 3198 4358 GENUA.
3228 4302 3338 4357 NE.
3374 4303 3686 4360 TOLLlTO.
3720 4318 3774 4362 et
3802 4309 3902 4362 ibi-

2305 4367 2467 4422 dem:
2497 4368 2704 4424 HOMO.
2739 4370 2866 4426 SEI.
2906 4371 3227 4428 FULMINE.
3273 4373 3570 4432 OCCISUS.
3610 4375 3778 4432 ESI'I‘.
3812 4377 3898 4433 EI.

2303 4437 2540 4518 Jusra.
2561 4439 2813 4518 NULLA.
2843 4441 3467 4518 “antonomasia.
3493 4448 3900 4518 Sepelicbantur

2303 4511 2444 4564 enim
2474 4511 2566 4582 ibi,
2607 4513 2693 4567 tibi
2720 4523 2874 4569 erant
2922 4515 3222 4582 lulminati,
3274 4533 3374 4572 nec
3405 4511 3587 4573 utalia
3636 4519 3898 4576 cadavera

2301 4581 2713 4663 cremabantug,
2747 4584 3003 4663 lucusque
3031 4589 3075 4640 is
3113 4581 3266 4663 sa_c_er
3303 4598 3420 4644 erat
3462 4600 3517 4645 et
3543 4589 3768 4645 bidental
3801 4607 3900 4663 ap.

2301 4653 2616 4722 pellabatnr.
2646 4654 2885 4724 Persius,
2919 4653 3032 4713 Sat.
3067 4672 3126 4722 tt,
3152 4657 3223 4712 27
3251 4676 3264 4712 :

2426 4744 2588 4796 Triste
2607 4747 2746 4810 jaces
2767 4747 2891 4799 lucis
2909 4748 3288 4814 evitandumque
3313 4753 3549 4805 bidental.

2300 4825 2870 4906 Ilbiuinspicipgssunt
2890 4833 3185 4906 doctissimi
3207 4833 3505 4891 Casanboni
3531 4835 3684 4892 Nosse
3709 4879 3726 4906 ,
3758 4847 3817 4894 ut
3841 4847 3897 4897 et

2301 4899 2888 4980 Scaligeri‘adjestum
2930 4905 2982 4959 in
3015 4899 3184 4980 vocer,
3215 4899 3772 4980 BidentalniAddiquc
3804 4927 3900 4980 po-

2302 4980 2405 5050 test
2433 4971 2820 5050 ιπερὶ)ηηίροὶ.
2853 4973 3076 5050 [iocosis
3098 4971 3343 5050 MiScell.,
3363 4979 3455 5034 lib.
3484 4977 3574 5044 Ill,
3607 4971 3727 5050 cap.
3759 4971 3891 5046 xim.

2300 5042 2390 5120 qui
2417 5058 2480 5096 ex
2500 5042 2857 5120 _Euripi_deqet
2871 5046 3043 5120 Statio
3085 5049 3242 5104 docet
3279 5051 3468 5120 graccis
3499 5042 3736 5107 maribus
3767 5042 3897 5109 illud

2300 5112 2656 5191 incognitum.
2685 5113 2781 5191 Vel
2827 5116 3092 5191 denique.
3127 5121 3192 5175 ad
3240 5112 3384 5175 hunc
3414 5125 3575 5177 ritum
3603 5123 3896 5191 resiiiciens

2299 5181 2403 5265 liic_
2426 5181 2647 5265 auctor,
2673 5186 2857 5265 dicere
2888 5181 3048 5245 vol'uit
3074 5192 3223 5246 illum
3246 5234 3260 5257 ,
3294 5195 3382 5262 qui
3407 5193 3626 5265 fulmine
3648 5181 3894 5265 adeoque

2299 5255 2406 5326 igni
2435 5258 2643 5324 caelesti
2673 5258 2984 5315 interiectus
3011 5273 3097 5317 est
3126 5255 3333 5318 salvum
3353 5279 3474 5320 esse
3502 5280 3532 5318 a
3559 5263 3772 5320 ﬂamma
3805 5255 3898 5321 ro-

2297 5327 2386 5396 gi,
2413 5329 2675 5406 quiaﬂnou
2700 5341 3060 5406 cremaretur,
3087 5334 3179 5390 sed
3209 5336 3527 5406 sepeliretur
3557 5378 3572 5402 ,
3624 5336 3898 5406 quomodo

2297 5411 2488 5453 omnes
2516 5399 2800 5456 Christiani
2828 5444 2843 5466 ,
2885 5403 2976 5476 qui
3025 5399 3157 5476 rogo
3206 5399 3406 5475 im'poni
3465 5399 3803 5475 abnuebant,
3836 5418 3900 5464 ut

2299 5477 2447 5538 patet
2469 5486 2692 5546 exihcap.’
2709 5488 2852 5528 tht:
2885 5473 3059 5546 Sciant
3088 5473 3258 5532 Sabazi
3282 5473 3445 5546 pluris
3467 5489 3514 5532 et
3542 5479 3756 5534 carioris
3775 5473 3898 5536 suas

2299 5556 2485 5620 merces
2497 5541 2807 5620 phristiam's
2835 5545 3136 5620 sepeliendis
3165 5541 3454 5620 profligati,
3483 5565 3638 5620 quam
3662 5548 3776 5606 Diis
3804 5551 3894 5620 [u-

2297 5611 2572 5690 migandis.
2605 5614 2731 5690 Sed
2756 5616 2857 5671 hoc
2888 5611 2992 5671 non
3017 5611 3178 5690 eligo;
3218 5611 3360 5675 uti.

2372 5683 2450 5754 (e)
2481 5683 2572 5760 illi
2598 5687 2901 5760 prudentes,
2950 5705 3043 5743 nos
3077 5683 3257 5760 inepti.
3287 5691 3576 5758 Arnobius,
3612 5691 3705 5748 lib.
3733 5689 3758 5747 Ι
3786 5709 3800 5747 :
3826 5691 3896 5748 Et

2293 5751 2522 5829 illicati,
2554 5751 2804 5826 sapientes
2827 5799 2843 5825 ,
2888 5751 3275 5829 prudentissimi
3325 5762 3462 5817 vobis
3507 5751 3768 5828 videntur,
3800 5780 3894 5819 nec

2291 5826 2698 5904 repi'elietnsioitis
2727 5826 2903 5904 ullius,
2918 5831 3032 5904 _qui
3061 5831 3292 5901 Faunos,
3324 5836 3410 5904 qui
3442 5832 3642 5890 Fatuos
3666 5877 3680 5899 ,
3714 5826 3894 5890 civita-

2293 5903 2496 5966 tumque
2518 5895 2707 5957 Genios
2727 5939 2743 5968 ,
2787 5903 2878 5972 qui
2903 5895 3107 5964 Pansos
3132 5895 3420 5964 reverentur
3444 5915 3596 5977 atque
3618 5895 3886 5969 Bellona.
