4252 6278
521 229 643 302 555

1741 228 1827 285 DE
1867 227 2122 286 IETATE
2169 224 2619 284 APOLOGE'IICI

3721 232 3848 292 .536

539 344 657 406 huic
686 344 790 415 pati
826 343 964 399 Deus
993 341 1208 413 patitur.
1240 339 1374 397 Nam
1415 349 1470 396 et
1497 341 1764 412 proxime,
1784 341 1852 398 ad
1882 341 2132 418 lenonem
2159 344 2214 406 Α
2237 339 2525 419 Christiani
2566 339 2721 417 laetis
2766 339 3031 399 docendo.
3059 340 3153 398 llla
3184 342 3298 414 ipsa
3326 341 3652 413 obstinatio,
3682 361 3839 418 quam

545 435 622 507 (a)
663 435 967 490 damnando
1013 432 1362 488 Christianam
1405 433 1579 503 potius
1608 449 1767 510 quam
1794 433 1862 490 ad
1889 435 2134 500 leonem,

538 526 773 583 confessi
805 525 934 581 estis
974 523 1145 579 labem
1191 523 1456 594 pudicitia:
1484 525 1624 596 apud
1673 527 2135 602 nos’atrociorem

537 619 684 673 omni
715 632 869 687 poena
897 626 949 671 et
975 614 1123 671 omni
1164 626 1337 672 morte
1385 617 1644 687 reputari.
1695 617 1804 675 Nec
1849 618 2134 694 quicquam

537 719 719 764 tamen
750 707 960 778 prolicit
985 707 1303 778 exquisitior
1340 724 1568 780 qumque
1590 709 1878 766 crudelitas
1919 721 2132 767 vestra:

535 801 789 857 illecebra
816 810 898 854 est
929 802 1095 870 magis
1123 810 1302 856 sectm.
1339 801 1526 858 Plures
1550 801 1818 859 efﬁcimur
1845 800 1940 874 (b),
1995 817 2134 874 quo-

537 896 641 952 ties
670 896 923 952 metimur
944 911 975 950 a
1005 895 1158 952 vnb‘s
1188 913 1201 950 :
1230 911 1414 951 semen
1441 906 1526 972 est
1552 897 1768 967 sanguis
1795 896 2134 952 Christiano-

537 1004 658 1044 rum
715 988 806 1057 (c).
857 987 1007 1042 Multi
1053 986 1192 1058 apud
1254 1003 1353 1042 vos
1389 987 1455 1042 ad
1489 987 1824 1044 tolerantiam
1855 988 2056 1043 doloris
2085 995 2141 1044 et

536 1083 730 1138 mortis
762 1081 1066 1148 hortantur,
1094 1091 1148 1134 ut
1175 1080 1365 1136 Cicero
1394 1082 1444 1135 in
1475 1081 1810 1146 Tusculanis,
1847 1090 1903 1136 ut
1933 1080 2138 1137 Seneca

535 1178 590 1232 in
616 1176 898 1242 Fortuitis,
924 1185 978 1231 ut
1013 1175 1309 1245 Diogenes,
1343 1183 1400 1230 ut
1432 1175 1696 1246 Pyrrhon,
1740 1185 1798 1230 ut
1823 1175 2136 1232 Callinicus.

537 1268 648 1326 Nec
673 1279 850 1324 tamen
880 1277 1058 1322 tantos
1082 1268 1360 1322 inveniunt
1385 1266 1543 1323 verba
1573 1267 1888 1338 dlaCllllllOS,
1913 1276 2144 1337 quantus

2243 431 2606 502 exprobratis,
2640 423 2888 504 magistra
2927 442 3031 489 est.
3078 430 3210 500 Quis
3257 433 3404 490 enim
3457 449 3563 492 non
3608 445 3844 493 contem-

2241 525 2478 596 platione
2503 525 2620 594 ejus
2646 525 2948 582 concutitur
2987 526 3053 581 ad
3096 526 3514 598 requirendum,
3542 529 3671 602 quid
3700 531 3844 590 intus

2241 616 2296 672 in
2330 632 2390 672 re
2442 616 2544 672 sit?
2576 616 2708 686 Quis
2761 633 2900 686 non,
2957 618 3046 674 ubi
3099 619 3412 689 requisivit,
3465 620 3695 689 accedit,
3750 623 3843 680 ubi

2241 709 2489 775 accessit,
2519 708 2625 779 pati
2656 719 2895 780 exoptat,
2929 718 2986 766 ut
3015 718 3178 764 totam
3205 709 3298 765 Dei
3327 710 3554 782 gratiam
3582 712 3831 781 redimat,

2238 813 2299 858 ut
2325 816 2540 858 omnem
2571 801 2779 856 veniam
2808 801 2887 875 (ά)
2915 801 2985 856 ab
3004 817 3072 858 eo
3095 804 3536 874 compensatione
3559 805 3838 878 sanguinis

2240 894 2324 950 sui
2351 893 2634 965 expediat?
2662 892 2852 950 Omnia
2891 894 3036 950 enim
3089 893 3214 950 huic
3238 894 3386 966 operi
3413 895 3606 952 delicta
3637 897 3846 955 donano

2241 996 2346 1045 tur.
2375 987 2505 1044 Inde
2528 996 2644 1056 est,
2675 987 2817 1058 quod
2859 987 3056 1043 ibidem
3095 988 3377 1044 sententiis
3417 989 3614 1046 vestris
3643 991 3845 1063 gratias

2241 1082 2477 1152 agimus;
2508 1089 2565 1135 ut
2587 1090 2671 1136 est
2695 1079 2968 1135 aemulatio
2993 1079 3193 1135 divina:
3221 1080 3298 1136 rei
3324 1089 3382 1136 et
3410 1079 3687 1149 humanas,
3716 1097 3841 1140 cum

2243 1176 2564 1233 damnamur
2584 1191 2616 1231 a
2648 1175 2822 1242 vobis,
2849 1191 2880 1231 a
2913 1176 3022 1233 Deo
3051 1175 3402 1233 absolvimur.

3414 1277 3440 1299 Ι

1925 1357 2490 1417 COMMENTARIUS.

611 1456 689 1527 (a)
705 1455 783 1508 Ad
804 1453 1036 1509 lenonem
1059 1455 1354 1527 damnando
1379 1452 1953 1527 cleris'iauant.Vitiose
1984 1452 2138 1527 Fuld.

537 1528 606 1580 ad
621 1524 825 1581 leonem
865 1526 1212 1580 damnandam
1259 1526 1588 1580 christianum
1638 1526 1845 1592 potius,
1890 1542 2042 1592 quam
2073 1524 2142 1578 ad

538 1599 732 1652 leonem
759 1598 993 1666 putastis,
1011 1607 1055 1650 et
1084 1597 1300 1666 confessi
1329 1597 1464 1657 estis.
1493 1607 1597 1650 etc.
1623 1595 1775 1650 Barr.
1807 1595 1874 1648 ad
1906 1597 2137 1650 lenonem

2246 1451 2507 1508 Herenles
2528 1452 2717 1524 visitur
2743 1449 2925 1524 hydrae
2947 1461 3294 1524 «campana.
3328 1467 3450 1524 cum
3473 1467 3580 1524 qua
3596 1451 3839 1524 decertat

2245 1525 2442 1585 victor.
2473 1539 2596 1578 cum
2619 1522 2966 1593 inscriptione
2995 1522 3294 1579 HERCULI
3339 1523 3839 1581 DEBELLATORI.

2246 1594 2557 1650 Diocletiani
2586 1594 2768 1657 etiam,
2799 1593 2932 1650 socii
2958 1594 3075 1662 ejus
3107 1596 3157 1648 in
3187 1596 3413 1664 imperio
3429 1604 3482 1649 et
3507 1595 3630 1650 odio
3653 1596 3844 1651 adver-

539 1663 834 1724 clamando.
863 1668 992 1722 Erat
1013 1683 1141 1721 vero
1172 1663 1226 1722 et
1253 1666 1368 1720 haec
1408 1683 1472 1721 ex
1502 1668 1680 1736 pepuli
1713 1666 1939 1722 furentis
1959 1667 2139 1722 ’acela-
2167 1663 2214 1722 B
2241 1683 2334 1725 sus
2346 1666 2700 1736 Christianos,
2723 1680 2972 1736 nummus
2992 1666 3204 1736 [aureus
3225 1663 3512 1731 singularis
3527 1667 3843 1723 esi-ibeatur

538 1739 900 1803 mationibns,
945 1747 1001 1792 nt
1053 1738 1209 1793 docet
1257 1736 1534 1792 Ferrarius
1588 1739 1656 1793 de
1707 1736 1840 1793 Ver.
1893 1737 2129 1793 Acclam.

535 1811 633 1865 lib.
665 1826 761 1874 vu,
793 1825 892 1878 cap
923 1811 1010 1868 18.
1038 1809 1262 1863 Maxima
1289 1824 1419 1862 sane
1451 1808 1760 1879 pudicarum
1784 1810 2130 1872 contumelia,

537 1897 700 1950 quam
734 1881 879 1935 inille
911 1882 1175 1934 mortibus
1194 1879 1526 1950 redemptam
1545 1880 1788 1936 mallent.
1815 1879 2000 1950 itaque
2026 1895 2132 1936 non

542 1951 814 2007 immerito
845 1952 948 2006 tela
975 1953 1233 2006 orationis
1258 1966 1371 2005 sua:
1414 1952 1624 2018 vibrat,
1669 1966 1791 2006 cum
1823 1951 1998 2006 simile
2023 1951 2136 2006 fere

537 2023 1110 2078 facinusinhumanum
1135 2035 1188 2076 et
1216 2022 1500 2076 scelestum
1524 2023 1814 2092 exprobret
1836 2021 2136 2078 furentibus

537 2095 754 2149 Arianis
783 2093 1184 2157 Nazianzenus,
1212 2095 1361 2147 Orat.
1393 2093 1493 2148 Ad.
1523 2093 1708 2148 Arian.
1733 2103 1789 2150 et
1817 2093 1884 2148 de
1905 2107 1964 2146 se
1985 2095 2131 2162 ipso:

537 2174 801 2236 Παρθένων,
831 2166 1002 2233 inquit
1031 2205 1045 2228 ,
1092 2166 1236 2225 αἰδὼς
1286 2175 1370 2219 καὶ
1413 2169 1636 2232 σεμνότης
1665 2171 1790 2233 ὄψεις
1819 2169 1993 2235 ἄνδρων
2012 2169 2137 2232 μηδὲ

537 2241 776 2307 ruﬁo-mu
791 2245 1018 2309 φέρουσαν·
1044 2246 1095 2290 σὲ
1118 2241 1164 2289 δί
1188 2242 1262 2297 τῖς
1285 2245 1412 2304 ἡμῶν
1433 2252 1603 2307 nixu-us
1622 2240 1706 2289 nasi
1728 2241 1975 2306 “etist
1992 2246 2137 2308 μέχρι

533 2325 628 2362 τῶν
655 2311 885 2372 ἀθεάτων,
915 2315 998 2361 καὶ
1037 2313 1355 2374 ἀσεϐῶνὸψισι
1405 2315 1636 2377 προύθηκε
1679 2315 1787 2364 Blasio
1834 2314 2031 2362 ἰλιιινῧν
2055 2311 2137 2360 καὶ

537 2385 622 2433 τοῦ
675 2383 1010 2447 Satio/animi
1050 2391 1194 2448 πυρὸς
1243 2384 1383 2445 ἀξίαν
1410 2421 1426 2444 ,
1469 2397 1527 2433 ιῶ
1554 2384 1660 2449 ﬁt]:
1712 2386 2138 2449 Oud/reuellyew

536 2465 626 2510 vni;
652 2454 877 2519 αὶσχῦνης
907 2455 1234 2519 ἀνεκτοτιρους
1260 2469 1272 2502 :
1306 2450 1356 2503 id
1383 2461 1464 2522 est
1495 2467 1507 2504 :
1537 2448 1845 2522 Ovirginum
1868 2448 2033 2522 pudor
2061 2460 2138 2503 at-

539 2537 636 2590 que
665 2522 963 2575 verecundis:
985 2537 1001 2582 δ,
1047 2537 1162 2590 qua:
1191 2537 1252 2575 ne
1281 2520 1621 2574 modestorum
1663 2520 1865 2590 quidem
1909 2521 2135 2574 vivorum

541 2589 862 2664 conspectum
895 2595 1027 2664 ferre
1055 2589 1194 2664 potes
1223 2634 1236 2654 ,
1269 2592 1381 2662 quis
1426 2600 1654 2644 nostrum
1697 2603 1743 2644 te
1789 2589 1967 2664 affecit
1988 2591 2132 2660 igno-

537 2663 698 2716 minia
717 2704 732 2726 ,
762 2662 914 2717 etiam
939 2663 1006 2716 ad
1028 2662 1144 2716 illas
1171 2678 1329 2732 usque
1356 2673 1557 2733 partes,
1588 2679 1714 2732 quas
1752 2662 1968 2731 spectari
1991 2666 2136 2733 nefas

539 2745 649 2797 est,
679 2744 726 2788 et
753 2735 1025 2802 impiorum
1052 2735 1212 2788 oculis
1254 2732 1538 2796 miserabile
1565 2734 1911 2801 spectaculum
1942 2749 2135 2801 propo-

538 2805 680 2870 suit,
741 2807 955 2874 igneque
1005 2804 1319 2858 Sodomitico
1365 2804 1774 2858 vindicandum?
1814 2803 1964 2858 Mitto
2003 2805 2138 2858 enim

538 2863 702 2929 caedes
757 2863 881 2930 ἦσθ’
909 2877 1153 2930 dedecore
1193 2875 1574 2930 tolerabiliores.
1617 2874 2033 2930 Sarisberiensis
2081 2875 2135 2929 iu

539 2946 875 3017 Polycratico
899 2947 990 3001 lib.
1021 2961 1100 3010 ιιι,
1133 2960 1253 3017 cap.
1283 2962 1397 3012 xm,
1427 2948 1470 3000 A
1491 2947 1718 3015 patribus
1745 2956 1912 2999 tamen
1939 2946 2136 3014 pridem

2235 1757 2265 1796 a
2294 1735 2712 1809 Spanhemioide
2738 1735 2802 1809 υ.
2850 1746 2904 1809 et
2949 1736 3037 1809 Pr.
3085 1735 3149 1791 N.
3193 1754 3244 1805 p.
3291 1737 3420 1800 858.
3474 1739 3526 1790 iu
3557 1753 3661 1806 quo
3689 1753 3842 1809 mth

2236 1808 2477 1867 mendaci
2521 1808 2675 1863 titulo
2703 1808 2924 1878 abolitio
2951 1808 3260 1863 christiana:
3301 1809 3573 1878 religionis
3599 1808 3842 1864 celebra-

2239 1894 2343 1935 tur.
2389 1879 2547 1950 Stant
2589 1879 2663 1950 ibi
2695 1879 2806 1950 tria
2861 1877 3028 1945 Fata,
3081 1893 3201 1934 Cum
3235 1877 3592 1950 inscriptione
3641 1878 3844 1938 FATIS

2238 1947 3224 2015 VlCTRlClBUS.Tbeodoret.,Serm.
3247 1967 3322 2014 Ix,
3353 1947 3423 2006 de
3447 1949 3607 2020 l.eg.,
3630 1966 3683 2020 p.
3713 1951 3834 2006 ηιξ

2237 2030 2320 2098 noti
2341 2031 2733 2098 KOPU’GI'J-TI‘J‘HZC
2753 2026 2836 2098 nisi
2867 2032 3140 2098 λυττῷντις.
3159 2031 3261 2098 etc.
3275 2063 3287 2084 ,
3318 2022 3353 2074 ἱ.
3379 2039 3427 2076 e.
3441 2064 3455 2081 .
3479 2021 3660 2098 itaque
3679 2021 3842 2098 Cory-

2239 2093 2466 2150 bantium
2495 2108 2634 2145 more
2656 2093 2825 2162 capita
2852 2107 2960 2160 pra:
2983 2095 3154 2159 furore
3177 2095 3424 2160 iactantes
3449 2134 3463 2155 ,
3488 2093 3629 2147 inciti
3659 2094 3796 2148 rabie
3819 2133 3836 2158 .

2241 2167 2530 2235 tecltnisque
2555 2179 2619 2236 ac,
2637 2166 2981 2236 veterantentis
3011 2166 3090 2236 usi
3114 2163 3842 2236 quamplurimis,piscatorum

2241 2238 2374 2306 leges
2421 2234 2521 2289 non
2549 2234 2900 2306 dissolverant
2946 2235 3197 2306 quidem,
3237 2237 3326 2288 sed
3367 2234 3539 2306 multo
3569 2235 3841 2306 validiores

2241 2305 2587 2379 Oppugnaudo
2623 2321 2707 2359 eas
2730 2305 3109 2379 reddiderunt;
3146 2305 3400 2379 planeque
3415 2305 3519 2360 illis
3559 2305 3839 2373 persimiles

2242 2376 2430 2432 inuenti
2460 2387 2578 2431 sunt
2605 2417 2620 2442 ,
2652 2376 2740 2446 qui
2767 2379 3030 2446 ﬂammam
3058 2378 3262 2446 quidem
3285 2378 3596 2447 restinguere
3645 2392 3839 2430 concu-

2243 2451 2443 2520 piscunt
2464 2489 2478 2508 .
2498 2447 2666 2520 oleum
2691 2462 2807 2520 vero
2832 2449 2970 2519 fatui,
2985 2447 3311 2520 instilluntes,
3329 2449 3664 2520 ardentiorem
3691 2447 3840 2501 illam

2242 2517 2478 2592 eﬂiciunt.
2498 2518 2705 2592 Etenim
2720 2519 2773 2572 lii
2793 2517 3006 2592 quoque.
3022 2531 3209 2592 contra,
3218 2520 3451 2592 pietatem
3469 2518 3597 2592 bello
3610 2528 3834 2592 sumpto,

2240 2589 2341 2661 pia,-
2379 2591 2603 2661 oeritatis
2629 2589 2782 2642 robur
2820 2590 3141 2658 manifestius
3162 2591 3523 2661 declararunt.
3567 2590 3636 2642 Ac
3659 2589 3838 2661 ueluti

2237 2659 2496 2734 quondam
2522 2660 2676 2714 rubus
2705 2661 2812 2734 ille,
2829 2677 2976 2730 quem
2992 2661 3116 2734 uidit
3149 2659 3340 2734 Moses,
3364 2662 3548 2734 ardore
3563 2660 3714 2734 ignis_
3735 2676 3841 2734 non

2238 2730 2312 2789 est
2362 2733 2700 2802 absumptus;
2729 2732 2801 2785 ita
2843 2747 2934 2786 nec
2977 2732 3334 2799 Christianos,
3383 2730 3655 2803 impiorum
3697 2730 3842 2787 bellis

2241 2806 2422 2875 petitos
2441 2845 2456 2866 ,
2489 2805 2587 2875 tela
2609 2803 2810 2875 hostilia
2841 2813 3305 2875 consumpserunt:
3333 2805 3457 2874 quin
3499 2803 3693 2875 potius,
3709 2803 3841 2875 sicut

2242 2871 2578 2946 lignatoribus
2613 2873 2810 2946 sylvam
2835 2872 3142 2928 credentibus
3165 2873 3322 2946 multo
3345 2871 3551 2946 'plures
3581 2871 3840 2946 pullulant

2242 2943 2546 3017 prapagines
2570 2943 2942 3003 ab’radicibus.
2975 2961 3137 3017 quam?
3158 2945 3258 3017 sint
3299 2943 3432 2998 rami
3468 2945 3555 3009 qui
3579 2943 3839 3017 incidun-

541 3015 807 3086 deﬁnitum
834 3028 903 3072 est
928 3060 941 3078 .
975 3019 1095 3084 quia
1123 3015 1368 3086 pudicitia
1413 3019 1604 3088 auferri
1649 3035 1751 3072 non
1799 3026 1990 3088 potest,
2038 3017 2137 3070 nisi
2163 3020 2208 3084 C
2243 3015 2366 3082 tur;
2390 3015 2461 3071 ita
2489 3028 2829 3088 tuncquoque
2849 3016 2946 3084 piis
2968 3015 3311 3088 compluribus
3337 3016 3645 3088 interfectis,
3675 3015 3833 3088 multo

538 3089 721 3142 mentis
747 3090 1006 3157 corruptio
1032 3089 1314 3143 antecedat.
1346 3088 1496 3155 Quod
1525 3090 1656 3142 enim
1674 3129 1688 3153 ,
1724 3100 1778 3142 ut
1808 3105 2021 3159 magnus
2047 3104 2136 3142 as-

541 3160 663 3213 serit
684 3159 997 3232 Augustinus
1015 3203 1029 3224 ,
1066 3176 1166 3214 non
1195 3161 1512 3232 praecedente
1538 3159 1747 3232 libidine
1772 3160 2016 3214 violenter
2042 3169 2152 3226 pa-‘

540 3232 666 3284 titur
690 3231 873 3302 corpus
893 3273 906 3291 .
940 3233 1137 3286 vexatio
1169 3233 1338 3302 potius
1365 3231 1582 3286 dicenda
1612 3239 1702 3296 est,
1725 3247 1880 3302 quam
1917 3247 2136 3302 corrup-i

541 3304 632 3355 tio.
683 3301 764 3356 Ibi
788 3319 908 3376 ergo
953 3304 1143 3357 servari
1170 3300 1440 3373 pudicitia
1487 3312 1683 3376 potest,
1729 3300 1814 3376 ubi
1854 3300 2140 3376 nullanisi

539 3371 963 3428 voluntaria’esse
993 3385 1154 3444 potest
1183 3371 1442 3442 corruptio
1464 3416 1476 3438 ,
1509 3375 1561 3426 in
1590 3373 1767 3427 mentis
1792 3373 1980 3428 scilicet
1992 3371 2136 3444 inte-

539 3444 726 3513 gritate
749 3486 764 3511 ,
788 3445 874 3498 ubi
898 3445 951 3497 in
978 3442 1224 3498 ceternum
1249 3445 1438 3498 servari
1464 3444 1707 3515 pudicitia
1754 3453 1941 3515 potest.
1985 3442 2140 3497 Scili-

541 3512 649 3577 Cet,
681 3523 737 3566 ut
765 3515 958 3568 Noster
984 3516 1082 3568 alia
1113 3516 1164 3568 in
1195 3530 1274 3576 re.
1303 3515 1354 3569 in
1385 3512 1521 3569 libro
1551 3515 1624 3568 De
1646 3512 2132 3583 Mouogamia,c:tp.

537 3595 610 3656 xv
632 3599 644 3636 :
675 3583 859 3656 Utique
872 3586 1006 3638 enim
1025 3586 1166 3638 illam
1195 3586 1355 3656 magis
1369 3585 1619 3645 excusari,
1635 3585 1795 3652 capit.
1811 3584 1987 3656 qutejn
2001 3598 2109 3652 pra:
2121 3613 2138 3626 ο

541 3655 844 3725 liocecidit,
869 3672 1020 3722 quam
1050 3671 1163 3724 quae
1179 3657 1229 3708 in
1255 3653 1486 3709 cubiculo
1509 3671 1528 3720 ;
1550 3671 1665 3725 qua:
1709 3656 1759 3707 iu
1790 3653 1997 3725 equuleo
2025 3669 2141 3707 suc-

542 3723 749 3792 cubuit,
781 3742 933 3796 quam
970 3723 1083 3794 qua:
1120 3727 1172 3778 in
1217 3726 1440 3792 lectulo;
1490 3723 1604 3796 qua?
1632 3724 1916 3778 crudelitati
1967 3725 2136 3791 cessit,

541 3810 695 3864 quam
726 3812 841 3867 qua:
881 3795 1078 3848 libidini
1101 3809 1122 3860 ;
1147 3811 1261 3865 qua:
1286 3812 1490 3866 gemens
1506 3795 1706 3850 devicta
1731 3805 1820 3859 est,
1846 3810 2000 3865 quam
2023 3809 2142 3865 qua:

546 3866 754 3920 subans.
791 3866 930 3920 Hsv.

546 3881 754 3921 sanans.
791 3881 930 3920 ιιιιν.

617 3936 700 4011 (b)
725 3935 916 4011 ‘Plures
947 3937 1220 4011 eﬂigirnur,
1246 3936 1442 4011 quoties
1472 3938 1706 4011 metimur~
1729 3936 1945 4011 dvobis.
1979 3935 2134 4011 lf‘uld.

542 4005 644 4060 Ms.
668 4005 818 4062 etiam
843 4026 895 4078 p.
929 4005 1143 4076 eIQuid
1174 4005 1534 4079 ergo_mirum
1557 4050 1570 4069 ,
1601 4006 1644 4062 si
1675 4007 1947 4063 lulianum
1988 4007 2137 4079 illum

543 4077 880 4146 Apostatam,
915 4079 1085 4148 Epist.
1118 4077 1271 4146 χχιιι,
1299 4077 1673 4133 Constantium
1715 4093 1908 4133 vocare
1955 4078 2140 4132 audias

541 4157 864 4223 «aitunlgtsitov
891 4149 1387 4223 bapev_:_'nt_ultorum
1433 4150 1659 4220 capitum
1704 4149 1969 4220 hydram?
2016 4163 2138 4223 cum

541 4220 732 4274 etiam'
759 4221 990 4277 Herculii
1025 4220 1332 4276 Maximiani
1365 4235 1614 4276 nummus
1641 4235 1856 4276 exaere
1905 4220 2140 4275 maximo

541 4301 715 4346 exstet
737 4292 791 4347 in
815 4307 944 4363 gaza
969 4289 1293 4347 Christiana:
1326 4292 1548 4362 Reginae
1571 4333 1589 4360 ,
1633 4293 1687 4347 in
1735 4307 1842 4363 quo
1868 4291 1957 4348 ille
1995 4292 2139 4347 velut
2166 4280 2220 4341 D

2244 3089 2415 3159 plures
2452 3084 2678 3159 quotidie
2718 3087 2786 3140 ad
2815 3084 3097 3141 doctrinam
3123 3088 3463 3157 evangelicam
3489 3084 3838 3159 accedebant;

2243 3156 2491 3230 cruorque
2517 3159 2604 3212 ille
2624 3173 2869 3213 ctcsormn
2898 3173 3204 3230 corporum.
3232 3156 3464 3230 irrigatio
3485 3168 3599 3230 erat
3611 3157 3756 3230 novis
3781 3156 3838 3230 in

2245 3226 2477 3285 Ecclesia
2496 3230 2860 3300 emergentibus
2889 3226 3098 3300 plantis.
3146 3227 3264 3283 Mox
3295 3226 3436 3284 male
3477 3227 3624 3285 Junii
3672 3226 3839 3284 editio

2243 3302 2530 3372 sanguinis.
2562 3299 2698 3355 nu.

2319 3392 2392 3466 (ο)
2423 3391 2607 3466 Semen
2647 3403 2718 3447 est
2755 3393 2965 3464 sanguis
2988 3392 3415 3466 Christianorum.
3462 3391 3845 3466 Nonpossunt

2242 3465 2532 3520 CliriStiani
2581 3466 3043 3534 persecutionibus
3099 3465 3362 3535 imminui,
3393 3465 3516 3535 quia
3565 3465 3611 3519 si
3659 3478 3842 3519 semen

2243 3545 2325 3590 est
2349 3551 2533 3591 eorum
2563 3539 2802 3604 sanguis,
2842 3535 3100 3606 cujusque
3147 3534 3264 3604 plus
3290 3534 3516 3590 ell'uSum
3557 3535 3752 3598 fuerit,
3776 3547 3844 3606 eo

2243 3608 2415 3674 major
2457 3607 2787 3677 promittitur
2831 3606 3063 3660 ﬁdelium
3113 3617 3421 3676 proventus.
3463 3607 3600 3677 sicut
3650 3605 3843 3659 messis

2243 3675 2482 3742 couiosa',
2506 3678 2783 3747 amplioris
2807 3680 3004 3747 segetis
3032 3675 3352 3746 prmparauo
3377 3687 3477 3732 est.
3501 3675 3630 3731 Lac.

2317 3771 2391 3840 (ε)
2429 3769 2498 3825 Ut
2539 3787 2739 3824 onmem
2779 3771 2994 3825 veniam.
3039 3770 3226 3824 Simile
3261 3781 3344 3824 est
3387 3768 3514 3840 illud
3560 3767 3618 3821 D.
3666 3763 3839 3840 Cypr,

2245 3835 2405 3912 epist.
2436 3841 2527 3905 52,
2559 3839 2626 3895 ad
2661 3843 2944 3896 Antoniam
2967 3883 2982 3906 ,
3009 3841 3096 3896 ubi
3123 3839 3534 3912 martyresrdieit
3557 3835 3737 3912 statim
3755 3835 3842 3892 ‘ad

2245 3908 2470 3982 gloriam
2524 3913 2804 3982 pervenire
2850 3912 2993 3974 ﬁdei.
3035 3912 3215 3966 statim
3257 3908 3312 3964 et
3348 3908 3562 3965 virtutis
3591 3908 3842 3982 accipere

2245 3977 2570 4048 ntercedetu,
2601 3985 2778 4037 statim
2808 3997 2837 4037 a
2863 3983 3087 4037 Domino
3107 3981 3375 4036 coronari.
3398 3985 3571 4051 Atque
3599 3978 3734 4051 adeo
3755 3977 3844 4033 hic

2244 4052 2394 4109 locus
2414 4054 2752 4108 annotandus
2778 4063 2863 4110 est
2889 4061 3075 4108 contra
3102 4067 3288 4106 eorum
3317 4050 3556 4108 errorem
3582 4092 3600 4116 ,
3628 4050 3715 4120 qui
3755 4064 3848 4104 co-

2243 4139 2430 4196 ronam
2449 4124 2670 4196 jttSiiliaB
2689 4165 2718 4196 ,ί
2751 4125 2995 4196 adeoque
3020 4134 3077 4181 et
3101 4123 3342 4194 martyrii
3368 4164 3382 4186 ,
3415 4123 3482 4177 ad
3508 4122 3652 4196 diem
3679 4134 3850 4192 usque

2242 4193 2436 4252 Judicii
2456 4193 2814 4252 dill'erendam
2845 4193 3025 4252 dicere
3055 4211 3162 4251 non
3190 4193 3461 4250 verentur.
3507 4194 3644 4250 Pus.

539 4420 3836 4489 Μ

1292 4569 1782 4657 JOANNIS
1833 4567 2482 4656 LAURENTII
2529 4563 3113 4662 MOSHEIM,

539 4842 1167 4970 'fETATE
1227 4705 2492 4974 APOLOGE'DIEICI
2542 4831 3844 4983 TERTULLIANI.

1249 5069 1823 5156 INI’I‘IOQUE
1880 5035 2716 5145 PERSECUTIONIS
2754 5063 3174 5154 SEVERI,

1561 5235 2835 5426 DISQUISITIO.
2947 5273 2950 5276 ~

1595 5483 2172 5518 --—-——--a=

523 5603 554 5676 ᾗ
598 5601 641 5658 ι.
676 5599 894 5656 Summa
933 5598 1340 5670 disquisitiomtns
1377 5599 1631 5671 ejusmodi
1674 5597 1868 5656 utilitas
1903 5602 2133 5655 docetur.

607 5691 823 5750 Occasio
845 5691 1018 5762 huius.

2175 5478 2853 5523 ’μή

2243 5593 2273 5667 §
2316 5592 2382 5650 ll.
2410 5593 2740 5650 Diversarum
2764 5594 2830 5651 de
2857 5595 2953 5652 hoc
2983 5605 3282 5669 argumento
3310 5593 3612 5668 opinionum
3657 5591 3856 5666 duplex

2312 5685 2488 5742 classis
2517 5687 2856 5746 constituitur.
