4258 6274
378 290 487 355 357

457 484 747 560 logetieum
769 486 1015 560 scripturn
1041 502 1147 540 esse
1175 484 1378 560 volunt.
1404 484 1594 545 Contra
1614 505 1762 560 quos.

383 553 416 627 ς
458 554 650 631 Ψηγ,
684 555 768 610 VI.
818 553 1036 631 Multis_
1051 559 1379 631 ostenditur,
1433 553 1647 627 coepisse
1685 560 1980 631 nﬁlictiones

456 626 860 703 Christianorum
885 630 978 682 sub
1005 627 1301 696 SEVERO,
1334 626 1605 703 antequam
1628 626 1908 701 peculiaria
1937 631 1981 686 is

456 696 657 768 decreta
691 715 801 753 eam
828 699 880 753 in
911 716 1015 753 rem
1046 710 1266 768 rogaret.

382 764 416 909 ξ
451 766 563 822 VII.
600 769 849 824 Dat/welli
874 764 1134 840 speciatim
1159 771 1373 844 argutiae
1395 773 1768 828 examinantur.

457 839 594 894 VIII.
632 841 734 908 Qui
765 852 877 909 post
903 851 1115 896 mortem
1144 841 1398 899 SEVERI
1429 845 1768 909 Apologeticu

457 839 594 916 VIII.
632 841 734 916 Qui
765 852 877 912 post
903 839 1115 916 mortem
1144 839 1398 916 SEVERI
1429 845 1832 916 Apologeticum
1862 861 1981 916 pro—

454 911 613 984 diisse
640 911 836 984 dicunt,
863 913 1188 984 refelluntur.
1215 913 1328 980 Quo
1354 911 1513 984 facto,

387 977 416 1051 §
457 979 549 1036 IX.
583 983 668 1056 Ad
701 977 931 1038 alteram'
958 1001 1132 1056 eorum
1170 977 1382 1040 classem
1420 977 1703 1052 acceditur,
1743 989 1829 1056 qui
1866 987 1981 1043 licet

453 1054 734 1129 concedant
754 1065 871 1129 ante
903 1071 953 1109 a.
980 1055 1062 1112 CC
1105 1073 1218 1111 eum
1234 1073 1342 1114 esse
1359 1058 1734 1129 consignatum,
1756 1054 1826 1113 ide
1844 1074 1981 1113 anno

455 1132 621 1179 tamen
645 1126 913 1182 dissident.

387 1192 418 1264 ᾗ
460 1193 526 1250 Χ.
559 1194 1054 1270 Nostrtg‘sentqttitz
1079 1199 1428 1268 proponenda:
1452 1199 1654 1254 initium
1680 1201 1758 1270 ﬁt.
1788 1217 1849 1253 ac
1877 1200 1982 1270 pri-

456 1282 540 1321 mo
566 1269 658 1322 sub
682 1266 961 1324 SEVERO
984 1266 1228 1335 scriptum
1252 1287 1362 1326 esse
1392 1266 1694 1326 ostenditur.
1721 1266 1940 1335 Deinde,

386 1334 418 1408 ᾗ
458 1335 548 1392 XI.
585 1337 709 1421 I"os_t
731 1348 897 1394 motus
919 1334 1165 1396 ALBINI.
1197 1341 1309 1410 Quo
1331 1359 1445 1397 vero
1477 1359 1643 1399 annus
1669 1353 1800 1398 recte
1824 1334 1981 1414 possit

825 1478 939 1536 Hos
1006 1492 1171 1537 motus
1219 1499 1270 1536 a.
1323 1482 1542 1540 CXCVI
1609 1485 1835 1553 (cepisse.
1913 1486 1976 1538 Λ.

454 1549 593 1620 CXC
607 1551 675 1605 Vl
689 1551 712 1605 Ι
740 1568 1055 1619 compressos
1097 1554 1259 1622 fuisse
1277 1557 1420 1609 novis
1439 1549 1720 1609 rationibus
1747 1558 1974 1621 docetur,

457 1625 809 1695 oppositnrque
835 1625 1055 1695 rationes
1073 1625 1332 1695 euidenter
1353 1626 1639 1680 diluuntur.
1674 1628 1786 1691 Quo
1807 1628 1971 1695 facto,

457 1640 488 1674 ο
530 1640 809 1694 posttnrque
835 1640 1055 1678 rationes
1081 1640 1332 1679 evidenter
1353 1640 1639 1680 dtlttttttlttt'.
1674 1640 1786 1691 uno
1807 1640 1971 1695 tacto,

382 1690 415 1762 ᾗ
458 1640 1179 1766 ἦγζξςομξςχωζηι.
1210 1697 1595 1766 pronuntiatur,
1643 1713 1704 1750 ac
1744 1714 1807 1751 ex
1850 1698 1975 1751 illu-

383 1797 392 1806 ι
452 1763 1058 1840 stri_TEIlTULLIANI
1098 1763 1221 1820 loco
1253 1767 1360 1822 luet:
1407 1769 1655 1822 sententia
1705 1769 1977 1840 diligenter

388 1880 392 1884 .
453 1835 807 1902 conﬁrmatur.

388 1903 417 1977 §
458 1903 573 1961 XV.
606 1905 899 1962 Conclusio.

458 2001 488 2074 ᾗ
517 2001 633 2058 1.-
652 2003 732 2070 Si,
763 2019 870 2073 qua
894 2019 954 2061 se
982 2004 1211 2062 utilitate
1230 2007 1571 2064 commendat
1591 2018 1736 2064 certa
1767 2016 1977 2078 tempo-

386 2109 529 2160 rum,
553 2094 743 2164 quibus
773 2095 944 2152 libros
973 2112 1101 2152 suos
1128 2097 1286 2169 prisci
1332 2099 1579 2155 doctores
1606 2099 1801 2155 litteris
1821 2115 1977 2154 man-

385 2184 601 2252 davere,
646 2187 892 2256 scientia,
946 2203 1014 2245 eo
1054 2205 1271 2260 semper
1312 2191 1490 2248 studio
1531 2209 1595 2248 ac
1638 2192 1911 2264 diligentia
1947 2207 1978 2248 a

387 2275 517 2331 viris
543 2277 762 2333 eruditis
800 2280 1025 2349 qutesita
1054 2279 1264 2347 fuisset,
1295 2298 1402 2338 non
1423 2283 1612 2340 dubito
1656 2286 1782 2355 quin
1810 2285 1979 2340 multo

389 2368 732 2441 paucioribus
757 2371 916 2430 hodie
943 2373 1347 2432 difficultatibus
1377 2376 1600 2434 historia
1626 2393 1778 2465 sacra
1800 2379 1977 2434 abun-

384 2459 562 2529 daret,
592 2463 1032 2538 concinniorique
1061 2468 1323 2544 instructa
1347 2480 1494 2527 esset
1521 2461 1734 2528 ordine.
1778 2472 1849 2527 At
1886 2471 1978 2544 qui

382 2549 655 2609 barbarici
683 2554 876 2613 sordes
925 2557 1085 2629 primi
1109 2559 1496 2628 absterserant,
1525 2561 1758 2634 majores
1783 2565 1975 2631 nostri,

379 2641 434 2699 id
465 2643 645 2715 potius
673 2645 923 2718 agebant,
957 2658 1017 2706 ut
1043 2651 1298 2723 collapsa:
1337 2653 1494 2723 plane
1541 2653 1844 2711 litterarum
1888 2670 1979 2711 res

378 2738 666 2808 erigerent,
696 2757 857 2811 quam
886 2753 945 2798 ut
971 2743 1107 2810 istis,
1137 2759 1271 2815 quas
1301 2749 1576 2816 putabant,
1606 2749 1848 2804 minutiis
1872 2749 1977 2806 sibi

378 2828 607 2900 aliisque
648 2847 840 2888 earum
874 2835 1226 2892 conciliarent
1275 2837 1566 2894 fastidium.
1603 2840 1720 2894 Alia
1761 2840 1978 2912 quidem

379 2919 468 2990 iis,
519 2924 609 2996 qui
655 2925 870 2982 divinos
915 2929 1037 2984 illos
1085 2940 1482 2988 restauratores
1526 2934 1803 2990 consecuti
1831 2943 1978 3002 sunt,

379 3029 533 3072 mens
589 3015 712 3083 fuit,
740 3035 876 3090 quos
924 3021 1221 3093 Scaligero,
1270 3023 1524 3090 Baronio,
1571 3026 1832 3095 Pelavio,
1860 3025 1985 3082 Cal-

383 301 487 372 ssr
1629 302 1939 363 nossem
1977 301 2408 376 DlSQIJlSlTlo.

384 412 415 502 ᾖ
451 410 1446 504 §c1produeunturprimumpquti
1469 425 1582 504 post
1626 434 1679 475 a.
1713 417 1793 474 CC
1836 419 1978 489 Apo-
2007 420 2061 482 A
2085 429 2198 477 stre
2219 424 2544 482 exercuisse.
2593 423 2749 483 Unde
2788 433 2970 484 tamen
3000 425 3132 485 illud
3176 428 3286 501 peti
3316 435 3551 502 poterat,
3578 447 3689 504 quo

3571 305 3694 382 Bst

2082 514 2148 569 ad
2180 516 2460 574 audaciam
2513 517 2717 576 hancce
2762 519 3153 592 infringendam
3203 522 3275 578 nil
3321 526 3541 591 certius,
3591 535 3686 584 aut

2084 609 2268 665 utilius
2287 626 2408 668 esse
2436 620 2632 681 petest,
2666 611 2887 669 Patrum
2917 613 3180 684 quamdiu
3214 615 3379 672 verba
3409 632 3531 672 eum
3561 619 3688 674 alio.

2083 717 2202 756 rum
2229 712 2465 773 pugnant
2494 704 2648 770 locis,
2681 719 2898 776 semper
2920 704 3032 762 fere
3053 706 3310 764 elabendi
3343 707 3567 766 facultas
3586 710 3688 766 da-

2084 793 2250 850 bitur.
2277 794 2489 850 Nullum
2511 798 2557 852 si
2579 797 2723 852 aliud
2755 796 3054 870 perfugium
3081 799 3243 866 adsit,
3273 812 3364 856 aut
3387 811 3512 857 nota
3538 817 3684 874 quie-

2083 886 2206 942 dam
2254 888 2478 952 testibus
2525 888 2773 955 inuritur,
2803 899 2895 948 aut
2925 905 3122 946 novum
3152 891 3424 963 quoddam
3471 894 3688 951 critices

2084 993 2257 1050 genus
2285 979 2602 1049 advocatur,
2646 981 2788 1052 quod
2836 980 3136 1053 desperatis
3181 985 3376 1055 Opibus
3427 986 3685 1044 auxilium

2085 1070 2242 1126 ferat.
2276 1071 2562 1127 Intervalla
2589 1088 2718 1142 vero
2750 1083 3054 1147 temporum
3105 1077 3148 1134 si
3179 1090 3363 1134 curate
3411 1090 3684 1150 notentur,

2084 1163 2128 1217 si
2159 1179 2336 1220 rerum
2362 1164 2464 1220 sibi
2494 1165 2900 1222 succedentium
2945 1168 3079 1224 ordo
3121 1168 3402 1243 diligenter
3444 1173 3685 1244 explice-

2087 1266 2192 1323 tur,
2225 1266 2320 1313 aut
2346 1257 2614 1329 perii-ictae
2641 1257 2832 1315 frontis
2861 1259 3078 1318 infamia
3105 1263 3408 1332 subeunda,
3436 1276 3528 1320 aut
3551 1280 3684 1322 vero

2085 1363 2240 1403 error
2265 1348 2560 1420 ejurandus
2588 1359 2690 1407 est.
2736 1351 3028 1407 Enimvero
3053 1353 3341 1410 defuerunt
3366 1355 3490 1411 huic
3509 1370 3686 1412 causa:

2085 1439 2282 1494 eruditi
2325 1438 2612 1504 homines;
2643 1441 2757 1498 sive
2785 1441 2929 1513 quod
2981 1443 3281 1499 molestiam
3326 1445 3410 1500 his
3457 1448 3686 1518 negetiis

2083 1529 2402 1605 familiarem
2434 1534 2710 1605 fugerent;
2740 1536 2855 1591 sive
2891 1536 3036 1606 quod
3062 1538 3318 1613 oxitnium
3359 1540 3498 1596 illius
3538 1556 3688 1596 com-

2081 1625 2300 1680 modum
2328 1640 2434 1683 non
2468 1628 2754 1698 perstricue
2796 1631 2928 1684 satis
2957 1643 3272 1700 cernerent,
3305 1633 3418 1688 sive
3447 1635 3684 1707 denique

2079 1719 2220 1786 quod
2236 1733 2340 1773 non
2360 1727 2466 1774 tam
2488 1718 3033 1790 circumstantiarum,
3049 1739 3210 1795 quam
3231 1725 3465 1796 ipsarum
3480 1743 3682 1795 rerum,

2081 1813 2342 1870 rationem
2361 1813 2462 1871 sibi
2479 1813 2776 1871 habendam
2790 1831 2911 1873 esse
2925 1817 3683 1892 putareut.Fuerunt_quidem,

2008 1889 2056 1950 Β
2084 1904 2274 1972 fateor,
2308 1906 2498 1975 quibus
2526 1918 2731 1979 partem
2756 1907 2914 1981 huius
2937 1911 3137 1966 laboris
3152 1913 3430 1976 suscipere
3462 1889 3682 1984 placuit.

2081 1996 2273 2053 Nescio
2287 2000 2528 2069 vero,qui
2543 1997 2742 2055 factum
2758 2003 2847 2066 sit,
2865 2011 2921 2056 ut
2933 2013 3021 2056 aut
3037 2003 3197 2059 nimis
3213 2001 3574 2074 indiligenter,
3591 2014 3686 2063 aut

2081 2091 2240 2148 nimis
2265 2091 2551 2148 infeliciter
2574 2108 2698 2150 sese
2725 2094 3119 2166 expedit-crint.
3162 2096 3343 2155 Fuerit
3380 2097 3674 2165 festinatio,

2078 2183 2240 2240 fuerit
2267 2185 2504 2252 taidium,
2532 2186 2692 2242 fuerit
2719 2198 2880 2244 secta:
2902 2190 3181 2256 ,stndium,
3212 2200 3306 2248 aut
3343 2193 3528 2249 nescio
3550 2191 3680 2262 quid

2082 2286 2386 2346 praeterea;
2421 2277 2587 2334 fuisse
2613 2279 2834 2351 aliquid.
2864 2281 3029 2352 quod,
3063 2292 3120 2338 ut
3147 2283 3381 2353 pessime
3414 2284 3684 2341 interdum

2081 2372 2317 2428 ratioiies
2345 2372 2727 2440 subducerent,
2768 2373 3026 2443 effecerit,
3073 2378 3411 2448 exploratum
3454 2388 3558 2435 est.
3589 2378 3684 2434 llis

2081 2477 2181 2534 ego
2209 2461 2276 2518 de
2305 2464 2533 2530 caussis,
2579 2466 2677 2520 etsi
2726 2465 2831 2520 illis
2873 2465 3028 2537 longe
3074 2467 3384 2526 inferiorem
3439 2485 3526 2526 me
3554 2483 3678 2525 esse

2079 2554 2275 2620 sentio,
2325 2569 2514 2610 saxum
2561 2556 2728 2613 hocce
2771 2557 3048 2614 volutandi
3085 2561 3368 2616 consilium
3415 2571 3542 2618 ante
3585 2561 3685 2616 ali-

2081 2645 2222 2715 quod
2254 2656 2469 2718 tempus
2506 2649 2646 2720 ccepi
2673 2690 2686 2714 ,
2718 2665 2782 2705 ac
2808 2649 2874 2705 de
2906 2668 3035 2706 nova
3070 2653 3297 2722 quadam
3338 2656 3680 2726 afﬂictionunt

2081 2737 2472 2792 cltristianarum
2517 2739 2758 2806 historia,
2806 2757 2928 2812 quae
2959 2760 3120 2814 quum
3151 2745 3270 2799 aliis
3315 2747 3514 2809 rebtts,
3565 2753 3676 2801 tum

2086 2829 2356 2900 praecipue
2423 2829 2748 2901 diligentiori
2809 2840 3111 2906 temporum
3155 2835 3428 2892 notatione
3473 2839 3682 2893 cmine-

2084 2929 2188 2986 ret,
2233 2920 2480 2990 cogitavi.
2521 2921 2806 2992 Specimen
2837 2923 2977 2979 haud
3023 2927 3091 2980 ita
3137 2927 3342 2996 pridem
3387 2937 3569 2984 nostra
3617 2929 3683 2984 de

2087 3011 2426 3085 Athamgortc
2467 3024 2616 3070 (etate
2659 3013 2963 3071 Dissertatio
3011 3018 3087 3090 (l)
3137 3019 3403 3085 exhibuit,
3452 3038 3555 3092 qua
3596 3039 3684 3077 me

379 3109 554 3177 visio,
606 3112 834 3184 aliisque
900 3116 1304 3183 praeeuntibus,
1364 3133 1554 3190 magna
1609 3120 1662 3175 in
1709 3118 1794 3175 his
1839 3120 1984 3175 curis
2085 3104 2421 3160 celeberrimi
2491 3105 2754 3163 Dodwclli
2823 3107 3120 3165 rationibus
3185 3110 3469 3181 plurimum
3536 3113 3679 3168 inm-

380 3205 551 3261 διδάξει
600 3205 898 3264 confecisse
945 3218 1177 3267 εοιιεωι,
1229 3211 1358 3277 sed,
1399 3224 1454 3268 ει
1505 3223 1715 3284 patrum
1769 3199 2052 3270 "051,04:
2087 3197 2216 3253 lisse
2242 3197 2445 3262 damni,
2498 3199 2661 3255 lectio
2711 3201 3014 3257 testabitur.
3050 3203 3190 3258 Usus
3229 3219 3444 3274 quoque
3489 3221 3551 3260 ea
3598 3215 3682 3262 est

381 3310 538 3364 rum,
571 3311 860 3370 nostraun
905 3312 1038 3358 aetas
1083 3318 1327 3360 summos
1365 3304 1420 3360 in
1467 3306 1572 3361 hoc
1609 3321 1811 3378 genere
1841 3306 1981 3362 viros

382 3389 538 3456 tulit,
587 3391 892 3461 Norisium,
949 3396 1202 3470 Pagium,
1245 3398 1557 3472 Lloydium,
1609 3401 1977 3468 Dodwellum,

382 3479 809 3553 Tillemontium,
839 3486 1128 3545 Nourrium
1153 3532 1170 3555 ,
1220 3492 1525 3563 multosque
1550 3533 1566 3559 ,
1620 3494 1712 3564 qui
1762 3493 1978 3551 Patrum

382 3573 602 3632 edidere
650 3579 881 3649 scripta.
938 3581 1290 3640 benedictio-ae
1341 3585 1558 3643 familia:
1609 3588 1808 3644 socios.
1835 3588 1980 3658 Quo—

383 3681 505 3722 rum
549 3670 786 3726 omnium
826 3673 894 3728 de
941 3673 1189 3732 laudibus
1234 3693 1536 3748 quanquam
1581 3695 1682 3751 ego
1723 3681 1854 3736 nihil
1885 3681 1978 3739 de-

382 3759 560 3828 traho,
588 3777 694 3818 non
741 3774 918 3821 tamen
965 3767 1131 3824 multa
1177 3768 1246 3824 ab
1285 3770 1366 3825 eis
1415 3771 1596 3826 relicta
1653 3788 1776 3829 esse
1815 3774 1977 3831 dissi-

381 3852 548 3918 mulo,
583 3855 747 3910 multa
779 3858 1039 3915 eruditius
1065 3876 1224 3926 quam
1266 3860 1476 3917 felicius
1517 3871 1762 3932 tractata,
1812 3867 1978 3922 multa

381 3945 524 4016 quod
553 3955 717 4003 secta:
744 3947 1030 4019 flagrarent
1059 3965 1262 4017 amore,
1293 3963 1387 4007 aut
1435 3970 1590 4010 nova:
1632 3955 1842 4011 euidam
1896 3958 1977 4012 ni-

382 4038 550 4092 mium
589 4037 829 4094 faverent
858 4041 1116 4111 Opinioni,
1140 4044 1408 4115 implicnta
1436 4046 1634 4116 potius,
1658 4062 1820 4117 quam
1851 4063 1981 4105 evo-

383 4128 515 4186 luta.
560 4129 714 4186 Nulla
765 4132 866 4187 alia
920 4133 1037 4206 ejus
1081 4137 1157 4193 rei
1209 4138 1516 4194 testimonia
1564 4140 1609 4194 si
1660 4142 1976 4208 existerent,

381 4219 519 4293 ipsa,
552 4223 744 4296 quibus
770 4235 955 4281 mutuo
984 4241 1044 4282 se
1073 4240 1403 4300 oppugnant,
1435 4230 1656 4302 scripta,
1707 4232 1830 4302 ipsi,
1860 4233 1980 4303 qui-

383 4311 484 4370 bus
508 4331 676 4371 novas
706 4317 936 4374 subinde
968 4320 1200 4376 rationes
1230 4323 1584 4388 constituunt,
1627 4323 1745 4379 libri
1773 4325 1965 4396 loque-

382 4416 588 4462 rentur.
645 4406 705 4463 In
760 4409 981 4466 historia
1032 4413 1300 4483 pra-cipue
1345 4415 1733 4482 calamitatum,
1784 4417 1980 4487 quibus

383 4499 734 4557 vetustissimi
760 4501 985 4558 fratrum
1015 4515 1320 4561 nostrorum
1344 4507 1584 4564 defuncti
1609 4517 1754 4574 sunt,
1784 4525 1981 4580 magno

384 4591 436 4649 id
482 4593 673 4650 fuisset
719 4596 1105 4662 emolumento,
1139 4599 1183 4654 si
1218 4589 1497 4664 librorum.
1547 4617 1683 4673 quos
1729 4617 1826 4671 pro
1875 4603 1980 4660 illis

381 4685 794 4758 imperatoribus
820 4705 886 4746 ac
912 4690 1232 4761 pnesidihm
1261 4692 1470 4746 oblatos
1497 4692 1617 4748 e'sse
1647 4694 1976 4763 accepimus,

386 4787 820 4852 cmlerorumqne
849 4824 862 4848 ,
915 4799 1034 4854 qua:
1088 4784 1213 4838 fetv.
1237 4784 1413 4840 nlihus
1444 4785 1561 4838 istis
1608 4786 1982 4841 vexationihus

383 4871 695 4944 consignata
723 4883 870 4938 sunt,
899 4876 1222 4946 scriptormn
1251 4886 1381 4932 tl'lns
1397 4891 1583 4932 curate
1606 4877 1824 4934 definita
1849 4880 1981 4934 fuis-

381 4973 487 5020 set.
514 4964 608 5022 Sic
647 4966 848 5023 etenim
892 4966 962 5022 de
1011 4984 1188 5023 rerum
1219 4978 1492 5040 gestarum
1521 4970 1685 5036 serie,
1714 4970 1976 5025 tnalorttm

381 5054 653 5113 illatorum
678 5058 1065 5129 magnitudine,
1090 5059 1459 5116 confessorum
1486 5077 1732 5129 numero,
1759 5063 1980 5128 imicto,

383 5163 492 5218 quo
544 5148 868 5205 sanctissimi
912 5149 1161 5208 homines
1190 5151 1491 5219 valuerunt,
1551 5154 1715 5210 animi
1763 5155 1982 5220 robore,

384 5242 586 5315 certior
633 5243 789 5299 nobis
815 5258 880 5300 ac
916 5225 1122 5324 plenior
1146 5256 1290 5302 esset
1320 5247 1532 5303 notitia.
1566 5245 1736 5316 Quam
1765 5248 1982 5320 quidem

385 5337 653 5408 egregiam
699 5335 1128 5411 quibuscumque
1168 5331 1448 5396 utilitatem
1495 5351 1754 5413 praestare
1803 5357 1981 5412 posse,

384 5427 541 5497 nulli,
566 5428 761 5500 quibus
781 5430 1042 5487 maturius
1067 5441 1148 5488 est
1170 5421 1453 5502 judicium,
1471 5430 1720 5503 ignorare
1735 5440 1979 5503 possunt.

384 5519 544 5576 Certe
591 5521 778 5588 miror,
812 5537 974 5594 quum
1018 5524 1102 5579 vir
1144 5523 1342 5595 aliOqui
1387 5522 1726 5604 immortalis,
1779 5522 1980 5580 llenri-

384 5627 484 5670 cus
507 5611 843 5682 Dodwellus,
876 5613 1020 5670 bono
1047 5613 1290 5672 fortassis
1329 5605 1575 5681 consilio,
1607 5625 1746 5671 totos
1775 5627 1980 5688 marty-

383 5720 506 5762 rum
533 5706 805 5763 exereitus
829 5706 1047 5765 civitate
1088 5696 1258 5765 saera
1279 5697 1519 5780 ejiceret,
1568 5710 1836 5765 neminem
1865 5707 1984 5764 illo-

389 5812 534 5870 rum,
579 5800 669 5872 qui
691 5799 971 5876 -adversus
1000 5817 1123 5860 cum
1166 5793 1435 5876 prodiere,
1466 5801 1521 5860 in
1545 5801 1647 5862 hac
1671 5815 1791 5861 sese
1820 5802 1983 5876 palar-

2004 4561 2057 4621 D

2083 3289 2334 3346 felicitate
2361 3291 2612 3361 spinosus
2639 3293 2762 3348 licet
2792 3293 2961 3359 labor,
2996 3305 3052 3349 ut
3085 3311 3189 3348 non
3225 3295 3537 3364 diSpliceret
3581 3296 3672 3362 iis,

2082 3399 2309 3454 quorum
2339 3384 2624 3455 plurimum
2657 3387 2798 3442 valet
2827 3387 2967 3454 apud
3007 3403 3093 3444 me
3128 3389 3443 3456 auctoritas,
3474 3391 3680 3459 quosve

2084 3476 2438 3549 intelligentes
2489 3476 2676 3532 harum
2732 3495 2909 3534 rerum
2963 3480 3359 3536 existimatores
3423 3480 3682 3552 quidquid

2081 3569 2485 3641 prudentiorum
2513 3581 2594 3627 est
2632 3572 2892 3641 agnoscit.
2937 3571 3282 3644 Quapropter
3325 3589 3467 3629 nunc
3505 3575 3682 3628 denuo

2082 3665 2226 3718 vires
2254 3662 2566 3732 periclitari,
2595 3679 2660 3718 ac
2707 3679 2833 3718 num
2877 3665 3066 3721 eadem
3110 3665 3437 3722 deitteritate
3469 3651 3682 3736 tempus

2081 3755 2420 3813 celeberrimi
2480 3755 2963 3825 APOLOGETICI,
3015 3775 3176 3829 quem
3219 3759 3682 3830 ingeniosissimus

2081 3858 2294 3919 patrum
2340 3845 2872 3906 TERTULLIANUS
2937 3851 3186 3921 reliquit,
3241 3867 3432 3907 eruere
3487 3866 3676 3923 quem,

2082 3950 2288 3995 tentare
2309 3939 2543 3996 decrevi.
2576 3940 2842 3997 Excitavit
2871 3957 2978 4008 me,
3003 3952 3058 3997 ut
3086 3943 3247 3997 citius
3294 3958 3455 4011 quam
3481 3943 3684 3998 consti-

2083 4040 2291 4086 tueram
2345 4032 2395 4086 id
2451 4034 2632 4088 oneris
2689 4033 2819 4088 mihi
2877 4034 3230 4105 imponerem,
3280 4035 3681 4106 elegantissima

2083 4125 2540 4183 AI'OLOGETICI
2586 4128 2727 4182 illius
2771 4128 2958 4190 editio,
3015 4144 3173 4199 quam
3219 4130 3364 4184 curis
3401 4130 3498 4184 viri
3529 4130 3686 4200 longe

2082 4219 2472 4284 eruditissimi,
2519 4220 2759 4292 mihique
2807 4223 2859 4275 in
2927 4221 3113 4290 primis
3179 4221 3379 4287 amici,
3429 4222 3684 4294 Sigibcrti

2083 4314 2434 4392 Haverc-ampi
2463 4315 2745 4371 debemus.
2773 4314 2946 4370 Tanto
2995 4331 3114 4370 eam
3157 4315 3330 4371 nitore
3357 4331 3520 4387 quutn
3551 4333 3688 4384 prae.

2083 4407 2273 4471 ditam,
2337 4417 2443 4461 tam
2480 4407 2624 4461 varia
2672 4406 3010 4478 elegantiqne
3053 4407 3356 4463 eruditione
3401 4409 3681 4470 munitam,

2085 4509 2193 4554 tam
2221 4500 2290 4554 ab
2329 4501 2476 4556 omni
2529 4509 2678 4569 parte
2727 4501 2987 4556 illustrem
3040 4516 3103 4555 ac
3151 4503 3502 4556 emaculatam
3529 4514 3688 4554 cons-

2085 4592 2340 4664 picerem,
2401 4591 2451 4647 id
2502 4594 2657 4648 unice
2704 4593 2885 4649 statim
2936 4594 3208 4662 Optabam,
3243 4601 3301 4647 ut
3350 4592 3540 4646 eodem
3589 4590 3686 4645 lia-

2086 4686 2198 4742 hitu
2234 4700 2339 4740 non
2369 4684 2528 4755 hujus
2554 4694 2783 4751 tantum,
2818 4700 3002 4740 verum
3033 4684 3360 4754 reliquorum
3392 4682 3553 4739 etiam
3582 4681 3686 4736 Pa-

2086 4786 2249 4842 trum,
2285 4779 2518 4846 potiot'es
2549 4776 2821 4846 prodirent
2849 4777 2989 4830 libri.
3021 4775 3110 4831 Sic
3131 4775 3330 4830 etenim
3359 4775 3684 4839 statuebam,

2086 4884 2277 4939 magna
2301 4868 2442 4924 twdii
2471 4869 2614 4924 illius
2648 4878 2819 4936 parte,
2847 4867 2988 4938 quod
3013 4882 3133 4922 cum
3164 4867 3362 4924 litteris
3385 4867 3532 4924 hisce
3553 4883 3686 4925 con-

2078 4963 2322 5034 junctum
2356 4972 2458 5028 est,
2507 4963 2610 5018 hoc
2651 4973 2804 5034 pacto
2833 4964 3098 5027 abstersa,
3152 4963 3269 5020 fore
3330 4973 3388 5020 ut
3416 4981 3521 5021 non
3565 4980 3682 5020 am-

2088 5056 2225 5126 plius
2275 5056 2472 5112 relictae
2517 5055 2627 5110 fere
2657 5071 2720 5110 ac
2757 5055 2906 5110 orbae
2936 5071 2966 5110 a
2995 5055 3299 5111 cultoribus
3337 5057 3687 5128 antiquitates

2085 5163 2253 5203 sacra:
2283 5148 2664 5218 reperirentur.
2693 5146 2818 5202 Erat
2848 5156 3050 5212 tamen,
3081 5148 3222 5218 quod
3251 5146 3304 5202 in
3332 5158 3438 5201 tam
3467 5147 3683 5202 exculto

2086 5254 2251 5308 Opt‘l‘c
2295 5238 2683 5301 desiderarem,
2715 5237 2783 5294 de
2812 5246 2969 5293 :etate
3012 5237 3268 5294 nimirum
3299 5253 3363 5293 ac
3388 5238 3686 5294 rationibus

2087 5332 2204 5402 ejus
2228 5332 2550 5402 disquisitio.
2582 5331 2826 5407 Polliceri
2855 5329 3072 5401 quidem
3113 5330 3476 5400 intelligebam
3503 5330 3688 5387 crudi«

2090 5425 2352 5494 tissimqu
2371 5423 2562 5490 virum,
2583 5439 2643 5480 se
2659 5424 2710 5480 in
2737 5423 3124 5493 praeparatione
3147 5423 3368 5492 reliquis
3387 5423 3687 5480 TERTUL-

2086 5516 2268 5574 LIANI
2313 5515 2555 5572 adversus
2601 5523 2772 5586 gentes
2816 5514 2973 5584 libris
3018 5513 3389 5584 prtemittenda
3440 5512 3683 5584 (Putem,

2088 5611 2212 5667 huic
2256 5615 2416 5667 etiam
2459 5607 2729 5666 desiderio
2777 5606 3148 5677 consulturum
3193 5619 3336 5662 esse.
3369 5605 3481 5677 Ego
3525 5620 3681 5671 vero,

2153 5744 2235 5808 il),
2257 5743 2430 5794 Exstat
2453 5744 2500 5808 i_n
2523 5742 2824 5808 bibliotheca
2853 5740 3007 5792 meo].
3025 5739 3141 5792 bist.
3169 5739 3336 5804 pbilol.
3360 5752 3472 5808 quae
3484 5740 3680 5798 Bromie

2083 5804 2281 5873 prodiit;
2307 5816 2343 5858 t.
2371 5813 2422 5870 tt,
2456 5804 2619 5858 fascic.
