4252 6270
533 310 652 390 859

1733 318 1828 378 ne
1861 305 2122 378 mare
2154 299 2606 380 noto‘emcr

3731 306 3844 385 διο

539 404 751 499 tantum
775 395 950 511 abest,
972 437 1120 496 utin
1158 435 1245 495 his
1285 435 1574 509 promissis
1609 435 2042 509 adquiescerem,
2078 447 2141 494 ut
2166 437 2219 500 Α
2245 437 2349 494 illis
2375 439 2568 510 injecta
2595 437 2864 498 ostendit.
2883 439 3014 511 Quae
3041 440 3220 498 omnia
3251 455 3414 514 quum
3443 455 3474 497 a
3501 440 3720 498 nemine
3741 456 3842 498 una

541 532 629 590 vel
659 533 726 588 iis
751 531 1036 603 instigarer
1057 529 1252 601 potius,
1283 544 1390 600 quo
1416 529 1520 585 hoc
1546 542 1713 585 onere
1733 544 1858 585 eum
1879 529 2137 586 levarem.

543 625 636 683 Sic
663 625 806 681 enim
835 622 1092 679 continuo
1117 637 1333 679 mecum
1365 638 1379 675 :
1409 621 1636 678 Brevior
1651 622 1760 678 erit
1785 637 1997 689 eorum,
2019 637 2142 694 quae

544 725 845 789 comparat,
877 715 1202 787 expectatio,
1247 715 1294 773 si
1335 715 1539 772 laboris
1585 715 1639 772 in
1668 715 1851 782 alium,
1899 717 2144 787 quamvis

546 811 758 881 exigua,
788 809 1046 880 particula
1069 809 1406 867 devolvetur.
1431 809 1652 866 ‘Pondus
1673 809 1757 865 his
1778 809 1974 881 adjecit
1999 809 2147 882 cogi-

545 903 842 963 tationibus
879 903 1068 974 optimi
1117 903 1218 959 viri
1261 903 1590 972 adhortatio,
1631 918 1771 974 quae,
1815 911 1872 958 ut
1909 917 1995 970 ea,
2024 919 2147 973 qua:

548 997 790 1067 molirer,
818 997 1153 1069 perﬁcerem,
1183 1006 1524 1054 cunctantem
1553 995 1729 1052 adhuc
1755 996 1988 1068 impulit.
2007 996 2146 1064 Quid

547 1092 778 1150 multis?
821 1092 864 1147 E
909 1091 1138 1164 vestigio
1179 1091 1502 1163 posthabitis
1541 1090 1662 1146 aliis
1710 1105 1926 1145 manum
1973 1090 2148 1146 labori

548 1184 787 1253 admovi,
815 1199 901 1252 ac,
930 1182 1072 1256 quod
1095 1184 1180 1240 hic
1201 1183 1455 1253 exhibeo,
1481 1183 1534 1238 in
1559 1182 1799 1238 chartam
1822 1183 2052 1254 conieci.

582 1273 795 1334 "Tuum
842 1278 954 1348 jam
1001 1279 1106 1333 erit
1151 1277 1454 1350 dispicere,
1505 1277 1818 1334 doctissime
1872 1277 2148 1335 HAVER-

551 1369 784 1438 CAMPI,
817 1384 944 1425 num
973 1369 1106 1426 tanti
1140 1372 1213 1426 sit
1241 1370 1413 1440 opella
1457 1378 1663 1437 nostra,
1695 1377 1756 1426 ut
1783 1384 1975 1426 novam
2015 1386 2151 1428 con-

552 1464 716 1522 dendi
741 1463 901 1534 hujus
938 1463 1153 1535 generis
1196 1463 1626 1520 dissertationem
1666 1463 1912 1520 molestia
1939 1466 2151 1538 'supcr-

554 1556 745 1613 sedere
770 1569 960 1627 queas.
992 1556 1147 1623 Quod
1172 1556 1215 1611 si
1246 1556 1422 1610 minus
1467 1564 1652 1610 nostra
1703 1556 1797 1612 tibi
1827 1556 2150 1628 placuerint,

554 1652 817 1718 animum,
849 1650 982 1718 scio,
1015 1650 1106 1720 qui
1133 1649 1336 1704 candor
1385 1656 1468 1704 est
1513 1656 1668 1716 tuus,
1699 1649 1974 1721 probabis.
2021 1649 2154 1719 Quis

554 1757 687 1799 vero
714 1742 841 1798 ille?
871 1748 930 1796 ut
951 1739 1251 1797 commodis
1276 1741 1572 1795 litterarum
1597 1740 1933 1809 inservirem,
1976 1739 2155 1799 histo-

2245 545 2406 601 quam
2438 531 2490 586 in
2520 531 2744 587 dubium
2779 542 2986 595 vocata,
3017 542 3126 589 tum
3154 549 3216 589 ca
3245 542 3389 600 sunt,
3416 544 3474 588 ut
3499 551 3605 605 qua
3629 531 3848 598 ratione

2245 639 2430 691 teram,
2459 640 2619 696 quam
2647 625 2886 695 defendi,
2933 627 3271 694 conﬁrment,
3318 642 3541 698 prorsus
3581 627 3841 685 nesciam.

2247 715 2508 784 Quocirca
2563 719 2754 775 melius
2805 721 3002 776 omissa
3055 720 3278 789 fuisset,
3332 736 3493 792 quam
3547 721 3844 794 subjungit,

2249 812 2523 867 conclusio
2557 830 2571 866 :
2603 811 2756 867 Nulli
2782 814 2955 885 itaque
2986 813 3081 869 alii
3111 814 3318 882 cpoclta:
3361 814 3518 886 hujus
3544 815 3720 884 scripti
3745 827 3846 869 nn-

2250 919 2371 957 num
2396 904 2618 958 natalem
2635 905 2820 973 majori
2839 905 3065 960 veritatis
3083 905 3251 976 specie
3268 906 3531 976 assignare
3557 920 3844 976 possumus.

2248 993 2680 1051 Fundamentum
2705 997 2820 1067 ejus
2842 1013 2946 1051 non
2971 998 3024 1052 in
3051 997 3303 1054 omnibus
3344 1013 3463 1068 qtue
3492 999 3847 1068 praemiserat,

2250 1085 2348 1142 scd
2385 1086 2437 1140 in
2506 1087 2607 1144 hoc
2653 1088 2772 1144 solo
2825 1089 3058 1160 positum
3112 1098 3214 1154 est,
3258 1104 3364 1144 non
3422 1084 3552 1146 ante
3607 1106 3660 1145 a.
3692 1089 3844 1146 CCII.

2252 1177 2585 1238 SEVERUM
2613 1180 2847 1237 decretis
2875 1182 2989 1238 suis
3015 1182 3442 1238 Christianorum
3469 1183 3703 1238 fortunis
3733 1197 3853 1238 mo-

2255 1270 2447 1328 lestum
2479 1271 2662 1330 fuisse.
2685 1272 2840 1342 Quod
2865 1289 3024 1346 quam
3052 1274 3316 1332 lubricum
3349 1289 3413 1331 ac
3459 1273 3726 1332 inﬁrmum
3752 1277 3850 1344 sit,

2255 1379 2384 1422 mox
2414 1367 2638 1437 patebit.
2669 1366 2896 1440 Scripsit
2943 1379 3091 1425 certe
3138 1367 3670 1426 TERTULLIANUS
3723 1365 3850 1426 cum

2250 1458 2363 1530 jam
2388 1460 2542 1516 malis
2573 1460 2808 1532 undique
2827 1463 3026 1521 fratres
3079 1463 3287 1520 obsessi
3325 1475 3530 1521 essent.
3571 1461 3856 1522 Verum'ta.

2257 1567 2380 1608 men
2410 1551 2513 1608 hoc
2537 1567 2645 1610 non
2671 1553 2892 1623 sufﬁcit,
2917 1555 3040 1611 nisi
3088 1565 3141 1610 et
3181 1556 3284 1612 hoc
3307 1556 3586 1626 doceatur,
3619 1571 3729 1613 non
3759 1572 3855 1615 an-

2258 1653 2344 1703 tea
2397 1661 2556 1718 quam
2618 1647 2794 1704 edicta
2833 1649 3308 1721 promulgarentur
3357 1650 3617 1722 Augusti,
3648 1652 3856 1710 calamo

2257 1753 2381 1796 eum
2409 1754 2598 1794 manus
2627 1739 2952 1798 admovisse.
2981 1741 3144 1812 Cujus
3173 1742 3392 1813 quidem
3418 1743 3469 1799 si
3510 1743 3724 1801 os1endi
3759 1760 3858 1816 po-

559 1834 752 1890 loriam
801 1831 1067 1888 malorum
1103 1832 1156 1886 in
1209 1831 1550 1888 Christianos
1591 1829 1870 1889 SEVERO
1912 1833 2155 1904 Augusto
2185 1856 2233 1918 Β
2261 1839 2368 1889 test
2416 1834 2778 1903 contrarium,
2823 1835 2999 1892 omnis
3049 1836 3232 1892 haecce
3275 1837 3606 1908 computatio
3660 1837 3856 1897 nullius

556 1934 937 1997 congestorum
969 1924 1318 1996 explicarem.
1353 1923 1559 1995 Teque,
1581 1924 1626 1980 si
1676 1925 1730 1980 id
1781 1924 1905 1981 addi
1931 1924 2150 1996 pateris,

558 2018 626 2076 ad
649 2019 753 2074 alia
777 2015 1104 2088 perﬁcienda
1123 2016 1516 2088 expeditiorem
1544 2017 1705 2088 paulo
1743 2017 2051 2074 redderem.
2098 2017 2156 2076 Si

559 2113 612 2170 in
653 2112 871 2167 homine
920 2125 1030 2167 non
1071 2111 1234 2166 nimis
1278 2109 1491 2166 erudito
1523 2111 1863 2180 temerarius,
1896 2109 2157 2168 honestus

561 2217 740 2264 tamen
785 2217 889 2264 est.
938 2208 1014 2264 De
1057 2206 1250 2264 litteris
1290 2221 1354 2264 ac
1379 2204 1871 2263 TERTULLIANO
1901 2206 1947 2263 si
1977 2205 2157 2262 minus

559 2299 701 2355 bene
723 2297 992 2366 merebor,
1017 2297 1087 2354 de
1126 2306 1180 2355 te
1232 2305 1408 2354 tamen
1451 2297 1602 2352 nullo
1629 2297 1793 2354 modo
1819 2296 1961 2354 male
1988 2295 2158 2354 meri-

562 2397 650 2446 tus
672 2389 844 2446 videri
871 2401 1114 2460 possum.
1145 2388 1348 2459 Vulgus
1377 2387 1632 2444 nimirum
1655 2387 1882 2445 consilia
1903 2403 1970 2446 ex
1996 2397 2158 2445 even-

565 2495 620 2541 tu
639 2526 656 2553 ,
685 2483 812 2540 boni
844 2482 946 2538 viri
971 2497 1039 2539 ex
1065 2481 1263 2538 affectu
1293 2482 1587 2538 aestimant.

635 2619 662 2692 §
702 2617 766 2674 ll.
790 2650 860 2659 —
886 2619 1352 2692 Circumspicienti
1381 2619 1536 2687 mihi,
1568 2618 1732 2676 utl‘as
1771 2628 1910 2690 erat,
1953 2618 2047 2692 qui
2091 2619 2163 2677 de

563 2711 753 2768 eadem
781 2727 841 2768 re
867 2722 993 2768 ante
1023 2727 1109 2769 me
1133 2711 1329 2768 eruditi
1358 2711 1460 2767 viri
1485 2711 1802 2779 sensissent,
1834 2710 1903 2766 ab
1929 2709 2012 2766 his
2056 2725 2156 2782 pe-

562 2804 706 2860 nitus
737 2803 998 2869 relictam,
1021 2803 1089 2859 ab
1116 2803 1223 2858 illis
1253 2818 1439 2875 parum
1466 2803 1657 2860 dextre
1682 2813 1930 2860 ornatam
1957 2803 2159 2862 inveni.

563 2897 872 2966 Generatim
926 2887 1292 2953 dissensiones
1355 2911 1419 2952 ac
1483 2896 1872 2953 sententiarum
1931 2896 2160 2953 divortia

563 2991 726 3049 etiam
753 2989 839 3047 hic
865 3005 1093 3062 regnare
1118 2991 1383 3048 videbam.
1410 2990 1522 3047 Dici
1552 2989 1680 3063 quid
1706 3005 1737 3046 a
1759 2989 2030 3048 nonnullis
2060 3005 2159 3046 au-

565 3084 777 3141 diebam
808 3084 919 3140 :ita
942 3099 1094 3154 vero,
1138 3093 1196 3141 ut
1236 3086 1502 3140 rationum
1531 3084 2000 3142 obliviscerentur.
2034 3083 2163 3140 Dili-

565 3179 776 3252 gentius
830 3177 967 3234 alios
1017 3175 1086 3233 ad
1133 3178 1366 3234 calculos
1404 3177 1611 3235 sedisse
1639 3177 2161 3246 animadvertebam,
2191 3223 2236 3286 Ο

565 3288 792 3344 quorum
830 3282 1008 3328 tamen
1035 3269 1316 3326 conatibus
1348 3285 1456 3326 non
1484 3285 1578 3341 par
1625 3269 1844 3327 fortuna
1869 3267 2168 3342 responde-

565 3374 669 3422 ret.
696 3367 962 3424 l’luriutos
993 3367 1172 3440 magni
1217 3367 1453 3422 nominis
1490 3367 1636 3422 viros
1665 3363 1829 3421 duces
1861 3363 2040 3435 potius
2076 3377 2166 3419 se-

568 3459 679 3529 qui,
709 3473 867 3529 quam
900 3459 956 3514 in
985 3458 1068 3516 his
1095 3475 1154 3516 se
1179 3475 1458 3516 macerare
1492 3460 1730 3516 numeris
1757 3459 2016 3528 voluisse,
2049 3473 2168 3516 cer-

568 3550 783 3605 nebam.
813 3551 908 3609 Vel
930 3551 1045 3608 haec
1072 3554 1461 3610 sententiarum
1483 3554 1736 3622 varietas,
1767 3568 2015 3624 quamam
2043 3568 2167 3610 cum

568 3646 796 3702 veritate
841 3657 1187 3719 congrueret,
1219 3659 1277 3706 ut
1303 3649 1692 3718 examinarem,
1735 3664 1824 3704 me
1851 3647 2165 3704 commovit.

569 3739 836 3812 Equidem
863 3750 1069 3798 tantum
1107 3745 1260 3811 lucis,
1292 3754 1548 3816 quantum
1573 3741 1808 3798 intricati
1839 3740 2042 3812 negotii
2071 3755 2168 3797 na-

571 3841 990 3913 turalpermittit,
1031 3841 1079 3897 ei
1114 3840 1403 3897 conciliare
1444 3839 1704 3908 conabor,
1727 3852 1791 3895 ac
1812 3837 1918 3909 duo
1946 3846 2166 3908 propte-

570 3948 663 3990 rea
692 3933 1005 4004 opinionum
1033 3933 1263 4005 primum
1285 3947 1482 4004 genera
1505 3931 1850 3988 constituam.
1881 3930 2169 3988 Saecularis

571 4041 747 4084 annus
799 4025 883 4084 CC
927 4027 1186 4084 terminus
1228 4034 1370 4094 esto,
1409 4024 1499 4097 qui
1539 4032 1828 4095 utrumque
1873 4022 2167 4096 disiungat.

577 4122 821 4180 Alterum
844 4121 1027 4194 itaque
1050 4135 1237 4177 eorum
1262 4121 1386 4189 erit,
1410 4119 1500 4192 qui
1519 4127 1643 4176 ante
1669 4118 1812 4174 hunc
1831 4130 2054 4184 annum,
2077 4124 2174 4173 aut

572 4229 639 4272 eo
664 4219 803 4288 ipso,
833 4218 970 4288 libri
1007 4217 1179 4274 nostri
1222 4217 1431 4274 natales
1478 4222 1744 4290 quaerunt.
1779 4212 2027 4270 Alterum
2067 4209 2171 4267 ho-

572 4327 715 4380 rum,
747 4313 839 4382 qui
873 4313 1059 4383 elapso
1102 4311 1196 4368 illo
1233 4309 1604 4368 ducentesimo
1633 4324 1776 4366 anno
1822 4324 1946 4366 eum
1989 4307 2171 4364 consi-

573 4415 792 4480 gnatum
820 4420 940 4464 esse
971 4415 1214 4463 censent.
1248 4405 1322 4462 De
1351 4405 1559 4472 ultimo,
1593 4403 1738 4476 quod
1757 4419 1923 4476 quum
1963 4402 2175 4476 longius

573 4519 602 4556 a
635 4501 860 4558 veritate
888 4501 1060 4563 abest,
1096 4511 1207 4555 tum
1253 4499 1460 4556 facilius
1487 4497 1819 4563 confutatur,
1854 4495 2020 4568 priori
2048 4496 2170 4551 loco

573 4593 772 4650 dicam.
798 4592 976 4659 Prius,
1005 4591 1158 4663 cujus
1182 4589 1420 4646 rationes
1443 4591 1702 4661 majorem
1729 4589 2001 4660 postulant
2021 4585 2171 4643 indu-
2194 4596 2250 4658 1)

573 4687 760 4743 striam
777 4728 792 4754 ,
821 4700 885 4742 ac
910 4700 975 4742 ex
1003 4684 1132 4756 ipsis
1160 4683 1400 4740 historias
1425 4681 1637 4739 arcanis
1657 4680 1992 4738 excutiendae
2021 4688 2169 4750 sunt,

573 4778 860 4851 posteriori
891 4777 1202 4835 reservabo.

650 4914 678 4986 §
719 4913 806 4969 lli.
842 4943 911 4956 -
946 4913 1203 4984 Princeps
1234 4913 1290 4969 in
1321 4912 1406 4980 iis,
1440 4927 1575 4984 quos
1604 4911 1830 4982 primum
1875 4905 2173 4964 audiendos

575 5021 696 5063 esse
722 5005 977 5073 diximus,
997 5003 1318 5061 sententiam
1342 5003 1484 5060 dicat
1509 5001 1966 5066 Guillel.Caveus,
1997 4998 2172 5055 maxi-

575 5114 677 5156 ma:
707 5099 861 5154 lauta:
891 5106 946 5154 et
975 5097 1247 5153 industriae
1277 5095 1377 5152 vir.
1407 5097 1512 5153 Pro
1551 5112 1693 5151 anno
1722 5095 1767 5150 is
1795 5101 1994 5166 pugnat
2017 5089 2170 5148 CCII.

576 5192 734 5258 Mihi,
754 5192 827 5246 ait
843 5191 1100 5258 (Historia
1119 5191 1271 5246 litter.
1295 5191 1488 5263 Script.
1511 5188 1706 5245 Eccles.
1727 5188 1826 5255 1.1,
1846 5204 1899 5260 p.
1916 5187 2007 5243 42.
2027 5186 2178 5244 b.ed.'

578 5281 823 5357 Genera),
855 5283 1182 5338 verisimilius
1207 5281 1401 5336 videtur
1429 5281 1674 5354 scriptum
1705 5281 1864 5354 fuisse
1887 5283 1980 5335 sub
2004 5294 2175 5350 perse-

576 5378 777 5433 cutione
801 5386 965 5444 sexta,
994 5375 1130 5430 circa
1164 5392 1215 5429 α.
1249 5372 1420 5437 CCII,
1465 5391 1563 5445 quo
1596 5373 1940 5430 SEVERUS
1979 5373 2178 5444 aliquos

577 5470 880 5526 christianos
907 5467 1020 5538 ﬁeri
1042 5469 1134 5524 sub
1175 5470 1317 5540 gravi
1343 5483 1493 5540 paena
1514 5468 1685 5523 vetuit.
1711 5467 1907 5536 Adjicit
1931 5467 2012 5522 his
2034 5481 2179 5538 qua:-

577 5565 703 5621 dam
743 5562 1076 5634 probationis
1120 5561 1308 5630 iustar,
1340 5577 1480 5632 quat,
1528 5561 1572 5616 si
1621 5561 1749 5616 mihi
1780 5561 1976 5616 bonum
2006 5559 2177 5614 virum

578 5656 884 5729 exagitandi
905 5656 1118 5712 animus
1138 5665 1301 5722 esset,
1351 5664 1675 5726 repeterem.
1703 5655 1834 5711 Pars
1859 5669 1925 5710 eo
1953 5653 2183 5723 pertinet

581 5760 660 5815 ut,
682 5761 812 5806 vere
850 5751 1150 5819 imperante
1183 5747 1478 5816 SEVERO,
1527 5752 1715 5819 pacein
1748 5747 2178 5803 Christianorum

583 5838 752 5896 fuisse
779 5841 1049 5904 turbatam
1075 5849 1333 5913 appareat
1365 5857 1379 5896 :
1413 5854 1536 5911 pars
1557 5849 1674 5898 non
1688 5839 1825 5898 levia
1850 5839 2020 5898 fuisse
2041 5839 2182 5915 mala

2259 1926 2572 1983 mstimanda
2602 1936 2707 1984 est.
2736 1927 2920 1999 Neque
2943 1930 3106 1985 etiam
3132 1929 3236 1986 hoc
3261 1931 3342 1986 vir
3372 1930 3563 1986 doctus
3603 1932 3857 2001 attendit,

2258 2019 2470 2076 etiamsi
2491 2019 2728 2076 rationes
2750 2020 2869 2091 ejus
2897 2021 3122 2077 multum
3143 2021 3406 2090 valerent,
3435 2031 3648 2079 :ctatem
3679 2034 3858 2082 tamen

2258 2113 2382 2170 libri
2411 2113 2478 2169 ad
2525 2128 2577 2169 a.
2624 2113 2777 2171 CCIII
2808 2114 2986 2186 potius
3035 2114 3239 2171 diderri
3283 2115 3503 2172 debere.
3546 2115 3737 2173 Omnia
3780 2127 3859 2173 et-

2259 2205 2406 2261 enim
2419 2219 2542 2261 cum
2557 2205 2624 2262 ab
2644 2206 2824 2278 aliquo
2840 2208 2950 2277 jam
2968 2216 3210 2279 tempore
3234 2206 3473 2263 caedibus
3493 2223 3558 2264 ac
3577 2209 3852 2282 suppliciis

2259 2299 2686 2356 Christianorum
2718 2299 3022 2368 fervissent,
3049 2300 3245 2358 Noster
3274 2311 3436 2358 sectte
3465 2317 3578 2358 sua:
3605 2301 3861 2360 defensor

2261 2391 2488 2448 exstitit.
2555 2391 2735 2461 Quare
2763 2407 2872 2448 non
2903 2394 3035 2448 satis
3075 2393 3333 2450 credibile
3381 2404 3484 2460 est,
3539 2395 3642 2451 sub
3688 2396 3863 2467 ipsum

2262 2484 2624 2540 calamitatum
2646 2486 2951 2554 exordium,
2981 2502 3047 2543 eo
3074 2487 3213 2558 ipso,
3233 2502 3339 2558 quo
3360 2497 3500 2544 nata:
3525 2499 3696 2556 erant,
3718 2504 3865 2546 anno

2263 2578 2631 2635 defensionem
2660 2578 2817 2635 istam
2866 2579 2920 2635 in
2949 2579 3159 2636 litteras
3190 2582 3414 2637 relatam
3460 2597 3598 2637 esse.
3627 2582 3708 2638 Ab
3758 2582 3864 2638 hoc

2264 2671 2467 2726 alienus
2513 2680 2691 2728 tamen
2743 2686 2851 2727 non
2905 2683 3027 2727 erat
3056 2673 3324 2728 Henricus
3353 2672 3864 2730 Dodwellus.Licet

2263 2764 2430 2831 enim,
2460 2763 2587 2836 quid
2617 2765 2685 2822 de
2711 2774 2891 2830 aetate,
2910 2764 3371 2822 APOLOGETICI
3418 2767 3634 2830 sentiat,
3679 2775 3866 2838 aperte

2264 2857 2405 2927 quod
2436 2858 2603 2912 sciam
2638 2872 2896 2927 nusquam
2928 2867 3214 2930 proponat,
3264 2873 3330 2914 ex
3361 2858 3467 2914 illis
3497 2869 3698 2922 tamen,
3742 2874 3864 2930 qua)

2263 2949 2335 3005 de
2356 2949 2727 3006 vexationibns
2747 2949 3172 3006 Christianorum
3191 2949 3291 3006 sub
3309 2950 3585 3007 SEVERO
3605 2950 3865 3022 disputat,

2267 3041 2394 3114 quid
2423 3052 2606 3098 mente
2627 3043 2855 3098 voluerit
2881 3043 2999 3098 siue
3041 3043 3147 3098 ulla
3177 3043 3549 3099 controversia
3576 3045 3862 3115 colligitur.

2267 3136 2408 3190 Ante
2451 3147 2502 3186 a.
2522 3133 2659 3189 CCl-l
2688 3133 2940 3190 nimirum
2980 3137 3252 3190 neminem
3282 3135 3720 3206 tranquillitatem
3747 3151 3868 3207 pcr-

2271 3225 2515 3281 turbasse
2543 3236 2718 3281 cmtus
2739 3227 2878 3282 sacri
2906 3226 3007 3282 sibi
3038 3226 3348 3297 persuadet,
3382 3228 3544 3298 idque
3567 3227 3863 3300 nonnullis,

2268 3333 2390 3394 qua:
2418 3332 2542 3374 mox
2586 3317 2955 3384 discutiemus,
2983 3320 3314 3388 argumentis
3333 3320 3575 3376 stabilire
3609 3321 3861 3376 enititur.

2271 3414 2512 3486 (Dissert.
2544 3413 2794 3485 Cyprian.
2847 3413 2938 3482 XI,
2979 3414 3010 3486 ᾗ
3048 3415 3140 3483 Li,
3182 3430 3235 3485 p.
3280 3413 3371 3471 68.
3423 3414 3486 3472 S.
3534 3417 3618 3470 ed.
3664 3415 3862 3488 Brem.)

2273 3509 2508 3565 Decebat
2547 3509 2626 3565 sic
2663 3524 2809 3574 eum,
2842 3507 2924 3564 cui
2971 3507 3106 3562 nihil
3147 3508 3324 3564 minus
3368 3523 3528 3578 quam
3571 3517 3866 3580 martyrum

2270 3601 2422 3675 copia
2447 3603 2662 3660 ferenda
2688 3603 2984 3658 videbatur.
3007 3600 3160 3670 Quod
3181 3601 3227 3657 si
3246 3616 3396 3673 ergo,
3424 3612 3482 3657 ut
3507 3601 3866 3658 indubitatum

2271 3703 2374 3763 ρει,
2405 3713 2510 3753 non
2552 3707 2708 3751 antea
2760 3711 2918 3767 quam
2951 3697 3280 3751 incrementa
3325 3695 3594 3765 cepissent
3642 3691 3864 3749 calami-

2271 3799 2427 3858 tates,
2460 3788 2718 3861 praesides
2742 3788 3139 3860 provinciarum
3166 3777 3698 3844 TERTULLIANUS
3717 3799 3868 3842 com-

2271 3885 2513 3958 pellavit,
2558 3893 2766 3940 certum
2811 3899 3026 3954 quoque
3055 3899 3121 3940 ex
3156 3882 3274 3955 ejus
3305 3881 3570 3939 sententia
3613 3891 3699 3936 est
3744 3870 3892 3952 post'

2274 3993 2324 4033 a.
2376 3976 2524 4033 C(il.
2556 3985 2648 4032 aut
2686 3991 2752 4032 co
2795 3975 3008 4032 labente
3037 3974 3237 4032 factum
3286 3973 3416 4030 illud
3458 3989 3600 4029 esse.
3647 3974 3712 4029 Et
3740 3971 3871 4044 quid

2274 4064 2597 4143 conjecturis
2622 4071 2797 4142 opus?
2828 4070 3123 4126 Disertiora
3149 4070 3346 4126 adsunt
3384 4067 3581 4126 eruditi
3612 4069 3715 4123 viri
3745 4082 3870 4124 ver-

2274 4166 2340 4220 ba
2370 4181 2384 4218 :
2413 4163 2567 4233 Inde,
2596 4163 2768 4233 inquit
2798 4161 2961 4235 (Diss.
2997 4163 3106 4228 cit.,
3135 4160 3187 4234 §,
3236 4161 3328 4216 42.
3350 4177 3401 4234 p.
3445 4160 3580 4233 69.),
3631 4161 3709 4215 his
3750 4153 3876 4232 ipsis

2277 4256 2584 4328 temporibus
2607 4256 2710 4328 (de
2741 4271 2792 4310 a.
2821 4254 2974 4312 CCII.
3010 4256 3270 4328 loquitur)
3295 4256 3372 4311 vel
3399 4256 3553 4327 paulo
3573 4255 3728 4310 etiam
3766 4258 3878 4324 far-

2275 4359 2407 4406 tasse
2446 4349 2717 4414 recentius,
2765 4366 2895 4404 nava
2940 4347 3057 4416 illa,
3101 4365 3256 4419 quam
3300 4345 3528 4420 appellat
3558 4341 3879 4400 TERTUL-

2277 4441 2583 4510 LIANUS,
2633 4440 3039 4497 Christianorum
3091 4440 3191 4496 Dei
3238 4439 3416 4505 editio,
3459 4454 3575 4492 cum
3623 4433 3877 4508 ejusmodi

2273 4538 2622 4609 inscriptione,
2652 4535 2789 4591 Deus
2840 4534 3247 4590 Christianorum
3287 4531 3574 4586 onochoites
3601 4572 3614 4597 ,
3662 4527 3873 4584 auribus

2276 4631 2512 4699 asininis,
2543 4629 2703 4685 altera
2723 4629 2850 4699 pede
2869 4626 3317 4700 ungulatolibruut
3346 4625 3590 4697 gestantis
3622 4633 3667 4677 ct
3693 4620 3876 4693 togati.

2279 4725 2556 4794 Leguntur
2577 4737 2662 4790 ca,
2705 4721 2773 4777 ad
2805 4736 2924 4792 qua:
2977 4728 3252 4791 provocat,
3300 4718 3354 4773 in
3403 4707 3882 4773 APOLOGETlCO

2277 4816 2361 4890 (Ο.
2399 4815 2540 4871 XVI.
2569 4832 2640 4885 _p.
2690 4815 2812 4871 169.
2843 4813 2931 4869 ed.
2973 4812 3144 4868 celeb.
3195 4810 3576 4881 llavercampi,
3629 4824 3731 4880 qua
3797 4806 3918 4862 hic-

2277 4923 2494 4979 semper
2519 4903 2687 4979 utor),
2716 4905 2873 4976 cujus
2901 4919 2989 4961 res
3035 4904 3122 4960 hic
3151 4903 3346 4981 agitur.
3376 4900 3515 4969 Quid
3563 4898 3761 4955 clarius
3786 4898 3886 4952 ita-

2279 5015 2423 5072 que,
2497 5013 2625 5055 cum
2674 4995 2854 5054 Caveo
2909 4997 3167 5067 aliisque,
3250 4995 3394 5050 circa
3473 4991 3593 5047 libri
3667 4999 3886 5046 aetatem

2280 5093 2610 5151 Dodwellum
2683 5091 3084 5148 consensisse?
3133 5089 3317 5145 Latius
3392 5086 3552 5143 hodie
3619 5085 3720 5141 viri
3778 5084 3918 5140 hu-'

2276 5190 2364 5262 jus
2414 5189 2483 5244 de
2533 5185 2805 5259 paucitate
2876 5193 3174 5257 martyrum
3245 5181 3509 5239 sententia
3556 5177 3775 5251 serpsit,
3821 5190 3887 5233 ac

2279 5283 2634 5357 plurimorum
2662 5279 2804 5336 inter
2833 5277 3070 5335 eruditos
3103 5275 3316 5332 animos
3359 5273 3659 5345 occupavit.
3697 5270 3884 5341 Igitur,

2281 5375 2409 5448 quin
2449 5373 2738 5429 multorum
2771 5370 3040 5428 mentibus
3079 5371 3195 5425 hate
3223 5367 3292 5425 de
3331 5377 3490 5422 aetate
3537 5360 3888 5421 APOLOGE-

2283 5468 2416 5525 'l‘lCl
2441 5467 2625 5540 Opinio
2646 5465 2803 5522 infixa
2832 5466 3054 5533 sit,‘non
3076 5459 3294 5519 dubium
3313 5469 3415 5516 est.
3439 5459 3682 5527 Quorum
3707 5465 3886 5510 tamen

2285 5561 2496 5634 longius
2523 5561 2609 5616 hic
2637 5573 2940 5627 recensere,
2971 5570 3134 5628 quum
3160 5555 3324 5612 duces
3358 5553 3577 5609 indicati
3609 5550 3740 5613 sint,
3774 5562 3882 5604 non

2286 5653 2650 5712 necessarium
2680 5666 2800 5709 esse
2827 5650 3078 5706 arbitror.
3101 5649 3179 5705 Ad
3214 5647 3507 5705 Antonium
3537 5644 3756 5714 Pagiuut
3789 5655 3886 5712 po-

2287 5749 2389 5803 tius
2411 5746 2628 5814 acccdo,
2658 5747 2772 5818 qui,
2795 5746 2918 5801 licet
2944 5759 3159 5800 omnem
3199 5742 3309 5798 fere
3332 5749 3544 5796 {etatem
3568 5737 3620 5792 in
3651 5733 3890 5790 numeris

2286 5837 2620 5907 coutriverit,
2651 5835 2825 5895 eidem
2852 5845 3030 5894 tamen
3059 5850 3118 5894 se
3147 5833 3351 5892 addixit
3403 5829 3703 5890 sententia).
3750 5826 3892 5884 Cum
