4252 6278
360 349 477 423 εει

1636 340 1952 423 nossent
1986 339 2412 435 bisontstrto.

3570 332 3683 429 se

373 474 691 553 Hypaticain
713 472 1082 535 conscriberet
1106 473 1546 548 Dissertationem,
1573 493 1733 536 nemo
1753 495 1820 538 eo
1860 495 1977 537 me-
2080 482 2381 552 Rninarto,
2428 480 2519 555 qui
2567 480 2902 539 Dodwellum
2949 481 3051 539 sibi
3086 482 3479 559 “castigandum
3535 500 3683 545 sume

369 572 501 640 lius,
525 571 613 645 qui
644 584 832 651 pro_a.
869 566 1144 655 CXCVIII.
1188 568 1391 627 diserte
1419 570 1820 641 pronuntiabat.
1864 574 1969 627 Ac-

372 667 495 738 Cipe
521 663 685 721 verba
714 656 883 737 (Diss.
918 661 1197 734 Hypatica,
1234 661 1300 718 P.
1335 661 1397 717 II.
1422 677 1541 732 cap.
1583 661 1675 718 III.
1716 662 1745 738 ᾗ
1785 663 1875 720 12.
1915 679 1968 737 p.

374 758 501 817 m.
544 746 718 835 Lugd.
755 752 1086 829 issem-4°)
1138 748 1763 814 :rEanLLtANUs
1795 740 1971 813 aro-

371 846 803 908 LOGETICUM
850 848 1149 920 conscripsit
1193 849 1256 903 Α.
1280 844 1595 905 CXCVIII.
1624 865 1723 921 quo
1745 846 1973 905 SEVE-

370 946 523 1005 RUS
556 944 957 1020 quinquennalia
982 944 1159 1010 edidit,
1185 938 1448 1015 Romaque
1473 944 1722 1011 discessit,
1740 960 1890 1015 quam
1913 941 1973 998 ob

367 1053 607 1095 caussam
649 1036 718 1091 ad
752 1035 1077 1108 magistratus
1122 1032 1383 1090 Romanos
1416 1035 1566 1091 illum
1595 1035 1798 1091 direxit.
1835 1033 1977 1090 Nam

370 1131 489 1189 licet
513 1129 716 1186 nullum
740 1128 910 1184 adhuc
933 1128 994 1183 ab
1021 1126 1195 1184 eodem
1232 1128 1539 1200 imperatore
1566 1127 1807 1184 adversus
1829 1124 1978 1185 Chrié

369 1224 565 1281 stianos
602 1222 828 1279 edictum
869 1220 1249 1294 promulgatum
1295 1221 1496 1294 fuisset,
1544 1220 1854 1278 Plautianus
1898 1231 1976 1295 ta-

372 1332 508 1383 men,
535 1315 684 1388 cujus
703 1314 1005 1370 auctoritate
1027 1311 1206 1370 Romae
1231 1314 1402 1370 omnia
1422 1311 1631 1385 ﬁebant,
1659 1315 1977 1373 Christianos

371 1424 554 1464 uacare
579 1406 870 1479 incipiebat.
902 1406 1128 1480 Egregie
1152 1421 1303 1475 sane,
1332 1406 1475 1478 quod
1500 1416 1612 1463 tum
1644 1402 1818 1480 legem
1854 1407 1977 1464 nul-

368 1500 481 1557 lam
534 1499 604 1555 ab
655 1501 902 1570 Angusto
961 1499 1013 1554 in
1046 1497 1384 1556 Christianos
1407 1499 1570 1555 latam
1597 1499 1781 1567 fuisse,
1811 1515 1978 1573 agno-

371 1590 495 1650 scit.
535 1589 692 1660 Quod
744 1589 813 1647 de
866 1588 1153 1647 Plautiano
1195 1589 1364 1657 addit,
1416 1589 1617 1649 Baroni
1669 1580 1831 1648 debet
1882 1607 1976 1647 su-

371 1683 602 1785 ει)ξοίοηὶ
626 1682 844 1756 (Annal.
870 1680 1070 1737 Eccles.
1103 1690 1145 1738 t.
1167 1676 1234 1737 ll.
1266 1683 1335 1737 ad
1378 1700 1432 1738 a.
1465 1681 1565 1739 cc.
1595 1698 1652 1738 η.
1683 1682 1799 1739 vu.
1837 1668 1974 1740 VIII.

372 1792 430 1849 p.
452 1773 587 1834 '198.
620 1776 704 1831 ed.
727 1773 915 1830 Colon.
944 1773 1108 1831 1624.
1161 1775 1306 1847 [οι.),
1351 1790 1513 1848 quam
1563 1775 1679 1847 ipse
1719 1775 1979 1848 deinceps

2075 576 2215 655 psit,
2250 577 2646 650 praetermissus
2696 586 2801 633 est.
2855 574 3106 633 Graviter
3148 577 3195 632 is
3244 592 3309 634 ac
3353 579 3681 650 permoleste

2078 675 2216 741 fert,
2267 670 2613 726 afﬂictionem
2662 679 2828 725 telam
2882 670 3044 724 unius
3094 668 3294 726 biennii
3322 670 3497 742 spatio
3538 670 3683 730 hunc

2078 766 2386 839 ctimplecti.
2436 764 2626 838 (Prtef.
2670 764 2738 817 ad
2758 764 2885 819 Acta
2912 761 3136 834 Martyr.
3161 764 3383 832 sincera,
3414 763 3556 820 Sect.
3588 762 3679 821 Il.

2079 860 2110 936 ᾖ
2162 854 2257 926 12,
2297 857 2469 932 ρ.48.
2499 858 2580 912 ed.
2625 855 2926 930 Wetsten.).
2974 856 3321 914 Generaliora
3372 872 3502 915 vero
3557 856 3679 914 tan-

2084 963 2235 1017 tum,
2288 950 2485 1023 quibus
2514 964 2637 1006 eum
2688 948 2930 1015 refellat,
2962 949 3218 1017 adducit,
3264 965 3491 1021 quorum
3542 947 3681 1009 alter

2080 1046 2273 1109 similia
2296 1087 2311 1113 ,
2342 1043 2386 1102 si
2418 1043 2789 1118 quaesivisset,
2817 1042 3060 1100 fortassis
3093 1042 3407 1099 invenisset.
3440 1042 3680 1116 Diligen-

2076 1130 2275 1197 ‘tiorem
2340 1136 2778 1210 inquisitionem,
2835 1144 3248 1205 temporumque
3299 1134 3677 1204 netationem,

2079 1247 2239 1307 quam
2268 1228 2474 1303 negotii
2504 1236 2694 1284 natura
2727 1226 2886 1284 unice
2914 1224 3155 1297 ﬂagitat,
3196 1225 3395 1283 frustra
3424 1236 3680 1298 expecta-

2079 1324 2241 1397 veris.
2288 1322 2543 1393 Majorem
2588 1319 2785 1392 Pagius
2830 1318 3147 1374 industriam
3189 1318 3469 1387 adhibuit,
3504 1328 3562 1374 ttt
3622 1319 3679 1377 in

2080 1415 2231 1474 hisce
2256 1416 2417 1473 rebus
2447 1413 2734 1486 plurimum
2764 1411 3075 1483 possidebat
3104 1412 3363 1468 scientiae.
3390 1410 3604 1484 (Critica
3626 1410 3683 1467 in

2080 1510 2219 1565 Ann.
2250 1507 2461 1563 Baronii
2498 1505 2560 1562 Τ.
2590 1503 2710 1561 III.
2740 1504 2809 1558 ad
2847 1522 2899 1559 a.
2951 1502 3086 1560 CCI.
3121 1521 3174 1559 η.
3215 1503 3323 1559 VII
3364 1523 3417 1578 p.
3443 1503 3498 1559 2.
3532 1514 3579 1561 et
3613 1503 3682 1560 ad

2081 1588 2136 1659 α.
2182 1598 2408 1660 CCVII.
2439 1616 2494 1655 n.
2520 1595 2642 1653 III.
2664 1614 2719 1670 ρ.
2752 1594 2843 1670 7).
2865 1595 3050 1667 Neque
3078 1605 3255 1653 tamen
3285 1594 3389 1653 hoc
3433 1611 3680 1653 momen-

2083 1707 2197 1754 tum
2225 1696 2491 1768 attingere
2537 1691 2748 1765 potuit,
2798 1691 3050 1763 quoniam
3105 1690 3157 1744 in
3190 1689 3344 1746 initio
3375 1688 3683 1746 afﬂictionis

2083 1788 2418 1863 designando
2449 1788 2516 1844 ab
2554 1785 2867 1842 adversario
2897 1827 2911 1853 ,
2951 1792 3012 1839 ut
3040 1783 3287 1851 ostendi,
3318 1797 3425 1841 non
3453 1782 3684 1841 disside-

373 1867 995 1970 Pﬂlqlgamlqﬁfjcafld
1014 1866 1402 1970 ξίηηυΒαῖοηῖῖ»
1425 1867 1549 1925 ῑοῖίο
1574 1869 1642 1923 ad
1659 1860 1975 1970 {CXCIX
2006 1906 2057 1970 Β
2083 1860 2303 1967 βαι.Ἰιι
2343 1880 2446 1936 hoc
2473 1879 2633 1953 igitur
2676 1885 2880 1933 tantum
2926 1885 3218 1946 occupatus
3236 1885 3319 1932 est
3342 1916 3357 1943 ,
3406 1883 3466 1931 ut
3512 1875 3580 1929 ab
3623 1889 3681 1932 a.

373 1982 431 2024 η.
464 1956 555 2023 Ν.
580 1981 638 2039 p.
668 1964 785 2038 92).
812 1963 1065 2022 Probatio
1097 1979 1226 2036 vaga
1264 1973 1342 2022 est
1371 1979 1435 2021 ac
1474 1965 1801 2037 generalior,
1859 1966 1982 2041 q'ute

374 2070 433 2119 et
484 2062 543 2116 in
609 2059 746 2116 alios
788 2073 958 2116 annos
1015 2057 1284 2130 quadrare
1358 2064 1578 2129 posset,
1634 2059 1827 2129 quibus
1880 2057 1982 2119 Se-

374 2167 565 2211 verum
660 2148 821 2208 etiam
904 2150 1039 2207 urbe
1118 2149 1357 2208 abfuisse
1446 2149 1714 2208 novimus.
1794 2148 1984 2209 Fuerit

376 2262 511 2304 vero
566 2238 728 2303 nimis
790 2240 1003 2302 infirma
1064 2262 1078 2300 :
1144 2244 1338 2301 vellem
1414 2243 1761 2301 nihilominus
1814 2244 1867 2301 in
1918 2259 1981 2301 ea

385 2336 655 2400 sententia
703 2339 787 2397 vir
836 2340 1027 2398 doctus
1096 2339 1436 2412 perstitisset.
1510 2338 1797 2397 Enimvero
1857 2353 1979 2396 cum

386 2434 677 2493 Baronium
733 2435 1066 2509 castigaret,
1112 2432 1501 2505 repudiandum
1556 2432 1656 2489 sibi
1697 2447 1815 2489 eam
1860 2447 1982 2490 esse

378 2532 558 2601 duxit,
584 2546 649 2589 ac
675 2538 886 2589 aetatem
916 2510 1373 2607 APOLOGE'I‘ICI
1396 2528 1461 2584 ad
1501 2543 1551 2583 a.
1580 2527 1739 2586 CCV.
1774 2526 1976 2584 retulit.

378 2620 809 2689 Christianorum,
840 2620 993 2678 audis
1039 2620 1266 2693 Pagium
1310 2618 1403 2693 (ad
1454 2635 1506 2674 a.
1535 2616 1771 2676 CXCIX.
1805 2637 1858 2673 n.
1891 2614 1980 2674 Vl.

382 2733 439 2790 p.
485 2714 627 2789 93.),
662 2714 952 2790 'persecutio
1013 2726 1130 2770 ante
1166 2730 1217 2768 a.
1260 2711 1431 2772 CCII.
1480 2712 1681 2768 decreta
1722 2728 1822 2769 non
1861 2711 1972 2785 fuit.

382 2787 554 2880 Quare
584 2787 701 2865 cum
729 2787 1075 2865 'I'ertullianus
1112 2807 1497 2880 Apologeticum
1536 2823 1719 2875 suum,
1744 2806 1980 2878 persecu-

380 2906 516 2961 tione
541 2902 723 2976 ubique
740 2898 851 2973 jam
875 2918 907 2956 a
932 2901 1091 2955 multo
1112 2906 1334 2971 tempore
1353 2890 1625 2971 ﬂagrante,
1660 2906 1712 2952 ut
1744 2914 1807 2953 ea:
1835 2898 1980 2969 ipso-

378 3006 480 3054 met
498 2992 832 3073 Apologetico
857 2993 1134 3066 colligitur,
1162 2992 1438 3064 scripserit,
1472 2992 1621 3062 longe
1646 2989 1842 3045 tardius
1858 3005 1984 3061 prte-

377 3089 748 3147 stantissimum
775 3086 909 3143 illud
935 3103 1063 3158 opus
1086 3087 1510 3159 'promulgatum,
1552 3094 1598 3141 et
1635 3084 1838 3158 quidem
1862 3125 1877 3150 ,
1926 3092 1983 3140 ut

380 3184 632 3253 conjicere
658 3182 792 3248 licet,
811 3197 946 3236 anno
972 3181 1310 3235 ducentesimo
1340 3169 1533 3252 quinto,
1554 3194 1653 3248 quo
1681 3176 1973 3231 Antoninus

2084 1972 2233 2031 CCII.
2265 1972 2332 2029 ad
2358 1984 2585 2029 mortem
2612 1984 2781 2042 usque
2819 1967 3069 2025 SEVERI
3096 1983 3279 2040 pacem
3310 1976 3497 2025 sancto
3517 1966 3683 2025 cmtui

2086 2081 2195 2123 non
2239 2064 2410 2123 fuisse
2454 2063 2721 2120 redditam
2777 2061 3008 2118 evincat.
3059 2051 3214 2129 Quod
3258 2059 3331 2115 illi
3380 2058 3595 2132 itaque,
3628 2068 3686 2117 et

2085 2158 2395 2233 complures
2420 2156 2549 2224 alii,
2600 2156 2921 2212 intentatum
2947 2152 3302 2222 dimiserunt,
3339 2153 3391 2209 id
3421 2167 3522 2225 ego
3551 2146 3683 2210 mihi

2085 2268 2230 2310 nunc
2258 2250 2645 2326 perliciendum
2671 2264 2901 2305 sumam.
2932 2248 3009 2304 De
3035 2263 3179 2302 anno
3200 2288 3216 2316 ,
3260 2247 3349 2319 qui
3377 2247 3530 2303 malis
3565 2246 3685 2304 istis

2086 2347 2297 2404 initium
2346 2344 2587 2413 dederit,
2634 2344 2862 2416 praecise
2910 2355 3056 2397 nunc
3104 2355 3214 2397 non
3264 2339 3457 2412 agitur.
3530 2334 3682 2395 Ilaud

2084 2442 2375 2500 difficulter
2400 2441 2446 2497 is
2494 2456 2558 2497 ex
2610 2438 2709 2508 iis,
2746 2453 2866 2510 qua:
2904 2436 2973 2493 de
3020 2444 3178 2493 aetate
3225 2432 3683 2493 APOLOGE'I'ICI

2085 2546 2237 2594 extra
2256 2535 2477 2592 dubium
2500 2530 2907 2597 collocabimus,
2946 2528 3062 2586 erui
3086 2528 3305 2601 poterit.
3332 2527 3436 2583 Hic
3467 2526 3517 2584 id
3546 2526 3680 2583 mihi

2085 2637 2290 2705 tantum
2339 2624 2673 2698 propositum
2704 2631 2822 2689 est,
2873 2631 2933 2676 ut
2979 2628 3105 2678 ante
3148 2634 3201 2676 a.
3232 2618 3384 2677 CCII.
3416 2634 3524 2691 quo
3565 2617 3684 2676 SE-

2086 2718 2251 2776 VERI
2281 2720 2335 2776 in
2364 2718 2701 2777 Christianos
2732 2716 2947 2774 decreta
2982 2715 3250 2788 publicata
3275 2728 3396 2770 esse
3421 2712 3684 2780 concedo,

2087 2810 2352 2872 inﬁnitam
2403 2828 2766 2869 aerumnarum
2812 2812 2919 2867 vim
2974 2811 3054 2867 eis
3099 2808 3391 2866 exhibitam
3438 2824 3560 2865 esse
3589 2808 3686 2864 do-

2085 2923 2259 2966 ceam.
2293 2904 2529 2962 Primum
2560 2913 2739 2962 teneat
2789 2903 2843 2960 in
2890 2904 3116 2960 teStibus
3140 2917 3325 2959 eorum
3369 2901 3485 2973 ipse
3506 2909 3688 2957 noster

2086 2996 2639 3057 TERTULLIANUS.
2688 2996 3079 3054 Testimonium
3134 3011 3201 3052 ex
3235 3010 3302 3052 eo
3353 2996 3469 3067 ipso
3507 2994 3683 3065 Libro,

2100 3091 2253 3164 cujus
2297 3099 2513 3146 aetatem
2551 3089 2639 3145 hic
2678 3087 3077 3156 constituimus,
3127 3085 3307 3142 dicat.
3337 3085 3576 3151 Prodiit,
3622 3085 3681 3142 id

2086 3182 2229 3256 quod
2294 3180 2477 3237 nullus
2527 3188 2725 3253 negat,
2788 3194 2911 3235 cum
2953 3178 3065 3250 jam
3114 3177 3507 3233 crudelissimis
3551 3190 3684 3247 sup-

378 3275 582 3348 imperii
610 3274 830 3332 Ca‘sarei
855 3273 1150 3330 decennali“
1190 3273 1489 3339 celebravit.
1524 3288 1682 3342 quove
1702 3271 1981 3343 Ρενδεεαιίο
2008 3271 2054 3335 C
2087 3277 2261 3351 pliciis
2312 3275 2592 3334 christiani
2644 3275 2712 3331 de
2758 3273 2935 3330 medio
2974 3272 3308 3329 tollerentur.
3360 3269 3504 3326 Idem
3546 3285 3681 3327 vero

380 3369 545 3440 magis
569 3368 746 3425 seruiit.
768 3366 940 3423 Nemo
968 3365 1242 3438 pejoribus
1270 3380 1505 3437 unquam
1538 3364 1789 3435 auspiciis
1828 3378 1981 3419 men—

381 3472 496 3520 tem
526 3460 767 3519 mutavit.
798 3456 936 3516 Dum
966 3458 1131 3514 alium
1159 3456 1328 3515 levius
1357 3464 1669 3528 peccantem
1692 3454 1982 3513 emendare

379 3555 568 3626 cupit,
603 3552 749 3626 gravi
789 3568 910 3609 sese
935 3559 1116 3608 errato
1156 3550 1502 3607 contaminat.
1537 3548 1796 3621 Equidem
1828 3549 1979 3617 scio,

377 3646 624 3704 smviisse
653 3656 761 3703 tum
789 3645 843 3701 in
872 3643 1205 3702 Christianos
1240 3642 1485 3699 nationes
1514 3658 1544 3698 a
1584 3642 1696 3698 veri
1736 3640 1983 3699 Numinis

376 3738 524 3799 cultu
559 3740 760 3797 alienas
785 3781 798 3806 ,
829 3754 951 3795 cum
1008 3736 1205 3793 N05ter
1247 3751 1341 3793 sua
1385 3737 1746 3809 consignaret.
1797 3734 1983 3805 Qualis

375 3849 510 3892 vero
537 3832 663 3891 hinc
689 3832 1004 3891 conclusio?
1043 3830 1187 3905 Ergo
1229 3840 1351 3902 post
1378 3832 1573 3889 emissa
1602 3847 1633 3887 a
1658 3831 1862 3889 Severo
1889 3831 1984 3888 de-

376 3912 527 3984 creta
555 3925 693 3983 liber
715 3934 964 3982 exaratus
993 3934 1096 3982 est.
1128 3924 1290 3995 Quasi
1315 3918 1444 3981 vero
1474 3931 1579 3980 tam
1613 3914 1791 3981 rerum
1815 3925 1983 3994 impe-

374 4016 514 4076 ritus
541 4015 724 4086 fuerit,
751 4028 810 4074 ut
837 4017 889 4073 vi
916 4018 1090 4090 legum
1113 4026 1266 4073 antea
1295 4016 1520 4073 latarum
1551 4015 1744 4073 fratres
1768 4016 1983 4076 nostros

374 4112 756 4183 smpenumero
823 4112 1160 4169 excruciatos
1199 4111 1364 4168 fuisse
1403 4109 1706 4167 nesciverit.
1754 4112 1892 4178 Aut,
1934 4114 1980 4168 si

375 4203 560 4260 minus
589 4203 695 4261 hoc
720 4216 1056 4277 perspectum
1090 4204 1191 4276 ipsi
1214 4204 1425 4273 luisset,
1458 4204 1545 4261 hic
1569 4203 1684 4277 ipse
1712 4204 1981 4277 Apologe-

373 4296 518 4353 tiens
544 4292 655 4352 tum
690 4296 955 4379 temporis
1002 4297 1105 4354 hoc
1143 4298 1418 4362 evenisse,
1461 4313 1581 4354 eum
1633 4313 1739 4353 non
1789 4297 1983 4355 docere

371 4390 661 4471 potuisset.
677 4388 785 4448 Sed
802 4388 869 4447 de
892 4386 994 4446 hac
1012 4406 1070 4447 re
1092 4392 1200 4464 jam
1216 4391 1538 4467 luculentius
1554 4390 1978 4449 commentabor.

444 4480 505 4557 ς.
538 4481 705 4541 IV.-‘—
736 4480 1012 4552 Vidimus,
1037 4484 1123 4551 iis,
1156 4484 1245 4556 qui
1277 4494 1396 4555 post
1438 4500 1491 4541 a.
1523 4483 1672 4541 CCII.
1705 4474 1902 4541 librum
1927 4482 1981 4539 in

375 4568 586 4633 litteras
614 4591 735 4634 esse
777 4566 997 4659 volunt,
1040 4576 1142 4632 hoc
1186 4578 1455 4649 prazcipue
1504 4574 1780 4645 obfuisse,
1829 4577 1973 4649 quod

373 4667 635 4753 usquead
658 4682 711 4753 a.
733 4662 886 4725 CCII.
910 4671 1289 4749 pacatissimas
1317 4668 1484 4725 fuisse
1522 4684 1609 4725 res
1636 4668 1976 4725 Christiano-

373 4776 497 4819 rum
523 4750 873 4825 crediderint.
904 4756 1035 4821 ΙΙώο
1060 4779 1190 4821 vero
1210 4780 1281 4821 ex
1316 4778 1384 4821 eo
1405 4773 1527 4819 nata
1549 4771 1633 4819 est
1654 4764 1935 4835 persuasio
1957 4804 1975 4835 ,

372 4853 524 4928 quod
547 4852 656 4914 hoc
692 4852 872 4925 an‘n'o,
913 4848 1075 4929 quem
1101 4855 1247 4925 dixi,
1288 4857 1506 4914 decreta
1555 4871 1585 4911 a
1615 4853 1893 4914 SEVERO
1923 4857 1979 4915 in

377 4945 718 5005 Christianos
766 4946 1041 5021 proposita
1086 4941 1294 5017 fuisSe,
1337 4944 1628 5006 multis-ex
1654 4942 1980 5008 testimoniis

373 5038 701 5104 didicerant.
746 5039 862 5095 Non
904 5038 1076 5112 patuit
1119 5039 1368 5098 videlicet
1395 5041 1502 5096 illis
1550 5040 1981 5100 ratiocinationis

373 5131 540 5205 huius
560 5133 938 5190 imbecillitas:
985 5131 1177 5191 Saaxit
1239 5149 1291 5190 a.
1338 5131 1489 5193 CCII.
1536 5135 1590 5191 in
1644 5132 1980 5193 Christianos

373 5224 699 5286 SEVERUS
724 5227 1098 5302 leges;igitur
1146 5245 1251 5286 non
1286 5240 1441 5287 antea
1486 5230 1670 5287 vexari
1703 5239 1975 5302 poterunt.

375 5318 716 5399 Quamquam
767 5319 1106 5377 Dodwellum
1150 5320 1240 5379 hic
1287 5323 1462 5395 excipi
1523 5323 1678 5379 facile
1707 5322 1856 5391 fero,
1888 5323 1981 5394 qui

376 5411 450 5471 ad
478 5412 627 5471 alias.
657 5412 818 5471 simul
874 5414 1112 5489 argutias
1142 5413 1413 5488 confugit,
1464 5432 1530 5473 eo
1575 5418 1717 5489 quod
1762 5417 1893 5474 nihil
1925 5417 1979 5473 in

373 5505 482 5563 hac
508 5505 721 5563 ratione
761 5505 995 5580 praesidii
1055 5500 1287 5579 positum
1320 5522 1437 5565 esse
1466 5502 1816 5581 perspiceret.
1849 5507 1976 5565 Haec

371 5614 542 5673 quum
571 5598 646 5657 ita
692 5596 801 5656 sint
822 5641 838 5668 ,
884 5600 1029 5656 nulla
1060 5599 1127 5655 ad
1157 5598 1256 5655 hos
1281 5599 1605 5657 refellendos
1634 5602 1836 5658 certior
1882 5601 1972 5658 via

372 5694 511 5763 erit,
556 5710 718 5768 quam
764 5694 811 5753 si
873 5692 964 5753 diu
1013 5705 1173 5764 ante,
1222 5712 1379 5770 quam
1428 5695 1651 5768 Augusti
1700 5696 1975 5753 ferrentur

369 5774 556 5875 legeS,
584 5788 815 5861 plurima
842 5789 981 5849 mala
1002 5787 1432 5848 Christianorum
1468 5788 1777 5873 incubuisse
1799 5791 1974 5847 cervi-

371 5880 532 5941 cibus
555 5876 975 5944 demonstretur.
996 5879 1169 5943 Totus
1213 5874 1366 5943 hicce
1411 5884 1560 5943 locus
1585 5896 1618 5939 a
1638 5879 1975 5941 Theoderico

2084 3364 2153 3451 de
2186 3369 2377 3429 edictis
2424 3369 2765 3442 imperatoris
2811 3367 2942 3423 nihil
2992 3376 3214 3445 prorsus
3269 3374 3381 3421 tum
3423 3363 3665 3421 auditum

2084 3465 2286 3534 fuisse,
2317 3480 2424 3522 non
2470 3479 2575 3520 uno
2627 3463 2748 3519 Ioco
2789 3462 2988 3519 diserte
3040 3460 3262 3517 indicat.
3305 3458 3686 3531 Conjecturam

2085 3576 2231 3617 nunc
2267 3559 2468 3616 oruitto
2494 3598 2511 3625 ,
2562 3572 2719 3628 quam
2752 3553 3113 3627 Spernendam
3159 3563 3335 3610 tamen
3362 3568 3484 3609 esse
3512 3565 3685 3622 nego:

2086 3646 2235 3719 illud,
2275 3651 2419 3724 quod
2442 3651 2508 3707 ad
2531 3650 2790 3722 prmsides
2806 3646 3205 3721 provinciarum
3224 3647 3460 3703 directus
3486 3646 3577 3715 sit,
3593 3659 3689 3702 eos

2086 3747 2266 3812 solos,
2319 3761 2424 3801 non
2492 3744 2912 3815 imperatorem,
2961 3740 3225 3797 malorum
3275 3737 3445 3795 fuisse
3491 3746 3687 3793 aucto-

2086 3856 2212 3908 res,
2260 3849 2578 3913 argumento
2626 3851 2768 3893 esse.
2793 3828 3231 3917 Evide’ntioribus
3270 3845 3360 3888 res
3402 3837 3689 3903 peragetur

2089 3935 2431 3992 testimoniis.
2466 3933 2707 3991 Primum
2735 3930 2839 3988 hoc
2866 3939 2982 3987 esto
3028 3928 3114 4003 (C.
3146 3925 3382 3983 XXXV.
3413 3943 3464 3998 p.
3496 3923 3625 3998 300)
3668 3941 3683 3979 :

2088 4026 2200 4083 Nec
2228 4027 2323 4082 ulli
2371 4026 2533 4099 magis
2582 4023 2982 4094 depostulatores
3029 4021 3478 4086 Christianorum,
3532 4032 3685 4090 quam

2086 4118 2291 4192 vulgus.
2325 4116 2491 4173 Plane
2511 4108 2679 4174 caeteri
2699 4115 2902 4171 ordines
2927 4131 3019 4187 pro
3042 4114 3346 4169 auctoritate
3368 4109 3596 4184 religiosi
3622 4102 3689 4165 ea:

2084 4214 2216 4284 ﬁde,
2264 4213 2393 4268 nihil
2423 4212 2675 4268 hosticum
2735 4211 2799 4265 de
2861 4211 2976 4282 ipso
3029 4217 3243 4277 senatu,
3294 4207 3359 4263 de
3396 4208 3592 4278 equite,
3620 4205 3684 4262 de

2084 4305 2265 4361 castris
2288 4347 2304 4373 ,
2337 4304 2399 4359 de
2428 4305 2634 4375 palatiis
2682 4303 2809 4375 ipsis
2852 4303 3036 4372 spirat.
3059 4300 3198 4369 Quid
3248 4316 3346 4372 pro
3386 4300 3543 4357 nobis
3567 4298 3684 4357 cvi-

2084 4396 2297 4453 dentius
2327 4397 2503 4452 facere
2528 4395 2739 4467 possit,
2772 4393 3029 4467 equidem
3074 4394 3278 4449 nescio.
3310 4392 3512 4449 Palatia
3536 4391 3680 4462 ipsa,

2082 4489 2274 4562 quibus
2320 4490 2590 4559 Augustus
2640 4504 2757 4542 cum
2812 4487 2935 4557 ﬁliis
2988 4486 3393 4551 continebatur,
3435 4484 3504 4541 de
3550 4484 3682 4541 hos~

2084 4583 2215 4639 tium
2260 4580 2687 4636 Christianorum
2710 4594 2934 4636 numero
2977 4579 3184 4634 eximit.
3217 4577 3344 4632 llmc
3368 4590 3473 4646 qua
3505 4574 3682 4633 fronte

2082 4674 2424 4745 scripsisset,
2476 4672 2524 4726 si
2566 4671 2740 4742 legum
2791 4671 2843 4724 in
2892 4668 3153 4747 vexandis
3204 4667 3527 4723 Christianis
3576 4666 3686 4736 iam

2081 4765 2336 4821 adfuisset
2362 4761 2688 4817 auctoritas?
2716 4761 2871 4825 Tota,
2903 4776 3023 4831 qua:
3043 4773 3163 4828 cap.
3198 4756 3287 4823 IV,
3318 4756 3383 4826 ν,
3410 4756 3477 4813 VI
3510 4798 3526 4823 ,
3557 4755 3685 4829 legi-

2084 4869 2191 4926 tur,
2210 4857 2277 4914 de
2302 4856 2509 4928 legibus
2537 4852 2857 4924 disceptatio
2886 4851 3027 4907 idem
3052 4850 3350 4907 luculenter
3370 4849 3680 4907 confirmat.

2081 4949 2510 5007 Christianorum
2541 4944 2839 5002 adversarii
2868 4945 3015 5016 leges
3055 4942 3468 5015 prasternebant,
3517 4955 3674 5014 quae,

2085 5055 2145 5102 ut
2185 5046 2237 5100 in
2268 5058 2365 5100 eos
2410 5043 2728 5109 Steviretur,
2781 5037 3157 5111 prreeiperent.
3188 5036 3459 5107 Quasnam
3508 5034 3683 5092 vero?

2084 5140 2298 5198 Recens
2326 5135 2533 5194 editas?
2570 5133 2809 5192 Minime.
2837 5132 3028 5189 Edicta
3080 5130 3373 5203 erepabant
3402 5145 3431 5185 a
3459 5128 3686 5187 mortuis

2080 5234 2189 5305 jam
2211 5242 2395 5305 rogata
2419 5228 2852 5302 imperatoribus,
2874 5241 2994 5299 qua:
3011 5225 3155 5281 haud
3178 5224 3497 5281 sibiviolare
3518 5223 3685 5282 licere

2084 5326 2351 5385 dicebant.
2387 5324 2651 5382 Prteclare
2680 5320 2889 5393 frigidis
2918 5319 3067 5376 hisce
3096 5319 3409 5374 ratiunculis
3439 5316 3520 5373 vir
3549 5331 3681 5373 acu-

2085 5430 2171 5479 tus
2197 5419 2452 5477 occurrit.
2480 5415 2798 5474 Rationibus
2824 5426 2949 5471 ante
2980 5412 3162 5469 omnia
3190 5412 3545 5479 demonstrat,
3570 5418 3684 5467 tam

2084 5523 2321 5572 sanctam
2353 5510 2555 5567 nullam
2597 5523 2721 5567 esse
2761 5507 2934 5579 legem
2958 5549 2972 5574 ,
3006 5522 3127 5578 qua:
3155 5520 3261 5561 non
3285 5546 3301 5572 ,
3339 5504 3385 5560 si
3413 5501 3542 5585 quid
3576 5502 3684 5560 ini-

2079 5606 2299 5679 quitatis
2322 5603 2630 5668 contineat,
2658 5599 2917 5657 continuo
2943 5598 3172 5656 delenda
3222 5598 3310 5654 sit.
3344 5596 3459 5654 Nec
3496 5610 3684 5653 exem-

2079 5700 2182 5772 plis
2210 5697 2264 5755 id
2289 5710 2476 5754 carere
2521 5701 2706 5766 postea
2736 5690 2924 5759 docet,
2991 5704 3113 5746 eum
3169 5688 3396 5746 Romani
3431 5688 3686 5745 vetustis-

2076 5791 2228 5851 simis
2252 5792 2378 5850 licet.
2402 5788 2655 5858 decretis,
2686 5800 2915 5859 quorum
2942 5784 3258 5857 injustitiam
3287 5781 3684 5857 cognoverint,

2079 5900 2294 5945 omnem
2314 5881 2646 5944 detraxerint
2670 5879 3044 5939 auctoritatem
3066 5919 3082 5948 ,
3116 5892 3182 5937 ac
3211 5875 3534 5938 SEVERUS
3561 5874 3683 5949 ipse
