4252 6270
567 328 695 393 -Βιὸ

1802 327 1895 387 DE
1932 322 2189 386 ᾸΞΤΔΤΕ
2225 319 2684 383 APOLOGE'I'ICI
3423 309 3450 354 κ

3775 317 3882 386 δα

579 446 742 519 legem
789 443 1014 516 Papiam
1063 441 1428 516 abrogaverit.
1487 439 1678 498 Nonne
1720 449 1770 500 et
1835 459 1953 510 vos,
2006 434 2425 510 inquitAquod
2454 435 2871 508 imperatorem,
2899 407 3055 508 quem
3097 433 3356 491 hominem
3384 434 3473 493 Itie
3498 434 3674 501 dicit,
3708 436 3878 492 malo-

582 539 668 613 (C.
691 539 740 596 Χ
759 538 820 594 V.
860 558 915 610 p.
946 537 1063 608 49),
1095 535 1322 608 quotidie
1365 535 1724 607 experimentis
1766 534 2178 592 illnminantibus

475 633 478 636 ’
580 631 811 688 tenebras
839 629 1188 701 antiquitatis,
1234 637 1391 684 totam
1419 626 1566 683 illam
1594 638 1805 684 veterem
1829 638 1876 684 et
1921 627 2180 698 squallen-

579 732 679 779 tem
704 722 902 794 sylvam
946 720 1115 794 legum
1160 719 1302 776 novis
1339 719 1701 791 principalium
1745 719 2103 788 rescriptorum
2131 725 2178 774 et

578 814 856 870 edictorum
908 811 1164 869 securibus
1205 812 1421 867 ruscatis
1469 821 1516 866 et
1555 811 1794 868 cwditis?
1845 810 1978 866 Vide
2007 827 2177 878 vero,

577 904 774 978 quibus
800 905 868 961 de
907 903 1114 976 legibus
1144 919 1324 960 sermo
1354 903 1466 959 sit?
1517 903 1591 959 De
1635 903 1867 974 antiquis
1887 945 1901 968 ,
1933 911 1989 956 ut
2016 917 2175 972 aper-

576 1007 689 1056 tum
720 1007 835 1066 est,
883 999 1078 1070 quibus
1111 1013 1276 1054 novas
1326 997 1577 1078 Opponit.
1627 996 1808 1069 Pergit
1857 995 1922 1052 ad
1977 996 2174 1052 latores

575 1095 754 1170 legum
794 1093 1055 1151 adversus
1097 1093 1433 1150 Christianos
1481 1090 1633 1164 (Cap.
1677 1089 1738 1156 V,
1786 1109 1840 1162 p.
1894 1089 2007 1161 56),
2038 1104 2174 1178 quos

575 1203 765 1244 omnes
815 1186 1194 1259 turpitudinis,
1247 1185 1621 1255 scelerumque
1651 1182 1867 1262 infamia
1913 1191 2170 1251 notatos,

574 1283 913 1353 Neronisque
950 1282 1253 1337 simillimos
1301 1281 1472 1336 fuisse
1518 1277 1815 1334 contendit.
1867 1277 2036 1345 Quam
2065 1276 2172 1332 late

573 1374 692 1430 lucc
716 1373 1054 1430 adseveratio
1086 1384 1293 1443 pateat,
1323 1388 1430 1428 non
1463 1372 1692 1442 inquiro.
1714 1370 1858 1426 Satis
1889 1369 2020 1424 mihi
2045 1377 2167 1438 est,

574 1466 716 1536 quod
762 1481 824 1520 ex
859 1473 938 1520 ‘ea
979 1465 1310 1522 SEVERIJM
1356 1465 1408 1520 in
1457 1479 1646 1520 eorum
1694 1478 1952 1528 numero,
1997 1463 2086 1532 qui
2116 1462 2170 1516 in

573 1558 909 1615 Christianos
934 1558 1151 1614 decreta
1183 1558 1491 1623 sanxerint,
1514 1558 1582 1611 ab
1613 1572 1678 1613 co
1704 1573 1808 1610 non
1833 1554 1996 1610 fuisse
2022 1554 2174 1630 habi-

574 1659 722 1717 tum,
757 1660 953 1723 pateat.
988 1651 1144 1707 Ratio
1189 1651 1302 1722 ipsa
1336 1650 1495 1720 hujus
1526 1649 1600 1704 rei
1653 1648 1804 1704 testis
1825 1657 1926 1703 est.
1971 1645 2171 1718 Ecquis

572 1744 712 1799 enim
737 1752 843 1798 tam
872 1742 1462 1812 amens,utsapientem
1494 1741 1667 1796 virum
1699 1741 1798 1796 sibi
1835 1737 2161 1808 persuadeat

2287 543 2405 582 rum
2437 526 2764 599 martyribus
2796 525 2902 584 illis
2946 527 3217 584 illatorum
3245 537 3523 584 auctorem
3572 527 3882 587 TER'I’UL-

2285 619 2537 677 LIANUS
2558 635 2677 677 esse
2713 621 2967 678 noluerit.
2999 621 3208 693 Alioqui
3236 620 3380 700 enim
3408 621 3754 694 scripsisset,
3782 625 3878 678 ho-

2283 716 2433 772 minis
2453 705 2623 785 istius,
2651 705 2738 790 qui
2767 734 2853 773 vos
2879 717 3153 782 excruciat,
3176 733 3377 773 caussa.
3405 717 3557 773 Mitto
3582 732 3714 774 vero
3741 717 3880 774 hanc

2281 810 2744 867 ratiocinationem
2771 853 2786 879 ,
2817 826 2882 867 ae
2907 827 3019 867 rem
3049 813 3216 882 ipsam
3257 809 3324 866 ad
3381 803 3539 882 quam
3570 810 3734 867 verba
3761 809 3882 868 haec

2281 903 2575 975 respiciunt
2619 905 2851 960 intueor.
2916 903 3104 960 Caedes
3148 903 3435 959 multorum
3484 903 3762 960 hominum
3795 903 3881 960 di-

2279 994 2482 1066 gnitate
2510 1011 2574 1052 ac
2612 996 2820 1051 meritis
2863 995 3150 1051 illustrium
3186 1005 3630 1051 commemorant.
3659 994 3880 1066 Expers

2279 1086 2520 1145 historia:
2561 1089 2817 1147 SEVERI
2847 1090 2951 1156 sit,
2975 1091 3064 1161 qui
3091 1090 3205 1146 haec
3235 1091 3371 1158 alio,
3412 1106 3570 1161 quam
3595 1090 3662 1146 ad
3685 1106 3878 1146 necem

2277 1197 2464 1238 eorum
2489 1224 2504 1250 ,
2533 1197 2671 1254 quos
2700 1184 2984 1240 occasione
3014 1183 3137 1238 belli
3177 1182 3356 1253 gallici
3381 1173 3449 1237 ab
3475 1181 3723 1238 ALBINO
3749 1182 3880 1240 meti

2277 1275 2607 1345 trucidabat,
2637 1269 2772 1332 trahi
2799 1293 2954 1347 posse
2983 1289 3150 1350 putet.
3185 1277 3301 1334 Hoc
3329 1287 3539 1349 tempus
3566 1277 3691 1333 illud
3715 1286 3830 1334 erat
3856 1319 3874 1343 ,

2275 1385 2383 1441 quo
2413 1372 2716 1440 innumeri,
2750 1373 2891 1444 iique
2920 1373 3163 1442 priet-lari
3185 1415 3200 1439 ,
3251 1371 3498 1428 homines
3545 1382 3738 1443 praeter
3768 1388 3880 1428 om-

2275 1477 2398 1516 nem
2428 1478 2630 1532 ,spem,
2681 1463 2822 1531 quod
2867 1463 3118 1520 ALBINO
3159 1463 3362 1519 favisse
3406 1472 3756 1535 putarentur,
3806 1464 3874 1521 ad

2276 1539 2911 1626 tnortem'rapiebantur.
2967 1556 3106 1612 Audi
3160 1555 3505 1626 Spartianum
3558 1554 3728 1627 (Vita
3770 1555 3873 1612 Se-

2274 1646 2398 1714 veri,
2441 1663 2557 1716 cap.
2612 1637 2754 1702 X11.
2783 1665 2835 1716 p.
2869 1649 2993 1704 177.
3047 1648 3170 1706 178.
3204 1649 3286 1702 ed.
3310 1633 3875 1720 Obrecbti.):lnter-

2269 1740 2419 1809 factis
2456 1741 2738 1796 innumeris
2785 1739 3049 1796 ALBINI
3101 1742 3327 1814 partium
3371 1741 3526 1809 viris,
3573 1744 3704 1797 inter
3745 1757 3873 1814 quos

505 1907 507 1910 ι
573 1837 676 1893 hoc
701 1846 1018 1907 argumento
1060 1836 1205 1908 leges
1235 1838 1671 1907 impugnaturum
1704 1834 1868 1889 tuisse
1888 1873 1904 1900 ,
1936 1833 1980 1888 si
2006 1845 2171 1903 penes
2197 1859 2247 1920 Β
2277 1832 2419 1888 multi
2472 1833 2728 1904 principes
2759 1834 2996 1899 civitatis,
3030 1834 3204 1888 multae
3251 1833 3460 1907 feminis
3504 1833 3729 1900 illustres
3755 1831 3872 1903 [ue-

571 1944 730 2000 quem
759 1939 869 1986 tum
915 1945 1123 1985 summa
1173 1946 1351 1985 rerum
1401 1938 1519 1985 erat
1557 1928 1749 1984 eodem
1796 1941 1918 1982 sese
1942 1924 2170 1982 crimine
2274 1935 2392 1980 runt
2421 1925 2742 1996 (nonnehoc
2763 1927 2931 1995 idem,
2965 1927 3105 1999 quod
3133 1925 3670 1984 TERTULLIANUS
3695 1926 3870 1999 dicit),

569 2022 925 2080 adstrinxisse
945 2023 1309 2079 constitisset?
1333 2021 1612 2078 Festivom
1637 2020 1878 2091 proiecto
1903 2018 2163 2076 defenso-

570 2118 720 2172 rem!
750 2116 838 2188 qui
885 2116 1265 2186 imperatorem
1292 2159 1307 2185 ,
1353 2115 1506 2186 cujus
1535 2116 1771 2169 animum
1797 2111 2042 2168 emollire
2067 2125 2164 2167 cu-

572 2207 781 2278 piebat,
818 2208 882 2264 iis
903 2209 1284 2264 adnumeraret
1307 2251 1320 2274 ,
1352 2211 1443 2280 qui
1465 2207 1785 2275 jtnortalinm
1817 2205 2126 2276 nequissimi
2147 2245 2163 2271 ,

572 2299 840 2371 nullisque
862 2300 1076 2372 ﬂagitiis
1107 2302 1325 2356 secundi
1355 2302 1585 2356 fuerant.
1615 2299 1818 2354 Laudat
1837 2316 1867 2352 e
1892 2297 2167 2353 contrario

567 2391 852 2462 aliquoties
909 2393 1244 2450 SEVERUM
1300 2392 1516 2458 Noster,
1571 2408 1637 2449 ac
1698 2392 2164 2446 constantissimum

567 2485 804 2556 appellat
832 2484 1158 2558 Principum.
1192 2486 1344 2560 (Cap.
1391 2485 1451 2552 V,
1499 2504 1553 2558 p.
1591 2486 1702 2558 52).
1733 2485 1882 2541 Adeo
1927 2495 2162 2542 remotus

569 2586 686 2632 erat
716 2576 783 2632 ab
811 2565 870 2632 ea
902 2577 1156 2647 opinione
1176 2621 1192 2644 ,
1225 2593 1287 2633 ac
1313 2579 1358 2634 si
1383 2578 1618 2649 gladium
1649 2579 1700 2633 in
1747 2577 1941 2632 fratres
1972 2577 2162 2648 stringi

561 2667 836 2738 jussisset.
882 2669 986 2726 Sed
1018 2687 1077 2726 se
1119 2672 1292 2742 ipsum
1323 2671 1553 2742 explicet
1596 2669 2159 2740 TERTULLIANUS,

565 2761 656 2834 qui
689 2763 962 2819 llontanos
1006 2764 1083 2820 sic
1114 2765 1406 2836 alloquitur
1438 2764 1590 2836 (Cap.
1629 2763 1692 2830 V,
1742 2782 1795 2835 p.
1825 2763 1915 2836 6'2)
1959 2782 1974 2818 :
2005 2763 2164 2819 Cate-

565 2872 679 2910 rnm
710 2857 773 2911 de
799 2867 870 2912 tot
908 2859 1090 2913 exinde
1128 2858 1442 2930 principibus
1486 2858 1554 2912 ad
1587 2857 1888 2912 hodiernum
1933 2858 2162 2912 divinum

567 2936 945 3022 humanumque
994 2953 1304 3022 sapientibus
1358 2952 1491 3006 edite
1539 2952 1758 3022 aliquem
1804 2949 2160 3005 debellatorem

566 3043 1010 3101 Christianorum?
1030 3044 1160 3116 Quis
1186 3044 1480 3101 Hodiernus
1501 3046 1590 3100 ille
1610 3041 1632 3099 ?
1657 3043 1990 3107 SEVERUS,
2010 3052 2156 3114 puto.

562 3137 717 3195 IIune
771 3155 898 3194 vero
941 3139 994 3195 in
1042 3140 1458 3196 debellator-ibus
1503 3137 1930 3194 Christianorum
1973 3151 2160 3192 nume.

2272 2020 2498 2073 omnium
2537 2020 2669 2074 bona
2705 2020 2962 2086 publicata
3007 2029 3157 2086 sunt,
3212 2021 3554 2089 aerariumque
3592 2031 3867 2076 auxerunt.

2275 2109 2404 2166 Tum
2439 2111 2859 2184 Hispanorumet
2910 2113 3209 2170 Suallorum
3245 2131 3478 2184 proceres
3521 2115 3672 2170 multi
3714 2115 3870 2170 occisi

2269 2212 2405 2258 sunt.
2442 2203 2562 2259 Mox
2591 2205 2731 2260 idem
2765 2205 3220 2262 nobilissimorum
3248 2207 3486 2263 virorum
3528 2207 3581 2263 in
3613 2207 3730 2264 istis
3761 2194 3872 2264 tur-

2269 2294 2354 2351 bis
2382 2287 2487 2351 vita
2518 2297 2852 2369 privatorum
2889 2299 3107 2370 longum
3150 2297 3282 2354 satis
3311 2298 3544 2355 indicem
3596 2300 3872 2371 subjungit

2269 2386 2438 2461 (Cap.
2486 2388 2664 2458 XIII,
2701 2410 2755 2463 p.
2810 2393 2933 2456 178,
2974 2392 3159 2464 l79.).
3189 2391 3525 2464 Capitolinus
3569 2391 3736 2467 (Vita
3783 2391 3866 2450 Cl.

2267 2482 2460 2549 Albini,
2490 2500 2537 2538 c.
2565 2482 2708 2550 XII,
2752 2502 2806 2553 ρ.
2862 2485 3017 2557 217.)
3063 2485 3188 2542 huic
3229 2496 3282 2542 ct
3335 2486 3670 2542 Herodianus
3697 2489 3717 2560 (
3745 2487 3870 2544 Ilis-

2267 2575 2444 2630 toriar.
2473 2574 2590 2633 Lib.
2629 2574 2725 2632 III
2757 2587 2803 2632 et
2839 2576 3004 2633 VIII.
3034 2596 3089 2651 ρ.
3137 2578 3260 2636 147.
3301 2579 3381 2635 ed.
3412 2578 3688 2640 Bthleri.)
3709 2579 3865 2651 jnngi

2266 2679 2461 2742 potest.
2497 2669 2699 2741 Ecquid
2725 2687 2856 2728 vero
2901 2681 3006 2736 est,
3031 2672 3171 2743 quod
3205 2672 3522 2728 luculentius
3551 2672 3862 2730 TERTUL-

2271 2759 2530 2819 LIANUM
2585 2764 2868 2834 explicet?
2914 2763 3098 2835 Neque
3137 2781 3265 2820 vero
3307 2764 3529 2821 dubium
3574 2782 3642 2822 ex
3693 2767 3866 2822 altera

2268 2863 2418 2925 parte
2449 2854 2752 2912 ALBINUM
2784 2899 2798 2921 ,
2831 2857 2972 2928 quod
3009 2857 3096 2912 hic
3120 2849 3522 2922 subindiCatur,
3553 2857 3742 2915 eadem
3766 2873 3867 2914 sa:-

2264 2947 2393 3001 vitia
2423 2961 2577 3002 usum
2612 2946 2796 3014 fuisse,
2819 2951 3121 3019 prmsettit'n
3157 2960 3504 3020 posteaquam
3529 2965 3558 3004 a
3590 2949 3867 3006 SEVERO

2265 3040 2523 3108 insidias,
2568 3057 2702 3112 quas
2769 3042 3106 3113 Capitolinus
3163 3045 3181 3115 (
3222 3041 3337 3097 Vita
3381 3043 3573 3109 Albini,
3625 3061 3675 3098 c.
3735 3041 3863 3098 VII.

2278 3130 2441 3188 VIII.
2486 3152 2540 3205 p.
2579 3123 2708 3190 ΞΗ.
2739 3132 2803 3206 i.)
2832 3137 3088 3204 exponit,
3133 3135 3233 3190 sibi
3280 3136 3414 3190 strui
3470 3145 3736 3190 senserat.
3768 3135 3867 3192 Cui

563 3230 786 3287 randum
813 3246 933 3288 esse
961 3242 1138 3303 negat.
1166 3230 1302 3302 Quid
1333 3231 1563 3287 clarius?
1599 3231 1869 3286 Prmtereo
1896 3228 2162 3284 celebrem
2190 3220 2235 3284 C
2269 3223 2372 3280 hoc
2394 3225 2715 3295 expendenti
2743 3241 2904 3297 grave
2927 3243 3034 3282 non
3059 3227 3288 3294 accidat,
3307 3227 3351 3282 si
3378 3228 3499 3299 quis
3519 3227 3865 3286 nihilominus

563 3338 628 3378 es
656 3323 844 3380 eadem
869 3319 1248 3381 dissertatione
1268 3325 1446 3380 locum
1497 3321 1651 3394 (Cap.
1704 3321 1844 3395 γέν.
1879 3321 1970 3388 63,
1994 3321 2063 3377 65
2093 3320 2111 3392 )
2145 3339 2159 3377 :

567 3418 759 3486 Quales
800 3435 919 3492 ergo
950 3419 1083 3491 leges
1107 3420 1253 3481 istae,
1298 3435 1423 3490 quas
1467 3418 1708 3472 adversus
1757 3433 1848 3471 nos
1895 3415 1992 3470 soli
2021 3429 2166 3469 exse-

561 3517 782 3579 quuntur
801 3510 966 3582 impii,
990 3528 1117 3581 quas
1146 3511 1318 3565 nullus
1344 3509 1664 3576 Hadrianus,
1683 3509 1856 3563 nullus
1886 3506 2162 3578 Vespasia-

563 3616 679 3663 nus,
709 3599 880 3656 nnllus
906 3601 1055 3669 Pius,
1072 3602 1243 3657 nullus
1285 3601 1443 3656 Verus
1472 3601 1745 3673 impressit.
1770 3599 1905 3656 Sunt
1926 3598 2158 3665 codices,

561 3691 652 3762 qui
679 3691 922 3748 Severum
949 3694 1036 3749 hic
1078 3695 1281 3766 legunt.
1315 3695 1426 3766 Ego
1470 3709 1600 3750 vero
1649 3694 1775 3758 tibi,
1807 3691 2163 3763 Havereampi

559 3784 907 3854 doctissime,
946 3789 1213 3844 assentior
1235 3827 1252 3854 ,
1293 3788 1528 3857 virisque
1567 3787 1825 3858 egregiis,
1859 3786 1947 3856 qui
1981 3795 2156 3840 tecum

561 3878 844 3935 meliorum
870 3879 1128 3935 librorum
1160 3879 1422 3935 benetieio
1449 3879 1647 3935 Verum
1671 3878 1826 3934 nobis
1848 3877 2153 3933 restituere.

527 3993 530 3995 λ
559 3972 731 4041 Quam
757 3973 1042 4029 lectionem
1074 3973 1174 4030 etsi
1205 3973 1382 4029 minus
1411 3973 1597 4043 probat
1627 3972 1934 4028 Dodwellus
1965 3974 1982 4041 (
2013 3971 2151 4028 Diss.

558 4063 804 4136 Cyprian.
837 4063 944 4134 XI,
980 4063 1008 4137 ἕ
1056 4066 1144 4121 «Η.
1179 4083 1232 4136 ρ.
1259 4061 1349 4120 69.
1386 4105 1402 4133 ,
1431 4062 1648 4119 diititeri
1692 4072 1868 4119 tamen
1900 4078 2006 4118 non
2054 4079 2152 4128 po-

561 4160 680 4224 tuit,
721 4160 918 4231 smpius
960 4159 1013 4214 in
1040 4159 1276 4232 antiquis
1303 4158 1667 4216 monumentis
1695 4157 1884 4216 Severi
1929 4167 1982 4213 et
2025 4155 2154 4213 Veri

557 4253 777 4310 nomina
801 4254 1078 4312 confundi.

632 4429 660 4502 δ
692 4429 757 4485 V.
789 4461 861 4470 —
890 4429 1014 4486 Hice
1036 4439 1158 4485 sunt
1180 4473 1193 4497 ,
1225 4445 1344 4502 quze
1403 4445 1500 4502 pro
1530 4438 1711 4485 nostra
1740 4431 2006 4488 sententia
2039 4432 2154 4503 ipse

557 4523 716 4578 nobis
756 4523 1130 4578 sltbmitiistrat
1178 4523 1737 4590 APOLUGETICUS,
1791 4525 1984 4595 quibus
2023 4526 2148 4597 quid

554 4617 743 4684 reponi
768 4617 970 4686 possit,
1016 4632 1122 4671 non
1156 4616 1330 4671 rideo.
1377 4616 1526 4671 Alius
1567 4617 1676 4686 jam
1707 4617 1958 4673 succedat
1986 4618 2151 4674 TER-

557 4703 1102 4776 TULLIANIhloeos,
1135 4724 1198 4762 ex
1231 4708 1336 4762 alio
1387 4708 1505 4778 ejus
1533 4707 1700 4776 libro,
1750 4723 1816 4765 co
1858 4710 2144 4780 videlicet,

555 4819 714 4871 quem
745 4804 813 4857 ad
853 4814 1099 4876 martyres
1128 4803 1178 4856 in
1209 4818 1427 4859 carcere
1455 4803 1776 4860 constitutos
1805 4803 1970 4871 misit,
2007 4805 2147 4875 peti-

557 4895 664 4950 tus.
695 4895 803 4950 Eos
832 4897 1051 4966 intelligi
1078 4898 1162 4951 hic
1192 4906 1453 4969 martyres
1480 4897 1680 4953 debere
1700 4939 1714 4963 ,
1759 4897 1846 4968 qui
1877 4897 2151 4952 SEVERO

556 4986 856 5057 imperante
902 4989 1136 5058 correpti
1163 4998 1351 5056 erant,
1381 4999 1529 5044 extra
1571 4988 1789 5044 dubium
1815 4997 1917 5045 est.
1945 4989 2024 5044 Ad
2055 4990 2153 5046 hos

555 5097 684 5138 vero
709 5081 1138 5138 corroborandos
1165 5082 1335 5136 ultimi
1358 5067 1657 5152 argumenti
1682 5082 1799 5138 loco
1848 5082 1967 5137 haec
2001 5083 2154 5154 ponit

557 5174 733 5250 (Libro
747 5175 816 5230 ad
831 5186 1098 5247 martyres.
1131 5193 1176 5230 c.
1203 5175 1230 5229 1
1249 5174 1310 5242 γ,
1342 5193 1396 5248 p.
1421 5175 1552 5231 468.
1612 5173 1777 5248 Opp.)
1807 5194 1821 5231 :
1850 5173 2018 5231 Nemo
2048 5194 2152 5232 non

556 5269 708 5324 etiam
738 5268 960 5324 hominis
1007 5285 1185 5324 caussa
1217 5268 1323 5340 pati
1363 5277 1560 5338 potest,
1592 5269 1728 5339 quod
1755 5268 1807 5322 in
1835 5284 2019 5324 caussa
2053 5267 2150 5323 Dei

556 5360 663 5430 pati
688 5359 903 5414 dubitat.
940 5359 1020 5413 Ad
1048 5359 1145 5415 hoc
1187 5359 1390 5430 quidem
1428 5359 1505 5414 vel
1549 5359 1820 5430 prtesentia
1850 5359 1990 5415 nobis
2022 5369 2150 5414 tem-

559 5468 685 5522 pora
705 5451 1005 5506 documenta
1026 5452 1126 5507 sint
1143 5493 1157 5518 ,
1190 5460 1396 5524 qnaan
1419 5440 1690 5530 qualesque
1715 5467 1944 5520 personae
1982 5452 2153 5524 inopi-

556 5555 704 5600 natos
732 5543 989 5600 natalibus
1023 5554 1070 5599 et
1113 5545 1443 5618 dignitatibus
1464 5586 1479 5613 ,
1509 5553 1556 5600 et
1581 5533 1878 5616 corporibus
1914 5555 1962 5600 et
1988 5547 2152 5601 artati-

557 5634 650 5690 bns
676 5636 784 5690 suis
831 5637 994 5690 exitus
1018 5639 1272 5710 referant,
1305 5637 1523 5691 hominis
1549 5653 1730 5691 caussa
1752 5655 1771 5692 :
1802 5647 1891 5692 aut
1917 5637 1979 5692 ab
2003 5639 2114 5711 ipso
2134 5681 2150 5707 ,

557 5726 601 5777 si
621 5736 796 5778 contra
835 5743 948 5780 cum
975 5730 1184 5797 fecerint
1211 5771 1226 5794 ,
1274 5740 1363 5782 aut
1388 5729 1450 5782 ab
1478 5721 1782 5792 aduersariis
1805 5737 1916 5801 ejus
1941 5773 1956 5798 ,
1985 5731 2030 5787 si
2059 5746 2153 5801 pro

561 5826 618 5870 eo
641 5815 883 5874 steterint.
903 5817 1092 5874 Statim
1120 5819 1206 5875 hic
1226 5835 1448 5876 monere
1469 5834 1704 5892 possem,
1724 5835 1985 5898 apparere
2000 5823 2153 5897 satis,

2268 3334 2374 3373 non
2403 3326 2528 3374 ante
2561 3334 2612 3374 a.
2645 3315 2794 3377 CCII.
2837 3329 3058 3375 vexatos
3087 3319 3188 3376 sub
3223 3317 3498 3377 SEVERO
3529 3320 3867 3378 Christianos

2267 3413 2433 3470 fuisse
2461 3423 2751 3470 assereret.
2783 3414 3071 3471 Tumultus
3102 3413 3326 3471 ALBINI
3351 3455 3365 3478 ,
3391 3425 3447 3470 ut
3478 3431 3604 3471 mox
3637 3416 3862 3484 dOCebo,

2268 3507 2320 3562 in
2348 3524 2400 3561 a.
2428 3505 2654 3564 CXCVI.
2690 3507 2910 3573 incidit,
2941 3508 3122 3580 clades
3165 3509 3220 3563 in
3264 3523 3314 3563 a.
3349 3505 3607 3564 CXCVII.
3638 3507 3866 3567 Perinde

2267 3606 2381 3665 est,
2412 3613 2538 3653 nunt
2584 3597 2652 3654 de
2683 3598 2818 3666 boc,
2864 3608 2957 3654 aut
3007 3599 3098 3655 illo
3125 3615 3268 3656 anno
3313 3599 3466 3655 locus
3513 3600 3862 3669 intelligatur.

2265 3687 2494 3760 Semper
2518 3690 2663 3746 enim
2683 3733 2698 3758 ,
2723 3675 3187 3763 longe’antequam
3219 3693 3435 3748 decreta
3457 3686 3708 3749 SEVERI
3735 3709 3863 3763 pro-

2265 3785 2905 3861 ponerentur,qiltustres
2970 3781 3397 3842 Christianorum
3459 3785 3560 3840 sub
3629 3785 3863 3855 imperio

2263 3876 2378 3946 ejus
2411 3887 2675 3947 martyres
2703 3878 2994 3946 exstitisse,
3034 3878 3300 3950 probabit.
3351 3877 3661 3949 Scorpiacns
3687 3877 3861 3934 TER-

2261 3968 2587 4025 TULLIANI
2629 3970 2730 4025 alia
2763 3963 3026 4042 'qutcdam
3072 3972 3200 4026 mihi
3256 3972 3603 4044 suppeditare
3657 3981 3860 4046 posset.

2259 4062 2366 4119 Sed
2419 4063 2583 4119 alium
2645 4080 2784 4120 nunc
2825 4075 3012 4121 testem
3043 4067 3302 4137 appellari
3336 4068 3551 4124 animus
3579 4078 3694 4137 est,
3733 4069 3862 4126 Cle-

2260 4164 2495 4211 mentem
2539 4156 2984 4212 Alexandrinum.
3037 4157 3304 4215 Stromata
3360 4159 3501 4215 hunc
3554 4175 3689 4227 sua,
3745 4177 3864 4232 quae

2259 4245 2420 4303 hodie
2462 4246 2638 4303 adhuc
2687 4249 2967 4321 leguntur,
3002 4249 3284 4309 SEVERO
3324 4263 3582 4325 regnante
3626 4269 3862 4325 compo-

2257 4341 2454 4408 suisse,
2507 4340 2772 4398 Eusebius
2819 4344 2948 4400 olim
3003 4345 3239 4416 prodidit
3278 4347 3471 4418 (Hist.
3525 4345 3698 4404 Eccle.
3738 4346 3856 4403 Lib.

2265 4432 2363 4489 VI.
2397 4451 2443 4490 c.
2487 4433 2584 4503 Vl,
2645 4454 2698 4506 p.
2748 4436 2925 4510 208.).
2967 4438 3185 4496 Priores
3229 4441 3508 4512 speciatim
3556 4441 3678 4498 libri
3701 4441 3862 4513 paulo

2255 4537 2377 4598 post
2403 4528 2613 4599 imperii
2641 4529 2756 4601 ejus
2783 4530 2988 4587 initium
3010 4574 3026 4600 ,
3072 4533 3406 4592 COMMODO
3448 4534 3590 4592 haud
3617 4535 3688 4592 ita
3719 4537 3851 4608 prio.

2255 4617 2376 4674 dem
2406 4620 3295 4694 exstincto,consignatividentur.
3315 4627 3496 4684 Primo
3516 4629 3659 4684 enim
3691 4629 3850 4697 libro,

2256 4727 2364 4782 quo
2398 4723 2700 4784 temporum
2723 4714 2957 4771 instituit
2996 4718 3490 4789 computationem,
3522 4719 3660 4776 ultra
3689 4718 3858 4777 COM-

2255 4803 2420 4861 Μουί
2461 4816 2687 4863 mortem
2729 4823 2834 4862 non
2879 4809 3236 4879 progreditur.
3283 4807 3384 4866 Ᾱπὸ
3435 4815 3484 4866 δὲ
3535 4819 3621 4868 τοῦ
3667 4823 3862 4884 πρώτου

2257 4902 2429 4964 ἀγῶνος
2479 4905 2564 4955 Iul
2589 4913 2681 4962 ’τὴν
2705 4905 2926 4968 Κομόδου
2951 4901 3188 4968 τιλιίηνῆν,
3225 4911 3308 4966 ἔτη
3358 4911 3524 4959 ἕκαστὸν
3579 4909 3762 4962 ἕνδεκα.
3816 4907 3857 4959 Α

2258 4993 2422 5059 primo
2450 5001 2619 5046 autem
2658 4977 2929 5048 certamine
2967 5011 3124 5066 usque
3157 4995 3226 5049 ad
3265 5007 3475 5050 mortem
3505 4994 3857 5052 COMJIODI

2256 5083 2379 5136 anni
2403 5092 2603 5138 centum
2631 5083 2863 5140 undecim
2888 5085 3251 5158 (Stromatum,
3283 5088 3401 5146 Lib.
3435 5087 3486 5145 I.
3517 5107 3571 5160 ρ.
3602 5089 3725 5145 ιυξ.
3768 5091 3852 5145 ed.

2259 5174 2507 5247 Potteri).
2537 5175 2634 5232 Hic
2671 5177 2908 5246 desinit;
2942 5179 3226 5237 manifesto
3262 5181 3462 5237 indicio
3483 5223 3497 5245 ,
3527 5199 3632 5238 non
3677 5182 3847 5238 multo

2257 5274 2382 5322 ante
2407 5283 2566 5339 quam
2595 5267 2709 5324 hare
2735 5270 2996 5326 scriberet
3021 5313 3038 5339 ,
3072 5272 3192 5327 tatis
3224 5273 3544 5329 occubuisse
3590 5273 3859 5330 COMMO-

2260 5359 2422 5417 DUM.
2447 5359 2573 5416 Mihi
2604 5360 2817 5432 quidem
2861 5361 2994 5417 satis
3025 5371 3107 5418 est
3141 5362 3245 5420 hoc
3293 5365 3412 5419 loco
3438 5407 3451 5430 ,
3497 5363 3859 5422 indubitatum

2259 5468 2414 5519 esse,
2465 5463 2590 5510 ante
2636 5469 2689 5509 a.
2730 5455 2884 5511 CCII.
2917 5454 3032 5514 bzec
3079 5456 3314 5514 edidisse
3365 5457 3723 5514 Clementem.
3756 5459 3860 5515 Au.

2259 5548 2360 5602 etis
2394 5549 2487 5618 per
2523 5547 2738 5606 decreta
2775 5548 3116 5622 imperatoris
3149 5551 3641 5610 Alexandrinorum
3679 5553 3858 5621 malis,

2259 5641 2507 5699 exulabat
2537 5643 2620 5699 vir
2635 5643 2901 5715 egregius,
2921 5659 2985 5701 ac
3015 5645 3066 5700 in
3091 5644 3376 5702 Palmstina
3399 5645 3665 5720 Syriaque
3688 5646 3858 5718 potis-

2258 5733 2452 5788 simum
2482 5734 2830 5801 versabatur;
2867 5734 3008 5805 quod
3055 5745 3175 5804 post
3214 5735 3602 5810 Hieronymum
3635 5735 3656 5808 (
3687 5736 3855 5791 Catal.

2260 5823 2434 5896 Scrip.
2483 5823 2629 5885 Eccl.
2682 5842 2798 5898 cap.
2845 5825 3191 5901 XXXVIII,
3237 5847 3292 5900 ρ.
3340 5827 3576 5886 111.εά.
3621 5830 3855 5894 Fabricii
