4252 6270
371 356 485 420 845

1657 351 1966 413 MOSIIEIM
2006 349 2432 428 DISQUISITIO.

3581 328 3694 424 sic

375 495 483 535 rec.
518 479 538 550 )
581 491 648 534 ex
695 473 928 533 Eusebio
984 473 1004 545 (
1034 471 1169 531 Ilisl.
1214 471 1366 528 Eccl.
1425 470 1514 528 lib.
1563 467 1664 536 VI,
1702 487 1749 524 ε.
1789 467 1896 536 XI,
1935 488 1987 541 p.
2018 473 2070 535 Α
2095 471 2204 529 culi
2233 475 2358 530 noni
2407 476 2732 545 historicus,
2787 477 2929 535 nulla
2961 477 3147 537 vocula
3173 489 3401 549 mutata,
3431 481 3688 554 repetiit:

379 568 514 636 219.,
541 570 672 642 215)
726 569 826 624 viri
855 568 998 624 docti
1028 568 1167 623 bene
1210 567 1587 622 observarunt.
1616 563 1736 630 Quo
1760 563 1982 634 quidem

377 665 689 721 turbulento
715 678 778 720 ac
793 663 1108 719 calamitosa
1134 671 1379 734 tempore
1409 670 1516 717 tam
1538 659 1812 715 laborioso
1832 657 1982 727 operi

377 773 501 814 eum
536 773 726 814 vacare
756 759 996 828 potuisse
1016 799 1030 822 ,
1057 756 1238 812 nullus
1260 754 1417 810 facile
1444 751 1663 810 dixerit.
1692 751 1812 823 Ipse
1841 750 1984 808 cele-

377 852 646 908 berrimus
702 851 1032 918 Dodwellus,
1085 851 1178 922 qui
1217 865 1312 906 sua
1371 865 1517 920 saepe
1563 847 1742 924 vineta
1799 845 1978 912 caedit,

376 945 481 1000 hoc
515 944 768 1016 agnovit,
796 959 859 1000 ac
901 944 993 1000 diu
1021 953 1146 998 ante
1173 959 1222 1000 a.
1257 941 1410 1000 CCII.
1437 942 1700 998 Stromata
1728 941 1826 996 ista
1846 955 1977 996 exa-

375 1047 492 1095 rata
544 1037 712 1093 fuisse
769 1037 1012 1108 pluribus
1083 1035 1381 1092 rationibus
1434 1034 1574 1090 binis
1621 1033 1756 1090 locis
1803 1032 1986 1088 docuit

374 1130 544 1202 (Diss.
596 1129 718 1186 III.
772 1131 827 1186 in
881 1130 1161 1198 Irenteum,
1195 1129 1223 1202 ᾗ
1263 1127 1513 1184 XXVII.
1544 1147 1598 1200 p.
1653 1127 1780 1192 276,
1813 1143 1882 1190 s;
1938 1135 1985 1181 et

374 1220 519 1280 Diss.
551 1224 615 1280 de
641 1223 863 1280 Roman.
894 1223 1097 1296 Pontif.
1127 1225 1372 1295 primaeua
1405 1223 1740 1290 successione,
1770 1240 1815 1277 c.
1849 1219 1978 1290 XV,

380 1316 410 1390 ᾗ
438 1317 544 1383 IV,
579 1336 632 1390 p.
664 1317 844 1389 209.).
877 1317 1033 1388 Quod
1080 1319 1259 1390 itaque
1281 1318 1549 1391 pra‘ciptte
1588 1317 1743 1374 nobis
1792 1324 1983 1388 optan-

371 1413 501 1468 dum
526 1423 679 1481 erat,
711 1413 765 1468 id
811 1413 1088 1469 consecuti
1111 1428 1319 1470 sumus.
1351 1411 1524 1467 Reum
1556 1411 1818 1466 habemus
1841 1424 1976 1466 cono

373 1503 642 1563 Iitentem.
665 1506 819 1576 Quod
848 1509 891 1562 si
921 1522 1028 1562 non
1059 1507 1286 1561 multum
1315 1513 1572 1576 provecto
1598 1502 1852 1560 SEVERI
1877 1503 1977 1558 im-

371 1601 530 1670 perio
557 1599 810 1656 Clemens
862 1601 1116 1670 scripsit,
1142 1599 1343 1656 erroris
1385 1613 1507 1655 esse
1552 1614 1707 1666 reos,
1734 1598 1822 1671 qui
1851 1605 1978 1654 ante

315 1681 318 1684 ’
375 1704 430 1746 a.
457 1687 606 1746 CCII.
634 1691 970 1747 vexationem
1014 1691 1245 1762 cmpisse
1273 1690 1704 1747 Christianorum
1738 1699 1971 1760 negant,

372 1782 706 1852 exploratum
728 1792 831 1836 est.
856 1781 1043 1837 Caedes
1069 1783 1211 1837 enim
1242 1798 1305 1836 ac
1327 1781 1586 1853 supplicia
1612 1780 1834 1838 fratrum
1850 1781 1978 1837 scri-

2095 564 2288 632 Quinta
2327 578 2445 639 post
2495 569 2752 626 Neronem
2781 575 3128 644 persecutione
3168 572 3484 630 Christianos
3510 590 3691 630 excru-

2087 661 2238 715 ciabit
2262 677 2281 714 .°
2307 662 2616 734 plurimique
2657 675 2948 720 sanctorum
2998 683 3088 737 per
3127 666 3352 722 diversus
3400 667 3690 736 provincias

2089 754 2340 823 martyrio
2360 757 2590 810 coronati
2614 767 2751 812 sunt.
2776 756 2926 812 Hanc
2951 757 3270 830 prapltanam
3296 759 3350 813 in
3373 757 3692 815 Christianos

2083 852 2130 898 et
2158 843 2439 900 Ecclesium
2481 846 2580 902 Dei
2607 851 3049 922 praesumptionem
3079 850 3255 907 Severi
3273 893 3288 917 ,
3320 851 3532 906 cmlestis
3563 851 3693 906 ultio

2083 955 2114 995 e
2139 941 2346 1012 vestigio
2373 951 2492 997 acta
2515 943 2854 1020 subsequitur.
2892 945 3032 1000 Nam
3059 947 3301 1000 continuo
3327 947 3530 1016 rapitur
3547 989 3562 1011 ,
3610 945 3692 1001 vel

2093 1035 2263 1104 potius
2290 1037 2566 1091 retrahitur
2591 1038 2642 1093 in
2677 1037 2903 1094 Galliam
2925 1038 3143 1096 Severus
3160 1056 3186 1094 e
3213 1038 3370 1111 Syria
3398 1039 3468 1094 ad
3487 1039 3692 1094 tertium

2085 1127 2234 1182 ciuile
2265 1127 2469 1185 bellum.
2508 1129 2679 1186 Unum
2713 1134 2826 1205 jam
2849 1133 2984 1188 enim
3032 1132 3208 1188 Rom
3231 1133 3475 1190 adversus
3511 1131 3688 1188 Julia-

2089 1235 2212 1290 num
2238 1262 2254 1287 ,
2288 1221 2434 1276 aliud
2462 1224 2513 1276 in
2545 1223 2703 1295 Syria
2729 1235 2908 1279 contra
2935 1224 3272 1281 Pescennium
3297 1235 3521 1297 gesserat
3547 1241 3566 1281 :
3589 1235 3691 1281 ter-

2085 1313 2213 1368 tium
2242 1312 2455 1388 Clodius
2477 1316 2690 1373 Albinus
2727 1317 2934 1374 Iuliani
2969 1320 3021 1374 in
3049 1319 3325 1374 occidendo
3369 1317 3692 1376 Pertinocem

2081 1407 2252 1462 socius
2275 1449 2290 1475 ,
2321 1410 2409 1478 qui
2447 1427 2501 1464 se
2525 1411 2576 1464 in
2629 1410 2800 1467 Gallia
2835 1411 3088 1468 Ca'sarem
3125 1418 3361 1486 fecerat,
3387 1414 3687 1470 suscitabat.

2079 1496 2285 1556 Idcirco
2327 1499 2532 1558 Numen
2562 1503 2821 1571 voluisse,
2877 1513 2934 1561 ut
2982 1506 3216 1576 quietem
3270 1507 3476 1577 imperii
3507 1507 3692 1564 ALBI-

2079 1589 2217 1648 NUS
2248 1591 2526 1662 turbaret,
2573 1596 2689 1665 ait,
2740 1596 2881 1667 quod
2929 1597 2980 1652 in
3008 1597 3345 1654 Christianos
3373 1597 3690 1656 SEVERUS

2080 1683 2268 1742 fuisset
2294 1685 2541 1756 injurius.
2575 1687 2834 1759 Equidem
2877 1705 2982 1745 non
3025 1694 3071 1744 is
3115 1705 3231 1747 sum
3258 1732 3273 1756 ,
3299 1691 3390 1762 qui
3435 1690 3688 1749 Orosium

2081 1792 2292 1837 summa
2322 1781 2424 1838 fide
2454 1783 2770 1854 scriptorem
2792 1798 2912 1840 esse
2940 1793 3141 1855 putem.
3167 1783 3353 1855 Neque
3373 1785 3535 1841 etiam
3556 1800 3677 1841 om-

370 1873 515 1930 benti
546 1875 618 1931 ob
648 1874 836 1930 oculos
863 1875 1102 1947 quotidie
1131 1877 1503 1932 versabantur.
1535 1876 1614 1932 En
1638 1892 1759 1948 qua:
1791 1875 1934 1932 dicat
1959 1893 1973 1932 :
2010 1899 2059 1960 Β
2090 1872 2177 1926 nia
2202 1914 2218 1939 ,
2247 1888 2368 1945 quae
2393 1873 2479 1930 hic
2503 1884 2722 1942 narrat,
2754 1891 2870 1932 mea
2903 1875 3062 1932 facio.
3089 1876 3306 1934 Testem
3335 1877 3453 1949 ejus
3481 1886 3688 1935 tantum

373 1973 485 2038 ἡμῖν
505 1973 554 2022 δὲ
574 1976 764 2038 ἄφθονοι
783 1975 1032 2041 μαρτύρων
1053 1973 1206 2037 πηγαὶ
1227 1975 1427 2031 Exin-rm
1453 1977 1712 2041 ipsi)”.ng
1727 1975 1967 2042 épdélpon

2086 1979 2208 2020 esse
2227 1965 2420 2036 cupio,
2463 1966 2607 2038 quod
2637 1983 2739 2024 suo
2784 1977 3031 2042 tempore
3056 1971 3272 2042 opinio,
3305 1987 3463 2042 quam
3495 1983 3685 2042 tueor,

373 2069 502 2131 ἡμῶν
525 2070 852 2133 θεωροῦμινοι,
903 2072 1307 2134 «agamusid-law,
1336 2069 1860 2134 ἀνασκινόυλευομὲνων,
1892 2070 1979 2128 τὰς

370 2161 571 2227 κεφαλὰς
598 2160 981 2224 ἀνατεμνομένων
1022 2155 1366 2228 (Stromutum
1396 2152 1552 2210 Libro
1577 2153 1660 2209 II.
1694 2173 1748 2228 p.
1772 2155 1926 2228 494.)
1960 2173 1975 2214 :

373 2241 541 2300 Nobis
566 2257 734 2300 autem
759 2257 874 2301 sunt
901 2247 1128 2316 quotidie
1170 2247 1518 2303 redundantes
1547 2259 1829 2320 martyrum
1856 2248 1972 2318 [on-

371 2346 447 2393 tes
467 2380 482 2404 ,
515 2339 600 2408 qui
626 2339 809 2395 nostris
839 2351 1132 2410 spectantur
1161 2340 1323 2396 oculis
1345 2383 1358 2408 ,
1391 2341 1478 2408 qui
1525 2351 1814 2408 torrentur,
1867 2353 1972 2398 tor-

369 2441 592 2499 quentur
619 2439 665 2485 et
689 2433 853 2504 capite
877 2442 1200 2489 trnnrantur.
1229 2433 1613 2504 Respondeant
1641 2433 1750 2502 hic,
1781 2433 1976 2504 quibus

374 2521 643 2579 Dodwolli
701 2519 970 2596 praecepta
1029 2525 1182 2597 sequi
1243 2526 1538 2596 gloriosum
1609 2527 1858 2594 ducitur,
1909 2541 1974 2583 ac

366 2624 492 2671 ante
512 2616 692 2671 omnia
721 2615 895 2672 virum
922 2633 1044 2673 cum
1068 2633 1128 2674 se
1151 2619 1268 2688 ipso
1295 2619 1602 2675 concilient.
1631 2619 1802 2686 Fatis,
1829 2619 1970 2690 quod

369 2713 520 2782 pueri
576 2724 819 2781 norunt,
875 2729 938 2770 ea
978 2726 1175 2780 nocte,
1233 2729 1352 2785 qua:
1407 2729 1577 2769 annos
1640 2713 1842 2770 CXCII.
1882 2709 1970 2770 'et

364 2802 590 2860 CXCIII.
642 2805 982 2878 sejungebat,
1025 2789 1284 2864 satisfecit
1333 2806 1724 2864 COMMODUS.
1782 2807 1967 2879 Scrip-

364 2897 496 2952 serit
548 2896 803 2955 Clemens
877 2901 1105 2969 primum
1171 2915 1328 2956 suum
1385 2900 1578 2956 librum
1622 2901 1791 2956 tribus
1849 2910 1971 2971 post

363 2999 593 3046 mortem
623 2990 741 3061 ejus
787 2991 966 3056 annis,
1000 3007 1052 3046 a.
1082 2991 1285 3048 CXCV.
1313 2991 1722 3049 Intercesseriut
1749 2995 1964 3061 iterum,

362 3081 415 3137 id
437 3082 578 3153 quod
609 3091 786 3138 tamen
834 3082 972 3139 haud
1003 3084 1295 3140 verisimile
1325 3094 1442 3152 est,
1489 3085 1597 3162 duo
1626 3101 1794 3157 prope
1835 3086 1964 3142 anni

363 3173 506 3230 inter
549 3175 781 3246 primum
840 3184 895 3232 et
957 3177 1254 3232 seetindum
1311 3177 1632 3233 Stromatum
1689 3178 1962 3234 volumen.

2083 2057 2447 2114 communiter
2469 2069 2680 2132 recepta
2700 2059 2880 2116 fuerit.
2903 2061 2958 2118 Si
2983 2078 3086 2133 qua
3109 2063 3241 2120 fides
3268 2065 3685 2134 narrationibus,

2081 2166 2216 2222 quas
2267 2166 2298 2207 a
2342 2151 2638 2221 majoribus
2687 2153 2910 2210 traditas
2957 2157 3305 2227 accepimus,
3341 2157 3466 2214 huic
3491 2161 3683 2228 etiam,

2079 2243 2208 2315 quin
2235 2243 2410 2315 aliqua
2438 2241 2560 2301 esse
2589 2245 2803 2312 debeat,
2831 2245 3009 2302 nnllns
3027 2247 3311 2304 dubitabit.
3345 2249 3679 2320 Ahjecissem

2081 2337 2326 2408 protinus
2352 2337 2621 2394 hominem
2642 2381 2658 2402 ,
2687 2337 2846 2409 cujus
2877 2338 3160 2395 manifesta
3192 2341 3351 2396 nimis
3377 2339 3564 2397 fuisset
3591 2357 3686 2398 su-

2081 2431 2328 2500 perstitio
2351 2473 2365 2497 ,
2396 2431 2441 2484 si
2489 2431 2731 2486 omnium
2777 2431 2997 2487 munitio
3023 2432 3287 2489 bellorum
3307 2475 3323 2502 ,
3355 2434 3517 2490 etiam
3560 2450 3683 2491 cum

2076 2519 2294 2576 Iuliano
2347 2531 2402 2578 et
2451 2520 2618 2594 Nigro
2671 2531 3261 2594 gestorum,caussam
3317 2526 3578 2582 smvitiam
3628 2527 3682 2582 in

2077 2613 2415 2670 Christianos
2443 2615 2688 2671 dixisset.
2719 2614 2838 2671 .Iam
2868 2632 2973 2672 non
3007 2633 3224 2688 prorsus
3251 2618 3522 2690 despicio,
3549 2635 3685 2692 quo-

2073 2707 2217 2762 niam
2270 2708 2574 2781 religiosius
2603 2711 2832 2765 inStituit
2855 2753 2870 2778 ,
2904 2726 3004 2767 nec
3033 2711 3099 2767 de
3140 2714 3414 2784 suppliciis
3457 2712 3680 2770 fratrum

2072 2817 2289 2874 semper
2341 2804 2610 2873 somniat,
2681 2819 2804 2860 cum
2853 2803 2996 2861 bello
3040 2806 3226 2863 orbem
3271 2815 3534 2863 terrarum
3583 2806 3682 2861 Ila-

2072 2911 2258 2968 grasse
2287 2897 2552 2969 intelligit.
2599 2911 2603 2916 ‘

2143 2989 2312 3062 §VII.
2340 2990 2564 3058 —Qu'.e
2609 2991 2894 3065 hucusque
2941 2992 3211 3060 disserui,
3260 2999 3406 3048 tanta
3456 2991 3677 3064 praedita

2069 3097 2192 3139 esse
2220 3084 2454 3139 arbitror
2503 3086 2886 3156 perspicuitate
2930 3101 2994 3142 ac
3038 3084 3310 3140 evidentia
3338 3127 3354 3152 ,
3412 3093 3470 3141 ut
3521 3087 3573 3140 in
3616 3100 3678 3142 se

2071 3174 2246 3244 ipsum
2278 3175 2493 3246 iniquus
2520 3176 2730 3232 futurus
2754 3178 2825 3232 sit
2843 3220 2858 3242 ,
2888 3177 2980 3249 qui
3002 3175 3287 3233 contrariis
3315 3178 3366 3232 in
3399 3186 3674 3249 posterum

361 3264 743 3336 Nihilominus,
765 3268 875 3339 jam
913 3285 963 3324 a.
997 3268 1247 3324 CXCVII.
1292 3269 1568 3340 pulchram
1626 3269 1968 3326 Alexandria:
1995 3259 2038 3322 C
2075 3265 2313 3336 partibus
2342 3282 2402 3321 se
2431 3267 2767 3339 adiungeret.
2800 3267 2856 3324 Si
2889 3284 2976 3324 res
3008 3269 3080 3324 ita
3130 3269 3454 3340 postularet,
3507 3271 3668 3340 longe

361 3375 551 3415 eorum
579 3355 855 3416 cohortem
905 3362 1276 3426 inveniemus,
1323 3375 1444 3431 qua:
1475 3363 1578 3418 hoc
1628 3360 1966 3430 itiSpectante

361 3461 642 3508 cruentam
668 3468 763 3522 pro
787 3452 1209 3509 SERVATORE
1233 3462 1462 3508 mortem
1489 3453 1833 3524 oppetierint.
1867 3453 1966 3509 llic

362 3558 498 3600 vero
550 3559 773 3601 acumen
821 3544 1037 3601 Baronii
1103 3545 1285 3600 mirari
1345 3544 1538 3612 liceat,
1583 3544 1675 3616 qui
1731 3543 1801 3600 ob
1851 3545 1966 3600 haec

360 3635 656 3694 Clementis
696 3638 858 3694 verba
898 3637 1066 3693 libros
1108 3637 1225 3708 ejus
1264 3645 1386 3708 post
1427 3636 1694 3692 decimum
1715 3635 1967 3692 SEVERI

359 3744 559 3787 annum
587 3732 926 3803 conscriptos
951 3731 1114 3787 fuisse
1143 3739 1440 3786 asseverat.
1473 3729 1744 3797 Cceterum,
1791 3729 1965 3800 inquit

359 3828 599 3899 (Annal.,
639 3828 782 3883 Tom.
833 3826 921 3882 II.
950 3828 1018 3882 ad
1058 3845 1111 3882 a.
1143 3825 1388 3883 CXCVI.
1420 3843 1472 3882 n.
1516 3823 1706 3881 XXII.
1741 3843 1794 3895 p.
1833 3824 1962 3895 278,

357 3917 533 3988 279.).
559 3936 675 3974 cum
697 3929 891 3974 constet
938 3920 990 3974 in
1012 3919 1136 3990 ipsis
1162 3918 1481 3974 Stromatum
1512 3917 1656 3972 libris
1703 3917 1766 3973 de
1791 3917 1967 3974 Chris-

358 4011 615 4066 tianorum
657 4013 1004 4083 persecutione
1051 4021 1172 4066 tunc
1219 4011 1416 4083 vigente
1467 4011 1769 4064 mentionem
1810 4009 1962 4079 ﬁeri,

357 4102 625 4173 afﬁrmare
670 4120 873 4159 necesse
921 4113 1025 4168 est,
1071 4104 1243 4174 ipsum
1291 4111 1404 4174 post
1462 4117 1656 4155 annum
1711 4101 1962 4156 decimum

357 4193 641 4250 SEVERI
691 4197 974 4267 scripsisse.
1025 4195 1309 4267 Indignum
1361 4195 1648 4250 Annalium
1695 4194 1962 4266 scriptore

353 4288 612 4358 judicium
638 4291 652 4343 Ξ
677 4289 1023 4344 Obliviscitnr
1050 4289 1131 4344 vir
1162 4287 1558 4343 illustrissimus
1585 4302 1771 4344 eorum
1793 4329 1808 4354 ,
1841 4302 1961 4358 qua:

358 4400 484 4439 mox
531 4388 647 4456 ipse
675 4382 994 4440 defensurus
1039 4393 1190 4450 erat,
1219 4382 1329 4453 jam
1396 4396 1447 4435 a.
1489 4379 1764 4437 CXCVIII.
1798 4380 1958 4435 Plau-

361 4479 504 4535 tiano
552 4480 860 4550 inStigante,
891 4477 1211 4533 ChrIStianis
1261 4475 1484 4547 injurias
1531 4475 1699 4530 fuisse
1745 4473 1954 4538 illatas,

355 4585 465 4642 quo
486 4570 702 4627 nomine
725 4569 992 4642 duplicem
1021 4569 1310 4625 committit
1325 4583 1589 4624 errorem.
1612 4566 1959 4622 Recentiores

358 4664 490 4722 facit
518 4673 574 4721 et
602 4664 1028 4721 Christianorum
1056 4663 1302 4718 miserias
1323 4703 1339 4727 ,
1371 4676 1530 4733 quam
1561 4661 1674 4730 ipse
1704 4659 1957 4730 putabat,

356 4765 412 4813 et
431 4757 726 4813 Clementis
747 4757 1108 4827 Iibros,quam
1136 4769 1316 4811 rerum
1349 4752 1609 4826 permittit
1627 4751 1883 4808 conditio.

429 4847 483 4920 ᾗ.
519 4847 581 4904 Vl
608 4879 680 4889 —
724 4845 920 4904 Nescio
971 4861 1039 4902 an
1071 4846 1153 4901 his
1197 4845 1320 4901 addi
1352 4853 1656 4908 mereatur,
1690 4842 1760 4898 ita
1815 4841 1958 4896 anti-

355 4942 536 5013 quitus
579 4943 686 5014 jam
740 4941 907 4998 fuisse
952 4940 1250 5005 creditum,
1302 4938 1502 4994 dudum
1549 4946 1674 4992 ante
1723 4952 1774 4991 a.
1805 4935 1956 4993 CCII.

355 5034 692 5092 Christianos
723 5037 826 5092 sub
852 5034 1130 5092 SEVERO
1156 5033 1453 5104 exagitatos
1480 5031 1688 5088 fuisse?
1712 5029 1812 5100 Qui
1844 5045 1960 5084 ma-

349 5130 530 5201 jorum
558 5129 934 5186 traditionibus
967 5145 1074 5184 non
1103 5141 1321 5182 omnem
1348 5125 1572 5180 demunt
1593 5125 1750 5179 Iidem
1770 5165 1784 5190 ,
1817 5123 1958 5178 hanc

354 5240 463 5282 non
513 5227 725 5297 penitus
771 5223 1204 5280 observationem
1263 5228 1541 5292 spernent.
1587 5217 1809 5274 Paulum
1859 5215 1961 5288 igi-

354 5331 444 5376 tur
466 5319 742 5385 Orosium,
773 5319 944 5390 quinti
999 5316 1180 5372 saeculi
1230 5315 1546 5385 scriptorem
1573 5353 1587 5376 ,
1622 5311 1910 5382 producam
1938 5350 1956 5377 ,

353 5414 482 5483 qui,
512 5422 799 5485 antequam
851 5407 1144 5467 ALBINL'S
1187 5423 1272 5464 res
1323 5421 1489 5462 novas
1540 5403 1852 5470 moliretur,
1900 5416 1953 5456 a.

353 5506 636 5562 minimum
695 5505 925 5572 CXCVI,
993 5517 1210 5575 gravem
1257 5497 1587 5558 SEVERUM
1631 5495 1954 5554 Christianis

353 5596 521 5654 fuisse
566 5598 726 5653 tradit
770 5595 1094 5668 (Historiar.
1141 5593 1296 5649 Libro
1353 5590 1486 5646 VII.
1550 5607 1599 5646 ε.
1657 5588 1708 5644 Χ
1722 5587 1853 5643 VII.
1898 5607 1951 5659 ρ.

350 5689 478 5747 542.
512 5689 752 5764 Mogunt.
785 5689 948 5746 ιϐιδ.
971 5688 1076 5758 8.).
1113 5685 1286 5743 Verba
1335 5685 1449 5740 haec
1476 5691 1624 5750 sunt,
1661 5697 1782 5752 quae
1822 5680 1958 5737 ’I're-

350 5781 580 5857 culpbus
629 5781 982 5840 Lexoviensis
1021 5781 1042 5852 (
1075 5779 1444 5836 Chronic.on
1493 5773 1645 5831 Tom.
1696 5771 1786 5829 II.
1837 5771 1954 5828 Lib.

349 5877 440 5937 II.
469 5893 519 5936 c.
564 5875 704 5936 XXI
723 5876 782 5935 V.
813 5895 866 5948 p.
897 5875 1024 5936 488.
1077 5875 1162 5933 ed.
1192 5871 1382 5932 Gener.
1425 5867 1585 5930 I597.
1637 5869 1693 5927 in
1714 5865 1821 5942 8.),
1850 5882 1959 5926 sm-

2071 3359 2226 3431 plura
2275 3359 2568 3430 potuissem
2631 3359 2915 3432 proferre;
2961 3375 3116 3433 qum.
3147 3376 3271 3417 cum
3327 3360 3472 3416 nullo
3513 3361 3674 3418 modo

2071 3451 2306 3524 ﬂagitet,
2360 3454 2491 3508 mihi
2549 3454 2603 3510 in
2633 3454 2779 3509 aliud
2829 3465 3041 3525 tempus
3092 3469 3332 3510 reservo.
3363 3454 3555 3510 Omnia
3585 3454 3665 3510 sic

2069 3546 2307 3612 cadunt,
2335 3561 2454 3617 quae
2493 3561 2598 3601 non
2629 3547 2747 3603 sine
2789 3545 2986 3602 sudore
3033 3545 3252 3601 forsitan
3301 3561 3400 3617 pro
3451 3547 3673 3602 rationi-

2070 3637 2169 3694 bus
2199 3641 2312 3694 suis
2365 3638 2596 3694 celebris
2629 3639 2937 3696 Dodwellus
2987 3639 3327 3710 excogitavit.
3360 3637 3670 3696 TERTUL-

2068 3728 2328 3788 LIANUM
2363 3732 2538 3802 primo
2568 3731 2723 3787 nobis
2750 3731 2838 3787 ille
2862 3731 3072 3802 eripere
3099 3741 3346 3788 conatur.
3393 3731 3666 3788 Intellexit

2068 3823 2214 3879 enim
2266 3823 2318 3877 in
2349 3823 2735 3895 Apologeticnm
2763 3821 3092 3880 SEVERUM
3135 3837 3323 3880 eorum
3377 3823 3668 3881 excludere

2068 3930 2318 3982 numero,
2351 3916 2439 3986 qui
2471 3916 2735 3971 violentas
2764 3914 3086 3971 Christianis
3109 3931 3300 3972 manus
3325 3916 3663 3982 intulissent;

2067 4009 2208 4076 etsi,
2262 4025 2383 4082 quae
2413 4024 2514 4064 nos
2559 4010 2899 4066 excussimus
2922 4051 2938 4074 ,
2992 4009 3218 4065 illustria
3252 4010 3410 4082 plane
3441 4010 3556 4066 loca
3596 4023 3666 4066 ne

2068 4111 2249 4173 tangat
2275 4102 2517 4173 quidem.
2541 4101 2680 4172 Quid
2708 4117 2836 4157 vero
2857 4102 3054 4158 exinde
3084 4117 3207 4158 eum
3236 4102 3492 4174 colligere
3519 4103 3666 4158 exis-

2068 4193 2270 4249 timas?
2301 4193 2433 4250 Vide
2482 4203 2540 4249 et
2588 4195 2809 4250 mirare.
2868 4193 3092 4249 Decreta
3152 4193 3495 4265 imperatoris
3550 4203 3662 4250 tum

2065 4285 2281 4357 quidem
2305 4284 2415 4354 jam
2440 4294 2646 4355 rogata,
2676 4283 2769 4339 sed
2801 4284 2853 4338 in
2876 4298 2969 4339 eas
2999 4293 3214 4355 partes,
3243 4284 3333 4339 uhi
3355 4283 3665 4343 TERTUL-

2065 4375 2314 4434 LIANUS
2341 4377 2591 4449 degebat,
2626 4377 2828 4448 perlata
2852 4392 2959 4432 non
3011 4377 3177 4432 fuisse
3203 4375 3371 4449 (Diss.
3404 4377 3654 4450 Cyprian.

2063 4467 2169 4524 XI.
2217 4468 2244 4540 §
2295 4469 2386 4526 ιιι.
2435 4488 2487 4541 p.
2547 4468 2687 4533 69.).
2742 4467 3157 4540 Magnitudinem
3204 4467 3454 4524 videlicet
3499 4467 3662 4523 mise-

2064 4563 2263 4617 riarum
2288 4559 2591 4616 diminuere
2615 4560 2866 4617 omnibus
2886 4559 3090 4615 viribus
3110 4567 3354 4615 conatur.
3383 4558 3658 4629 Frigidum

2063 4669 2192 4709 vero
2212 4655 2479 4709 somnium
2504 4655 2518 4708 l
2548 4655 2694 4724 quod
2723 4652 2971 4709 fortassis
3013 4667 3081 4706 ne
3109 4651 3173 4706 iis
3201 4650 3418 4722 quidem
3447 4648 3658 4706 arride-

2061 4747 2160 4813 bit,
2216 4747 2306 4818 qui
2355 4745 2583 4801 Romani
2633 4744 2844 4815 imperii
2897 4753 3094 4801 statum
3137 4742 3403 4814 ignorant.
3453 4742 3528 4804 At,
3549 4756 3658 4798 non

2061 4840 2240 4897 minus
2297 4840 2349 4895 in
2391 4837 2728 4908 explodcndo
2791 4851 2858 4892 eo
2926 4835 3146 4906 frigidus
3191 4835 3484 4890 Ruinartus
3538 4843 3656 4903 est,

2061 4934 2150 5005 qui
2177 4976 2192 5002 ,
2221 4935 2264 4988 si
2294 4947 2401 5003 quo
2442 4932 2562 4988 loco
2584 4973 2599 4998 ,
2656 4930 2742 4986 hic
2774 4941 2883 4985 tum
2929 4929 3071 4986 inter
3097 4928 3248 4986 nives
3284 4928 3503 4999 gallicas
3530 4944 3656 4985 ver-

2059 5033 2208 5080 satus
2239 5023 2403 5080 fuisse
2445 5023 2655 5079 videtur
2703 5020 2894 5095 (Prtef.
2945 5023 3015 5076 ad
3041 5022 3167 5076 Acta
3207 5020 3366 5078 Mart.
3397 5022 3537 5078 Sest.
3565 5021 3654 5077 II.

2063 5116 2092 5190 §
2146 5117 2239 5184 ιι,
2297 5117 2388 5182 45,
2429 5135 2478 5188 ρ.
2526 5115 2615 5181 46,
2652 5113 2937 5186 C.).Locis
2962 5115 3278 5186 quihusdam
3313 5114 3658 5170 tumultuarie

2059 5212 2388 5268 coacervatis
2420 5210 2575 5280 longe
2621 5210 2835 5280 lateque
2864 5215 3141 5264 extensam
3201 5207 3365 5262 fuisse
3395 5221 3655 5278 persecu-

2061 5304 2262 5360 tionem
2291 5302 2467 5359 doeet.
2501 5301 2638 5371 Quid
2683 5315 2811 5357 vero
2839 5301 2940 5355 hoc
2964 5300 3034 5356 ad
3079 5299 3345 5355 Dodvvclli
3372 5297 3652 5371 argutias?

2060 5397 2151 5468 qui
2207 5411 2316 5451 non
2367 5396 2470 5450 hoc
2519 5393 2782 5466 negabat,
2827 5392 2926 5448 sed
2972 5406 3080 5447 non
3125 5400 3232 5446 tam
3288 5391 3552 5446 immanes
3601 5389 3656 5446 in

2061 5487 2312 5545 omnibus
2342 5487 2636 5560 provinciis
2674 5485 2840 5542 fuisse
2879 5499 3044 5542 ausus
3071 5484 3386 5552 contendit,
3421 5500 3488 5542 eo
3511 5485 3657 5555 quod

2059 5583 2180 5640 lata:
2209 5583 2277 5639 ab
2303 5585 2625 5653 imperatore
2654 5581 2804 5653 leges
2818 5580 2886 5636 ad
2901 5596 3092 5637 omnes
3119 5596 3224 5637 non
3258 5580 3656 5652 pervenissent.

2058 5677 2115 5734 Si
2146 5676 2270 5748 quid
2299 5677 2452 5732 video
2471 5718 2489 5744 ,
2539 5677 2738 5732 certius
2775 5677 2842 5731 ab
2880 5674 2981 5732 hac
3009 5674 3317 5731 detorsione
3346 5671 3658 5730 TERTUL-

2063 5769 2324 5828 LIANUM
2353 5769 2638 5826 vintﬁcavi.
2665 5768 2780 5824 Duo
2804 5769 2907 5824 alia
2939 5767 3196 5840 deinceps
3234 5767 3543 5824 testimonia
3577 5775 3659 5821 at-

2060 5863 2187 5934 tuli,
2237 5880 2389 5936 quae,
2439 5863 2487 5923 si
2529 5863 2706 5920 omnia
2733 5902 2750 5932 ,
2799 5861 2853 5919 id
2888 5861 3030 5934 quod
3077 5860 3193 5920 ﬂeri
3241 5861 3402 5934 plane
3431 5856 3654 5934 nequit,
