4252 6270
555 355 677 418 56!‘
1451 374 1460 382 τ’
1745 351 1836 410 DE
1875 343 2128 407 ETATE
2169 340 2623 408 APOLOGETICI
3756 337 3866 403 552

559 471 696 529 BINI
751 469 954 528 bellum
997 469 1050 526 in
1099 466 1274 526 Gallia
1327 473 1656 525 commotum
1723 467 1985 538 scriptum
2033 479 2154 521 esse
2181 465 2372 527 ANon
2403 465 2570 521 multo
2607 477 2736 521 vero
2763 471 2880 536 post
2907 462 2958 520 in
3007 462 3233 521 Galliam
3261 460 3585 521 SEVERUS
3629 460 3857 518 sicarios

560 564 754 622 librum
780 561 1287 620 demonstrabimus.
1319 561 1433 617 Fiet
1462 561 1510 636 id
1534 576 1634 632 ope
1655 560 1756 615 loci
1791 559 1970 630 hujus,
1996 575 2157 630 quem
2269 560 2549 625 mittebat,
2604 560 2693 631 qui
2722 601 2737 626 ,
2787 573 2853 613 ne
2879 573 3037 629 quem
3086 568 3327 630 augusta:
3371 557 3649 628 dignitatis
3697 571 3859 629 porro

563 656 812 712 exhibeo.
840 653 982 709 Nihil
1009 669 1241 724 unquam
1287 654 1338 708 in
1391 652 1687 723 principum
1743 651 1917 721 capita
1947 651 2161 706 molitos
2269 650 2490 707 haberet
2533 651 2762 717 socium,
2790 649 3091 707 ALBINUM
3120 651 3187 705 de
3218 649 3394 706 medio
3417 650 3688 706 tollerent.
3719 649 3864 706 Prte-

565 763 686 805 esse
706 756 868 803 secta:
895 746 1200 802 cliristianm
1227 748 1404 802 socios
1431 747 1556 801 dum
1589 746 1669 806 vir
1698 744 2007 816 ingeniosus
2033 759 2162 800 con-
2267 752 2351 800 ter
2393 744 2760 799 Ilerodianum
2806 746 2825 812 (
2851 743 3124 799 Historiur.
3176 742 3290 798 Lib.
3339 743 3459 800 III.
3490 761 3538 798 c.
3578 743 3667 814 V.,
3709 762 3763 816 p.
3791 762 3866 802 m.

561 841 772 907 tendit,
832 841 909 895 sic
955 839 1096 896 inter
1152 840 1255 895 alia
1308 839 1572 895 exclamat
1623 837 1792 910 (Cap.
1832 837 2068 906 XXXV,
2105 855 2158 908 p.
2269 838 2584 907 135.),ipsa
2630 836 2884 892 SEVERI
2935 837 3002 892 ad
3053 835 3356 892 ALBINUM
3402 835 3663 908 epistola,
3709 853 3871 909 quam

561 931 1133 1004 3000.):UndeCassii
1159 942 1204 988 et
1234 932 1385 1005 Nigri
1401 929 1754 988 ctALBlNl?
1771 930 2164 1000 Undequiiuter
2267 929 2677 1002 percussoribus
2734 929 2782 984 ei
2839 929 3166 986 reddendam
3214 928 3540 996 tradiderat,
3579 929 3722 1000 apud
3768 929 3875 986 Ca-

567 1030 697 1082 duas
724 1026 899 1082 lauros
927 1027 1157 1082 obsident
1184 1025 1477 1083 Cazsarem?
1517 1025 1595 1081 De
1621 1025 1904 1089 Romanis,
1932 1025 2031 1079 nisi
2061 1024 2162 1097 [ιιι.
2270 1021 2551 1093 pitolintnn
2599 1023 2618 1094 (
2657 1020 2758 1077 Vit.
2816 1021 2896 1078 Cf.
2940 1021 3112 1076 Albini
3140 1037 3187 1078 ο.
3250 1019 3388 1088 VII,
3441 1039 3495 1093 p.
3547 1021 3654 1078 212
3701 1021 3721 1094 )
3771 1021 3878 1079 hoc

565 1119 644 1175 lor
667 1161 680 1183 ,
713 1120 768 1174 id
791 1129 864 1173 est
890 1161 902 1185 ,
931 1119 996 1173 de
1021 1120 1452 1173 none/tristiorum
1485 1118 1760 1173 Przetcrita
1789 1117 1996 1186 imperii
2026 1116 2163 1171 mala
2270 1115 2576 1169 confirmat.
2610 1117 2767 1168 Anno
2794 1115 3074 1170 minimum
3107 1123 3226 1185 post
3259 1112 3446 1171 NIGRI
3471 1115 3696 1170 exitium
3737 1115 3876 1172 banc

569 1210 890 1283 prtesidihus
918 1211 968 1266 in
1003 1211 1318 1266 memoriam
1341 1209 1445 1265 hoc
1475 1210 1592 1265 loco
1619 1218 1869 1274 revocat,
1901 1208 2168 1280 pericula-
2281 1216 2555 1262 exaratam
2584 1221 2704 1263 esse
2723 1250 2738 1275 ,
2771 1207 2856 1263 vel
2879 1208 3011 1263 levis
3030 1207 3148 1280 ejus
3171 1207 3435 1279 inspectio
3455 1207 3652 1265 docere
3673 1217 3878 1280 potest.

565 1317 672 1375 que
699 1345 714 1371 ,
758 1303 954 1375 quibus
983 1304 1338 1376 imperatores
1378 1303 1604 1359 feliciter
1631 1301 1869 1358 defuncti
1902 1302 2043 1368 sint,
2079 1317 2166 1358 re-
2275 1299 2512 1355 Eventus
2537 1300 2897 1372 expectationi
2940 1301 3278 1372 imperatoris
3322 1315 3443 1356 cum
3492 1316 3599 1356 non
3647 1315 3879 1372 respou-

567 1405 773 1453 censet.
807 1395 864 1451 lu
903 1396 986 1451 his
1015 1399 1283 1468 prmcipue
1325 1397 1608 1451 tumultum
1638 1395 1707 1450 ab
1737 1392 1990 1450 ALBINO
2016 1395 2165 1449 exci~
2272 1394 2457 1461 deret,
2506 1394 2823 1465 insidiaeque
2859 1405 3185 1465 comparata:
3231 1403 3638 1466 retegerentur,
3690 1394 3879 1452 ALBI-

569 1496 738 1544 tatum
787 1498 1074 1544 memorat.
1109 1487 1188 1543 Ad
1223 1489 1510 1545 certiorem
1555 1488 1734 1558 itaque
1785 1487 2061 1542 scientiam
2101 1486 2176 1542 nil
2279 1485 2414 1543 NUS
2442 1487 2700 1542 continuo
2729 1500 2881 1541 arma
2909 1485 2963 1542 in
3004 1485 3336 1543 SEVERUM
3366 1486 3630 1557 capiebat.
3663 1486 3713 1543 Is
3739 1502 3878 1542 nun-

569 1583 802 1654 amplius
850 1583 1141 1654 requiritur
1163 1623 1179 1651 ,
1224 1597 1385 1653 quam
1435 1590 1491 1636 nt
1516 1622 1532 1648 ,
1564 1596 1670 1649 quo
1712 1594 1854 1636 anno
1904 1579 2175 1638 Albiniani
2281 1580 2353 1635 tio
2385 1579 2487 1636 hoc
2512 1589 2737 1650 accepto
2764 1578 2839 1634 niI
2866 1580 3032 1658 quieti
3063 1579 3296 1635 dandum
3327 1593 3449 1634 esse
3495 1580 3748 1651 putabat;
3781 1580 3878 1638 sed

567 1674 621 1732 bi
652 1687 879 1734 conatus
903 1677 1198 1747 compressi
1229 1676 1340 1730 sint
1362 1717 1376 1740 ,
1417 1674 1801 1745 disquiraMus.
2279 1673 2519 1730 collectis
2546 1688 2579 1730 e
2602 1658 2858 1743 vestigio,
2891 1688 3010 1745 qua:
3051 1682 3333 1744 poterant,
3377 1673 3548 1746 copiis
3580 1674 3880 1732 incredibili

640 1769 669 1842 §
693 1769 1110 1825 Xll.Euimvero
1134 1770 1255 1825 novi
1273 1769 1360 1824 hic
1376 1769 1650 1824 circuitus.
1673 1767 2018 1831 Dissidentii,
2037 1779 2174 1837 quo-
2283 1757 2558 1823 celeritate
2604 1768 2655 1821 in
2684 1764 2914 1822 Galliam
2936 1807 2953 1833 ,
2999 1781 3104 1838 qua
3131 1767 3293 1822 animi
3341 1780 3462 1823 erat
3504 1767 3839 1824 vehementia
3860 1809 3878 1837 ,

565 1876 684 1919 rum
713 1876 957 1932 magnam
980 1862 1031 1916 in
1061 1861 1144 1915 his
1169 1860 1328 1916 rebus
1350 1860 1726 1915 auctoritatem
1749 1873 1890 1926 esse,
1914 1857 2172 1929 paucissio
2201 1884 2248 1943 Β
2282 1860 2637 1932 properabat,
2678 1857 3091 1930 ALBINUMque
3137 1859 3500 1916 adoriebatur.
3528 1859 3605 1915 Ne
3639 1859 3882 1933 Byzantii

567 1955 640 2011 mi
664 1954 928 2025 ignorant.
945 1952 1145 2010 Unicus
1168 1962 1345 2008 tamen
1378 1967 1552 2006 annus
1577 1961 1779 2006 tantum
1794 1965 1890 2006 eos
1913 1950 2142 2020 sejuugit
2155 1987 2168 2002 .
2275 1951 2490 2023 quidem
2505 1959 2821 2022 exspectare
2835 1951 3049 2007 volebat
3064 1953 3535 2022 expugnationem.
3552 1958 3699 2014 aera;
3714 1957 3785 2016 δι,
3801 1955 3885 2008 in-

571 2045 754 2102 Placet
780 2044 862 2099 bis
889 2060 939 2100 a.
965 2043 1230 2110 CXCVII;
1273 2044 1393 2099 aliis
1421 2058 1473 2098 a.
1499 2041 1776 2098 CXCVIII.
1807 2042 1948 2108 Nos,
1980 2030 2173 2112 quibus
2275 2048 2388 2118 quit
2417 2046 2485 2101 de
2523 2062 2587 2102 eo
2615 2035 2952 2102 Herodianus
2993 2045 3159 2118 (flist.
3192 2044 3398 2112 LIII,
3428 2063 3476 2101 ε.
3517 2045 3612 2101 γι.
3648 2064 3704 2119 ρ.
3730 2048 3884 2118 I39.)

568 2137 772 2209 aliquid
797 2179 812 2204 ,
842 2135 986 2208 quod
1009 2137 1074 2192 ad
1105 2150 1350 2191 caussam
1379 2149 1594 2192 omnem
1624 2133 2015 2191 discutiendam
2047 2149 2168 2204 per-

2273 2158 2362 2205 τῆς
2391 2145 2500 2197 ὁδοῦ
2527 2144 2704 2211 εἴχετό,
2735 2145 2972 2210 μηδεμίαν
3017 2146 3194 2209 ἀνοχὶιν
3237 2146 3515 2203 ἀνατκῦλης
3561 2145 3716 2204 διδοὺς
3761 2157 3884 2210 mle:

569 2231 741 2297 tinet,
785 2230 1196 2302 praetermittere
1221 2229 1410 2300 religio
1435 2239 1552 2296 est,
1584 2228 1898 2284 indubitatis
1940 2227 2172 2283 rationi-

2274 2240 2460 2306 ἑορταῖς
2471 2248 2596 2304 μήτε
2606 2241 2863 2304 καμάτοις,
2885 2239 3045 2306 κρῦους
3065 2239 3146 2288 καὶ
3160 2242 3360 2296 θάλπους
3374 2243 3461 2306 ὁμο
3472 2249 3546 2299 ’ως
3566 2240 3881 2310 κατέρριψαν.

569 2323 669 2380 bus
687 2367 703 2392 ,
733 2323 858 2395 quid
888 2324 1090 2380 sentire
1114 2333 1353 2396 oporteat
1379 2365 1394 2389 ,
1425 2322 1764 2378 docebimus.
1787 2321 1938 2390 Quod
1967 2336 2032 2376 eo
2053 2321 2170 2392 qui-
2279 2324 2397 2397 Ipse
2413 2329 2505 2380 iter
2527 2327 2742 2398 faciebat
2765 2329 2875 2380 sine
2896 2328 3285 2393 intermissione,
3305 2344 3466 2398 neque
3486 2330 3639 2398 {cstas
3653 2330 3784 2396 dies,
3803 2344 3886 2384 ne-

570 2415 696 2473 dem
727 2416 980 2473 libentius
1023 2417 1148 2478 fiet,
1195 2416 1449 2484 quoniam
1480 2415 1656 2469 omnis
1698 2413 1813 2470 lucc
1853 2413 2172 2484 disceptatio
2275 2434 2370 2490 que
2396 2418 2594 2472 labores
2617 2417 2752 2472 ullos
2774 2434 3079 2490 magnopere
3098 2435 3306 2485 curans,
3339 2421 3532 2491 algoris
3559 2431 3707 2492 atque
3730 2430 3886 2476 aestus

570 2511 641 2568 de
664 2509 976 2583 Apologetici
997 2523 1138 2565 anno
1159 2510 1224 2564 ex
1246 2509 1349 2565 hoc
1369 2511 1585 2582 negotio
1611 2509 1832 2580 pendet.
1856 2508 2170 2578 Pervulgata
2267 2510 2422 2581 juxta
2450 2511 2672 2581 patiens.
2696 2509 2846 2565 Hane
2867 2511 2956 2580 qui
2999 2509 3393 2566 festinationem
3425 2512 3751 2577 considerat,
3777 2527 3888 2568 nou

573 2603 722 2674 prior
749 2614 829 2658 est
855 2601 1073 2671 Opinio,
1102 2615 1261 2672 quam
1286 2602 1527 2672 plerique
1553 2599 1816 2658 fastorum
1861 2600 2173 2658 conditores
2277 2610 2472 2672 potest,
2502 2602 2696 2672 quina.
2727 2597 2958 2668 CXCVI,
2991 2601 3201 2656 initium
3233 2617 3284 2656 a.
3308 2601 3559 2658 CXCVII.
3593 2602 3750 2657 finem
3791 2604 3885 2659 AI-

574 2693 742 2767 (Vid.
798 2693 1038 2758 Onnphr.
1098 2693 1381 2748 Panvinius
1437 2697 1617 2765 fastor.
1665 2694 1889 2757 consul.,
1925 2712 1976 2765 p.
2025 2692 2125 2748 2H
2157 2733 2171 2759 ,
2276 2694 2478 2748 biniani
2518 2694 2642 2749 belli
2672 2693 2870 2750 factum
2899 2710 3019 2750 esse
3057 2696 3369 2751 constituat.
3392 2695 3731 2751 Insidiatores
3749 2709 3890 2752 eon-
4007 2708 4022 2720 ‘

577 2783 815 2851 Heidelb.
863 2785 1024 2842 I588.
1059 2785 1100 2857 ),
1143 2786 1325 2840 Catsar
1371 2785 1629 2841 Baronius
1672 2784 1992 2857 (Annalium
2027 2783 2174 2839 Tom.
2281 2787 2468 2843 cedam
2512 2802 2562 2840 a.
2595 2785 2776 2842 CXCV
2804 2786 3077 2858 ablegatos
3102 2802 3133 2842 a
3155 2786 3428 2843 SEVERO
3456 2787 3766 2844 esse.Anuo
3789 2787 3892 2846 hoc

576 2878 666 2946 ll,
719 2879 789 2934 ad
838 2896 1031 2934 annuat
1081 2877 1326 2942 CXCIX,
1385 2896 1438 2934 η.
1494 2877 1547 2943 l,
1608 2897 1660 2950 p.
1717 2877 1914 2950 295.),
1980 2877 2176 2934 Franc.
2289 2893 2426 2948 pene
2455 2877 2603 2934 finito
2637 2893 2733 2934 eos
2771 2878 2822 2933 in
2852 2878 3091 2935 facinore
3118 2878 3482 2951 deprehensos
3524 2895 3675 2946 esse,
3704 2879 3894 2951 adjun-

576 2971 954 3030 Mediobarbus
1022 2972 1042 3043 (
1090 2970 1155 3026 In
1202 2971 1462 3026 Nnmism.
1514 2971 1736 3042 Imper..
1777 2991 1828 3044 p.
1877 2973 2019 3039 27f,
2065 2971 2178 3026 Me-
2287 2985 2430 3041 gam.
2458 2970 2696 3042 Denique
2719 2969 3007 3029 A.CXCVI
3028 2975 3136 3042 jam
3159 2988 3354 3029 exorso
3374 2974 3448 3029 rei
3471 2974 3589 3046 ejus
3609 2976 3894 3031 certiorem

578 3065 886 3125 diob.1685
919 3072 972 3134 ),
1018 3065 1402 3121 celeberrimus
1479 3065 1854 3121 'l‘illemontius
1915 3062 2187 3132 (Histoire
2289 3065 2619 3124 SEVERO.“
2649 3082 2771 3123 esse
2826 3067 3020 3122 factum
3068 3067 3262 3123 dicam.
3305 3067 3452 3122 Intra
3481 3068 3620 3124 haud
3648 3071 3721 3125 ita
3747 3069 3889 3124 uitil-

578 3159 669 3214 des
694 3157 905 3231 Emper.
957 3156 1103 3213 Tom.
1151 3156 1270 3223 III,
1310 3156 1372 3210 Ρ.
1426 3156 1474 3221 1,
1507 3174 1559 3228 ρ.
1591 3158 1662 3212 72
1688 3167 1734 3212 et
1761 3175 1815 3228 p.
1846 3155 1992 3228 λοι)
2037 3172 2187 3212 eom-
2293 3168 2375 3215 tos
2401 3159 2516 3215 dies
2545 3175 2709 3214 morae
2759 3159 3254 3228 impatientissimus
3293 3160 3620 3230 imperator,
3650 3161 3738 3232 qui
3768 3175 3894 3216 cur-

581 3253 875 3328 pluresque
922 3253 1014 3309 alii
1060 3262 1294 3308 tuentur.
1342 3251 1404 3306 Hi
1437 3250 1482 3308 si
1525 3251 1715 3322 majori
1762 3252 2004 3306 rationes
2056 3247 2253 3310 suasC
2287 3251 2443 3306 rebat
2491 3252 2704 3321 potius,
2753 3267 2912 3322 quam
2965 3253 3438 3322 proficiscebatur,
3488 3251 3716 3309 Galliam
3763 3260 3883 3322 post

581 3346 844 3404 industria
875 3347 1264 3412 munivissent,
1290 3344 1573 3399 inviolatas
1595 3345 1712 3398 sine
1738 3341 1899 3398 dubio
1922 3357 1987 3396 ac
2014 3349 2182 3397 tectas
2293 3341 2435 3397 hunc
2460 3343 2708 3397 nuntium
2751 3351 3030 3414 acceptum
3089 3343 3351 3414 attingere
3396 3347 3587 3414 potuit.
3620 3343 3781 3400 Aliud
3829 3359 3896 3400 cx

581 3446 1018 3495 conservassem.
1043 3435 1395 3492 Munivissent
1420 3449 1570 3500 vero,
1599 3444 1656 3490 ut
1684 3434 1898 3502 Opinor,
1922 3434 1965 3488 si
1995 3448 2184 3503 quem-
2292 3429 2587 3491 obsidionis
2655 3437 2963 3508 Byzantinus:
3024 3445 3266 3508 tempore
3314 3438 3622 3508 praesidium
3691 3437 3899 3509 parabi-

583 3548 743 3604 quam
776 3542 883 3587 tam
913 3531 1170 3588 audacem
1221 3528 1338 3584 fore
1365 3537 1682 3598 putassent,
1731 3537 1792 3581 ut
1827 3542 1919 3582 eas
1965 3542 2180 3596 perver-
2289 3529 2429 3583 mus‘.
2481 3529 2577 3583 Dio
2625 3529 2846 3584 Cassius
2895 3529 3055 3584 trium
3106 3545 3369 3585 annorum
3417 3533 3620 3602 spatio,
3669 3535 3749 3587 tm‘
3799 3537 3900 3588 ὅλον

586 3633 701 3682 tere
726 3639 790 3679 ac
829 3624 1054 3695 rejicere
1089 3633 1397 3679 conaretur.
1447 3623 1556 3692 Ego
1593 3623 1710 3675 sine
1736 3621 1882 3675 omni
1930 3635 2077 3674 mora
2119 3620 2185 3674 iis
2286 3638 2451 3692 τριετῆ
2525 3626 2684 3693 ﬁam
2721 3665 2735 3689 ,
2780 3633 3136 3694 oppugnatzun
3203 3640 3232 3678 a
3285 3623 3560 3681 SEVERO
3609 3627 3745 3682 hanc
3811 3642 3903 3681 ur-

585 3729 674 3772 me
698 3713 967 3770 addictum
1010 3729 1132 3770 esse
1158 3714 1433 3785 profiteor.
1468 3713 1631 3782 Cujus
1670 3711 1884 3766 consilii
1911 3712 2182 3778 rationes,
2291 3712 2412 3767 bcm
2469 3713 2671 3780 fuisse,
2721 3715 2907 3768 scribit
2953 3713 3131 3784 (Ilist.
3165 3713 3278 3771 Lib.
3338 3714 3596 3784 LXXIV,
3643 3733 3698 3786 p.
3754 3716 3900 3783 845,

585 3815 869 3876 antequam
920 3820 1104 3861 eorum
1131 3845 1146 3870 ,
1203 3804 1294 3876 qui
1336 3819 1496 3858 secus
1538 3803 1816 3866 sentiunt,
1866 3811 2182 3872 apparatum
2290 3804 2373 3858 ed.
2410 3802 3107 3877 Francof.i606.).0mnes
3129 3811 3204 3862 rei
3225 3808 3661 3876 circumstantiae,
3681 3806 3732 3863 id
3753 3807 3902 3879 quod

588 3899 881 3965 disjiciam,
913 3899 1255 3968 expositurus
1290 3910 1430 3950 sum.
1468 3893 1850 3949 Fundamentis
1874 3895 2015 3948 enim
2041 3909 2184 3948 com-
2291 3898 2640 3954 Tillemontio
2686 3901 2705 3971 (
2738 3898 2864 3972 νου.
2923 3898 3048 3955 Not.
3095 3899 3243 3968 VIV,
3287 3919 3374 3956 sur
3425 3901 3609 3957 Sévére
3631 3945 3647 3972 ,
3678 3900 3743 3959 Τ.
3777 3900 3903 3971 III,

589 3990 882 4064 putationis
912 3997 1110 4045 nOstm:
1139 3987 1407 4052 iudicatis,
1433 3986 1642 4041 facilius
1668 3983 1996 4055 judicabitur
2043 3986 2185 4056 quod
2298 3989 2438 4046 Hist.
2490 3991 2578 4046 des
2621 3989 2856 4063 Emper.,
2895 3991 2959 4048 P.
3007 3991 3058 4060 l,
3109 4011 3161 4064 p.
3209 3992 3508 4064 40l,40£.)
3563 3993 3670 4065 jam
3715 3995 3901 4051 obser.

591 4083 819 4156 pretium
849 4081 1005 4138 alteri
1037 4081 1110 4136 sit
1147 4079 1510 4136 statuendum.
1566 4078 1747 4134 Primo
1790 4078 2031 4132 omnium
2080 4077 2186 4132 hoc
2292 4091 2472 4139 vatum
2502 4099 2623 4141 esse
2652 4086 2840 4150 video,
2884 4102 2990 4141 non
3019 4087 3086 4143 de
3116 4090 3384 4158 complet.»
3431 4103 3705 4145 annorum
3737 4089 3900 4144 trium

594 4174 868 4231 observari
920 4173 1080 4241 volo,
1125 4187 1232 4228 non
1273 4171 1586 4227 diuturnum
1632 4170 1976 4226 Albiniauutn
2027 4168 2193 4226 fuisse
2295 4175 2500 4231 circulo
2527 4177 2625 4232 has
2671 4191 2832 4233 voces
2875 4179 3218 4249 eXplicaudas
3273 4197 3393 4236 esse
3431 4181 3663 4252 jubent,
3713 4181 3806 4237 sed
3835 4182 3906 4237 ita

594 4269 822 4333 bellum,
855 4267 950 4323 sed
979 4266 1153 4321 altero
1173 4281 1316 4321 anno
1339 4276 1575 4335 emptum
1601 4305 1616 4328 ,
1658 4264 1830 4319 altero
1855 4263 2186 4319 absolutum.
2299 4279 2504 4324 tantum
2529 4313 2544 4332 ,
2577 4279 2632 4325 ut
2657 4271 2828 4326 tribus
2853 4273 3007 4327 annis
3038 4274 3138 4329 sibi
3172 4274 3586 4330 succedentibus
3617 4276 3900 4330 continua-

596 4362 800 4432 Magnis
824 4375 889 4416 ac
923 4359 1188 4417 festinatis
1232 4358 1514 4414 itineribus
1543 4358 1594 4412 in
1623 4357 1850 4414 Galliam
1877 4372 1944 4412 ex
1973 4356 2194 4412 Oriente
2300 4371 2406 4417 tam
2431 4362 2594 4418 fuisse
2617 4364 2949 4425 obsidionem
2984 4365 3250 4431 indicent,
3297 4367 3424 4422 licet
3458 4367 3702 4422 fortassis
3730 4367 3907 4437 primo

599 4452 920 4512 SEVERUS
947 4452 1250 4508 advolahat.
1284 4450 1483 4506 Aderat
1512 4460 1567 4506 et
1596 4455 1775 4504 statim
1813 4449 1981 4504 hostis
2007 4449 2192 4504 ALBI-
2299 4464 2530 4510 exeunte
2559 4466 2731 4525 ccepta
2754 4497 2770 4522 ,
2805 4458 2963 4511 tertio
3009 4457 3298 4528 incipiente
3340 4461 3568 4528 perfecta
3599 4459 3687 4514 sit.
3721 4457 3910 4513 Modus

599 4547 752 4606 NUs.
822 4545 934 4602 Nec
980 4559 1166 4611 mora;
1217 4542 1659 4614 congrediuntur,
1686 4557 1749 4596 ac
1798 4540 2197 4596 velitationibus
2224 4613 2268 4619 _
2303 4545 2390 4602 hic
2438 4548 2686 4619 loquendi
2742 4547 2945 4604 Grmcis
2991 4549 3283 4606 admodum
3330 4550 3606 4606 familiaris
3655 4561 3756 4607 est.
3791 4549 3909 4606 Non

601 4641 919 4716 quibusdam
940 4639 1008 4696 de
1036 4653 1249 4694 summa
1277 4613 1354 4692 rei
1382 4637 1614 4708 publica)
1638 4675 1655 4701 ,
1706 4635 1847 4691 baud
1877 4636 2092 4706 quidem
2127 4639 2197 4690 ita
2224 4613 2278 4671 D
2302 4613 2587 4710 disputa-bo
2609 4685 2624 4710 ,
2657 4644 2742 4698 cui
2787 4658 2929 4698 anno
2959 4642 3168 4699 initium
3214 4643 3328 4714 ejus
3375 4645 3635 4715 assignari
3680 4643 3907 4711 debeat,

605 4734 846 4807 magnis,
875 4733 1172 4789 decertant.
1203 4732 1434 4801 Ancipiti
1465 4730 1618 4786 initio
1645 4738 1818 4786 marte
1845 4729 2199 4802 pugnabatur,
2307 4749 2432 4788 num
2461 4749 2510 4788 a.
2543 4733 2750 4790 CXCIII
2795 4746 2885 4790 aut
2938 4751 2988 4791 a.
3041 4734 3284 4792 CXCIV:
3335 4734 3566 4801 sufficit,
3615 4736 3758 4807 quod
3812 4735 3915 4790 ite-

606 4843 670 4884 ac
695 4829 746 4883 in
776 4843 928 4898 spem
969 4827 1206 4882 victoriae
1235 4823 1528 4882 ALBINUS
1547 4824 1658 4896 jam
1688 4832 1900 4880 erectus
1927 4833 2060 4879 erat.
2094 4823 2201 4880 Sed
2307 4841 2424 4881 rum
2466 4827 2618 4882 Dioni
2673 4827 2932 4883 debemus
2958 4827 3183 4899 (Hister.
3229 4828 3346 4884 Lib.
3373 4826 3632 4892 LXXIV,
3681 4845 3734 4898 p.
3759 4827 3916 4899 844.)

610 4920 766 4991 paulo
819 4929 941 4989 post
983 4918 1159 4975 fatalis
1208 4934 1271 4973 ac
1323 4919 1624 4974 decretoria
1669 4931 1835 4987 prone
1886 4916 2202 4987 Lugdunum
2308 4918 2520 4976 NIGRO
2551 4919 2788 4976 nondum
2840 4923 3077 4976 extincto
3107 4922 3296 4977 urbem
3350 4922 3521 4992 copiis
3553 4921 3717 4977 fuisse
3769 4921 3918 4976 cinc-

610 5027 784 5084 pugna
814 5012 902 5068 die
954 5011 1045 5067 XI.
1099 5010 1207 5067 kal.
1255 5013 1514 5076 martias,
1568 5009 1845 5067 SEVERO
1885 5011 2200 5076 victoriam,
2311 5020 2441 5068 tam.
2481 5010 2685 5069 Ceeidit
2728 5013 2773 5068 is
2803 5029 2852 5067 a.
2885 5012 3117 5088 CXCIV...
3167 5002 3308 5071 Sive
3338 5013 3532 5085 igitur,
3584 5013 3726 5084 quod
3751 5013 3919 5083 aliqui

610 5104 861 5162 ALBINO
879 5104 1137 5160 afferebat
1163 5104 1456 5160 interitum.
1483 5102 1716 5169 Omnes,
1745 5118 1881 5174 quos
1924 5103 2204 5168 habemus,
2311 5105 2543 5170 faciunt,
2580 5105 2700 5161 finis
2751 5122 2803 5158 a.
2852 5103 3090 5172 CXCIII,
3132 5107 3247 5163 sive
3272 5105 3551 5161 exordium
3593 5120 3644 5158 a.
3687 5102 3920 5161 CXCIV.

612 5201 906 5271 scriptores
947 5207 1139 5255 cuncta
1185 5198 1297 5254 haec
1350 5198 1497 5254 brevi
1551 5209 1791 5268 tempore
1839 5206 2030 5266 gesta,
2109 5212 2210 5253 nec
2315 5195 2664 5268 przeferatur,
2714 5211 2929 5267 semper
2957 5197 3200 5252 vicimus.
3221 5197 3339 5254 Nec
3373 5206 3551 5252 tamen
3593 5211 3768 5267 nego,
3801 5211 3920 5252 me-

615 5295 840 5350 ulterius
866 5309 1026 5360 quam
1051 5294 1104 5348 in
1134 5293 1360 5347 alterum
1389 5307 1588 5346 annum
1617 5300 1888 5363 protracta
1915 5305 2037 5348 esse
2061 5332 2075 5352 ,
2104 5299 2213 5348 tes-
2315 5289 2422 5345 lius
2452 5289 2610 5361 longe
2652 5305 2747 5346 eos
2787 5292 2987 5347 sentire
3006 5332 3021 5355 ,
3049 5290 3261 5362 fqui’A.
3309 5288 3536 5346 CXCIV.
3569 5290 3773 5361 eligunt
3792 5330 3806 5354 ,
3858 5303 3924 5344 ac

617 5395 816 5443 tantur.
859 5384 969 5442 Nec
993 5383 1134 5456 quod
1173 5385 1347 5455 excipi
1396 5386 1562 5455 possit
1587 5385 1696 5439 ulto
1749 5383 1909 5440 modo
1950 5384 2210 5455 intelligo.
2321 5383 2502 5437 multis
2527 5381 2742 5453 quidem
2787 5382 2858 5439 de
2901 5383 3126 5438 caussis.
3156 5381 3314 5439 Cadit
3337 5398 3466 5454 ergo
3510 5381 3839 5454 expugnatio
3868 5381 3925 5437 in

617 5479 776 5547 Jam,
817 5495 916 5535 cur
962 5478 1099 5535 duos
1149 5477 1316 5535 hosce
1377 5492 1546 5534 annos
1589 5475 1818 5535 CXCVI.
1863 5488 1917 5535 et
1960 5475 2212 5535 CXCVII.
2318 5488 2370 5528 a.
2411 5473 2638 5530 CXCVI.
2686 5473 2930 5531 Nondum
2956 5490 3086 5531 vero
3131 5476 3182 5531 in
3213 5484 3533 5546 poteStatem
3583 5475 3926 5546 imperatoris

619 5587 741 5632 esse
769 5571 967 5638 velim,
1017 5574 1218 5642 accipe.
1261 5571 1384 5628 Tria
1412 5572 1464 5626 in
1511 5571 1681 5628 aciem
1728 5582 2042 5643 argumenta
2081 5573 2214 5627 edu-
2321 5569 2450 5626 urbs
2504 5567 2722 5626 redacta
2774 5580 2891 5625 erat
2936 5569 2988 5625 id
3045 5571 3486 5644 temporis,_cum
3536 5564 3786 5624 ALBINO
3827 5581 3925 5624 oc-

620 5679 760 5720 cam.
830 5662 1258 5721 PESCENNIUM
1319 5663 1584 5721 NIGRUM
1613 5705 1628 5730 ,
1683 5664 1910 5720 alterum
1970 5662 2222 5721 SEVERI
2325 5661 2613 5729 currebat,
2663 5660 2970 5718 Herodiano
3001 5669 3137 5718 teste
3183 5661 3423 5733 (Hister.
3452 5659 3517 5717 L.
3568 5658 3691 5716 111.
3743 5675 3792 5714 c.
3829 5656 3928 5714 Vl.

624 5758 874 5810 annulum
900 5797 915 5820 ,
941 5773 1011 5812 -a.
1042 5755 1269 5812 CXCIV.
1323 5759 1520 5813 victum
1547 5759 1762 5829 vitaque
1785 5758 2047 5827 privatum
2075 5772 2220 5827 esse,
2327 5774 2380 5827 ρ.
2407 5757 2583 5830 I59.).
2606 5757 2745 5826 Quin
2773 5759 2824 5815 in
2854 5759 3046 5815 itinere
3073 5758 3264 5829 gallico
3285 5759 3395 5828 jam
3417 5758 3742 5814 constitutus
3764 5755 3931 5810 fuisse

628 5845 718 5914 qui
742 5845 797 5899 in
825 5845 1048 5901 dubium
1093 5855 1249 5902 vocet
1273 5858 1365 5904 aut
1405 5861 1600 5904 vocare
1647 5848 1859 5919 possit,
1911 5847 2091 5904 nullus
2116 5858 2222 5907 est.
2327 5849 2575 5918 videtur,
2604 5865 2727 5906 cum
2771 5860 3003 5925 recepta:
3041 5851 3190 5911 urbis
3227 5853 3446 5909 nuntius
3475 5850 3542 5907 ad
3565 5864 3689 5908 eum
3725 5845 3934 5922 perfer-
