4252 6264
344 260 446 316 555
1583 256 1891 316 MOSIIEIM
1932 254 2362 324 DISQUISITIO.
3536 262 3649 324 554

344 360 681 444 retur.Quod
703 375 747 432 si
774 390 903 448 ergo
924 373 1164 448 Byzantii
1189 375 1490 447 recnperati
1516 384 1569 430 et
1587 375 1931 446 profectionis
1958 374 2014 435 A
2038 388 2126 428 res
2152 375 2287 445 ipsa,
2316 381 2373 429 ut
2423 374 2477 430 in
2505 374 2735 446 gratiam
2789 373 3068 431 nobiscum
3126 375 3333 446 redeat,
3361 377 3643 454 Petayinm

346 468 598 525 adversus
651 467 953 525 ALBINUM
990 464 1165 523 annus
1194 483 1333 523 unus
1378 467 1626 539 idemque
1677 478 1796 536 est,
1846 468 1936 524 ille
2043 475 2201 537 coget
2241 465 2429 539 (Conf.
2487 465 2777 523 Tillemont
2821 465 2963 521 Hist.
3012 467 3101 522 des
3141 467 3354 539 Emper.
3409 469 3472 528 T.
3518 469 3644 533 III.

282 617 291 626 ,
345 577 470 617 vero
501 561 802 617 necessario
848 576 899 614 a.
932 558 1139 616 CXCVI
1189 561 1290 627 sit,
1346 561 1588 632 sequitur
1626 561 1846 616 omnino
1871 560 1938 616 A.
2053 558 2181 615 Not.
2216 558 2373 629 XVI,
2406 577 2494 615 sur
2519 559 2724 623 Severe,
2755 578 2809 632 p.
2834 560 2989 631 404).
3214 556 3217 559 ⁷

345 652 569 710 CXCVII
600 653 839 724 praelium
876 653 1208 724 lugduneose
1252 654 1600 709 commissum
1642 651 1830 708 fuisse.
1881 651 1939 707 Si
2117 652 2381 708 Ilenricus
2419 652 2664 708 Norisius
2699 652 2874 708 eidem
2936 667 2996 707 se
3038 654 3364 723 patrocinari
3402 655 3663 727 opinioni.

344 748 403 803 ad
423 764 475 803 a.
503 746 756 805 CXCVIII
786 745 1147 820 progrediaris
1168 790 1183 816 ,
1226 748 1563 803 obsidionem
1610 764 1712 802 tina
1741 747 1938 818 byzan-
2044 744 2220 800 innuit
2250 745 2412 821 (Diss.
2442 746 2506 801 de
2532 748 2660 801 votis
2714 747 2978 802 decennal.
3018 746 3196 820 Impp.
3225 766 3278 820 ρ.
3316 749 3407 805 95.
3435 749 3653 808 Patavii

334 840 509 905 ,tinam
556 856 654 912 per
682 850 913 911 quatuor
955 840 1179 896 durasse
1225 856 1395 896 annos
1451 839 1823 903 confiteberis,
1885 837 1937 893 id
2044 838 2229 911 1686),
2259 851 2313 894 at
2353 836 2591 897 rationes
2636 857 2741 897 non
2802 841 3023 912 aperit,
3061 841 3409 912 Spartiannm
3463 845 3533 900 ab
3580 860 3649 903 eo

344 933 479 1004 quod
509 932 853 989 falsissimum
904 948 1024 989 esse
1067 948 1132 988 ex
1162 932 1331 988 Dione
1384 940 1615 987 constat.
1649 930 1936 985 Maximum
2042 931 2248 988 laudari
2293 932 2487 1002 video,
2530 949 2695 1005 quem
2731 934 2863 990 nihil
2912 933 3216 1004 hujusmodi
3255 937 3456 994 dixisse
3504 940 3645 995 scio.

344 1034 457 1092 est,
524 1024 665 1096 quod
724 1035 998 1096 postremo
1052 1025 1172 1080 loco
1226 1027 1480 1090 afferam,
1535 1035 1932 1095 argumentum.
2041 1023 2217 1091 Quare
2247 1041 2334 1081 me
2373 1025 2656 1081 confestim
2695 1028 2761 1081 ad
2804 1030 3010 1085 Anton.
3041 1028 3261 1101 Pagium
3288 1030 3526 1099 confero,
3562 1031 3655 1087 cui

344 1117 527 1189 Magna
581 1117 721 1188 apud
789 1117 1111 1185 Gruterum,
1161 1118 1402 1188 aliosque
1490 1116 1935 1186 inscriptionum,
2045 1116 2183 1173 hanc
2225 1134 2387 1174 teram
2436 1134 2506 1175 ex
2559 1118 2804 1175 instituto
2848 1121 3092 1178 stabilire
3137 1123 3475 1192 propositum
3525 1122 3651 1179 fuit.

346 1228 534 1293 magna
588 1212 729 1283 apud
802 1212 1073 1282 Biragium
1149 1228 1433 1267 numorum
1456 1254 1471 1277 ,
1525 1212 1606 1267 vis
1656 1220 1769 1275 est,
1820 1226 1940 1281 qua:
2044 1210 2195 1281 (Crit.
2216 1213 2270 1266 in
2300 1211 2477 1265 baron.
2496 1212 2565 1265 ad
2593 1210 2990 1281 A.CXCVIII,
3015 1231 3070 1270 η,
3112 1212 3169 1281 γ,
3201 1231 3253 1284 p.
3277 1214 3393 1286 89).
3426 1214 3652 1271 Fallitur

346 1315 466 1361 natu
494 1305 753 1375 majorem
781 1303 1032 1359 SEVERI
1063 1304 1265 1371 lilium,
1312 1302 1688 1370 ANTONIUM,
1719 1302 1937 1357 CARA-
1987 1338 1997 1361 ι
2042 1302 2185 1358 enim
2245 1303 2624 1359 'I‘illemontius
2654 1344 2669 1370 ,
2715 1304 2803 1374 qui
2900 1305 3121 1375 Pagiutn
3193 1321 3377 1361 secum
3465 1305 3649 1362 facere

345 1396 622 1453 CALLAM
674 1395 868 1452 deinde
936 1405 1216 1462 vocatum,
1288 1410 1340 1448 a.
1401 1392 1652 1449 CXCVIII
1722 1393 1943 1464 Augusti
2050 1394 2125 1449 ait
2154 1394 2258 1465 (1).
2291 1394 2513 1450 Summa
2553 1395 2818 1449 rationum
2859 1395 2997 1466 ejus,
3041 1412 3173 1467 quas
3218 1398 3352 1454 mire
3394 1396 3650 1468 disjectas

346 1489 757 1545 condecoratnm
805 1503 926 1544 esse
961 1489 1134 1557 ,titulo
1177 1487 1353 1543 docet.
1384 1487 1497 1556 Qua
1526 1487 1745 1558 quidem
1795 1503 1944 1542 com-
2050 1486 2105 1542 in
2147 1503 2312 1542 unum
2369 1488 2586 1558 colligo,
2621 1489 2738 1541 haec
2766 1498 2883 1543 est:
2915 1488 3339 1560 Quinquennalia
3377 1490 3652 1557 SEVERI,

348 1583 471 1638 moti
498 1583 692 1639 eruditi
720 1581 987 1659 homines,
1022 1582 1145 1636 licet
1168 1580 1235 1636 de
1263 1579 1371 1646 die,
1403 1596 1694 1651 menseque
1724 1580 1937 1651 discep-
2048 1580 2167 1637 sine
2206 1581 2309 1635 ulla
2355 1581 2720 1636 controversia
2758 1595 2822 1651 Α.
2855 1579 3143 1644 CXCVIII,
3165 1581 3351 1637 Romae
3375 1582 3646 1639 celebrata

348 1683 459 1730 tent
514 1673 679 1748 (Viti.
723 1673 847 1729 Ant.
896 1673 1021 1745 Pagi
1067 1672 1192 1729 Crit.
1250 1675 1302 1728 in
1357 1672 1553 1729 Baron.
1611 1672 1672 1730 Τ.
1706 1672 1768 1728 II
1800 1716 1815 1741 ,
1869 1676 1940 1728 ad
2049 1682 2194 1736 sunt,
2214 1672 2547 1729 Herodianus
2582 1690 2710 1730 vero
2754 1677 2934 1732 statim
3003 1682 3122 1743 post
3164 1688 3397 1744 pugnam
3454 1673 3645 1744 lugdu-

348 1767 409 1820 A.
436 1764 570 1822 CXC
585 1763 748 1832 VIII,
782 1783 835 1820 η.
876 1763 1006 1831 VII,
1038 1784 1091 1837 p.
1121 1765 1227 1832 90;
1261 1765 1426 1822 Henr.
1457 1766 1700 1822 Norisius
1727 1767 1789 1821 de
1815 1769 1942 1821 votis
1972 1801 2021 1860 Β
2050 1780 2272 1821 nensem
2304 1766 2504 1836 ingenti
2535 1782 2656 1844 cum
2692 1768 2969 1823 celeritate
2996 1765 3222 1820 Romam
3252 1780 3377 1822 eum
3401 1767 3647 1837 petiisse,

346 1860 605 1915 decennal.
662 1859 838 1931 Impp.
873 1876 926 1931 p.
975 1861 1066 1925 91,
1119 1861 1179 1916 S.
1234 1860 1527 1917 'I‘illemont
1572 1860 1803 1918 Histoire
1856 1863 1944 1917 des
1975 1859 2010 1860 ί
2049 1873 2132 1921 ac,
2182 1859 2339 1915 simul
2369 1873 2432 1914 ac
2476 1859 3318 1930 adventaverit,Quinquennalia
3354 1861 3455 1916 ista
3493 1862 3652 1918 exhi-

347 1948 554 2027 Entper.
583 1953 649 2009 T.
680 1952 803 2035 III,
833 1953 903 2009 P.
936 1953 991 2024 I,
1025 1953 1153 2010 Not.
1186 1953 1327 2008 XIX
1335 1997 1348 2019 ,
1377 1972 1464 2009 sur
1497 1953 1682 2010 Severe
1715 1972 1767 2021 p.
1791 1954 1945 2027 406.)
2051 1951 2233 2008 bnisse
2248 1963 2448 2009 narrat.
2474 1954 2651 2023 Quare
2671 1958 2714 2012 si
2745 1958 2904 2027 paulo
2920 1970 3042 2029 post
3065 1960 3447 2027 interemptum
3461 1956 3652 2013 ALBI-

347 2045 413 2105 de
465 2047 589 2103 anni
653 2048 880 2103 veritate
934 2062 1040 2102 non
1097 2047 1377 2113 dubitant,
1431 2062 1495 2102 ac
1543 2048 1897 2118 Spartianum
1925 2090 1941 2113 ,
2050 2045 2216 2114 NUM,
2249 2048 2402 2119 cujus
2443 2048 2655 2104 cladem
2679 2050 2889 2107 decima
2936 2068 3075 2108 nona
3109 2052 3366 2108 februarii
3396 2052 3486 2108 die
3513 2067 3648 2109 con-

347 2141 436 2213 qui
464 2141 516 2196 id
560 2156 612 2195 a.
643 2139 784 2208 CC.,
837 2139 1047 2196 decimo
1089 2140 1248 2196 tertio
1277 2139 1720 2196 CARACALME
1766 2154 1943 2208 anno,
2053 2140 2238 2211 tigisse
2264 2141 2443 2197 nullus
2475 2140 2763 2209 inliciatur,
2793 2143 3086 2214 imperator
3113 2144 3341 2201 Romam
3371 2145 3649 2216 ingressus

348 2236 544 2292 factum
589 2236 749 2292 fuisse
794 2235 871 2290 ait
918 2233 1064 2307 (Vit.
1125 2234 1298 2290 Severi
1349 2251 1397 2289 c.
1445 2232 1607 2300 XVI,
1657 2255 1710 2305 p.
1755 2234 1945 2307 182.),
2053 2242 2157 2302 est,
2203 2235 2247 2289 si
2288 2233 2431 2289 inter
2472 2234 2703 2290 reditum
2746 2234 2890 2291 hunc
2932 2237 3050 2307 ejus
3089 2239 3139 2292 in
3181 2239 3367 2294 urbem
3394 2246 3449 2294 et
3491 2239 3651 2310 quin-

347 2330 696 2387 dcferendum
740 2346 861 2387 esse
893 2336 1134 2386 monent.
1166 2328 1284 2399 Quo
1311 2331 1456 2387 hunc
1494 2334 1615 2402 jure
1644 2332 1941 2403 reprehen-
2053 2325 2338 2396 quennalia
2387 2326 2534 2381 nulla
2581 2335 2676 2381 aut
2718 2328 2910 2398 exigua
2954 2343 3105 2384 mora
3165 2329 3264 2385 fuit
3312 2330 3650 2400 interposita,

349 2424 515 2488 dant,
546 2439 699 2493 quem
738 2440 838 2495 ego
866 2424 1085 2495 quidem
1115 2438 1219 2479 non
1251 2423 1319 2479 de
1369 2424 1522 2479 titulo
1548 2424 1815 2496 Augusti,
1851 2423 1949 2480 sed
2054 2418 2304 2474 eumdem
2363 2419 2513 2474 necis
2551 2418 2781 2474 ALBINI
2819 2429 2876 2476 et
2928 2421 3403 2492 quinquennalium
3444 2436 3646 2478 annum

349 2517 709 2588 Imperatoris,
738 2515 1083 2574 ANTONINO
1112 2532 1141 2570 a
1172 2516 1430 2572 militibus
1461 2518 1714 2588 imposito
1735 2560 1750 2584 ,
1784 2517 1951 2572 intel—
2055 2526 2175 2568 esse
2195 2511 2399 2577 deberi,
2426 2511 2783 2567 indubitatum
2811 2521 2916 2569 est.
2942 2513 3075 2582 Nisi,
3104 2530 3262 2586 quam
3292 2513 3462 2570 facilis
3491 2516 3544 2571 in
3572 2515 3657 2572 his

347 2609 435 2679 Iigi
466 2610 605 2665 forte
631 2608 868 2676 debere,
912 2609 1176 2680 conjieio,
1225 2626 1331 2664 non
1361 2609 1569 2665 laboro.
1614 2609 1787 2681 Ipsam
1816 2626 1947 2667 sen-
2053 2602 2216 2659 rebus
2260 2603 2440 2673 lapsus
2491 2612 2678 2672 esset.
2729 2604 2959 2669 “item.
3016 2616 3163 2661 cerle
3213 2606 3530 2673 admirarer.
3585 2607 3656 2664 ab

351 2702 572 2759 tentiam
616 2690 672 2759 et
696 2702 1029 2773 amplector,
1078 2710 1134 2757 et
1163 2701 1324 2758 nullis
1363 2702 1661 2773 expositam
1694 2719 1816 2760 esse
1846 2704 1948 2760 du.
2054 2695 2272 2751 homine
2316 2706 2423 2752 tam
2473 2697 2685 2753 erudito
2738 2696 2979 2753 inﬁrmas
3022 2698 3285 2769 ejusmodi
3328 2700 3657 2756 ratiunculas

351 2796 451 2852 hiis
477 2811 731 2868 agnosco.
779 2796 1007 2867 Egregie
1034 2811 1161 2852 vero
1213 2812 1276 2852 ea
1309 2806 1509 2854 nostra:
1556 2798 1807 2854 subvenit
1850 2797 1953 2854 hoc
2054 2791 2321 2863 proﬁcisci
2378 2792 2632 2862 potuisse.
2667 2791 2797 2847 Mihi
2837 2792 3055 2863 quidem
3110 2794 3163 2849 in
3203 2795 3308 2849 illis
3356 2794 3655 2865 generatim

351 2880 480 2944 Ioco'
522 2889 927 2959 computationi.
958 2890 1131 2955 Ληιιο
1183 2888 1274 2960 qui
1320 2889 1654 2959 Iugdunense
1709 2889 1953 2960 prazlium
2056 2883 2110 2938 id
2158 2883 2444 2953 displicet,
2494 2882 2639 2955 quod
2689 2882 2768 2938 sic
2822 2885 3056 2939 motibus
3104 2884 3492 2943 ALBINIANIS
3541 2896 3654 2943 tres

352 2991 568 3038 secutus
591 2990 693 3047 est,
729 2981 987 3036 honorem
1012 2981 1153 3036 hunc
1176 2979 1617 3036 CARACALLAE
1653 2996 1774 3037 esse
1801 2981 1954 3036 habi-
2058 2990 2229 3033 annos
2257 2986 2445 3032 contra
2473 2991 2690 3032 omnem
2719 2976 2876 3033 Iidem
2904 2977 3108 3033 tribuit.
3137 2981 3300 3034 Arma
3330 2984 3394 3036 A.
3421 2979 3654 3049 CXCVI,

355 3087 465 3133 tom
523 3091 591 3132 ex
655 3073 936 3130 Historicis
991 3073 1173 3143 liquet.
1225 3073 1564 3153 Herodianus
1625 3073 1781 3143 paulo
1827 3082 1953 3129 ante
2059 3080 2271 3141 sumpta
2315 3085 2437 3125 esse
2484 3072 2785 3140 prolitetnr.
2836 3072 3111 3127 Petavium
3162 3074 3267 3129 alio
3310 3074 3429 3130 loco
3470 3088 3656 3143 repre-

354 3171 649 3240 parthicam
704 3168 1102 3239 expeditionem
1154 3167 1340 3222 Romae
1383 3165 1627 3240 (Histor.
1676 3164 1793 3220 Lib.
1822 3163 1947 3233 III,
1977 3164 2021 3227 C
2055 3161 2263 3227 hendit,
2294 3163 2383 3234 qui
2409 3163 2646 3229 obeam,
2673 3179 2793 3235 qua:
2823 3163 2924 3234 ipsi
2973 3179 3097 3220 cum
3152 3166 3316 3237 Pagio
3350 3168 3656 3225 communis

353 3279 402 3317 ε.
452 3261 560 3331 IX,
616 3278 667 3333 ρ.
723 3261 846 3317 148.
880 3258 900 3332 )
931 3258 1247 3331 Spartianus
1272 3301 1286 3324 ,
1318 3268 1378 3314 ut
1428 3260 1612 3323 aiunt,
1644 3258 1698 3312 in
1726 3257 1953 3312 Oriente
2057 3267 2192 3325 erat,
2214 3257 2559 3320 sententiam,
2589 3267 2900 3327 sequentem
2931 3272 3129 3312 annum
3158 3260 3463 3329 praetulerat
3485 3259 3653 3332 (Diu.

356 3355 486 3410 illud
510 3354 798 3426 contigisse
834 3353 1017 3409 docet.
1046 3352 1192 3407 Alias
1220 3352 1456 3407 rationes
1482 3362 1769 3422 praetereo.
1799 3348 1954 3404 Utra-

352 3462 465 3517 que
507 3446 768 3501 sententia
805 3446 869 3521 in-
906 3459 1049 3499 anno
1089 3441 1343 3500 CXCVIII
1400 3441 1708 3512 conspirat,
1763 3442 1954 3512 quoin

354 3536 594 3593 Parthos
624 3536 911 3605 Imperator
934 3536 1121 3591 movit.
1153 3527 1394 3603 Quod‘si
1428 3534 1607 3604 igitur,
1644 3535 1957 3590 imminente
1984 3524 1991 3537 ’

351 3631 467 3702 jatn
513 3630 754 3702 parthico
782 3631 941 3697 bello,
987 3647 1036 3686 a.
1066 3629 1322 3686 CXCVIII
1352 3627 1694 3684 ANTONIUS
1726 3628 1959 3700 Impera-

358 3734 446 3779 tor
470 3724 734 3779 salutatus
758 3734 880 3790 est,
925 3724 1077 3778 nullo
1124 3722 1287 3778 modo
1337 3737 1389 3776 a.
1430 3720 1663 3778 CXCVII
1692 3721 1960 3778 occidisse

358 3815 664 3873 ALBINUM
685 3860 699 3883 ,
729 3816 911 3887 negari
945 3824 1137 3886 potest.

437 3909 465 3984 ᾗ
497 3911 634 3966 XIII.
666 3941 736 3952 —
766 3911 1023 3983 Equidem
1062 3912 1141 3966 sic
1180 3911 1508 3982 argumentis
1550 3909 1697 3965 hisce
1714 3890 1971 3979 .compa:

359 4016 540 4061 ratum
569 4019 689 4060 esse
712 4004 964 4071 arbitror,
991 4013 1046 4059 ut
1077 4018 1415 4059 communem
1442 4002 1519 4065 de,
1548 4001 1779 4059 ALBINI
1806 4001 1959 4057 clade

358 4100 685 4155 sententiam
708 4099 1062 4155 certissimam
1086 4114 1203 4152 esse
1219 4098 1464 4153 doceant.
1488 4095 1543 4151 Si
1563 4111 1649 4152 res
1673 4094 1957 4165 ﬂagitaret,

359 4192 432 4249 de
473 4191 598 4247 aliis
636 4191 894 4247 addendis
925 4206 1099 4246 essent
1138 4190 1413 4245 sollicitus.
1463 4188 1583 4244 Jam
1622 4188 1788 4243 satius
1844 4200 1967 4242 esse

363 4295 518 4358 puto,
569 4296 649 4352 ut,
685 4284 811 4356 quid
860 4300 977 4352 eos,
1022 4283 1214 4354 quibus
1258 4284 1435 4337 tritam
1476 4282 1786 4353 relinquere
1828 4280 1965 4334 viam

361 4379 600 4450 placuit,
638 4380 1008 4442 commoverit,
1050 4377 1431 4448 disquiramus.
1473 4374 1635 4431 Levia
1670 4384 1795 4430 sunt
1826 4391 1838 4425 :
1868 4387 1967 4428 nec

363 4479 565 4527 minent
607 4472 923 4527 omittenda.
982 4471 1137 4524 Dion.
1195 4469 1443 4525 Petavius
1488 4469 1690 4539 primas
1760 4474 1959 4522 teneat.

2061 3348 2326 3420 Hypatica
2357 3348 2426 3408 Ρ.
2474 3347 2560 3402 II.
2593 3366 2638 3403 c.
2673 3346 2810 3403 XII.
2845 3366 2898 3420 p.
2928 3350 3079 3421 2‘21).
3114 3350 3296 3422 Neque
3343 3361 3544 3418 tamen,
3596 3367 3658 3410 se

2062 3443 2166 3499 hoc
2204 3456 2361 3515 pacto
2418 3444 2471 3498 in
2532 3444 2687 3514 longe
2724 3441 3077 3509 difficiliores,
3121 3461 3278 3515 quam
3323 3446 3595 3501 Prtavium
3630 3488 3649 3512 ,

2062 3538 2365 3594 tendiculas
2407 3536 2641 3592 incidere
2689 3538 2871 3604 sentit,
2916 3553 3080 3607 quum
3123 3539 3173 3592 in
3209 3540 3420 3594 tertium
3451 3548 3661 3596 annunf

2064 3629 2316 3685 omnibus
2357 3629 2778 3700 repugnantibus
2818 3629 3019 3684 bellum
3059 3630 3198 3685 istud
3241 3633 3535 3701 protrahat.
3567 3633 3667 3690 Est

2073 3734 2129 3781 et
2156 3724 2320 3792 aliud,
2353 3723 2496 3794 quod
2530 3724 2668 3780 hanc
2695 3725 2888 3795 premit
2916 3726 3258 3781 sententiam.
3285 3726 3393 3782 lter
3415 3726 3667 3785 SEVERI

2064 3817 2117 3872 in
2146 3818 2419 3874 Orientem
2442 3817 2508 3873 ad
2537 3817 2937 3888 expeditionem
2966 3818 3288 3890 parthicam,
3312 3820 3663 3891 quodeodem

2065 3926 2207 3967 anno
2243 3910 2518 3967 CXCVIII.
2564 3911 2761 3967 factum
2786 3926 2908 3968 esse
2941 3913 3254 3969 conceditur
3281 3929 3313 3968 a
3338 3915 3456 3970 viro
3483 3896 3666 3983 docto,

2071 4017 2193 4059 cum
2221 4002 2717 4073 quinquennalibus
2746 4003 2883 4069 istis,
2916 4003 3196 4074 redituque
3224 4006 3275 4059 in
3318 4006 3505 4062 urbem
3534 4020 3667 4061 eon-

2065 4098 2324 4169 juogitur.
2357 4100 2429 4153 At
2455 4099 2558 4154 hoc
2601 4099 2839 4153 omnium
2867 4100 3188 4169 scriptorum
3219 4099 3533 4158 adversatur
3562 4114 3674 4159 tes-

2071 4190 2327 4255 timoniis,
2358 4189 2448 4259 qui
2482 4189 2561 4243 sic
2587 4188 2761 4243 dehis
2787 4188 2948 4244 rebus
2967 4199 3264 4260 exponunt,
3293 4201 3354 4248 ut
3378 4194 3495 4248 sine
3521 4194 3668 4248 omni

2071 4281 2234 4338 dnhio
2265 4283 2330 4337 ad
2371 4282 2535 4337 alium
2576 4296 2775 4347 annum
2823 4281 3026 4338 reditus
3057 4283 3307 4339 SEVERI
3336 4286 3388 4340 in
3421 4287 3608 4342 urbem
3639 4301 3671 4341 e

2071 4373 2262 4438 Gallia,
2306 4374 2372 4428 ad
2408 4376 2569 4430 alium
2622 4374 2868 4444 migratio
2918 4374 2984 4428 ad
3039 4374 3388 4431 debellandos
3437 4376 3659 4435 Parthos

2071 4464 2351 4522 referenda
2387 4466 2478 4521 sit.
2521 4458 2657 4533 Quid
2703 4464 2771 4520 de
2816 4465 3110 4520 rationibus
3147 4466 3424 4537 speciatim
3470 4467 3671 4538 dicam,

360 4562 584 4621 Initium
624 4565 671 4619 is
709 4565 999 4636 Oppugnati
1044 4563 1282 4634 Byzantii
1328 4563 1397 4618 ad
1448 4530 1507 4617 ιι.
1540 4560 1723 4616 CXCV
1779 4559 1963 4615 refert.
1989 4530 2044 4590 D
2070 4556 2297 4628 quarum
2348 4557 2491 4612 nulla
2534 4530 2610 4612 se
2673 4564 2998 4621 sustentare,
3057 4557 3144 4610 vel
3178 4530 3386 4612 -leviter
3442 4530 3671 4627 potest‘I

363 4656 545 4725 Quam
568 4654 636 4711 ob
660 4672 772 4711 rem
795 4658 1380 4726 necessariumtptoque
1398 4652 1517 4719 fuit,
1537 4668 1700 4724 quum
1735 4652 1967 4707 triennio

336 4746 695 4803 'obsidioista
723 4748 1030 4803 continuata
1055 4748 1143 4814 sit,
1174 4756 1230 4800 nt
1255 4748 1321 4800 A.
1343 4744 1626 4813 CXCVII.,
1646 4758 1751 4814 quo
1778 4743 1971 4798 Orien-

366 4850 484 4911 tem
503 4841 778 4914 reliquerit
800 4840 1150 4907 scvenus,
1186 4856 1237 4895 a.
1258 4838 1511 4895 CXCVIII
1541 4854 1647 4909 quo
1667 4835 1971 4892 ALBINUM

364 4936 655 5002 devicerit,
686 4935 853 4994 fuisse
893 4938 1097 4993 diceret
1126 4933 1413 5006 (Doctrina:
1438 4945 1652 5006 temper.
1698 4932 1811 4986 Lib.
1842 4929 1890 4985 X
1909 4929 1968 4987 V.

370 5042 427 5103 ιι.
452 5032 586 5091 693.
612 5033 692 5088 ed.
721 5033 895 5087 Paris.
922 5031 1103 5103 1627).
1133 5032 1455 5101 Perspicuus
1479 5040 1561 5086 est
1603 5044 1777 5094 error,
1813 5027 1975 5082 modo

373 5123 715 5192 observetur,
756 5124 958 5179 fontem
989 5123 1103 5195 ejus
1133 5139 1273 5190 esse,
1324 5122 1466 5194 quod
1506 5121 1644 5176 male
1685 5119 1973 5177 exordium

302 5254 315 5263 -
373 5218 796 5291 oppugnationis
844 5216 1145 5289 byzantinae
1190 5231 1242 5270 a.
1293 5214 1473 5270 CXCV
1521 5212 1785 5269 tribuerit.
1844 5212 1969 5266 Ilazc

373 5306 533 5397 vero,
561 5322 619 5370 ut
650 5313 703 5371 id
735 5313 955 5381 Iaceret,
987 5315 1124 5368 ratio
1165 5327 1287 5368 eum
1319 5309 1549 5380 impulit,
1592 5306 1734 5379 quod
1766 5303 1978 5361 NIGRO

370 5405 673 5481 ὠνεηιὶιε
712 5414 873 5462 tanta:
914 5405 1074 5461 molis
1112 5404 1305 5474 operi,
1347 5401 1521 5474 qualis
1564 5399 1684 5454 haec
1731 5398 1940 5455 obsidio
1965 5438 1978 5463 ,

374 5484 712 5557 SEVERI”!
737 5512 929 5556 vacare
958 5514 1063 5553 non
1084 5498 1341 5568 potuisse,
1369 5494 1618 5553 credidit.
1641 5490 1980 5548 Contrarium

372 5607 447 5652 ex
494 5592 671 5649 Dione
713 5593 795 5648 vir
839 5590 1085 5648 eruditus
1149 5590 1361 5645 discere
1408 5587 1715 5659 potuisset,
1775 5595 1830 5638 nt
1870 5582 1982 5653 jam

374 5680 638 5763 ἣὶςξὶαινί.
680 5682 987 5741 Revocetur
1043 5686 1388 5757 itaqueucum
1454 5681 1623 5737 Dione
1687 5678 1985 5750 bysantinte

370 5760 801 5853 Wtionis
827 5777 1037 5833 initium
1067 5778 1135 5832 ad
1161 5791 1347 5832 verum
1375 5790 1533 5832 suum
1582 5790 1632 5830 a.
1660 5769 1903 5840 CXCIV,
1932 5779 1987 5828 et

671 5858 1116 5933 Turonum
1160 5870 1212 5931 l.

2075 4651 2334 4706 Distincte
2381 4649 2677 4719 quamlibet
2725 4649 3013 4704 excutiam.
3073 4647 3495 4703 Incertissimum
3545 4660 3671 4720 est,

2074 4757 2126 4797 a.
2171 4740 2425 4798 CXCVIII
2477 4740 2892 4813 quinquennalia
2960 4737 3302 4797 SEVERUII'
3335 4741 3667 4799 exhibuisse.

2077 4834 2197 4906 Ipse
2225 4835 2397 4892 celeb.
2428 4835 2619 4906 Pagius
2673 4834 2811 4888 hanc
2849 4834 3134 4889 inculcavit
3189 4833 3427 4904 regulam
3461 4852 3474 4889 :
3505 4834 3673 4900 Quin-

2079 4929 2372 5000 qttennalia,
2417 4927 2728 4983 Decennaiia
2771 4936 2819 4981 et
2857 4926 2912 4980 id
2941 4942 3097 4997 genus
3139 4928 3296 4997 festa,
3341 4925 3491 4979 modo
3536 4941 3674 4979 anno

2080 5023 2253 5094 quinto
2281 5024 2504 5087 ineunte,
2551 5022 2702 5076 modo
2727 5030 2942 5076 exeunte
2967 5019 3410 5074 indiscriminatim
3452 5019 3682 5073 celebra-

2082 5114 2452 5187 bantur(Diss.
2486 5114 2743 5187 Hypatica
2772 5112 2837 5169 P.
2869 5112 2956 5180 II,
2989 5131 3034 5168 c.
3063 5112 3147 5179 II,
3185 5113 3213 5185 §
3254 5111 3318 5177 V,
3352 5130 3404 5184 ρ.
3436 5112 3681 5184 87).Lu-

2084 5210 2232 5267 brico
2269 5225 2387 5265 eam
2428 5208 2776 5264 fundamento
2812 5208 2880 5263 ab
2934 5222 3002 5263 eo
3054 5205 3358 5275 impositam
3407 5221 3529 5261 esse
3572 5219 3683 5261 non

2083 5304 2294 5375 ignoro,
2325 5303 2401 5357 illi
2434 5288 2688 5356 nimirum
2713 5343 2728 5368 ,
2754 5301 2909 5370 cujus
2937 5299 3190 5370 princeps
3218 5306 3405 5353 auctor
3426 5306 3529 5364 est,
3559 5313 3688 5354 sen-

2088 5396 2301 5462 tentiae,
2328 5395 2683 5465 imperatores
2711 5393 2763 5447 in
2794 5391 3229 5448 solemnitatibus
3255 5390 3519 5461 ejusmodi
3549 5405 3686 5446 con-

2090 5487 2323 5543 sularem
2351 5501 2566 5556 semper
2588 5484 2901 5554 dignitatem
2946 5483 3265 5553 suscepisse.
3296 5482 3478 5553 Neque
3505 5491 3686 5538 tamen

2090 5579 2287 5650 alioqui
2324 5581 2435 5634 suis
2476 5592 2537 5633 ea
2583 5578 2765 5632 nervis
2804 5576 3053 5631 destituta
3081 5584 3183 5639 est,
3214 5583 3272 5629 ιιι
3299 5574 3536 5630 nonnulli
3580 5574 3687 5630 sibi

2152 5716 2224 5781 (1)
2260 5715 2472 5768 Histoire
2515 5715 2602 5766 des
2641 5719 3254 5781 eniperettrs,t._ttt,upag.
3290 5710 3519 5781 ξοδ-,ιθ
3561 5712 3686 5777 pere

2088 5773 2226 5844 Pagi,
2247 5781 2332 5844 qui
2347 5786 2450 5830 met
2466 5791 2655 5831 contine
2677 5773 2801 5829 notis
2818 5777 2866 5827 la
2885 5775 3071 5827 defaite
3081 5773 3276 5825 d‘Albin
3299 5788 3365 5825 en
3390 5773 3497 5826 I98.
3562 5773 3577 5777 ’
3622 5806 3635 5815 ρ

2963 5861 3362 5942 (Dim-ltuit.)
