4252 6270
246 530 253 533 .
344 483 498 533 erat.
554 472 812 545 Suspicax
863 469 1067 527 scilicet
1122 478 1177 526 et

352 360 468 420 $57

360 570 643 642 princeps,
689 581 853 636 quum
903 563 1017 635 jam
1063 562 1245 620 omnia
1306 561 1673 632 tranquillitati
1718 560 1961 617 restituta

364 669 569 727 essent,
598 657 944 715 nihilominus
972 655 1238 727 quosdam
1263 670 1293 710 e
1319 653 1537 711 latebris
1562 654 1723 710 veluti
1752 656 1961 724 protr’av

366 753 542 818 hebat,
570 765 707 822 quos
733 748 952 805 insidias
974 748 1078 803 sibi
1105 747 1296 804 fecisse
1321 747 1516 814 aiebat,
1547 761 1611 809 ac
1637 745 1703 800 ad
1732 753 1958 818 mortem

358 843 487 901 ided
515 843 626 915 rapi
653 841 898 912 iubebat.
930 841 1034 903 Ista
1063 839 1277 910 vigente
1313 839 1674 905 racematione,
1705 846 1763 893 ut
1787 837 1959 908 loqui-

364 948 473 1004 tur,
523 931 1011 991 TERTULIANUS
1055 931 1346 988 scribebat.
1399 931 1552 993 Scire
1607 930 1809 1003 itaque,
1854 942 1963 998 quo

363 1037 609 1099 tempore
635 1027 892 1096 reliquias
922 1025 1303 1083 seditiosorum
1333 1022 1735 1094 investigaverit
1755 1021 1962 1077 SEVE»

364 1122 525 1188 BUS,
552 1130 638 1178 est
675 1123 850 1193 ipsum
897 1118 1231 1190 Apoiogctici
1260 1133 1458 1173 suumn
1480 1118 1639 1172 scire.
1684 1116 1803 1186 Ipse
1833 1131 1963 1171 vero

354 1215 496 1272 illud
544 1215 748 1271 indicat
800 1222 922 1284 post
965 1212 1229 1269 solemnia
1277 1210 1523 1281 quadam
1583 1210 1771 1265 Roma:
1820 1208 1961 1265 facta

366 1308 633 1374 evenisse,
666 1306 719 1362 in
746 1305 942 1377 quibus
967 1304 1053 1363 isti
1096 1303 1436 1373 imperatoris
1474 1300 1673 1357 inimici
1712 1316 1963 1373 magnum

361 1399 500 1461 falsa
523 1398 779 1473 gaudium
806 1412 918 1469 prie
936 1412 997 1457 se
1024 1396 1259 1460 tulerint.
1289 1394 1560 1464 Quantum
1596 1394 1966 1459 intercesserit

364 1492 706 1547 intervallum
735 1506 842 1549 non
863 1489 1030 1551 addit.
1055 1488 1206 1549 Patet
1230 1497 1428 1553 tamen.
1453 1487 1596 1551 haud
1618 1490 1689 1549 ita
1713 1501 1965 1563 magnum

364 1584 591 1656 intelligi
620 1584 838 1640 debere.
872 1582 967 1637 Est
995 1590 1051 1637 et
1079 1581 1219 1636 alius
1246 1580 1297 1636 in
1329 1580 1436 1635 alio
1477 1580 1594 1650 ejus
1624 1580 1763 1634 libro
1795 1580 1961 1644 locus,

363 1676 480 1746 qui,
508 1674 650 1746 quod
693 1675 761 1729 ad
807 1674 907 1729 hoc
964 1681 1316 1749 momentum,
1360 1671 1487 1745 hinc
1530 1673 1682 1751 quasi
1735 1671 1972 1741 explicat

365 1764 547 1836 (Libro
572 1765 641 1818 ad
669 1764 950 1835 Scapulam
966 1781 1011 1818 c.
1037 1763 1090 1817 1.
1111 1781 1162 1833 p.
1183 1761 1310 1827 552,
1339 1760 1529 1843 Opp);
1553 1761 1848 1841 Nunquam,
1872 1762 1968 1837 ait,

1608 347 1917 411 MOSHEIM
1957 351 2376 421 DISQUISITIO.

3558 357 3666 415 558

1261 468 1419 526 simul
1473 468 1681 539 argenti
1733 464 1959 539 cupidus
1984 470 2038 531 Δ
2063 467 2341 540 profusum
2366 469 2552 537 fuisse,
2598 487 2763 543 quum
2792 472 2846 528 in
2873 487 2942 528 ee
2966 480 3130 541 esset,
3161 479 3221 530 ut
3250 473 3479 531 Parthos
3502 475 3662 532 inva-

2065 562 2238 619 deret.
2282 564 2470 621 Nulius
2496 566 2715 636 quidem
2744 567 2789 627 si
2816 567 3035 637 produci
3067 567 3220 624 testis
3260 580 3462 640 posset,
3494 570 3664 629 nihilo

2066 658 2243 717 minus
2269 669 2414 715 certa
2433 675 2551 715 mea
2569 671 2714 717 esset
2741 661 3091 732 computatio,
3115 663 3208 733 qui
3233 663 3471 719 omnium
3496 664 3665 722 instar

2067 748 2565 808 TER'I’ULIANUM
2603 753 2985 817 commendare
3034 768 3271 825 possem.
3328 754 3495 811 Adest
3537 772 3669 813 vero

2066 842 2347 898 commode
2373 843 2713 913 Spartianus,
2759 846 3105 916 auSpiciaque
3151 832 3277 903 novi
3324 847 3452 903 belli
3506 850 3669 905 caedi-

2068 932 2167 988 bus
2208 933 2483 990 hominum
2528 937 2799 1007 inquinata
2848 937 3035 1004 luisse,
3080 938 3241 994 tradit
3278 940 3298 1009 (
3335 937 3451 994 Vita
3495 940 3675 996 Seueri
3750 974 3755 979 ι

2064 1039 2115 1078 ε.
2145 1023 2223 1078 X1
2242 1023 2304 1092 ν,
2334 1042 2386 1097 p.
2418 1026 2546 1097 180)
2573 1046 2586 1082 :
2609 1027 2802 1083 Multos
2819 1028 2948 1083 mter
2975 1031 3083 1084 hate
3111 1028 3261 1101 (dum
3277 1044 3338 1087 se
3365 1045 3506 1086 novo
3523 1031 3668 1089 bello

2066 1118 2391 1191 accingeret,
2419 1120 2547 1177 dum
2589 1121 2745 1177 ludos
2788 1122 2985 1193 populo
3013 1124 3337 1194 spectandos
3378 1125 3665 1194 praeberet,

2066 1210 2137 1267 de
2174 1212 2367 1282 quibus
2405 1212 2632 1284 aliisque
2673 1215 2724 1269 in
2775 1215 3143 1286 superioribus
3183 1204 3393 1272 dixerat
3431 1217 3670 1286 )caussis

2067 1304 2147 1359 uel
2194 1306 2323 1360 ueris
2369 1306 2446 1360 uel
2501 1307 2775 1362 simulatis
2810 1307 3013 1362 occidit.
3066 1307 3457 1363 Daumabantur
3502 1319 3670 1364 autent

2069 1394 2295 1468 plerique
2331 1413 2424 1455 cur
2457 1396 2619 1468 iocati
2642 1407 2807 1455 essent
2835 1414 2849 1453 :
2878 1398 2970 1459 alii
3007 1414 3101 1455 cur
3120 1399 3433 1467 tacuissent:
3454 1400 3547 1455 alii
3579 1416 3671 1455 cur

2070 1488 2311 1565 pleraque
2353 1489 2576 1561 ﬁgurata
2614 1489 2859 1553 dixissent
2899 1506 2912 1542 :
2965 1499 3018 1553 ut
3067 1500 3196 1551 esset
3242 1492 3517 1561 imperator
3562 1507 3673 1547 vere

2073 1580 2294 1635 nominis
2315 1582 2418 1648 sui,
2443 1597 2555 1637 vere
2583 1580 2831 1637 Pertinaa:
2859 1592 2904 1637 et
2930 1582 3167 1639 Severus.
3202 1583 3315 1639 Huc
3345 1584 3527 1651 etiam,
3551 1597 3672 1654 quae

2075 1674 2235 1744 paulo
2288 1685 2409 1751 post
2456 1684 2877 1745 consequuntur,
2934 1675 3095 1731 verba
3146 1676 3343 1741 refero,
3393 1692 3512 1746 qua:
3541 1719 3556 1744 ,
3615 1688 3673 1732 ut

2075 1767 2288 1845 (utilior,
2322 1782 2426 1829 non
2459 1767 2524 1833 ad
2555 1768 2727 1833 solam
2750 1768 3182 1839 Nigrinianorum
3215 1769 3264 1822 in
3295 1766 3518 1823 Oriente
3544 1780 3673 1838 per-

366 1857 645 1921 Albiniani,
673 1867 763 1910 aut
800 1855 1066 1927 Nigriani,
1086 1856 1162 1909 vel
1197 1854 1428 1909 Cassiani
1451 1853 1666 1909 inveniri
1694 1864 1969 1926 potuerunt
1999 1888 2047 1957 Β
2078 1860 2410 1915 secutionem
2441 1860 2731 1931 pel-linem,
2753 1872 2808 1918 ei
2835 1878 2959 1917 cum
2989 1862 3188 1917 υιιίιῃῖε
3210 1857 3675 1919 '[ERTULLIAN]

370 1948 689 2003 Christiani:
724 1946 814 2001 sed
840 1946 999 2001 iidem
1042 1946 1177 2016 ipsi,
1223 1946 1309 2016 qui
1360 1962 1448 2013 per
1481 1946 1657 2015 genia;
1701 1962 1876 2009 eorum
1917 1946 1971 2007 in

370 2041 531 2114 pridie
560 2056 714 2111 usque
731 2039 1054 2110 juraverant,
1082 2038 1170 2109 qui
1198 2053 1290 2108 pro
1316 2038 1481 2092 salute
1509 2053 1683 2091 eorum
1715 2037 1904 2091 hostias
1925 2044 1972 2090 el

370 2142 602 2187 voverant
626 2141 673 2186 et
696 2132 937 2201 fecerant.
987 2130 1061 2186 De
1086 2129 1278 2186 eadem
1311 2145 1370 2185 re
1412 2130 1646 2200 loquitur
1692 2131 1773 2184 vir
1824 2130 1974 2199 inge-

362 2225 577 2289 ‘niesus,
628 2224 696 2279 de
741 2230 844 2295 qua
897 2224 948 2278 in
981 2223 1203 2288 nostris,
1247 2237 1366 2293 quae
1392 2221 1731 2291 exponimus.
1771 2220 1971 2276 Vocem

374 2317 554 2387 itaque
570 2315 752 2388 pridie,
777 2332 895 2387 quae
919 2316 1081 2373 breve
1103 2315 1325 2371 denotat
1350 2323 1581 2385 tempus,
1603 2313 1669 2368 ad
1690 2319 1973 2383 utrumque

358 2409 540 2476 trahi,
563 2408 687 2480 quid
710 2408 951 2479 prohibet
968 2408 991 2461 ‘i
1011 2409 1268 2478 Quaenam
1294 2421 1424 2462 vero
1452 2415 1607 2461 erant
1630 2405 1748 2461 inec
1772 2404 1972 2476 gaudia

375 2501 609 2575 publica,
640 2502 705 2556 ad
749 2516 871 2572 qum
899 2500 1160 2571 respicit?
1202 2498 1382 2553 Fallor
1409 2483 1506 2552 aut
1553 2497 1972 2568 quinquennalia

375 2594 568 2652 innuit.
592 2593 820 2649 Romam
839 2593 1058 2666 quidem
1083 2608 1246 2664 quum
1270 2591 1643 2663 ingrederetur
1661 2588 1975 2647 SEVERUS

366 2696 496 2761 post
520 2686 862 2744 interfectum
891 2685 1215 2751 ALBINUM,
1248 2685 1461 2757 gaudiis
1487 2685 1664 2740 omnia
1692 2693 1746 2738 et
1776 2683 1967 2756 plausi-

376 2781 477 2838 bus
502 2780 870 2853 personabant
894 2777 1043 2849 (Vid.
1075 2778 1410 2833 llerodianus
1439 2775 1641 2831 Hister.
1689 2773 1803 2829 Lib.
1850 2773 1971 2829 111.

379 2895 427 2934 c.
471 2874 634 2943 VIII,
666 2894 722 2948 p.
768 2874 922 2946 145).
948 2873 1058 2929 Nec
1096 2873 1251 2929 nobis
1282 2873 1334 2928 id
1358 2872 1591 2938 obesset,
1623 2872 1667 2927 si
1707 2872 1828 2943 quis
1855 2886 1976 2928 eam

381 2971 469 3028 hic
494 2969 736 3026 lartitiam
768 2966 1036 3038 publicam
1065 2964 1291 3021 indicari
1321 2964 1548 3020 diceret.
1578 2963 1764 3035 Longe
1797 2970 1976 3018 tamen

381 3066 709 3140 probabilius
739 3063 973 3120 arbitror
1007 3062 1077 3119 de
1120 3059 1615 3134 quinquennalibus
1661 3072 1979 3114 sermonem

385 3177 524 3230 esse,
552 3175 673 3216 cum
701 3158 834 3215 alias
865 3156 940 3212 ob
962 3171 1202 3221 caussas,
1225 3165 1334 3209 tum
1361 3140 1502 3224 quod
1529 3162 1653 3207 vota
1683 3167 1777 3227 pro
1807 3152 1980 3206 salute

2077 1954 2403 2021 conferenda
2438 1963 2563 2019 sunt
2593 1971 2606 2007 :
2637 1954 2825 2009 Multos
2869 1956 3038 2019 etiam,
3081 1954 3227 2026 quasi
3277 1953 3547 2009 Chaldaeos
3587 1963 3675 2006 aut

2076 2056 2213 2101 vates
2242 2046 2306 2100 de
2333 2062 2426 2099 sua
2456 2040 2621 2100 salute
2664 2046 3056 2116 consuluissent,
3096 2046 3366 2112 interemit,
3420 2045 3677 2115 praecipue

2076 2147 2334 2209 suspectos
2375 2154 2783 2212 unumquemque
2826 2138 3064 2193 idoneum
3105 2138 3339 2211 imperio.
3380 2137 3676 2195 Transacta

2077 2230 2165 2285 res
2205 2239 2306 2284 est.
2339 2246 2396 2283 a.
2442 2230 2718 2298 CXCVIII,
2750 2232 2988 2287 omnium
3020 2247 3312 2303 consensu,
3347 2231 3400 2286 in
3449 2230 3678 2288 Parthos

2075 2321 2393 2381 SEVERUS
2441 2321 2714 2394 profectus
2754 2334 2857 2379 est.
2914 2323 3050 2379 Tum
3088 2331 3209 2397 post
3251 2322 3675 2395 quinquennalia

2077 2416 2335 2481 exhibita,
2383 2431 2546 2495 quum
2593 2415 2702 2488 jam
2744 2417 2819 2472 nil
2874 2417 2975 2472 nisi
3023 2417 3202 2495 praelia
3251 2427 3305 2473 et
3358 2416 3677 2473 Parthorum

2078 2508 2261 2563 funera
2291 2508 2538 2577 spiraret,
2556 2508 2833 2564 racematio
2862 2509 2947 2563 illa
2968 2508 3271 2577 rebellium,
3296 2508 3362 2566 de
3382 2526 3484 2581 qua
3505 2509 3674 2566 TER-

2079 2601 2486 2672 TULIJANUS,
2517 2603 2758 2675 contigit.
2788 2602 2971 2677 Igitur,
3003 2603 3132 2675 quin
3153 2604 3343 2663 eodem
3368 2620 3511 2660 anno
3536 2605 3677 2678 Apo-

2080 2694 2322 2769 logeticus
2350 2696 2420 2751 sit
2445 2705 2720 2764 exaratos,
2766 2695 2995 2765 dubitari
3036 2695 3267 2768 amplius
3292 2697 3496 2769 nequit.
3528 2695 3681 2753 Licet

2082 2805 2226 2851 nunc
2251 2804 2463 2869 quoque
2491 2805 2688 2851 annum
2722 2789 2951 2871 primum
2987 2788 3350 2845 calamitatum
3373 2787 3682 2845 Christianis
3750 2836 3757 2845 .

2083 2881 2380 2953 imperante
2400 2879 2675 2936 SEVERO
2692 2870 2834 2935 illata
2846 2876 2962 2935 ru'm
2985 2880 3287 2955 designare.
3308 2870 3686 2949 Sustinuerant

2079 2968 2190 3045 jam
2219 2990 2314 3051 per
2340 2973 2553 3046 aliquod
2601 2986 2808 3045 tempus
2834 2974 3071 3030 furorem
3102 2958 3358 3047 hostium,
3392 2993 3555 3055 quum
3586 2992 3685 3046 pro

2085 3068 2164 3130 eis
2192 3076 2375 3127 noster
2391 3068 2553 3123 verba
2578 3065 2795 3122 faceret.
2822 3065 2977 3130 Certe
3001 3082 3262 3141 nusquam
3283 3066 3352 3123 de
3375 3067 3685 3129 vulneribus

2082 3174 2256 3229 nuper
2302 3158 2540 3235 inﬂictis,
2586 3159 2684 3214 sed
2726 3158 3037 3215 inveteratis
3070 3157 3181 3233 jam
3214 3158 3390 3235 malis,
3419 3158 3671 3230 loquitur,

384 3254 607 3326 Augusti
636 3263 745 3308 tum
776 3267 897 3308 esse
925 3249 1082 3316 facta,
1116 3246 1419 3303 subindicat
1444 3263 1457 3298 :
1493 3244 1600 3300 Sed
1627 3254 1679 3298 ut
1709 3254 1825 3299 vota
1855 3262 1974 3315 pro-

2086 3253 2254 3337 Quod,
2271 3253 2314 3315 si
2335 3269 2440 3308 non
2463 3251 2630 3333 prius,
2651 3252 2929 3319 minimum
2947 3266 2976 3305 a
3000 3251 3324 3322 praecedenti
3364 3266 3414 3306 a.
3453 3242 3684 3321 CXCVII

387 3347 502 3418 prin
530 3347 645 3414 jam
690 3344 938 3399 edicerent
965 3345 1021 3398 in
1056 3342 1227 3396 aliena
1270 3337 1606 3403 solemnitate,
1653 3346 1709 3392 et
1752 3336 1977 3407 reliqua.

387 3439 597 3513 Ecquid
648 3454 774 3495 vero
819 3439 1030 3506 notius,
1089 3435 1230 3495 ludis
1287 3430 1788 3507 quinquennalibus
1840 3429 1983 3497 hunc

387 3534 597 3592 mo‘rem
616 3533 880 3605 praecipue
901 3532 1241 3588 observatum
1264 3525 1466 3584 fuisse?
1490 3523 1767 3596 Equidhis
1795 3537 1988 3579 numo-

388 3643 510 3683 rum
568 3624 1004 3696 inscriptionibus
1051 3622 1317 3685 celebrius
1371 3639 1385 3676 :
1438 3616 1621 3675 VOTA
1679 3613 1982 3691 DECENN.

387 3717 905 3791 SUSCEP.?Tangit
930 3717 1028 3772 bas
1054 3715 1391 3772 ceremonias
1447 3713 1565 3767 sine
1595 3709 1761 3766 dubio
1815 3708 1987 3764 Hero-

390 3815 602 3884 dianus,
625 3814 714 3887 qui
745 3821 942 3888 practer
980 3828 1174 3868 munus
1218 3806 1527 3883 illud,quod
1563 3806 1787 3869 Romam
1813 3801 1984 3860 redux

392 3911 687 3987 Imperator
713 3906 909 3980 populo
937 3904 1235 3969 exibuerat,
1260 3902 1420 3959 aliaat
1447 3899 1563 3973 ejus
1593 3898 1750 3977 hujus
1772 3895 1999 3978 generis

392 4004 769 4063 liberalitatem
794 4002 952 4073 paqu
974 4008 1096 4055 ante
1109 3997 1406 4070 parthicam
1424 3992 1821 4065 expeditionem
1844 4002 1999 4045 com-

395 4110 676 4158 memorat.
719 4105 863 4169 νομάς
884 4121 939 4154 ’τε
963 4097 1308 4175 μηιλοῖρόνως
1329 4096 1561 4161 ἐπιδίδου,
1582 4097 1820 4145 ἐπετέλεσε
1849 4090 1897 4142 δὲ
1920 4085 2002 4141 καὶ

398 4202 625 4252 ἐπινίκιον
646 4198 822 4267 ἀγῶνα,
839 4201 948 4257 τοὺς
963 4196 1258 4259 παντᾶιχοθὶν
1269 4192 1443 4257 [eodem
1467 4208 1520 4240 τε
1543 4190 1685 4256 ὓποιιρ
1695 4192 1799 4244 ίτεις
1816 4184 1896 4237 καὶ
1918 4183 2000 4236 ἀν·

398 4293 788 4362 δριίαςμιθτξτας
812 4290 1236 4356 μεταπεμψάμενος
1262 4277 1347 4351 (ι.
1380 4277 1501 4341 Ill,
1521 4294 1566 4330 ο.
1586 4273 1749 4340 vm,
1773 4272 2000 4355 p.147).

401 4380 509 4439 Sed
528 4390 575 4439 et
596 4379 855 4452 congiaria
869 4377 1005 4432 dedit
1017 4375 1269 4431 uberrima
1281 4382 1327 4426 et
1344 4380 1592 4425 certamen
1608 4365 1891 4438 proposuit,
1906 4379 2002 4417 uu-

402 4476 550 4547 dique
578 4474 753 4528 accitis
777 4470 1068 4527 ludionibus
1096 4469 1244 4542 atque
1270 4460 1656 4519 athletis.Idem
1685 4457 1999 4530 Spartianus

404 4566 682 4641 perbibet(
700 4562 812 4623 Vita
826 4562 1020 4627 Seueri,
1036 4557 1170 4615 c.Xl
1190 4557 1251 4621 V,
1276 4576 1328 4628 p.
1354 4553 1504 4625 150.)
1529 4551 1682 4624 cujus
1698 4549 1813 4604 haec
1829 4556 1954 4641 sunt
1983 4562 1997 4598 ε

404 4639 677 4735 Profectus
697 4656 880 4713 deinde
911 4655 979 4710 ad
1002 4654 1189 4715 bellum
1208 4649 1495 4723 parthicum
1523 4653 1617 4716 est,
1646 4644 1778 4699 edito
1806 4639 2002 4714 gladia-

410 4756 538 4809 torio
586 4766 791 4806 munere
833 4760 880 4804 et
920 4745 1182 4820 congiaria
1224 4740 1414 4817 populo
1456 4738 1596 4795 dato.
1640 4735 1794 4801 Vide,
1841 4747 2004 4811 quam

409 4845 582 4911 amice
610 4843 666 4898 hi
687 4843 793 4899 duo
816 4839 1158 4917 conspirant:
1182 4849 1342 4907 quam
1371 4838 1495 4905 apte
1517 4837 1741 4899 uterque
1771 4838 2005 4898 praeces-

411 4938 550 5001 sisse
605 4936 839 5008 aliquam
908 4946 1114 5005 magna:
1169 4923 1556 4985 muniﬁcean
1611 4918 2005 4975 solemnitatem

412 5028 810 5102 expeditionem
844 5025 1139 5099 parthicam
1167 5019 1362 5077 tradat.
1394 5016 1525 5093 Qua:
1552 5014 1597 5070 si
1626 5010 2010 5075 celaberrimus

412 5126 734 5191 attendisset
792 5121 1202 5184 Tillemontius,
1258 5114 1414 5170 aliter
1451 5113 1569 5169 sine
1618 5108 1783 5171 dubio
1843 5104 2000 5161 insti-

417 5221 624 5283 tuisset.
677 5218 755 5279 De
792 5215 1054 5275 Pescenni
1095 5209 1287 5277 NIGRI
1334 5203 1709 5273 sectatoribus,
1751 5214 1884 5275 quas
1953 5196 2007 5253 in

416 5312 569 5391 Syria
580 5311 877 5373 venabatur
892 5304 1227 5373 SEVERUS,
1246 5314 1553 5359 sermonem
1570 5296 1655 5357 hic
1804 5296 2012 5391 censet.

419 5380 491 5461 Art
516 5421 609 5462 eos
624 5405 829 5461 inducit
846 5394 1347 5461 TERTULIANUS,
1379 5394 1469 5464 qui
1488 5388 1744 5447 Romanis
1760 5380 2018 5449 interfue-

420 5500 529 5556 rint
566 5498 907 5569 spectaculis.
937 5496 1154 5565 Quales,
1191 5492 1285 5572 qui
1324 5490 1377 5553 in
1421 5487 1576 5559 Syria
1604 5478 2012 5572 delitescebatib

420 5597 609 5655 NIGRI
621 5604 914 5653 sectatores
933 5606 1040 5648 non
1059 5571 1232 5647 erant.
1246 5586 1364 5654 Quo
1376 5596 1538 5647 anno,
1558 5594 1684 5634 num
1705 5592 1754 5632 a'.
1787 5571 2023 5641 CXCVII

2087 3347 2333 3403 miserias
2359 3361 2544 3409 eorum
2576 3343 2894 3416 repetendas
2923 3359 3064 3415 esse,
3091 3344 3346 3411 ostendit.

2162 3436 2337 3515 §XV.
2386 3467 2457 3477 ——
2485 3435 2662 3499 llahes
2707 3436 2839 3506 jam,
2892 3451 3010 3507 qua:
3061 3434 3128 3491 de
3170 3444 3328 3499 actate
3376 3432 3690 3511 Apologetici

2090 3524 2555 3595 TERTULLIANI
2579 3537 2754 3582 tecum
2784 3526 3184 3591 communicare
3205 3525 3386 3591 statui.
3402 3524 3691 3596 Equidem,

2092 3633 2146 3687 ut
2175 3638 2297 3678 cum
2332 3622 2514 3689 robur,
2561 3630 2671 3677 tum
2701 3603 3146 3697 perspicuitatem
3190 3620 3254 3687 iis
3296 3632 3691 3693 compararem,

2095 3729 2195 3785 pro
2235 3714 2439 3770 viribus
2465 3712 2664 3777 studui,
2695 3723 2983 3783 utrumque
3026 3727 3151 3779 num
3201 3721 3519 3777 consecutus
3564 3710 3689 3777 sint,
3754 3733 3763 3736 ο

2099 3809 2325 3865 aliorum
2355 3818 2473 3869 esto
2498 3808 2782 3881 judicium.
2813 3806 3028 3878 Aliquid
3066 3807 3109 3871 si
3141 3805 3482 3869 obscuritatis
3508 3804 3692 3865 adhw-

2100 3913 2206 3971 ret,
2262 3917 2367 3959 non
2419 3911 2525 3965 tam
2570 3916 2692 3957 meo
2721 3900 2773 3956 id
2821 3900 2952 3956 vitio
3002 3898 3197 3961 factum
3239 3914 3362 3961 esse
3411 3896 3695 3971 cogitabis,

2103 4009 2261 4069 quam
2294 3995 2491 4066 negotii
2524 3994 2711 4073 ipsius.
2750 3993 2962 4057 ilabent
2991 3992 3094 4049 hoc
3122 3992 3522 4063 disquisitioncs
3552 3989 3698 4073 ejus-

2105 4090 2269 4158 modi,
2300 4101 2357 4147 ut
2382 4104 2595 4160 semper
2621 4087 2821 4167 aliquid
2853 4087 3266 4145 domesticarum
3293 4102 3475 4142 secum
3503 4086 3701 4151 vehant

2102 4182 2361 4241 Sordium.
2409 4181 2516 4245 Sed
2560 4197 2659 4236 nec
2704 4181 2788 4248 iis,
2835 4180 2926 4250 qui
2954 4179 3123 4249 prima
3168 4187 3382 4234 merent
3408 4175 3696 4249 stipendia,

2103 4274 2434 4349 scribuntur,
2481 4288 2667 4327 vermn
2716 4271 2780 4327 iis
2826 4270 2915 4342 qui
2949 4271 3052 4339 iam
3098 4270 3328 4343 aliquem
3375 4252 3513 4335 inter
3555 4269 3702 4325 cives

2106 4365 2345 4423 eruditos
2369 4363 2594 4436 gradum
2629 4362 2769 4418 nacti
2800 4362 3077 4432 utriusque
3109 4361 3375 4427 historiae,
3413 4373 3701 4431 rerumque

2107 4458 2414 4513 criticarmn
2451 4470 2555 4511 neu
2577 4454 2743 4525 ignari
2765 4461 2909 4508 sunt.
2928 4451 3132 4529 Quibus
3172 4452 3408 4523 quidem,
3432 4449 3573 4529 quod
3598 4448 3703 4515 illis

2108 4548 2491 4627 perobscnrum
2536 4522 2746 4602 videtur
2774 4587 2789 4613 ,
2840 4522 3039 4609 nullam
3093 4522 3471 4599 ditticultatem‘
3510 4554 3703 4615 parere

2026 4612 2081 4673 Β
2107 4612 2263 4700 solet.
2298 4640 2446 4719 Mihi,
2475 4639 2521 4694 si
2550 4638 2657 4693 lata
2686 4612 2869 4705 velint,
2899 4634 3119 4705 suisque
3140 4634 3294 4688 labor
3324 4612 3704 4699 nosterﬁi'auto-

2106 4736 2259 4799 ribus
2284 4749 2389 4790 non
2422 4733 2580 4805 plane
2608 4733 2860 4799 caruerit,
2896 4731 2996 4785 hac
3016 4727 3099 4782 via
3124 4742 3345 4800 pergere
3366 4726 3703 4805 propositum

2110 4839 2212 4893 est.
2245 4827 2319 4889 De
2346 4826 2569 4898 reliquis
2589 4816 3053 4891 TERTULLIANI
3086 4818 3337 4890 operibus
3367 4834 3472 4874 non
3514 4817 3703 4887 eadem

2111 4931 2318 4987 tantum
2349 4919 2629 4986 industria,
2681 4932 2869 4973 verum
2901 4915 3061 4988 etiam
3086 4912 3167 4985 de
3192 4912 3297 4967 vita
3324 4911 3442 4984 ejus
3469 4911 3706 4982 satisque

2113 5014 2440 5097 diligentius,
2491 5026 2650 5091 quam
2680 5010 2787 5066 huc
2815 5022 2983 5078 usque
3008 5004 3204 5062 factum
3246 5003 3421 5071 video,
3456 5001 3711 5074 peculiari

2116 5092 2255 5173 libro
2282 5103 2725 5175 commentabor;
2777 5101 2862 5167 cui
2902 5096 3311 5167 dissertationes
3350 5093 3609 5168 quasdam
3654 5092 3710 5159 in

2118 5214 2282 5273 opera
2303 5199 2423 5270 ejus
2447 5196 2717 5268 adjiciam.

2193 5290 2401 5355 Dudum
2434 5298 2537 5356 est,
2567 5285 2712 5363 quod
2738 5281 3055 5353 eruditiores
3082 5294 3274 5345 novam
3298 5292 3484 5348 eorum
3513 5274 3713 5343 editio-

2120 5400 2244 5449 item
2284 5390 2562 5454 exoptant.
2607 5383 2685 5435 Ac
2725 5393 2885 5434 nemo
2937 5391 3023 5431 me
3067 5373 3279 5445 quidem
3320 5370 3568 5427 libentius
3614 5369 3716 5424 hoc

2124 5495 2261 5536 onus
2307 5478 2358 5533 in
2399 5491 2459 5532 se
2487 5473 2832 5539 devolvisset,
2865 5472 2910 5526 si
2938 5485 2999 5525 ea
3028 5467 3157 5529 mihi
3186 5465 3399 5533 vivendi
3428 5479 3547 5529 sors
3577 5461 3720 5535 obti-

2122 5576 2311 5649 gisset,
2358 5579 2418 5626 ut
2458 5584 2544 5624 mc
2586 5567 2689 5621 rite
2729 5579 2794 5621 eo
2823 5561 3036 5633 defungi
3082 5574 3240 5630 posse
3288 5566 3558 5629 putarem.
3587 5554 3721 5623 Quae

418 5647 1012 5757 J’ﬁiﬁﬁigsm,
1042 5685 1209 5747 1.95m;
1237 5647 1355 5747 dies
1389 5678 1683 5755 imperator
1730 5667 2019 5736 indixerit,
2100 5647 2290 5741 qutun
2323 5662 2453 5757 mihi
2483 5666 2675 5731 negata
2718 5656 2808 5725 sit,
2853 5669 2916 5711 ea
2949 5664 3148 5757 tamen,
3181 5647 3444 5757 dixi,
3487 5647 3720 5757 ratione,

424 5798 615 5856 partus
637 5797 791 5843 etn‘o.
816 5778 874 5838 ω
904 5777 1034 5837 mihi
1054 5785 1284 5840 tantum,
1316 5780 1379 5835 ut
1400 5766 1707 5835 ostendam,
1736 5760 2024 5856 incumbit,

2129 5739 2238 5823 non
2259 5764 2369 5817 tam
2396 5752 2464 5815 de
2488 5753 2588 5806 hac
2615 5758 2789 5820 parte,
2810 5761 2973 5817 quam
2998 5742 3066 5813 de
3097 5743 3210 5814 ipsa
3238 5739 3471 5803 Historia
3495 5752 3645 5799 sacra
3667 5743 3726 5803 et

1521 5866 1582 5920 ut
1625 5828 2025 5925 credebantur,
2128 5847 2272 5908 civiti
2311 5845 2450 5905 bene
2487 5838 2713 5908 mereri,
2770 5834 3045 5895 constitui.
3087 5832 3302 5893 Molitus
3337 5838 3423 5892 est
3458 5828 3727 5905 ejusmodi
