4252 6270
609 357 716 416 559

2028 349 2491 410 TERTULLIANI

3805 357 3908 416 560

607 491 744 547 opus
784 473 1100 530 immortalis
1140 470 1416 527 memoria:
1457 470 1560 534 vir,
1588 470 1848 527 llenricus
1902 471 2208 526 Dodwellus
2235 472 2288 532 A
2312 469 2386 526 du
2411 469 2626 527 FOSSE
2660 472 2820 527 vitam
2852 471 3334 538 TERTULLIANI,
3357 487 3517 546 quam
3549 473 3669 529 sine
3694 474 3911 532 nomine

609 567 721 639 (Ex
745 570 844 621 vita
889 569 996 636 ejus
1023 581 1054 617 a
1096 562 1187 617 Fr.
1231 563 1537 634 Brockesby
1581 565 1768 633 scripta
1793 563 1896 617 vid.
1926 563 1974 617 la
2022 562 2205 618 Roche

607 661 726 714 ΒΗ).
787 659 944 728 Angl.
1027 655 1172 710 Tom.
1215 657 1267 710 1.
1317 655 1387 710 Ρ.
1432 658 1484 711 1.
1515 674 1569 728 p.
1603 657 1691 712 86.
1724 657 1854 729 87).
1898 657 2040 712 Mors
2078 671 2208 728 quo—

611 751 792 806 minus
839 749 905 805 ad
958 749 1118 805 ﬁnem
1167 749 1506 820 perduceret,
1561 750 1851 821 prohibuit.
1911 750 2025 821 Ego
2079 767 2208 806 vero

605 844 958 899 vehementer
983 843 1190 905 dubito,
1208 859 1273 898 an
1291 858 1386 914 par
1409 843 1692 900 eruditioni
1721 844 1922 900 candor
1939 859 2002 898 ac
2019 843 2207 912 judicii

605 936 886 991 maturitas
928 936 981 989 in
1023 949 1088 990 eo
1120 934 1293 989 futura
1347 936 1552 991 fuisset.
1604 936 1872 992 Habemus
1901 935 2208 991 TERTUL-

601 1027 786 1084 LIANI
845 1029 1008 1082 vitam
1057 1043 1085 1081 a
1138 1027 1367 1082 PETRO
1399 1029 1598 1083 Allixio
1633 1047 1643 1082 :
1679 1031 1744 1083 At
1785 1044 1925 1094 eam,
1971 1043 2128 1098 quam
2157 1028 2203 1083 si

605 1120 796 1175 dixero
819 1120 996 1175 minus
1019 1134 1138 1175 esse
1161 1121 1450 1190 perfectam
1475 1135 1538 1175 ac
1555 1121 1902 1186 elaboratam,
1926 1136 1954 1174 a
1981 1121 2203 1189 veritate

603 1228 713 1268 non
741 1212 1081 1267 aberravcro.
1114 1212 1234 1267 Sint
1253 1228 1336 1278 ea,
1365 1229 1483 1282 quae
1509 1214 1559 1267 in
1588 1213 1687 1268 hac
1720 1213 2105 1268 Dissertatione
2135 1229 2201 1268 ex

605 1321 668 1361 ea
714 1305 1196 1370 consideravimus,
1243 1306 1551 1375 specimiuis
1614 1306 1750 1362 loco.
1799 1305 1942 1360 l‘ctri
1989 1306 2212 1361 Thomae

1023 1427 1400 1435 .—..————-——_

865 1427 895 1435 ιη
900 1429 959 1437 -σ-
963 1427 1560 1436 —.—.————-————-——

1000 1503 1420 1648 QUINTI
1469 1539 1982 1622 SEPTIMII
2030 1539 2675 1629 FLORENTIS
2721 1539 3513 1624 TERTULLIANI

2310 564 2544 618 auctoris
2613 564 2874 634 prodiisse
2907 608 2922 633 ,
2982 569 3238 636 Dupiuius
3294 577 3517 624 testatur
3563 566 3748 637 (Bibl.
3823 567 3909 623 de:

2308 657 2526 712 Auteurs
2569 659 2692 712 εδει.
2742 657 2890 713 Tom.
2941 657 3169 712 XVIII.
3220 679 3273 730 ρ.
3301 659 3457 727 258),
3510 674 3613 714 nec
3660 674 3781 729 ego,
3813 674 3910 714 nec

2309 760 2498 824 omnes
2537 747 2697 813 forte,
2737 749 2829 819 qui
2867 759 3018 805 extra
3055 748 3282 805 Galliam
3315 764 3614 816 versamur,
3657 750 3908 804 vidimus.

2309 837 2488 894 Palma
2548 841 2708 912 igitur
2747 841 2923 897 adhuc
2963 843 3015 898 in
3058 843 3236 899 medio
3275 845 3444 914 posita
3488 853 3610 910 est;
3651 859 3809 914 quam
3850 854 3909 900 ut

2314 929 2445 984 mihi
2479 933 2764 999 vindicem,
2798 935 2842 988 si
2891 934 3100 999 vixero,
3131 935 3379 990 studebo.
3414 933 3530 988 Non
3565 935 3608 989 is
3636 951 3778 1002 sum,
3822 935 3912 1006 qui

2311 1039 2400 1079 me
2419 1025 2502 1089 iis,
2531 1041 2666 1096 quos
2692 1027 2984 1092 nominavi,
3008 1029 3138 1083 viris
3160 1028 3403 1083 doctrina
3426 1029 3582 1099 longe
3606 1027 3912 1085 inferiorem

2307 1129 2428 1170 esse
2454 1118 2711 1172 nesciam.
2744 1117 2890 1174 Idem
2924 1128 3120 1184 tamen,
3173 1120 3333 1174 nimis
3364 1117 3610 1174 fortassis
3638 1118 3910 1186 audacter,

2307 1207 2646 1265 Dodwcllum
2682 1212 2924 1266 veritatis
2978 1227 3182 1279 amore,
3229 1222 3458 1268 Caeteros
3507 1212 3816 1269 assiduitate
3858 1221 3916 1270 et

2320 1304 2592 1375 diligentia
2623 1321 2708 1361 me
2729 1315 3104 1376 superaturum
3136 1321 3276 1373 esse,
3304 1305 3562 1376 spondeo.

616 1427 865 1442 Lm

633 1426 2490 1466 iE—-u———_——-————-——————vc——————-
2574 1428 2581 1434 υ
2605 1428 2610 1432 ι
2727 1427 2778 1437 «νο-
2817 1428 2822 1432 -
2843 1423 3908 1466 -ᾙῂ-ῢ4

632 1467 1599 1476 ————————————-
3035 1468 3160 1475 ———
3173 1470 3180 1474 -
3203 1464 3908 1476 —————————-—-————_‘

1475 1691 1800 1854 Al)
1875 1672 3076 1861 NATIONES

1662 1945 2146 2054 LIBER
2221 1944 2895 2054 PRIMUS.

1916 2119 2570 2150 A

671 2197 724 2252 1.
749 2191 1132 2250 Testimonium
1162 2191 1473 2262 ignorantizc
1494 2201 1705 2256 vestrm,
1725 2205 1843 2262 qua:
1864 2190 2199 2260 iniquitatem
2229 2190 2277 2248 B
2309 2190 2462 2244 mala:
2491 2193 2686 2248 mentis
2715 2195 2782 2250 ab
2807 2195 3110 2251 innocentia
3139 2197 3417 2252 transitum
3459 2198 3546 2254 vel
3591 2199 3698 2255 fato
3724 2200 3903 2272 impu-

601 2287 726 2342 dum
756 2283 1012 2350 defendit,
1035 2285 1254 2337 revincit
1280 2325 1293 2348 ,
1326 2284 1375 2335 in
1411 2293 1656 2352 prompttt
1685 2291 1787 2347 est,
1817 2277 1957 2351 quod
1985 2295 2196 2346 omnes,

596 2381 687 2450 qui
721 2377 992 2432 vobiscum
1023 2384 1168 2429 retro
1193 2372 1507 2444 ignorabant
1547 2382 1602 2426 et
1640 2371 1915 2426 vobiscum
1944 2370 2196 2434 oderant,

595 2471 753 2526 simul
785 2470 864 2526 eis
893 2467 1117 2537 contigit
1145 2466 1307 2530 scire,
1341 2466 1593 2522 desinunt
1618 2466 1798 2521 odisse
1825 2464 1917 2536 qui
1945 2464 2199 2520 desinunt

596 2567 867 2636 ignorare,
897 2564 1004 2618 imo
1035 2562 1168 2617 fiunt
1191 2571 1245 2618 et
1275 2563 1371 2631 ipsi
1399 2564 1540 2633 quod
1569 2563 1831 2630 oderant,
1863 2572 1918 2618 et
1939 2563 2199 2633 incipiunt

595 2657 778 2712 odisse
803 2655 944 2726 quod
975 2654 1205 2709 fuerant.
1239 2653 1389 2709 Adeo
1405 2655 1644 2725 quotidie
1669 2654 2068 2710 adolescentem
2100 2670 2198 2708 nu-

597 2763 806 2804 merum
837 2745 1264 2802 Christianorum
1296 2745 1582 2815 ingetnitis.
1615 2745 1899 2801 Obsessam
1932 2744 2196 2800 vocifera-

598 2839 732 2893 mini
761 2838 1061 2903 civitatem;
1095 2837 1146 2891 in
1169 2837 1349 2906 agris,.
1368 2837 1417 2890 in
1446 2837 1698 2900 castellis,
1741 2838 1792 2891 in
1820 2837 2007 2892 insulis
2036 2835 2196 2892 Chri-

595 2931 838 2995 stianos;
870 2945 1085 2986 omnem
1113 2945 1322 2995 sexum,
1353 2946 1566 2986 omnem
1595 2939 1828 2994 aetatem,
1858 2946 2072 2986 omnem
2101 2929 2195 2986 de-

591 3023 754 3094 nique
773 3022 1086 3093 dignitatem
1116 3023 1418 3093 transgredi
1439 3039 1468 3076 a
1495 3022 1646 3078 vobis
1696 3022 1847 3092 quasi
1871 3022 2196 3078 detrimento

588 3114 804 3170 doletis.
837 3111 947 3168 Nec
973 3103 1149 3168 tamen
1175 3113 1275 3168 hoc
1303 3115 1418 3184 ipso
1443 3113 1509 3168 ad
1529 3113 1940 3169 mstimationem
1968 3112 2196 3183 alicujus

587 3205 805 3261 latentis
849 3205 972 3260 boni
1002 3203 1212 3259 animos
1252 3205 1612 3275 promovetis;
1662 3219 1767 3260 non
1818 3205 1947 3259 licet
1993 3205 2193 3260 rectius

591 3298 876 3368 suspicari,
896 3289 1011 3352 non
1041 3297 1171 3352 libet
1197 3297 1417 3367 propius
1447 3298 1676 3367 experiri
1705 3315 1718 3362 ;
1745 3297 1832 3353 hic
1863 3306 2064 3351 tantum
2095 3313 2190 3352 cu-

2303 2288 2451 2345 tant;
2493 2281 2630 2338 adeo
2669 2285 2855 2339 nolunt
2902 2301 3056 2341 suum
3098 2303 3252 2352 esse,
3299 2289 3422 2359 quia
3465 2289 3669 2346 malum.
3712 2309 3905 2364 negare

2303 2387 2410 2427 non
2457 2386 2695 2443 possunt.
2743 2378 3030 2435 Christiani
3095 2397 3222 2438 vero
3267 2381 3381 2454 (_'a)
3410 2384 3533 2454 quid
3583 2385 3686 2441 tale
3725 2402 3906 2445 consec

2300 2468 2576 2534 quuntur?
2624 2468 2902 2526 Neminem
2949 2473 3149 2542 pudet,
3205 2476 3472 2530 nemiuem
3505 2477 3769 2545 paenitet,
3800 2479 3904 2535 nisi

2301 2563 2504 2612 tantum
2547 2561 2917 2629 pristinorum.
2950 2563 3004 2619 Si
3029 2565 3315 2620 denotatur
3342 2609 3356 2629 ,
3401 2568 3657 2637 gloriatur
3687 2586 3700 2621 :
3735 2571 3780 2624 si
3804 2581 3885 2626 tra

2301 2646 2444 2702 hitur
2464 2691 2477 2712 ,
2503 2666 2606 2705 non
2633 2653 2894 2710 subsistit.
2929 2655 2984 2710 Si
3013 2668 3294 2712 accusatur
3318 2701 3332 2724 ,
3366 2675 3468 2712 non
3500 2659 3776 2726 defendit;
3811 2663 3898 2718 in-

2301 2747 2604 2810 terrogatus
2635 2786 2650 2811 ,
2701 2747 3027 2814 conﬁtetur;
3080 2750 3396 2815 damnatus,
3437 2752 3718 2822 gloriatur.
3746 2753 3903 2822 Quod

2302 2832 2405 2887 hoc
2437 2836 2632 2890 malum
2658 2847 2740 2891 est
2761 2880 2773 2901 ,
2801 2839 2851 2892 in
2881 2855 2988 2909 quo
3029 2841 3154 2895 mali
3180 2853 3367 2896 natura
3398 2845 3618 2898 cessat?

2373 2925 2428 2979 2.
2471 2925 2528 2980 In
2559 2945 2667 2996 quo
2690 2930 2787 2998 ipsi
2819 2933 2979 2987 etiam
3021 2944 3208 2989 contra
3239 2933 3465 2990 formam
3495 2938 3900 3006 iudicandorum

2299 3017 2561 3072 malorum
2587 3021 2857 3089 iudicatis.
2893 3024 3023 3079 Nam
3056 3037 3312 3084 nocentes
3339 3029 3554 3098 quidem
3591 3031 3898 3100 perductos,

2299 3111 2343 3165 si
2371 3111 2665 3168 admissum
2709 3127 2932 3186 negent,
2966 3122 3250 3175 tormentis
3273 3124 3473 3191 urgetis
3500 3123 3564 3177 ad
3593 3124 3896 3181 confessio-

2298 3217 2465 3270 nem,
2517 3204 2854 3262 Christianos
2897 3225 3023 3266 vero
3072 3223 3264 3282 sponte
3305 3212 3580 3269 confessos
3624 3217 3899 3274 tormentis

2294 3297 2647 3365 comprimitis
2676 3300 2742 3353 ad
2777 3303 3134 3371 negationem.
3190 3305 3320 3372 Qua:
3352 3315 3495 3360 tanta
3529 3309 3853 3377 perversitas
3876 3351 3893 3376 ,

591 3389 808 3444 riositas
837 3389 1070 3443 humana
1099 3392 1374 3458 torpescit.
1405 3389 1612 3444 Amatis
1641 3388 1908 3460 ignorare,
1935 3388 2078 3460 quod
2100 3389 2189 3443 alii
2217 3397 2260 3459 ρ
2297 3397 2353 3441 ut
2381 3387 2704 3444 confessioni
2749 3396 3055 3464 repugnetis
3080 3437 3096 3462 ,
3144 3406 3534 3452 tormentorum
3576 3399 3749 3455 officia
3783 3415 3896 3456 mu-

495 3483 500 3490 ’
584 3480 851 3548 gaudeant
871 3479 1174 3544 invenisse;
1210 3481 1456 3535 mavultis
1479 3481 1690 3535 nescire
1713 3522 1727 3544 ,
1757 3481 1878 3550 quia
1905 3479 2018 3550 jam
2045 3480 2187 3534 odis-

587 3572 688 3638 tis,
719 3573 869 3641 quasi
900 3582 1046 3628 certe
1075 3587 1182 3628 non
1213 3573 1456 3628 odituros
1485 3588 1579 3628 vos
1625 3574 1825 3628 sciatis.
1877 3573 2074 3644 Atquin
2095 3614 2110 3638 ,
2142 3575 2186 3628 si

585 3665 792 3720 nullum
822 3666 925 3720 erit
951 3665 1080 3732 odii,
1103 3655 1398 3735 reperietur
1438 3668 1695 3735 Optimum
1717 3667 1898 3735 utique
1926 3666 1994 3720 ab
2021 3666 2189 3735 injus-

587 3757 702 3812 titia
743 3758 921 3828 priore
965 3756 1275 3822 discedere;
1327 3759 1408 3814 sin
1461 3775 1585 3813 vero
1629 3773 1816 3814 caussa
1850 3759 2184 3826 constiterit,

589 3849 720 3904 nihil
770 3849 894 3904 odio
932 3849 1246 3905 detrahetur
1281 3893 1295 3916 ,
1354 3850 1493 3920 quod
1524 3850 1660 3905 adeo
1690 3851 1916 3921 amplius
1965 3852 2187 3921 justitize

587 3943 810 3998 scientia
840 3943 1200 3998 cumnlabitur
1226 3984 1241 4007 ,
1271 3943 1369 3997 nisi
1402 3943 1444 3996 si
1471 3942 1742 3997 emendari
1777 3943 1938 4012 pudet
1965 3954 2058 3998 a‘ut
2082 3961 2178 3999 ex-

585 4037 762 4092 cusari
785 4038 941 4106 piget.
965 4037 1089 4092 Scio
1119 4037 1274 4106 plane
1297 4077 1311 4099 ,
1362 4052 1463 4106 qua
1506 4037 1856 4106 t'eSponsione
1879 4039 2060 4094 soletis
2090 4056 2179 4095 re-

584 4127 892 4183 dundantia:
911 4137 1106 4183 nostra:
1130 4128 1492 4183 testimonium
1511 4130 1798 4183 convenire
1823 4145 1835 4181 :
1870 4144 1973 4184 non
1995 4131 2183 4201 utique

585 4237 652 4276 eo
681 4223 878 4282 bonum
906 4221 1238 4292 priejudicari
1265 4264 1280 4287 ,
1311 4222 1430 4287 quia
1481 4221 1766 4292 plerosque
1804 4232 2083 4279 convertat
2127 4235 2182 4279 et

585 4314 688 4369 sibi
717 4315 910 4384 rapiat,
936 4313 1172 4382 inquitis.
1197 4313 1328 4367 Novi
1345 4313 1761 4368 demutationem
1782 4316 1977 4369 mentis
1992 4324 2046 4370 et
2071 4331 2183 4370 ma-

583 4405 664 4459 las
696 4413 894 4474 partes.
921 4406 1062 4471 Quot
1088 4405 1390 4460 desertores
1419 4405 1572 4458 bona:
1598 4406 1757 4460 vitae?
1802 4416 1928 4476 quot
1955 4407 2184 4463 transfu-

583 4513 665 4567 ga:
692 4497 744 4552 in
772 4498 1122 4568 perversum?
1168 4496 1314 4551 Multi
1352 4497 1490 4552 bona
1544 4497 1648 4552 fide
1676 4540 1689 4563 ,
1724 4498 1831 4552 imo
1853 4499 1963 4568 jam
2005 4500 2181 4569 plures

583 4605 683 4660 pro
732 4589 1158 4646 extremitatibus
1210 4601 1532 4660 temporum.
1586 4590 1781 4646 Verum
1827 4592 2179 4648 deiicitadm-

583 4684 767 4754 quatio
805 4683 1223 4754 comparationis
1253 4683 1424 4737 istius.
1459 4683 1592 4738 Nam
1611 4683 1677 4738 de
1699 4685 1840 4739 malo
1871 4687 1942 4740 ita
1967 4696 2179 4742 constat

583 4774 724 4844 apud
764 4789 953 4830 omnes
976 4815 991 4841 ,
1025 4783 1080 4829 ut
1129 4789 1196 4830 ne
1245 4775 1344 4846 ipsi
1375 4775 1587 4844 quidem
1616 4776 1690 4830 rei
1719 4816 1732 4840 ,
1767 4775 1854 4845 qui
1887 4776 1952 4830 ad
1982 4779 2178 4833 malum

584 4875 865 4921 transeunt
886 4877 942 4922 et
965 4881 993 4920 a
1018 4866 1168 4920 vobis
1196 4866 1247 4920 in
1281 4882 1531 4935 perversa
1562 4866 1854 4933 divortunt,
1888 4867 2179 4925 defendere

583 4959 782 5013 malum
812 4974 910 5028 pro
940 4958 1082 5012 bono
1107 4959 1356 5012 audeant.
1388 4957 1586 5027 Turpia
1613 4959 1821 5024 timori,
1854 4959 2044 5028 pudori
2075 4962 2176 5015 im-

580 5052 666 5122 pia
715 5052 940 5117 habent;
973 5052 1202 5122 denique
1247 5054 1480 5122 gestiunt
1507 5053 1674 5108 latere
1697 5095 1711 5118 ,
1745 5049 1984 5108 devitant
2010 5069 2177 5124 appa-

581 5159 724 5207 rere,
759 5144 1027 5213 trepidant
1049 5143 1392 5214 deprehensi,
1426 5155 1620 5215 negant
1645 5146 1876 5200 accusati
1898 5146 1931 5217 ;i
1955 5162 2021 5202 ne
2053 5149 2176 5203 torti

581 5236 799 5305 quidem
831 5236 988 5291 facile
1015 5244 1338 5306 autsemper
1365 5238 1690 5292 confitentur
1710 5279 1723 5302 ,
1767 5249 1912 5295 certe
1943 5239 2178 5297 damnati

581 5329 1174 5398 momng'exprobrant
1196 5329 1394 5384 etenim
1417 5331 1557 5400 quod
1582 5340 1736 5386 erant
1755 5331 1806 5387 in
1837 5333 2177 5403 semetipsos:

2207 4760 2260 4820 D

2295 3482 2438 3547 telis,
2467 3484 2631 3552 gratis
2653 3501 2802 3539 reum
2824 3486 3083 3553 evadere,
3143 3489 3365 3544 invitum
3392 3493 3780 3561 eompellentes
3800 3508 3898 3550 ne-

2293 3577 2459 3643 gare?
2491 3575 2753 3632 f’raesides
2777 3579 3160 3648 extorquendm
3190 3583 3451 3646 veritatis,
3477 3583 3544 3638 de
3574 3584 3704 3640 solis
3742 3587 3894 3642 nobis

2294 3667 2628 3724 mendacium
2653 3671 2951 3740 exquiritis,
2987 3684 3042 3727 ttt
3064 3673 3307 3729 dicamus
3335 3691 3432 3730 nos
3465 3693 3567 3731 non
3597 3693 3716 3733 esse
3752 3679 3894 3750 quod

2293 3776 2497 3820 sumus.
2528 3761 2731 3832 Opinor
2763 3807 2777 3831 ,
2838 3781 2943 3820 non
2966 3767 3124 3822 vultis
3146 3783 3246 3823 nos
3272 3769 3440 3823 malos
3466 3785 3583 3825 esse
3607 3811 3622 3836 ,
3667 3771 3896 3842 ideoque

2293 3851 2583 3921 gestitisde
2607 3853 2711 3908 isto
2742 3857 2957 3911 nomine
2977 3859 3283 3915 excludere.
3307 3861 3447 3916 Sane
3465 3871 3686 3916 cmteros
3702 3862 3767 3918 ad
3790 3862 3895 3921 hoc

2287 3941 2500 3996 tenditis
2531 3941 2608 4015 (l)
2636 3954 2690 4000 et
2718 3937 3064 4017 carnifieatis,
3082 3959 3140 4004 ut
3165 3961 3359 4022 negent
3380 3953 3651 4022 essequod
3674 3969 3794 4011 esse
3815 3955 3868 4012 di

2285 4045 2499 4091 cuntur.
2527 4039 2727 4108 Atquin
2758 4041 2860 4096 illis
2880 4043 3197 4113 negantibus
3222 4059 3326 4100 non
3355 4047 3610 4113 creditis;
3645 4049 3892 4120 nobis,:si

2286 4131 2679 4200 negaverimus,
2704 4135 2881 4188 statim
2910 4137 3146 4214 creditis.
3169 4137 3226 4192 Si
3253 4139 3383 4193 certi
3413 4141 3660 4214 estis‘nos
3690 4157 3892 4198 nocen-

2287 4223 2523 4278 tissimos
2560 4239 2700 4293 esse,
2733 4241 2829 4282 cur
2857 4230 3016 4284 etiam
3048 4231 3098 4284 in
3123 4231 3226 4286 hoc
3252 4233 3409 4288 aliter
3438 4251 3597 4304 quam
3631 4244 3893 4293 nocentes

2287 4328 2316 4367 a
2344 4315 2494 4370 vobis
2521 4315 2770 4386 agimur?
2819 4319 2936 4374 Non
2966 4321 3088 4376 dico
3156 4323 3298 4394 quod
3333 4340 3504 4394 neque
3555 4329 3889 4385 accusationi

2289 4425 2462 4480 neque
2505 4413 2832 4468 recusationi
2895 4417 3127 4485 spatium
3181 4419 3567 4483 commodetis;
3617 4421 3803 4476 soletis
3833 4430 3890 4477 et

2286 4501 2626 4561 inaccusatos
2654 4516 2706 4561 et
2739 4508 3046 4565 indefensos
3075 4526 3179 4566 non
3214 4520 3419 4569 temere
3471 4513 3743 4569 damnare.
3776 4513 3888 4570 Sed

2283 4597 2430 4652 verbi
2456 4601 2625 4669 gratia
2655 4601 2698 4655 si
2721 4601 2788 4657 de
2816 4602 3082 4658 homicida
3113 4606 3421 4660 confutatur
3445 4605 3546 4679 (2),
3576 4621 3680 4661 non
3705 4607 3884 4664 statim

2286 4690 2534 4746 confesso
2556 4707 2620 4747 eo
2649 4707 2842 4748 nomen
2870 4695 3152 4751 homicida:
3179 4697 3460 4768 dispuncta
3491 4712 3680 4752 caussa
3700 4707 3888 4754 estaut

2289 4791 2481 4844 satiata
2521 4791 2778 4860 cognitio.
2849 4793 3163 4863 Quanquam
3216 4795 3478 4849 confessis
3507 4794 3726 4850 difficile
3765 4810 3886 4851 cre—

2284 4878 2445 4945 ditis;
2480 4895 2664 4936 verum
2693 4882 2910 4952 insuper
2963 4884 3344 4952 consequentia
3366 4885 3576 4955 exigitis
3597 4927 3611 4950 ,
3641 4886 3886 4955 quotiens

2283 4973 2484 5028 cmdem
2515 4974 2718 5044 egerit,
2743 4975 3010 5044 quibusin
3043 4975 3197 5040 locis,
3224 4977 3417 5046 quibus
3447 4978 3657 5046 spoliis,
3684 4978 3846 5034 sociis
3868 5021 3884 5046 ,

2283 5063 2648 5133 receptoribus
2676 5105 2692 5130 ,
2743 5080 2810 5120 ne
2840 5065 2970 5135 quid
3001 5067 3220 5121 omnino
3244 5067 3368 5122 mali
3401 5067 3636 5124 hominis
3663 5069 3886 5125 delites-

2281 5167 2384 5221 cat,
2417 5165 2505 5210 aut
2525 5155 2664 5212 desit
2687 5157 2888 5228 aliquid
2921 5159 3245 5215 instruendae
3277 5161 3342 5215 ad
3372 5164 3692 5217 sententiam
3743 5163 3887 5218 veri-

2284 5247 2398 5302 tati.
2453 5247 2617 5302 Porro
2637 5247 2706 5304 de
2733 5250 2920 5315 nobis,
2955 5266 3087 5322 quos
3129 5253 3494 5308 atrocioribus
3532 5269 3594 5309 ac
3639 5255 3885 5325 pluribus

2285 5337 2599 5393 criminibus
2637 5339 2905 5410 deputatis
2928 5383 2943 5408 ,
2975 5342 3222 5400 breviora
3251 5358 3314 5400 ac
3335 5345 3532 5402 leviora
3559 5345 3727 5417 elogia
3754 5361 3885 5403 con-

1794 5425 2176 5485 LECTIONES
2216 5429 2626 5489 VARIENTES.

572 5517 580 5574 Ῐ
641 5517 708 5583 (l)
752 5517 814 5568 Le
840 5517 931 5566 Pr.
959 5516 1051 5581 leg.
1083 5516 1298 5568 tunditis.

2345 5523 2417 5586 (2)
2456 5521 2611 5588 Rigalt
2633 5525 2842 5590 coniecit
2865 5540 2883 5579 :
2907 5530 3224 5583 consultatur.

1934 5607 2494 5667 COMMENTARIUS.

648 5701 725 5770 (a)
761 5699 1037 5770 Christiani
1057 5716 1193 5756 vero.
1235 5701 1526 5756 Christiani
1551 5702 1692 5756 nulla
1719 5703 1769 5756 vi
1796 5703 1964 5758 coacti
1993 5705 2176 5760 Chris-

575 5769 750 5822 tianos
792 5785 850 5822 sc
893 5769 1180 5836 dicebant,
1213 5787 1272 5826 ea
1317 5789 1381 5826 tte
1411 5773 1480 5826 de
1522 5788 1579 5827 re
1609 5787 1947 5843 summopere
1973 5776 2173 5844 gloria-

578 5834 792 5891 bantur.
839 5839 916 5892 sic
945 5839 1168 5892 Anoloa.
1204 5855 1253 5892 c.
1363 5841 1425 5892 Si
1454 5843 1722 5892 denotatur
1745 5885 1758 5892 -
1805 5845 2088 5892 alon’alur:
2129 5847 2174 5892 si

578 5834 792 5891 bantur.
839 5839 916 5893 sic
945 5834 1173 5908 Apolog.
1204 5855 1253 5895 c.
1289 5834 1326 5893 Ι.
1363 5841 1425 5897 Si
1454 5843 1722 5898 denotatur
1745 5885 1758 5909 ,
1805 5834 2088 5912 g'loriatvur;
2129 5847 2173 5900 si

2278 5717 2674 5791 qccusaturm‘on
2700 5711 2949 5791 defendit,
2974 5713 3320 5791 interrogatus
3341 5718 3420 5791 pel
3431 5718 3578 5791 ultro
3592 5720 3884 5791 conﬁtetur;

2279 5776 2582 5864 damnatus,
2619 5776 2813 5864 gratias
2851 5776 2978 5864 egit.
3022 5788 3114 5855 qui
3143 5776 3357 5864 vcro_id
3378 5790 3529 5864 yltro
3553 5776 3884 5864 fatebantur;

2279 5848 2402 5902 ideo
2421 5848 2655 5932 damnati
2685 5863 2776 5908 aut
2807 5848 3226 5916 rei'non'erant.
3273 5858 3348 5916 Ls
3376 5859 3476 5916 Pa.-
