4252 6270
393 354 493 415 561

1700 354 1790 409 ΑΙ)
1828 346 2168 407 NATIONES
2207 352 2334 409 LIB.
2378 355 2418 410 Ι.

3592 361 3703 419 562

393 469 575 529 ﬁcitis.
607 470 800 535 Credo,
832 487 938 527 non
974 471 1132 527 vultis
1163 480 1414 528 oneratos
1435 513 1449 537 ,
1489 485 1625 542 quos
1651 470 1797 526 omni
1824 481 1989 539 opere
2016 466 2069 525 A
2095 475 2288 523 vestrae
2315 470 2446 527 nihil
2470 471 2570 528 nisi
2596 471 2956 529 Christianum
2987 470 3312 529 confessum‘
3331 482 3550 543 notant;
3571 476 3699 533 nul-

393 563 634 635 perditos
654 560 834 630 vultis,
858 572 949 619 aut
976 578 1080 618 non
1110 566 1306 634 putatis
1322 562 1639 633 requirenda
1656 576 1778 633 quae
1797 559 1985 614 nostis.

392 655 509 711 Hoc
528 671 655 726 ergo
679 656 1003 725 perversius,
1027 657 1071 711 si
1096 657 1285 727 cogitis
1316 672 1534 726 negare,
1567 655 1634 709 de
1664 653 1857 724 quibus
1873 666 1992 708 cer-

394 747 598 803 tissime
621 748 800 815 scitis,
838 748 946 803 imo
965 790 980 814 ,
1021 748 1161 819 quod
1213 751 1380 819 magis
1408 750 1532 803 odio
1561 758 1742 816 vestro
1768 760 1988 817 compe-

390 839 538 894 tebat
560 882 576 907 ,
605 842 837 909 seposita
868 840 1034 894 lortna
1081 840 1357 911 jtulicandi
1384 879 1397 904 ,
1431 842 1648 910 pmprio
1675 839 1852 894 studio
1883 852 1988 892 non

390 930 457 985 ad
489 931 829 1002 negationem
860 940 1070 987 certare
1095 973 1109 998 ,
1170 948 1237 987 ne
1261 946 1397 1002 quos
1424 932 1614 988 odistis
1642 931 1941 987 liheraretis
1971 973 1987 996 ,

392 1021 488 1077 sed
520 1021 586 1076 ad
609 1017 1002 1078 confessionem
1030 1024 1358 1092 singulorum
1391 1025 1675 1091 scelerum,
1699 1040 1804 1094 quo
1822 1025 1990 1094 magis

397 1111 691 1169 inimicitia:
718 1115 1046 1170 satiarentur
1071 1131 1137 1170 ex
1160 1115 1834 1190 aggeratioueﬂptenarum,
1863 1116 1991 1171 dum

319 1182 331 1196 λ
391 1205 792 1274 recognoscitur
822 1246 836 1271 ,
885 1216 1016 1277 quot
1041 1207 1266 1278 quisque
1313 1207 1421 1279 jam
1451 1187 1698 1262 convivia
1728 1206 1816 1261 illa
1848 1206 1989 1263 cele-

390 1294 644 1364 brasset‘,
711 1299 963 1366 quotiens
1024 1299 1078 1353 in
1125 1301 1359 1355 tenebris
1407 1301 1726 1356 incursionis
1767 1301 1988 1355 incesta.

391 1386 569 1456 Quid?
601 1389 741 1460 quod
771 1390 1079 1445 eradicandi
1128 1393 1341 1461 generis
1390 1391 1730 1447 diﬁ‘undenda
1768 1402 1884 1448 erat
1910 1408 1995 1448 re-

394 1483 649 1551 quisitio,
693 1484 1010 1554 porrigenda
1038 1486 1263 1554 quaestio
1304 1487 1356 1540 in
1403 1487 1579 1543 socios
1607 1486 1982 1556 consciosque.

388 1573 819 1632 Perducerentnr
865 1578 883 1647 (
909 1593 941 1630 a
971 1576 991 1645 )
1023 1577 1287 1633 infantarii
1313 1586 1369 1632 et
1407 1580 1564 1648 coqui
1593 1588 1649 1634 et
1695 1579 1793 1648 ipsi
1823 1594 1987 1635 canes

388 1667 465 1739 (b)
496 1668 742 1736 pronubi,
763 1670 1041 1725 emendata
1067 1684 1152 1725 res
1174 1681 1315 1726 esset
1344 1669 1435 1743 (c).
1462 1671 1636 1726 Etiam
1665 1672 1987 1742 spectaculis

394 1760 560 1830 gratia
606 1771 1016 1832 aggregarctur;
1049 1773 1248 1833 quanto
1278 1765 1419 1818 enim
1467 1765 1645 1821 studio
1685 1767 1736 1821 in
1765 1781 1984 1822 caveam

2096 558 2203 612 lum
2235 561 2476 619 criminis
2504 579 2700 620 nomen
2727 567 2920 632 exstat,
2950 564 3052 621 nisi
3083 565 3315 637 nominis
3335 567 3542 623 crimen
3566 576 3685 624 est:

2096 654 2211 708 haec
2238 658 2435 711 etenim
2464 669 2548 714 est
2575 674 2761 714 revera
2792 661 2928 714 ratio
2958 660 3121 715 totius
3149 658 3254 714 odii
3285 660 3692 720 adversus‘nos.

2098 747 2315 805 Nomen
2346 750 2418 823 (e)
2451 752 2503 807 in
2534 767 2723 807 caussa
2751 762 2834 806 est
2863 794 2876 819 ,
2908 752 3049 824 quod
3090 752 3337 823 quaedam
3367 754 3578 811 occulta
3608 755 3691 814 vis

2095 855 2192 910 per
2218 851 2449 919 vestram
2500 844 2854 914 ignorantiam
2881 855 3156 917 oppugnat
3183 887 3199 913 ,
3235 853 3296 900 ut
3334 846 3514 903 nolitis
3554 849 3698 907 seire

2092 950 2192 1004 pro
2219 944 2369 989 certo
2389 977 2402 1001 ,
2453 938 2592 1004 quod
2628 954 2719 994 vos
2747 954 2844 1009 pro
2868 948 3019 995 certo
3045 938 3254 1011 nescire
3296 941 3429 996 certi
3450 943 3613 1007 estis,
3642 951 3699 999 et

2099 1024 2220 1081 ideo
2238 1040 2337 1081 nec
2361 1026 2581 1083 creditis
2608 1043 2730 1099 quze
2763 1046 2870 1085 non
2903 1030 3217 1099 probantur,
3250 1039 3305 1086 et
3323 1073 3338 1099 ,
3366 1045 3434 1086 ne
3461 1030 3697 1102 proben-

2101 1126 2186 1172 tur
2214 1118 2368 1175 facile
2390 1122 2472 1193 (Ι)
2495 1163 2510 1189 ,
2544 1138 2650 1177 non
2675 1125 2836 1179 vultis
2862 1125 3135 1194 inquirere
3161 1166 3176 1191 ,
3212 1135 3266 1180 ut
3297 1140 3493 1182 nomen
3520 1126 3699 1184 inimi-

2099 1225 2220 1267 cum
2247 1214 2350 1269 sub
2376 1217 2796 1285 praesumptione
2826 1218 3109 1274 criminum
3144 1219 3398 1289 puniatur
3428 1239 3442 1276 :
3472 1220 3611 1278 adeo
3636 1233 3698 1279 ut

2099 1303 2165 1359 de
2196 1306 2411 1361 nomine
2435 1308 2652 1364 inimico
2676 1310 2959 1366 recedatur
2978 1354 2993 1378 ,
3020 1311 3141 1367 ideo
3185 1327 3384 1384 negare
3412 1314 3694 1385 compelli-

2101 1412 2240 1460 mur,
2273 1398 2469 1455 dehinc
2485 1403 3042 1472 negautesliberatnur
3067 1411 3176 1458 tota
3204 1405 3696 1477 impunitateprm-
3731 1389 3740 1399 ‘

2097 1491 2372 1547 teritorum
2409 1511 2423 1547 :
2447 1494 2557 1564 jam
2589 1510 2696 1551 non
2727 1501 2956 1564 cruenti,
2991 1512 3165 1568 neque
3193 1498 3383 1554 incesti
3409 1541 3423 1565 ,
3454 1501 3575 1570 quia
3599 1515 3696 1558 no-

2095 1602 2219 1641 men
2265 1586 2396 1642 illud
2441 1589 2741 1645 amisimus.
2794 1591 2899 1647 Sed
2966 1592 3093 1646 dum
3138 1592 3250 1648 haec
3279 1594 3415 1648 ratio
3448 1608 3547 1649 suo
3573 1595 3695 1652 loco

2093 1678 2391 1734 ostenditur
2409 1722 2424 1747 ,
2453 1695 2551 1734 vos
2573 1697 2733 1751 quam
2766 1682 3109 1753 insequimini
3135 1683 3203 1738 ad
3230 1688 3691 1757 expugnationem

2093 1772 2324 1826 nominis
2343 1813 2358 1839 ,
2389 1772 2531 1828 edite
2555 1788 2569 1825 :
2600 1774 2743 1844 quod
2772 1775 3006 1831 nominis
3032 1776 3235 1831 crimen
3259 1817 3272 1842 ,
3296 1792 3417 1847 quae
3445 1777 3649 1835 offensa
3675 1821 3691 1845 ,

388 1852 767 1908 conveniretur
785 1894 800 1918 ,
826 1855 1193 1924 depugnatum
1219 1857 1420 1927 aliquo,
1445 1858 1533 1928 qui
1563 1868 1778 1914 centum
1812 1860 1983 1916 infano
2015 1882 2063 1940 Β
2091 1880 2209 1935 quae
2237 1866 2431 1935 culpa?
2461 1865 2834 1922 Praescribitur
2855 1868 2998 1923 enim
3030 1868 3183 1924 vobis
3203 1911 3218 1934 ,
3271 1883 3379 1923 non
3408 1883 3565 1936 posse
3586 1871 3693 1926 cri-

388 1956 468 2002 tes
509 1946 859 2003 devorasset?
909 1948 1014 2003 Sed
1091 1951 1237 2005 enim
1296 1960 1400 2006 tam
1452 1951 1717 2007 horrenda
1769 1961 1983 2023 tamque

387 2047 724 2094 monstruosa
753 2038 821 2094 de
852 2040 1009 2095 nobis
1035 2026 1373 2096 deferuntur.
1404 2040 1598 2112 Utique
1639 2043 1755 2098 erui
1779 2030 1995 2098 debuc-r

386 2138 540 2195 runt,
574 2146 640 2187 ne
665 2131 997 2187 incredibilia
1029 2133 1368 2199 viderentur,
1405 2144 1459 2189 et
1479 2134 1660 2209 odium
1690 2135 1740 2189 in
1772 2151 1869 2190 nos
1888 2153 1984 2206 pu-

388 2223 585 2278 blicum
635 2223 1025 2294 relrigesceret.
1076 2224 1206 2279 Nam
1248 2235 1302 2280 et
1344 2225 1583 2296 plerique
1609 2225 1767 2281 [idem
1800 2227 1982 2283 talittnt

390 2324 707 2386 temperant,
733 2316 1010 2372 horrentes
1030 2317 1362 2389 (d)naturam
1381 2318 1982 2392 qumrcre'pabulumflc-

390 2409 594 2471 rinum,
612 2424 768 2479 quam
786 2410 1099 2466 concubitus
1115 2412 1183 2465 ab
1209 2413 1441 2465 humano
1466 2426 1667 2482 genere
1693 2413 1987 2483 praeclusit.

462 2502 515 2556 5.
559 2501 665 2556 Vos
715 2501 912 2572 igitur,
964 2503 1096 2558 alias
1141 2503 1536 2572 diligentissimi
1569 2518 1632 2559 ac
1673 2504 1987 2575 pertinacis-

387 2593 507 2650 simi
542 2593 879 2650 discussorcs
923 2594 1186 2650 scelerum
1217 2595 1376 2666 longe
1402 2596 1690 2662 minorum,
1721 2612 1840 2651 cum
1874 2596 1994 2650 tali-

385 2684 484 2740 bus
513 2693 620 2739 tam
650 2684 934 2741 horrendis
954 2697 1008 2740 et
1033 2700 1247 2741 omnem
1275 2686 1602 2756 impietatem
1626 2690 1990 2759 supergressis

387 2776 854 2847 eamditigentiam
888 2776 1149 2831 deseratis
1170 2817 1186 2843 ,
1229 2792 1400 2847 neque
1425 2776 1815 2833 confessionem
1847 2781 1987 2835 rcci-

387 2869 582 2941 picndo
605 2869 967 2936 iudicantibus
985 2884 1201 2939 semper
1219 2869 1584 2936 laborandam,
1611 2886 1784 2942 neque
1807 2873 1990 2943 exqui-

385 2961 631 3017 sitionem
662 2959 956 3032 digerendo
1000 2959 1401 3016 damnatoribus
1447 2976 1661 3032 semper
1703 2965 1987 3019 consulen-

384 3052 504 3109 dam
539 3052 687 3123 :jam
715 3060 971 3122 apparet,
1000 3066 1161 3107 omne
1188 3052 1239 3106 in
1275 3067 1372 3108 nos
1402 3054 1608 3109 crimen
1632 3070 1737 3109 non
1759 3055 1985 3125 alicujus

386 3145 603 3200 sceleris
636 3144 735 3213 sed
767 3143 999 3199 nominis
1025 3143 1205 3214 dirigi.
1258 3143 1410 3200 Adeo
1439 3185 1453 3210 ,
1500 3145 1544 3198 si
1597 3145 1665 3200 de
1695 3148 1980 3217 criminum

2091 1958 2232 2012 mina
2251 1958 2505 2027 objicere,
2530 1973 2647 2029 quae
2671 1974 2843 2031 neque
2866 1959 3170 2015 institutum
3195 1959 3266 2032 (f)
3288 1960 3492 2032 dirigit,
3518 1976 3694 2034 neque

2089 2050 2336 2119 probatio
2358 2048 2437 2120 (2)
2451 2050 2707 2120 assignat,
2741 2066 2911 2123 neque
2927 2053 3191 2107 sententia
3207 2062 3512 2108 enumerat.
3534 2052 3687 2121 Quod

2091 2139 2305 2211 praesidi
2332 2138 2610 2206 offeratur,
2650 2141 2793 2211 quod
2822 2142 2888 2197 de
2917 2158 3011 2197 reo
3042 2143 3341 2214 inquiratur
3359 2185 3375 2211 ,
3404 2144 3544 2214 quod
3577 2160 3694 2202 res-

2090 2233 2356 2303 pondetur
2396 2233 2480 2288 vel
2500 2242 2746 2304 negatur,
2780 2236 2921 2306 quod
2943 2237 3012 2291 de
3043 2236 3270 2291 consilio
3300 2236 3595 2306 recitatur,
3628 2238 3684 2295 id

2090 2342 2240 2383 reum
2266 2342 2520 2398 agnosco.
2548 2329 2730 2401 Itaque
2746 2329 2814 2386 de
2846 2332 3077 2387 nominis
3096 2333 3309 2399 merito,
3330 2333 3375 2390 si
3396 2334 3488 2405 qui
3507 2342 3691 2391 reatus

2090 2428 2173 2474 est
2212 2420 2510 2484 nominum,
2534 2421 2578 2475 si
2599 2436 2701 2492 qua
2727 2423 2999 2478 accusatio
3039 2423 3440 2493 vocabulorum,
3475 2440 3576 2497 ego
3601 2440 3691 2481 ar-

2092 2511 2265 2568 bitror
2294 2512 2496 2567 nullam
2526 2529 2649 2569 esse
2679 2514 2940 2570 v’ocabulo
2982 2525 3074 2571 aut
3108 2517 3311 2572 nomini
3355 2519 3632 2589 querelam
3662 2561 3680 2585 ,

2062 2658 2077 2665 ,
2094 2604 2196 2658 nisi
2222 2619 2346 2659 cum
2368 2604 2494 2674 quid
2521 2615 2612 2661 aut
2639 2606 2924 2662 barbarum
2942 2619 3132 2674 sonat,
3157 2618 3248 2663 aut
3276 2608 3569 2665 infaustum
3600 2624 3687 2667 sa-

2096 2696 2205 2765 pit,
2249 2696 2332 2750 vel
2364 2696 2693 2765 impndicum
2722 2740 2737 2765 ,
2790 2699 2871 2753 vel
2916 2699 3072 2754 aliter
3100 2716 3259 2770 quam
3317 2701 3688 2758 enuntiantem

2092 2786 2341 2843 delectet.
2387 2787 2512 2843 [hec
2537 2790 2919 2845 vocabulorum
2948 2802 3039 2845 attt
3090 2792 3369 2848 nominum
3415 2794 3639 2849 crimina
3668 2837 3684 2863 ,

2093 2880 2249 2934 sicuti
2278 2881 2561 2937 verborum
2587 2890 2747 2952 atque
2768 2899 3075 2938 sermonum
3100 2883 3467 2941 barbarismus
3487 2896 3572 2943 est
3610 2888 3690 2943 vi-

2092 2971 2223 3025 tium
2250 2981 2305 3027 et
2349 2973 2660 3028 solecistnus
2702 2986 2755 3029 et
2795 2975 3048 3029 insulsior
3096 2977 3285 3045 ﬁgura.
3316 2977 3682 3033 Christianum

2092 3077 2220 3116 vero
2249 3078 2444 3118 nomen
2478 3105 2492 3128 ,
2539 3075 2798 3132 quantum
2826 3065 3143 3134 signiﬁcatio
3170 3075 3287 3131 est,
3334 3067 3401 3121 de
3430 3067 3684 3123 unctione

2090 3156 2496 3226 interpretatur;
2526 3159 2687 3214 etiam
2710 3173 2832 3213 cum
2861 3169 3111 3228 corrupte
3141 3174 3170 3212 a
3218 3160 3368 3213 vobis
3396 3158 3687 3215 Christiani

384 3239 608 3292 veritate
636 3245 951 3303 constaret,
984 3238 1101 3307 ipsa
1141 3236 1426 3292 criminum
1458 3238 1695 3292 noniinai
1717 3241 1982 3296 damnatis
2009 3236 2054 3298 C
2091 3252 2499 3318 pronuntiatnur
2528 3250 2676 3320 (nam
2709 3249 3027 3304 nenotninis
3053 3250 3269 3320 quidem
3290 3249 3455 3319 ipsius
3484 3250 3687 3319 liquido

387 3329 886 3396 accommodarent,
917 3339 974 3384 ut
1001 3328 1071 3383 ita
1102 3330 1540 3399 pronuntiaretur
1567 3330 1617 3385 itt
1655 3346 1754 3385 nos
1785 3347 1797 3386 :
1833 3334 1983 3389 illmn

388 3417 734 3485 homicidam,
764 3421 844 3475 vel
877 3422 1162 3487 incestum,
1190 3421 1273 3476 vel
1300 3421 1674 3493 quodcumque
1696 3424 1982 3496 jactentur,

387 3511 550 3580 duci,
582 3510 753 3583 sufﬁgi
782 3555 796 3581 ,
828 3512 1250 3585 adbestiasdari
1279 3513 1472 3583 placet.
1504 3515 1673 3571 Porro
1703 3524 1982 3580 sententia:

2091 3341 2223 3396 certi
2256 3341 2430 3411 estis),
2454 3342 2530 3396 sic
2556 3356 2769 3412 quoque
2790 3343 2859 3396 de
2888 3343 3152 3397 suavitate
3179 3342 3259 3397 vel
3285 3342 3535 3398 bonitate
3565 3356 3689 3397 mo-

2089 3432 2328 3489 dulatum
2383 3444 2465 3489 est
2510 3434 2609 3506 (g).
2663 3433 2924 3489 Detinetis
2971 3434 3131 3505 igitur
3178 3436 3228 3489 in
3270 3434 3577 3490 hominibus
3605 3436 3691 3491 in-

2088 3526 2263 3581 noxiis
2290 3526 2449 3582 etiam
2478 3540 2673 3582 nomen
2704 3526 2978 3581 innoxium
3011 3534 3258 3581 nostrum
3287 3567 3302 3593 ,
3346 3542 3451 3583 non
3478 3527 3685 3583 incom-

1606 3634 1902 3693 LECTION
1910 3640 1993 3698 ES
2033 3642 2442 3699 VARIENTES.

446 3725 519 3789 (l)
555 3734 671 3777 Hau.
695 3740 827 3779 corr.
853 3741 917 3778 ne
953 3731 1091 3793 prob.
1118 3728 1269 3793 falsae,
1290 3697 1387 3782 etc.

2156 3740 2239 3811 (2)7
2264 3738 2366 3806 Rig.
2395 3739 2611 3811 prolatio.
2637 3766 2700 3775 -
2732 3738 2794 3789 In
2841 3750 2974 3804 seqq.
3015 3737 3162 3790 scrib.
3203 3738 3558 3802 restiondcatur
3612 3739 3692 3791 vel

2094 3810 2311 3867 negetur
2343 3828 2403 3840 —
2428 3808 2687 3853 recitelur.

1740 3907 2302 3967 COMMENTARIUS.

460 3994 535 4067 (at
567 3993 991 4069 Perducerentur
1020 3997 1281 4069 infonlorii
1303 4040 1318 4063 ,
1348 4007 1394 4052 et
1420 3998 1602 4069 coqui,
1637 4009 1680 4054 et
1709 4000 1808 4068 ipsi
1837 4006 1986 4057 can‘es

390 4066 626 4137 pronubi.
651 4066 836 4138 Trium
868 4083 1060 4137 nempe
1076 4066 1369 4122 criminum
1404 4066 1807 4138 postulabantur
1838 4091 1850 4126 :
1889 4075 1986 4127 im-

387 4136 622 4207 pietatis.
666 4136 1074 4262 Tltrestmarum
1116 4136 1428 4208 epularum,
1458 4150 1513 4196 et
1553 4144 1867 4197 concubitus
1899 4148 1985 4198 itt-

387 4210 542 4262 CBSli.
574 4209 653 4262 sic
682 4211 741 4262 ΑΙ
770 4224 1047 4262 tenaaoras
1077 4224 1193 4262 τοία
1219 4216 1586 4262 ἐπιεηιιίξουσω
1611 4219 1714 4262 iuta
1730 4223 1985 4262 ᾗ-ικλῆιια-

387 4210 542 4284 cesti,
574 4209 653 4263 sic
682 4209 1047 4276 Athenagoras
1077 4224 1193 4284 τρία
1219 4216 1586 4282 ἐπιῖνημίζουσιν
1611 4219 1714 4281 ἐμῖν
1730 4223 1985 4283 ἡγκλήμα-

388 4297 469 4334 του
500 4282 755 4341 ἀθεότητα,
784 4289 1017 4336 Θυέστεω
1039 4282 1223 4339 δεῖπια.
1255 4286 1544 4336 Οἰδιποδείοι
1572 4295 1752 4351 μεξεισ,
1773 4282 1988 4340 aiebant

392 4352 534 4405 enim
568 4350 780 4405 Ethnici
811 4351 1164 4416 Christianos,
1198 4354 1286 4407 ttbi
1324 4354 1720 4419 convenissent,
1752 4356 1987 4412 niactare

389 4421 861 4495 solittts_ittl}tn10ttt
885 4423 1039 4489 Cujus
1064 4438 1228 4495 carne
1257 4424 1572 4478 manducata
1602 4435 1654 4480 et
1683 4438 1843 4495 epoto
1864 4444 1987 4481 san—

390 4493 548 4567 guine
583 4492 758 4567 {mdes
803 4495 1034 4567 intentae
1061 4494 1229 4560 inire,
1261 4511 1324 4549 ac
1365 4504 1482 4563 post
1524 4492 1824 4567 convivium
1866 4513 1986 4551 eum

392 4563 700 4633 quibus-vis
729 4563 1044 4619 mulieribus
1077 4567 1376 4633 promiscue
1408 4563 1746 4620 commisceri
1771 4608 1784 4630 ,
1821 4569 1983 4622 adco-

393 4649 497 4703 que
524 4633 776 4688 adhibere
803 4649 963 4689 canes
1008 4635 1058 4688 itt
1092 4651 1239 4690 more
1273 4647 1388 4690 erat
1414 4636 1478 4689 ad
1520 4636 1838 4691 candelabra
1870 4638 1988 4692 alli-

393 4715 545 4774 gates
570 4747 585 4769 ,
617 4704 706 4775 qui
746 4704 849 4759 oll‘a
895 4705 1086 4773 injecta
1126 4706 1449 4771 candelabra
1489 4717 1836 4772 everterent,
1890 4725 1987 4763 ex-

396 4776 683 4845 tinctisque
709 4775 997 4831 luminibus
1019 4786 1142 4831 tunc
1165 4778 1278 4831 ﬁeri
1297 4776 1545 4831 dicebant
1573 4776 1987 4834 fmdissimarum

394 4846 607 4900 illarum
636 4848 1077 4902 cmnmixtinnum
1108 4847 1334 4902 scelera.
1388 4847 1463 4901 LE
1497 4849 1592 4902 Pu.

466 4916 545 4989 (1))
580 4916 642 4970 lit
670 4918 766 4986 ipsi
791 4934 941 4971 canes
972 4918 1206 4989 pronubi.
1253 4916 1312 4972 In
1344 4917 1711 4987 Apologetico,
1745 4918 1992 4976 Lenones

396 4986 650 5042 dicunttn'
671 5029 684 5052 ,
711 4990 797 5057 qui
842 4989 926 5043 hic
955 4986 1209 5055 Pronubi,
1248 4986 1537 5044 everSores’
1559 4991 1840 5045 luminum.
1870 4991 1989 5047 lito.

466 5058 541 5130 (c)
571 5058 855 5131 Emeuduto
889 5075 970 5113 res
995 5070 1145 5114 esset.
1194 5058 1335 5131 Tum
1364 5059 1578 5115 demunt
1601 5061 1741 5131 justa
1771 5071 1824 5116 et
1849 5062 1993 5128 legi-

397 5129 524 5185 tima
572 5129 876 5201 inquirendi
920 5131 1060 5201 ratio
1085 5140 1268 5194 esset,
1296 5130 1340 5185 si
1372 5129 1791 5201 perduceretttur
1816 5132 1995 5187 infan—

398 5201 543 5273 tarii,
573 5200 751 5273 coqui,
779 5213 882 5255 etc.
916 5200 1083 5254 Idem.
1115 5264 1124 5273 O
1244 5208 1257 5213 ”

468 5269 547 5342 (d)
605 5268 881 5345 Humentes
922 5268 1155 5325 naturain
1212 5288 1435 5342 quwrere
1480 5272 1722 5342 pabulum
1778 5276 1997 5345 ferinum

399 5341 555 5414 quam
582 5357 725 5414 conc.
771 5341 862 5397 Sic
910 5341 1242 5397 restituimus
1268 5359 1387 5412 qua:
1428 5341 1488 5398 in
1514 5345 1698 5398 codice
1729 5341 1995 5414 Agobardi

401 5411 652 5484 ieguntur
676 5411 876 5481 absque
904 5414 1011 5467 ullo
1033 5428 1215 5468 sensu.
1250 5411 1379 5468 Nam
1412 5416 1481 5469 ita
1507 5425 1628 5468 sunt
1663 5411 1949 5484 depratata
1979 5435 1991 5470 :

401 5481 728 5557 Honoroutes
757 5495 995 5557 naturam
1033 5500 1256 5553 quaerere
1292 5485 1529 5553 pabulum
1559 5481 1778 5557 ferinuju
1799 5528 1814 5551 ,
1843 5503 1997 5557 quant

399 5553 693 5608 concubitus
720 5554 785 5627 ob
812 5555 1033 5611 humano
1062 5571 1242 5627 genere
1280 5553 1565 5625 praeclusit.
1586 5558 1672 5627 Ait
1708 5553 1996 5627 Tertullia-

399 5640 521 5689 nus,
578 5633 687 5678 tam
718 5622 983 5680 horrenda
1005 5667 1018 5689 ,
1054 5622 1600 5695 t'amqne'tnonstrosa
1622 5626 1689 5679 de
1716 5625 1870 5681 nobis
1898 5627 1996 5681 de-

399 5695 679 5767 feruntur,
717 5705 787 5767 ut
826 5697 1065 5767 plerique
1103 5696 1263 5751 ﬁdem
1296 5697 1479 5751 talium
1523 5706 1855 5764 temperent,
1896 5697 1998 5753 hoc

401 5776 505 5830 est,
536 5766 695 5821 ﬁdem
725 5766 918 5821 talibus
944 5766 1048 5823 non
1080 5767 1403 5831 adhibeant;
1438 5768 1720 5821 horrentes
1751 5779 1994 5823 naturam

403 5851 642 5908 quaerere
670 5838 922 5907 pabulum
950 5839 1213 5908 ferinum;
1238 5854 1430 5913 nempe
1452 5838 1696 5901 homines
1722 5838 1790 5905 ita
1819 5848 1995 5909 natos,

2093 4013 2148 4057 ttt
2189 4011 2431 4073 quarrant
2465 4011 2519 4056 et
2562 4010 2816 4071 appetant
2860 4004 3107 4071 pabulum
3147 4003 3405 4069 ferinum;
3449 4016 3692 4061 naturam

2091 4074 2227 4130 adeo
2249 4074 2493 4138 ferinam,
2511 4083 2573 4126 ut
2593 4074 2844 4127 carnibus
2867 4073 3114 4128 humanis
3137 4075 3362 4130 libenter
3385 4087 3693 4142 vescantur,

2093 4162 2211 4213 qua:
2240 4159 2423 4199 natura
2449 4154 2531 4215 est
2562 4143 2827 4215 ferarum.
2851 4144 2978 4198 Eam
3007 4162 3131 4197 vero
3162 4156 3404 4200 naturam
3435 4147 3690 4215 ferarum,

2094 4216 2144 4271 id
2168 4226 2270 4279 est,
2295 4215 2436 4287 [cras
2457 4214 2620 4287 ipsas,
2645 4214 2959 4287 concubitus
2982 4217 3050 4270 ab
3078 4215 3311 4287 humano
3338 4233 3536 4286 genere
3559 4214 3695 4287 prse-

2092 4288 2268 4340 clusit.
2303 4285 2457 4341 Unde
2487 4286 2647 4357 igitur
2674 4284 2920 4357 homines
2952 4288 3057 4339 nati
3080 4327 3094 4349 ,
3128 4286 3298 4341 ferum
3326 4284 3531 4357 genus?
3560 4284 3693 4341 ’Να-

2094 4366 2260 4410 turam
2284 4354 2670 4425 qurerere'dixit
2697 4354 2891 4429 (ira-co
2918 4370 3068 4411 more
3088 4398 3102 4422 ,
3132 4359 3276 4429 quod
3321 4354 3390 4412 ita
3420 4360 3614 4413 factum
3640 4369 3698 4414 et

2093 4437 2275 4481 natum
2300 4437 2381 4480 est
2404 4434 2459 4479 ttt
2488 4435 2709 4494 quierat.
2741 4425 2908 4482 Idem.

2167 4496 2243 4568 (ρ)
2278 4495 2477 4549 Nomen
2507 4498 2733 4568 inrausu
2760 4510 2852 4550 est.
2876 4498 3138 4564 Quoniam
3167 4500 3384 4568 penuria
3406 4498 3693 4553 criminum

2098 4566 2413 4621 laborabant
2439 4566 2664 4635 gentiles
2686 4608 2699 4631 ,
2733 4579 2787 4620 ut
2815 4569 3150 4623 Christianus
3168 4566 3563 4638 opprimerent,
3593 4584 3695 4623 no-

2098 4654 2223 4692 men
2254 4639 2424 4707 ipsuut
2455 4638 2796 4699 accusabant,
2832 4652 2932 4708 qua
2966 4638 3032 4691 de
3064 4655 3120 4693 re
3148 4637 3234 4693 hic
3257 4637 3448 4692 multis
3476 4639 3698 4693 Tertul-

2093 4710 2290 4773 lianus,
2329 4718 2384 4763 et
2417 4718 2570 4761 antea
2611 4708 2661 4760 in
2696 4710 3062 4778 Apologetieo.
3114 4708 3279 4762 Erant
3327 4710 3525 4779 quippe
3571 4720 3700 4766 tunc

2093 4780 2383 4834 Christiani
2419 4785 2508 4833 imo
2540 4791 2834 4850 συωρκντῶν
2863 4789 3169 4850 σῖδκττόμεγοι
3189 4821 3203 4843 ,
3230 4780 3399 4846 inquit
3452 4780 3693 4835 Athena-

2094 4866 2251 4919 goras
2279 4851 2329 4904 itt
2357 4849 2722 4917 Apulogiapt'o
2745 4849 3081 4905 Christianis.
3110 4849 3165 4902 lu
3185 4852 3262 4917 ius
3292 4852 3621 4906 vocabantur
3647 4861 3703 4906 et

2096 4920 2592 4976 Condemnabantur
2626 4932 2839 4992 propter
2882 4936 3044 4975 uuunt
3089 4938 3282 4975 nomen
3308 4963 3322 4985 ,
3356 4938 3526 4992 neque
3559 4923 3704 4975 t-ttittt

2097 4992 2436 5061 qurere-batur
2478 5006 2543 5044 an
2587 4991 2713 5045 ntali
2766 4992 3054 5060 quidquam
3101 4991 3706 5060 perpetrassentCltris-

2102 5063 2252 5121 tiatt't.
2284 5062 2451 5131 inquit
2483 5062 2642 5127 idem,
2671 5063 2776 5116 ἀλλ’
2804 5073 2867 5123 εἱς
2890 5072 2943 5118 τὸ
2969 5068 3138 5130 ὄνομα,
3167 5069 3225 5122 ὡς
3256 5067 3321 5122 εἰς
3363 5066 3582 5129 ἀδίκημα
3602 5102 3618 5127 ,
3644 5062 3709 5119 lis

2100 5133 2475 5195 scribebatur;
2510 5132 2638 5186 Nam
2672 5132 3100 5188 Christianorum
3150 5134 3323 5186 nullus
3379 5133 3430 5186 in
3476 5135 3585 5187 ullo
3627 5142 3712 5187 est

2099 5202 2335 5259 facinore
2362 5204 2729 5272 deprehensus
2751 5208 2900 5264 οὐδεὶς
2919 5206 3091 5257 ἀδικῶν
3104 5211 3393 5273 Χριστιανὸς
3410 5210 3709 5269 ἐλήλεγκται.

2101 5274 2348 5329 Nominis
2378 5284 2580 5328 tantum
2613 5276 2807 5344 ubique
2847 5277 2984 5331 ratio
3012 5287 3064 5329 et
3097 5277 3299 5330 crimen
3332 5285 3466 5336 erat,
3497 5279 3627 5328 οὐδὲν
3666 5278 3716 5327 δὲ

2101 5351 2268 5413 ὄνομα,
2295 5347 2362 5416 ἐφ’
2390 5352 2560 5399 ἑαυτοῦ
2580 5357 2663 5399 καὶ
2684 5348 2745 5399 δι’
2770 5352 2939 5405 αὐτοῦ.
2958 5349 3013 5399 οὗ
3028 5356 3220 5415 πονηρὰ)
3235 5352 3340 5421 ab.“
3356 5355 3562 5418 χρηστὸν
3576 5355 3713 5412 νομί-

2101 5422 2284 5482 ζεσθαι,
2319 5426 2373 5470 et
2401 5430 2577 5482 antea,
2614 5420 2666 5471 οὐ
2686 5425 2782 5489 γὰρ
2812 5424 2874 5471 τὰ
2898 5421 3111 5485 ὀνόματα
3134 5419 3296 5489 picata
3341 5419 3478 5481 ἄξια,
3537 5424 3625 5469 λὶὰ
3662 5425 3718 5489 τὸ

2101 5489 2318 5558 ἀδίκημα
2336 5492 2463 5549 δίκης
2491 5500 2571 5541 καὶ
2594 5487 2843 5557 nymphe.
2874 5488 2963 5542 Sic
2991 5488 3186 5558 passim
3212 5487 3585 5557 Athenagoras
3610 5487 3712 5540 sub

2104 5557 2315 5612 initium
2347 5559 2679 5627 Apolug..LE
2709 5560 2802 5613 Pu.
2996 5557 3027 5613 ⁷.

2177 5627 2242 5700 (ί)
2274 5627 2449 5692 Neque
2481 5626 2769 5700 institutum
2804 5628 2998 5700 dirigit.
3057 5628 3169 5683 Hoc
3217 5638 3300 5684 est
3322 5626 3701 5700 ,Amandatum.

2103 5688 2238 5753 infra
2260 5741 2274 5764 ,
2305 5688 2429 5769 pag.
2458 5700 2545 5755 5|.
2580 5699 2880 5753 Instittttum
2905 5688 3294 5755 Neronianum.
3323 5688 3454 5755 'Rte.

2177 5769 2254 5840 (ᾳ)
2290 5768 2364 5823 De
2386 5768 2635 5823 suavitate
2656 5771 2733 5823 vel
2753 5772 2990 5824 bonitate.
3029 5771 3101 5825 De
3131 5769 3391 5827 suavitate
3410 5812 3424 5839 ,
3448 5768 3708 5829 Christia~

2105 5856 2240 5900 nus:
2267 5841 2342 5898 De
2372 5841 2632 5909 bonitate,
2665 5840 3181 5920 Cltrcstiatttts._litc.
3234 5913 3240 5918 _
