4252 6270
558 343 663 401 563
1979 334 2237 396 TERTUI

2187 319 2443 399 unum
3144 332 3150 339 '
3716 374 3726 382 .
3757 342 3866 409 au

561 464 785 533 modum
811 462 1039 534 linguai,
1074 470 1179 516 non
1206 459 1422 515 auribus
1467 466 1717 531 asperum
1744 497 1758 524 ,
1806 466 1915 513 non
1948 455 2151 513 homini
2178 456 2231 518 Α
2257 464 2342 511 est
2369 456 2513 512 enim
2539 494 2554 523 ,
2597 469 2657 512 se
2684 455 2844 513 deum
2885 471 2992 514 non
3037 473 3158 515 esse
3181 501 3197 530 ,
3239 456 3334 522 sed
3374 471 3499 514 eum
3532 473 3747 534 quoque
3773 474 3867 521 εει

566 558 799 623 malum,
843 568 947 609 non
988 554 1175 623 patrias
1220 550 1507 619 infestum,
1554 550 1647 606 sed
1679 558 1736 607 et
1771 565 2004 620 graecum
2035 548 2155 603 aliis
2258 552 2653 623 pientissimnm
2691 551 3010 619 afﬁrmans,
3060 554 3150 624 qui
3180 553 3315 609 deos
3343 552 3649 621 abnuebat;
3702 568 3871 628 porro
3916 546 3923 553 ’

563 662 621 707 et
645 664 903 705 sonorum
939 655 994 702 et
1037 646 1477 716 interpretatione
1512 644 1827 716 jucundum.
1877 642 1945 698 Et
1973 642 2158 712 utique
2263 644 2404 716 apud
2434 659 2530 700 vos
2555 660 2622 700 eo
2652 645 2830 700 minus
2854 647 3070 714 sapiens
3091 687 3106 714 ,
3133 648 3253 718 quia
3275 647 3409 703 deos
3437 647 3682 705 abnuens
3702 693 3717 718 ,
3740 666 3863 709 cum

564 746 671 797 non
696 738 871 811 gladio
894 744 1159 793 amet-uec
1180 736 1469 793 autbestiis
1485 735 1752 806 punienda
1776 743 1902 791 sunt
1918 733 2154 789 nomina.
2261 736 2385 793 ideo
2414 737 2632 809 sapiens
2657 774 2672 805 ,
2721 737 2845 808 quia
2881 737 3016 794 deos
3054 738 3315 794 abnuens.
3348 738 3466 808 Quo
3512 754 3663 799 more
3699 744 3865 802 etiam

637 832 694 887 4.
737 828 845 887 Sed
872 829 1074 895 dicitis,
1102 837 1305 884 sectam
1336 828 1553 883 nomine
1578 826 1753 899 puniri
1791 825 1871 882 sui
1901 825 2157 881 auctoris;
2263 833 2419 888 nobis
2443 832 2630 887 soletis
2660 847 2673 884 :
2705 830 2877 887 bonus
2903 831 2987 886 vir
3012 832 3208 888 Lucius
3234 831 3408 887 Titius
3435 875 3448 898 ,
3484 841 3686 889 tantum
3720 836 3866 907 quod

566 925 749 982 Primo
770 922 986 995 quidem
1018 963 1032 989 ,
1076 930 1279 979 sectam
1306 922 1637 984 deauctoris
1663 920 2021 991 appellatione
2061 935 2163 974 no-
2267 920 2639 988 Christianus;
2671 922 2796 977 item
2824 922 2962 977 alius
2987 938 2998 975 :
3026 937 3127 993 ego
3153 922 3320 977 miror
3339 921 3526 978 Gaium
3546 923 3727 981 Seium
3752 938 3870 998 gra-

569 1017 668 1070 tari
692 1048 709 1081 ς
740 1015 924 1085 utique
952 1013 1179 1082 probum
1204 1014 1564 1083 usitatumque
1588 1012 1677 1081 jus
1697 1022 1801 1078 eat,
1824 1010 1952 1066 dum
1999 1009 2168 1081 philo-
2270 1031 2392 1073 vcm
2422 1016 2592 1072 virum
2616 1016 2814 1072 factum
2844 1016 3229 1072 Christianum.
3272 1016 3378 1073 Pro
3420 1018 3662 1075 stultitiae
3707 1021 3867 1078 eieci-

577 1107 732 1178 sophi
760 1122 975 1179 quoque
1004 1106 1071 1161 de
1100 1107 1408 1163 auctoribus
1434 1105 1917 1176 cognominentnr,
1962 1104 2164 1177 Pytha-
2270 1117 2377 1164 tate
2404 1108 2763 1178 laudemque:
2798 1109 3014 1176 sciunt,
3061 1110 3366 1179 vituperant
3407 1126 3529 1181 qute
3582 1114 3863 1181 nesciunt,

569 1201 735 1273 gorici
779 1210 835 1256 et
861 1199 1121 1254 Platonici
1152 1198 1266 1269 (e),
1309 1205 1368 1253 ut
1425 1195 1616 1253 medici
1695 1196 2062 1264 Erasistratei,
2111 1207 2168 1252 et
2271 1209 2324 1256 ct
2352 1200 2402 1254 id
2431 1200 2573 1271 quod
2611 1200 2788 1256 sciunt
2817 1215 2885 1256 eo
2927 1200 3071 1271 quod
3112 1202 3361 1257 nesciunt
3403 1203 3612 1260 vitiant.
3656 1203 3868 1261 Nemini

571 1294 907 1366 grammatici
936 1291 1272 1347 Aristarchii.
1293 1292 1477 1361 itaque
1503 1291 1546 1344 si
1573 1291 1643 1346 ob
1662 1296 1938 1346 auctorem
1963 1289 2163 1343 malum
2269 1291 2515 1348 subvenit
2546 1308 2559 1346 ε
2583 1307 2650 1347 ne
2677 1291 2799 1347 ideo
2820 1291 2992 1348 bonus
3012 1292 3132 1362 quis
3156 1302 3210 1348 et
3235 1291 3471 1364 prudens
3491 1335 3505 1359 ,
3535 1295 3655 1366 quia
3686 1294 3869 1353 Chris-

572 1388 711 1445 mala
753 1396 897 1444 secta
932 1426 948 1451 ,
994 1385 1185 1441 tradux
1214 1385 1339 1440 mali
1372 1384 1605 1440 nominis
1659 1380 1929 1455 plectitur.
1965 1384 2162 1453 Atquin
2275 1386 2448 1439 tianus
2473 1400 2488 1450 ;
2512 1392 2602 1438 aut
2627 1383 2747 1439 ideo
2773 1382 3110 1440 Christianus
3134 1422 3148 1451 ,
3176 1385 3296 1455 quia
3322 1383 3552 1453 prudens
3575 1398 3629 1442 et
3651 1388 3864 1456 bonus;

570 1481 874 1537 temeritate
901 1488 1349 1548 praesumeretur;
1383 1478 1529 1547 prius
1552 1486 1670 1539 erat
1698 1491 2169 1547 cognoscereauc-
2272 1490 2393 1533 cum
2446 1477 2516 1530 sit
2568 1475 2850 1530 humanius
2906 1477 3113 1531 occulta
3163 1475 3461 1532 manifestis
3509 1477 3814 1548 adjudicare
3848 1522 3863 1549 ,

573 1584 769 1639 torem,
788 1582 846 1627 ut
874 1580 1294 1642 cognosceretur
1314 1580 1484 1635 secta,
1504 1584 1663 1639 quam
1691 1568 1761 1624 de
1781 1576 1928 1624 secta
1957 1569 2171 1640 inspec-
2273 1582 2431 1640 quam
2457 1566 2738 1622 manifesta
2763 1566 2832 1622 de
2856 1567 3069 1623 occulto
3103 1567 3478 1639 praeiudicare.
3527 1569 3750 1640 Aliquos
3780 1585 3871 1626 re-

572 1666 773 1721 tionem
796 1664 1032 1720 auctoris
1053 1664 1309 1719 retinere.
1335 1664 1398 1718 At
1430 1677 1574 1717 nunc
1599 1662 2171 1732 necessarioigneran-
2277 1672 2361 1716 tro
2385 1670 2510 1717 ante
2540 1660 2643 1715 hoc
2674 1675 2869 1717 nomen
2892 1676 3055 1733 vagos
3074 1705 3090 1730 ,
3120 1662 3285 1728 viles,
3315 1662 3591 1733 improbos
3639 1672 3867 1733 norant,

574 1759 884 1822 desectam,
913 1757 1001 1826 qui
1033 1756 1291 1827 ignoratis
1341 1766 1646 1819 auctorem,
1694 1765 1786 1810 aut
1814 1770 1919 1812 non
1977 1771 2169 1813 recen-
2199 1823 2239 1829 _
2275 1752 2589 1809 emendatos
2617 1763 2836 1824 repente
2863 1754 3158 1827 mirantur,
3191 1763 3247 1811 et
3276 1765 3454 1811 tamen
3484 1756 3666 1812 mirari
3709 1768 3872 1829 quam

574 1850 746 1907 sendo
773 1823 1076 1916 auctorem:
1091 1851 1212 1920 quia
1227 1865 1325 1905 nec
1353 1859 1552 1905 sectam
1572 1850 1885 1917 recensetis,
1912 1849 1965 1906 in
1995 1850 2169 1907 solum
2199 1823 2247 1883 Β
2273 1847 2487 1918 assequi
2524 1823 2741 1902 norunt.
2796 1823 2899 1902 Alii
2939 1857 3082 1902 tanta
3129 1849 3488 1904 obstinatione
3531 1823 3768 1917 certani,
3814 1858 3874 1907 ut

576 1959 772 1999 nomen
806 1943 1101 2014 impingltis
1126 1982 1140 2008 ,
1164 1943 1315 2013 quasi
1358 1943 1409 1997 in
1446 1944 1537 1999 illo
1557 1942 1865 1999 detinentes
1889 1952 2091 1998 sectam
2116 1952 2173 1999 et
2274 1954 2397 1994 cum
2428 1939 2545 1994 suis
2571 1939 2893 1995 utilitatibus
2919 1940 3260 2011 depugnem,
3287 1954 3423 2013 quas
3452 1942 3523 1998 de
3548 1943 3875 1999 commercio

576 2044 855 2092 auctorem
885 2050 1021 2106 quos
1057 2035 1281 2091 omnino
1318 2049 1423 2090 non
1454 2035 1642 2091 nostis.
1679 2035 1745 2090 Et
1782 2042 1963 2090 tamen
1992 2033 2175 2090 Philo-
2276 2022 2428 2086 istius
2449 2031 2681 2085 nominis
2710 2045 2903 2101 capere
2950 2040 3192 2102 possunt.
3240 2033 3365 2088 Scio
3409 2034 3664 2089 maritum
3711 2050 3873 2089 unum

579 2127 768 2199 sophia
783 2136 931 2203 patet
954 2127 1174 2182 libertas
1201 2125 1628 2197 transgrediendi
1659 2126 1865 2182 avobis
1887 2126 1939 2181 in
1968 2136 2173 2182 sectam
2276 2131 2438 2193 atque
2462 2123 2626 2177 alium
2646 2162 2663 2188 ,
2692 2123 2907 2179 ansiu‘m
2940 2132 3089 2179 retro
3113 2124 3182 2179 de
3224 2126 3406 2179 uxoris
3452 2139 3565 2180 sua:
3596 2125 3832 2181 moribus
3854 2167 3871 2194 ,

579 2226 1172 2276 etauetorcmetsuum
1198 2233 1412 2283 nomen,
1432 2233 1532 2272 nec
1555 2219 1835 2289 quisquam
1860 2218 1966 2273 illis
1989 2217 2173 2273 odium
2276 2214 2407 2284 qui,
2434 2228 2503 2269 ne
2527 2228 2708 2270 mures
2736 2214 2816 2287 (εἰ)
2863 2216 3079 2285 quidem
3128 2217 3181 2270 in
3225 2216 3529 2273 cubiculum
3578 2218 3875 2289 irrepentes

580 2319 781 2379 movet,
811 2326 935 2367 eum
957 2312 1008 2365 in
1030 2325 1229 2375 mores,
1256 2312 1409 2376 ritus,
1430 2311 1628 2379 cultus,
1665 2313 1943 2382 victusque
1963 2321 2174 2367 vestros
2280 2306 2401 2361 sine
2420 2307 2622 2377 gemitu
2645 2308 2967 2378 suSpicionis
2991 2309 3325 2376 sustinebat,
3365 2318 3644 2381 comperta
3690 2324 3891 2369 caussa

580 2406 753 2475 pulum
825 2419 889 2460 ac
964 2403 1176 2473 publice
1239 2419 1455 2459 omnem
1512 2404 1710 2474 eloquii
1762 2403 2173 2460 amaritudinem
2278 2412 2430 2453 novae
2456 2398 2755 2455 sedulitatis
2781 2411 2834 2455 et
2862 2402 3125 2457 inusitatae
3150 2403 3475 2475 captivitatis
3501 2405 3605 2477 (e),
3658 2419 3875 2461 omnem

575 2497 805 2553 eiatrent
835 2532 850 2562 ,
878 2510 1002 2553 eum
1030 2496 1208 2567 legum
1250 2506 1563 2568 contemptu
1589 2539 1602 2564 ,
1627 2497 1747 2553 sine
1775 2508 2024 2568 respectu
2061 2513 2177 2569 per-
2279 2494 2351 2565 (f)
2380 2495 2533 2549 uxori
2562 2496 2870 2564 patientiam
2920 2494 3183 2551 obtulisse
3206 2535 3221 2561 ,
3266 2509 3492 2567 negasse
3531 2498 3836 2569 zelotypum
3857 2541 3873 2567 ,

577 2603 832 2644 sonarum
854 2624 871 2654 ,
902 2596 960 2644 ut
986 2588 1204 2659 quidam
1231 2589 1393 2644 ctiam
1421 2590 1472 2643 in
1496 2590 1792 2669 .principcs
1835 2590 1982 2657 ipsos
2012 2591 2177 2647 liber-
2278 2585 2538 2642 maluisse
2567 2586 2707 2658 lupae
2736 2602 2896 2658 quam
2920 2584 3242 2643 Christlnm
3270 2587 3552 2655 maritum;
3576 2587 3677 2658 ipsi
3717 2604 3870 2645 suam

581 2689 745 2736 tatem
773 2694 926 2736 suam
954 2679 1513 2752 impunejaculentnr.
1547 2679 1652 2735 Sed
1681 2681 1960 2736 veritatem
1993 2682 2178 2737 seculo
2282 2681 2435 2737 licuit
2460 2680 2513 2737 in
2536 2694 2849 2753 perversum
2878 2683 3155 2739 demutare
3181 2686 3423 2739 naturam
3447 2725 3461 2749 ,
3504 2682 3715 2740 mulieri
3761 2701 3872 2741 non

582 2774 1018 2843 operosissimum
1042 2774 1347 2845 philosophi
1372 2773 1582 2845 quidem
1601 2772 1875 2837 affectam,
1901 2775 2180 2844 possident
2284 2775 2526 2843 permisit
2568 2777 2621 2830 in
2667 2775 2860 2831 melius
2912 2774 3215 2831 reformari.
3252 2776 3412 2832 Pater
3436 2776 3599 2832 filium
3619 2818 3643 2849 ,_
3664 2777 3733 2833 de
3769 2788 3881 2849 quo

583 2878 761 2924 autem
788 2868 1112 2933 Christiani;
1146 2867 1374 2938 ideoque
1400 2868 1489 2939 qui
1523 2867 1803 2937 possident
1825 2902 1840 2932 ,
1871 2869 2039 2939 magis
2058 2867 2171 2923 dis-
2282 2867 2433 2938 queri
2462 2868 2719 2935 desierat,
2749 2869 3133 2926 exhzeredavit.
3167 2870 3421 2926 Dominus
3451 2884 3687 2939 servum,
3717 2876 3877 2944 quem

583 2959 784 3030 plicent
803 2996 821 3027 ,
850 2960 972 3028 quia
999 2960 1093 3031 qui
1123 2959 1336 3016 allectat
1355 2999 1371 3025 ,
1400 2960 1572 3015 illudit
1629 2959 1706 3030 (b)
1731 2994 1748 3028 ,
1775 2959 1867 3030 qui
1893 2960 2132 3032 possidet
2158 2994 2175 3029 ,
2285 2969 2545 3030 in'aiterea
2571 2962 2934 3017 necessarium
2958 2970 3198 3019 senserat
3218 3005 3233 3029 ,
3262 2964 3314 3019 iu
3345 2965 3675 3035 ergastulum
3702 2965 3871 3024 dedit.

583 3052 852 3111 defendit:
884 3052 1118 3124 denique
1141 3053 1392 3110 Socrates
1421 3068 1487 3108 ex
1511 3066 1573 3108 ea
1598 3061 1747 3125 parte
1763 3052 2044 3109 damnatus
2072 3062 2176 3119 est,
2283 3052 2453 3111 Simul
2480 3055 2601 3125 quis
2630 3054 2954 3111 intellexerit
2979 3054 3340 3111 Chrisuanum
3367 3097 3382 3123 ,
3432 3056 3635 3112 mavult
3674 3067 3876 3114 nocen-

579 3147 702 3219 quia
728 3146 946 3218 preplus
973 3155 1273 3204 tentaverat
1301 3146 1611 3213 veritatem,
1640 3145 1773 3205 deos
1806 3159 2014 3206 vestros
2054 3150 2178 3208 des-
2202 3184 2249 3248 Ε
2284 3158 2410 3203 tem.
2444 3146 2573 3203 Nam
2602 3156 2656 3204 et
2683 3149 2795 3219 ipsa
2842 3162 2939 3220 per
2966 3162 3026 3205 se
3073 3148 3368 3204 traducitur
3413 3148 3693 3221 disciplina
3718 3195 3732 3219 ,
3775 3166 3876 3208 nec

584 3241 812 3310 trucndo
848 3257 864 3297 :
897 3254 1198 3314 quanquam
1250 3240 1487 3297 nondum
1529 3248 1657 3297 tunc
1697 3243 1751 3297 in
1779 3246 1937 3301 terris
1978 3258 2177 3302 nomen
2208 3236 2247 3248 “
2281 3241 2496 3297 aliunde
2536 3240 2835 3312 prodimur,
2865 3254 3026 3312 quam
3048 3242 3120 3299 de
3157 3242 3301 3299 bono
3339 3236 3547 3299 nostro.
3573 3243 3630 3299 Si
3656 3252 3710 3299 et
3750 3244 3875 3299 mali

585 3336 937 3394 christianum
963 3378 978 3405 ,
1056 3346 1235 3393 tamen
1283 3337 1481 3413 veritas
1536 3351 1752 3408 semper
1797 3337 2174 3395 damnabatur.
2281 3334 2360 3406 (g)
2382 3333 2448 3390 de
2474 3348 2572 3389 suo
2592 3334 2735 3388 malo
2758 3333 3003 3400 radiant,
3032 3348 3129 3390 cur
3157 3348 3255 3390 nos
3283 3336 3382 3392 soli
3414 3344 3600 3392 contra
3630 3336 3869 3391 instituta

580 3430 764 3502 Itaque
791 3439 847 3486 et
872 3429 1169 3501 sapientem
1197 3443 1306 3485 non
1330 3428 1626 3501 negabitis,
1657 3429 1742 3485 cui
1771 3430 1935 3485 etiam
1956 3416 2180 3503 Pythius
2283 3435 2485 3481 naturie
2506 3427 2723 3496 pessimi
2750 3426 2818 3481 de
2840 3426 2982 3481 bono
3019 3425 3377 3482 denotamur?
3406 3427 3542 3495 Quid
3570 3428 3714 3483 enim
3744 3428 3875 3482 insid

584 3532 763 3580 vester
791 3524 1153 3580 testimonium
1198 3521 1408 3577 dixerat
1436 3522 1756 3592 :,Virorum,
1804 3524 2008 3596 inquit,
2062 3538 2180 3581 om-
2281 3537 2386 3593 gue
2407 3521 2742 3592 praeferimus
2762 3564 2776 3589 ,
2800 3522 2902 3577 nisi
2926 3519 3151 3591 primam
3175 3522 3522 3593 sapientiam,
3555 3520 3879 3593 quafrivoia

586 3616 730 3670 nium
786 3618 1036 3672 Socrates
1086 3614 1514 3684 sapientissimus
1557 3611 1649 3686 (ο).
1698 3614 1836 3685 Vicit
1874 3616 2177 3686 Apollinem
2284 3615 2532 3672 humanm
2561 3631 2751 3671 manus
2780 3630 2943 3686 opera
2972 3631 3078 3670 non
3104 3616 3429 3681 adoramus;
3460 3616 3874 3682 abstinentiam,

589 3705 822 3772 veritas,
852 3713 911 3760 ut
935 3705 1052 3775 ipse
1080 3705 1420 3762 adversusse
1465 3703 1872 3774 pronuntiaret;
1900 3709 2178 3766 confessus
2282 3726 2385 3781 qua
2411 3710 2479 3765 ab
2521 3709 2699 3764 alieno
2744 3716 3136 3779 temperamus:
3182 3708 3487 3779 pudicitiam
3512 3748 3529 3773 ,
3572 3722 3730 3778 quam
3776 3722 3877 3763 nec

1803 3842 2183 3905 LECTIONES
2218 3846 2630 3907 VARIANTES.

645 3984 719 4049 (l)
753 3986 819 4036 Ls
834 3982 992 4036 Prior.
1012 3981 1138 4044 con].
1165 3981 1279 4042 Alii,
1292 3994 1438 4045 quos,
1458 3987 1554 4034 etc.

1934 4086 2496 4149 COMMENTARIUS.

669 4232 750 4304 (a)
779 4226 1117 4304 Pytlmgorici
1145 4232 1193 4304 et
1221 4222 1495 4304 Platonici.
1529 4221 1741 4304 Diserat
1771 4230 1927 4278 antea
1953 4222 2007 4304 _in
2032 4226 2178 4304 apol.
2281 4227 2534 4304 {tinutius
2557 4227 2706 4304 Feiis
2737 4245 2748 4281 :
2777 4226 3079 4304 Quanquam
3106 4227 3150 4282 si
3182 4225 3580 4304 philosophandi
3604 4226 3762 4283 libido
3786 4234 3879 4297 est,

592 4298 646 4359 Ν
655 4295 785 4385 opus
808 4295 1113 4385 {hilo—segni
1132 4295 1513 4385 deunctoribftis
1535 4295 2030 4385 guis‘ngncupanlur
2058 4297 2184 4380 Pla-
2286 4300 2549 4385 Socratem
2578 4300 2845 4385 sapientia:
2878 4295 3201 4385 Ριίὶηξξραεγηέ⁸
3212 4295 3438 4382 quisquis
3462 4295 3882 4385 uestrum/annuis

587 4373 743 4430 tonici
767 4414 796 4445 ,_
817 4364 1056 4445 Epicurei
1074 4410 1089 4435 ,
1126 4366 1497 4445 Pytltagorici?
1535 4365 1627 4445 Sic
1650 4364 1938 4445 Christiani
1962 4367 2180 4445 _glorio-
2284 4381 2378 4435 est,
2403 4372 2448 4445 si
2468 4364 2705 4443 potuerit,
2728 4372 2971 4445 imitetur.
3000 4364 3131 4443 Ejus
3158 4364 3276 4445 viri,
3298 4364 3488 4441 quoties
3510 4366 3573 4421 de
3597 4366 3881 4445 cwlgstibus

592 4461 713 4515 sum
734 4437 835 4499 sibi
859 4437 1119 4515 ducebant
1132 4437 1406 4515 _ducis'sui
1433 4437 1650 4492 nomine
1696 4437 2000 4515 indigetari,
2042 4439 2184 4497 unde
2285 4437 2579 4515 rogabatur,
2602 4454 2721 4497 nota
2743 4443 3000 4511 responsio
3026 4437 3097 4496 est
3119 4457 3137 4494 :
3163 4437 3291 4509 Qui:
3311 4437 3480 4510 supra
3503 4454 3620 4508 nos,
3653 4438 3782 4495 nihil
3808 4437 3879 4496 ad

569 4509 1004 4587 'Chrysostomns
1032 4511 1099 4566 de
1132 4508 1192 4564 Β.
1237 4508 1490 4587 Luciano.
1525 4518 1663 4569 ποίας
1684 4512 1738 4587 εἴ
1768 4514 2026 4587 «cupidae;
2058 4519 2184 4583 Χρι-

943 4527 1004 4566 ns
1032 4511 1099 4566 de
1132 4508 1192 4564 Β.
1237 4508 1490 4587 Luciano.
1525 4518 1663 4569 ποίας
1684 4512 1738 4587 εἴ
1768 4514 2026 4587 «cupidae;
2058 4519 2184 4583 Χρι-
2286 4508 2409 4587 no's.
2446 4508 2613 4587 Ideni.

583 4580 765 4647 στιάῦός
793 4590 917 4653 εἶμι,
945 4592 1076 4658 praei.
1101 4590 1151 4637 τι
1175 4588 1295 4658 ἔκιες
1321 4584 1633 4647 ἔπιτήδευμας
1652 4580 1939 4658 Χριπιαᾶδς
1961 4588 2079 4649 εἰμι.
2110 4580 2182 4637 λεί·

2295 4656 2305 4658 Α
2360 4586 2437 4658 ((1)
2472 4586 2555 4641 Ne
2580 4600 2745 4658 mures
2767 4584 2967 4658 quidem
2993 4585 3288 4658 irrepentes.
3322 4581 3456 4658 gum
3489 4581 3602 4658 huic
3626 4580 3882 4658 scriberet

584 4680 665 4732 νας
689 4650 1022 4732 προγόὖοιξςξῃὸ
1041 4656 1087 4732 δρ
1110 4663 1230 4732 ripa;-
1250 4654 1442 4732 ὅξποεντα
1464 4657 2019 4732 ελεγενβςξΧριστ-ιανὸς
2048 4660 2149 4723 εἰμι
2168 4673 2181 4710 Ξ
2207 4672 2261 4732 D

2207 4672 2261 4732 Ι)
2288 4650 2602 4732 Septimius,
2633 4650 2861 4732 habebat
2883 4656 2937 4732 in
2958 4650 3137 4710 mente
3156 4654 3288 4732 illud
3317 4652 3615 4720 Iuvenalis,
3642 4650 3883 4709 Testiculi

582 4721 732 4799 cujus
751 4744 805 4782 es
838 4726 1098 4799 religionis
1116 4721 1485 4799 lChristi‘anns
1513 4738 1645 4799 sunt.
1682 4721 1846 4799 Qmim
1875 4734 2034 4799 argent
2062 4721 2181 4794 pro-
2207 4721 2254 4732 ”
2287 4721 2383 4782 sibi
2410 4721 2638 4799 conscius
2667 4727 2800 4781 unde
2825 4726 2957 4799 fugit
2983 4743 3131 4799 nius.
3156 4726 3273 4781 lito.

583 4792 782 4870 literis?
810 4792 1129 4870 Christianus
1173 4804 1306 4870 sunt.
1330 4792 1470 4870 Quos
1506 4793 1657 4847 habes
1685 4794 1952 4870 iuniores?
1979 4793 2036 4850 Is
2062 4792 2179 4851 uero
2357 4800 2434 4870 (e)
2462 4798 2734 4852 Inusitata:
2753 4792 3078 4870 captiuitatis.
3105 4798 3233 4870 Quas
3256 4799 3365 4870 jam
3392 4795 3693 4870 Christiana
3721 4794 3878 4863 facta,

582 4863 851 4941 odromnia
876 4863 1657 4941 reponebat,Christianussuni.
1685 4863 1763 4941 Iis
1778 4863 1874 4941 PI}.
1929 4936 1942 4941 _
2032 4935 2047 4941 _
2283 4863 2445 4924 duino
2474 4870 2663 4941 pedem
2684 4869 2770 4923 vix
2803 4863 3057 4941 cﬂ‘erebat
3078 4911 3091 4934 ,
3121 4863 3284 4941 rebus
3322 4867 3630 4924 domesticis
3655 4876 3877 4931 attenta,

652 4938 734 5010 (b)
768 4939 903 5011 Quia
926 4934 1011 5007 qui
1036 4934 1239 5011 allectat
1266 4935 1497 4989 includit.
1531 4935 1763 4991 Includit
1784 4975 1800 5003 ,
1834 4935 1886 4990 in
1917 4935 2178 5009 Apologe-
2284 4940 2432 5011 quasi
2465 4934 2576 5011 ipsa
2604 4939 2703 4996 sibi
2729 4940 3092 5011 captivitatem
3119 4937 3417 5011 indixisset,
3453 4948 3753 5011 qureantea
3783 4953 3877 4993 va.

576 5004 1017 5084 ῑὶεὸζᾼᾷᾳιηεέαι.
1041 5004 1163 5084 BIG-
1192 5078 1204 5084 _
1410 5076 1422 5084 _
1551 5075 1584 5084 κ
1837 5076 1878 5084 _-
1923 5076 1935 5084 _
1963 5004 1981 5008 ⁷
2090 5004 2113 5009 ⁷
2282 5004 2345 5084 ga
2375 5021 2426 5084 et
2456 5004 2642 5084 eil'reni
2671 5004 2891 5084 libidine
2923 5010 3025 5065 huc
3061 5010 3182 5084 illuc
3206 5004 3494 5084 ferebatur.
3529 5007 3696 5063 Idem.

649 5078 1257 5156 (QinrOfumgi'lﬂuil,
1286 5076 1509 5130 omnium
1545 5075 1802 5156 Sgcrales.
1837 5076 2178 5156 Yulgarecm
2355 5082 2423 5156 (ἴ)
2456 5082 2668 5139 Omnem
2717 5083 2863 5156 uxori
2900 5082 3214 5152 patientiam.
3255 5080 3540 5156 Gentilium
3582 5084 3877 5156 consuetu-

575 5147 837 5225 Ap‘oliinis
858 5150 1076 5225 oraculo
1093 5147 1373 5225 Socratem
1406 5148 1709 5225 mortalium
1740 5147 1976 5203 omnium
2009 5149 2173 5207 fuisse
2280 5147 2457 5210 dinem
2499 5162 2553 5209 et
2595 5154 2857 5225 pessimos
2890 5147 3075 5225 mores
3108 5166 3171 5206 ac
3210 5151 3646 5225 corruptissimos
3687 5152 3876 5225 tangit,

570 5220 1070 5297 sapientissimum}
1092 5220 1553 5297 ἶΑνβρῶν-ᾁ-πάντωγ
1580 5225 1834 5297 Σρκράτης
1864 5230 2128 5297 copit-mro;
2152 5238 2167 5278 :

2275 5225 2416 5297 apud
2440 5240 2574 5295 quos
2596 5220 2824 5297 maritus
2851 5224 2976 5297 prof
2978 5223 3117 5297 unde
3142 5239 3331 5297 somno
3361 5220 3657 5297 involutum
3682 5220 3875 5297 _sep'ul-

568 5288 713 5367 unde
740 5292 989 5350 Valerius
1015 5289 1155 5345 Ma‘x.
1183 5288 1278 5347 lib.
1310 5288 1401 5345 Ill.
1431 5304 1487 5367 _c.
1516 5289 1580 5367 4.Δ
1609 5288 1847 5367 Socrates
1874 5288 1975 5346 non
2000 5288 2171 5367 solum
2278 5288 2495 5367 tumque
2525 5311 2585 5352 se
2617 5295 2775 5351 veluti
2805 5288 3012 5352 ebrium
3044 5294 3287 5362 simulat,
3318 5304 3372 5350 et
3408 5303 3463 5350 ut
3490 5292 3651 5351 habet
3675 5288 3871 5351 Iuven.
3911 5340 3941 5353 -

565 5365 830 5420 hominum
860 5377 1139 5427 consensu,
1181 5361 1527 5431 verumetiam
1548 5358 1798 5431 Apollinis
1836 5364 2041 5418 oraculo
2080 5382 2166 5418 sa-
2274 5358 2461 5424 8.1L].

607 5435 912 5491 ientissimus
934 5432 1197 5505 judicatus
1218 5440 1318 5505 _esl.
1351 5430 1419 5486 Et
1447 5430 1850 5505 Salviannslib.
1882 5435 1945 5505 8._
1968 5435 2035 5490 de
2071 5450 2167 5505 gul

632 5510 907 5564 rnatione:
929 5496 1128 5577 Contra
1155 5503 1388 5574 seipsum
1416 5512 1595 5577 tamen
1618 5504 1809 5577 Apollo
1834 5503 2052 5577 Pythius
2072 5496 2160 5560 Ῑυ-
2868 5496 3053 5553 Doctus
3074 5504 3301 5564 spectare
3326 5499 3544 5560 lacunar,

557 5589 715 5635 cutus
758 5585 880 5640 est,
924 5575 1217 5646 etrveritas
1268 5574 1514 5646 superior
1556 5576 1792 5643 exstitit,
1834 5574 1961 5630 dum
2007 5582 2149 5632 enim
2390 5581 2578 5633 Doctus
2600 5588 2652 5633 et
2674 5581 2732 5631 ad
2755 5580 2956 5633 calicem
2982 5582 3199 5646 vigilanti
3222 5588 3443 5635 stertere
3464 5597 3603 5635 naso.

556 5649 835 5705 Socratem
866 5645 1139 5702 hominum
1181 5644 1633 5713 sapientissimum
1666 5648 2151 5715 pronuntiavit,se
2262 5710 2297 5715 Α
2464 5711 2510 5715 *Α
2565 5712 2575 5715 _
2637 5712 2645 5715 _
2726 5711 2736 5715 Α
2832 5708 2921 5715 _M
2989 5656 2999 5715 ς

557 5718 717 5788 deum
762 5724 883 5772 esse
932 5706 1459 5788 negavit._Sbcrates
1510 5706 1706 5788 quipp'e
1759 5717 1902 5787 quod
1947 5716 2015 5774 de
2045 5706 2147 5773 diis
2255 5710 2353 5788 llic
2382 5711 2769 5788 in_(_3hristianis
2792 5708 2924 5788 nihil
2949 5714 3213 5788 ejusmodi
3242 5706 3868 5788 aitgoccurrerelsl’a.

557 5784 699 5840 male
735 5787 978 5847 sentiret,
1003 5780 1078 5859 ab
1107 5780 1667 5859 Atheniensibns'fuit:
1687 5788 1736 5839 in
1762 5780 2025 5854 judicium
2053 5806 2147 5843 νο·
2328 5784 2403 5857 (g)
2432 5782 2562 5839 Mali
2585 5783 2650 5838 de
2668 5800 2761 5859 sua
2786 5780 2920 5859 malo
2943 5780 3044 5840 non
3072 5787 3297 5859 radiant.
3325 5780 3572 5859 lnSignes
3601 5783 3755 5853 ﬁunt,
3781 5785 3875 5841 de-

555 5863 726 5920 catus,
754 5864 809 5908 et
837 5863 1007 5909 morte
1036 5854 1336 5909 damnatus.
1367 5855 1701 5911 Atteudcnda
1727 5852 1852 5913 vero
1879 5868 2003 5915 sunt
2028 5874 2146 5928 qua:
2254 5852 2637 5920 monstrantur,
2669 5852 3100 5914 denominantur.
3142 5857 3270 5915 Bm.
