  <div class='ocr_page' id='page_1' title='image "/cluster/home/n/w/nwhite01/storage/ocr_20150623/1/hvd.32044054128335/304.png"; bbox 0 0 4252 6270; ppageno 0'>
   <div class='ocr_carea' id='block_1_1' title="bbox 302 314 519 414">
    <p class='ocr_par' dir='ltr' id='par_1_1' title="bbox 302 314 519 414">
     <span class='ocr_line' id='line_1_1' title="bbox 302 314 519 414; baseline -0.014 0"><span class='ocrx_word' id='word_1_1' title='bbox 302 314 309 319; x_wconf 47' lang='grc'>⁷</span> <span class='ocrx_word' id='word_1_2' title='bbox 406 353 519 414; x_wconf 81' lang='lat'><strong>565</strong></span> 
     </span>
    </p>
   </div>
   <div class='ocr_carea' id='block_1_2' title="bbox 1716 353 2433 431">
    <p class='ocr_par' dir='ltr' id='par_1_2' title="bbox 1716 353 2433 431">
     <span class='ocr_line' id='line_1_2' title="bbox 1716 353 2433 431; baseline 0.007 -6"><span class='ocrx_word' id='word_1_3' title='bbox 1716 368 1810 425; x_wconf 88' lang='lat' dir='ltr'><strong>AD</strong></span> <span class='ocrx_word' id='word_1_4' title='bbox 1846 353 2187 431; x_wconf 76' lang='lat' dir='ltr'><strong>NATIONES</strong></span> <span class='ocrx_word' id='word_1_5' title='bbox 2223 371 2355 429; x_wconf 80' lang='lat' dir='ltr'><strong>ue.</strong></span> <span class='ocrx_word' id='word_1_6' title='bbox 2393 371 2433 430; x_wconf 83' lang='grc' dir='ltr'><strong>ι.</strong></span> 
     </span>
    </p>
   </div>
   <div class='ocr_carea' id='block_1_3' title="bbox 3610 382 3718 445">
    <p class='ocr_par' dir='ltr' id='par_1_3' title="bbox 3610 382 3718 445">
     <span class='ocr_line' id='line_1_3' title="bbox 3610 382 3718 445; baseline 0.028 -3"><span class='ocrx_word' id='word_1_7' title='bbox 3610 382 3718 445; x_wconf 80' lang='lat'><strong>566</strong></span> 
     </span>
    </p>
   </div>
   <div class='ocr_carea' id='block_1_4' title="bbox 407 450 3718 549">
    <p class='ocr_par' dir='ltr' id='par_1_4' title="bbox 407 450 3718 549">
     <span class='ocr_line' id='line_1_4' title="bbox 407 450 3718 549; baseline 0.011 -45"><span class='ocrx_word' id='word_1_8' title='bbox 407 450 582 549; x_wconf 77' lang='lat' dir='ltr'><strong>oculis</strong></span> <span class='ocrx_word' id='word_1_9' title='bbox 606 453 1033 549; x_wconf 75' lang='lat' dir='ltr'><strong>contaminamus</strong></span> <span class='ocrx_word' id='word_1_10' title='bbox 1057 474 1075 525; x_wconf 88' lang='lat'><strong>;</strong></span> <span class='ocrx_word' id='word_1_11' title='bbox 1101 458 1531 517; x_wconf 86' lang='lat' dir='ltr'><strong>misericordiam</strong></span> <span class='ocrx_word' id='word_1_12' title='bbox 1554 502 1571 529; x_wconf 92' lang='lat'><strong>,</strong></span> <span class='ocrx_word' id='word_1_13' title='bbox 1603 478 1710 534; x_wconf 91' lang='lat' dir='ltr'><strong>qua</strong></span> <span class='ocrx_word' id='word_1_14' title='bbox 1738 478 1902 534; x_wconf 86' lang='lat' dir='ltr'><strong>super</strong></span> <span class='ocrx_word' id='word_1_15' title='bbox 1926 466 2010 521; x_wconf 84' lang='lat' dir='ltr'><strong>in-</strong></span> <span class='ocrx_word' id='word_1_16' title='bbox 2036 473 2091 534; x_wconf 71' lang='grc' dir='ltr'><strong>Α</strong></span> <span class='ocrx_word' id='word_1_17' title='bbox 2116 474 2235 522; x_wconf 90' lang='lat' dir='ltr'><strong>rent</strong></span> <span class='ocrx_word' id='word_1_18' title='bbox 2260 477 2461 524; x_wconf 89' lang='lat' dir='ltr'><strong>sectam</strong></span> <span class='ocrx_word' id='word_1_19' title='bbox 2488 469 2646 527; x_wconf 89' lang='lat' dir='ltr'><strong>istam</strong></span> <span class='ocrx_word' id='word_1_20' title='bbox 2667 511 2683 539; x_wconf 93' lang='lat'><strong>,</strong></span> <span class='ocrx_word' id='word_1_21' title='bbox 2733 472 2833 529; x_wconf 84' lang='lat' dir='ltr'><strong>nisi</strong></span> <span class='ocrx_word' id='word_1_22' title='bbox 2874 473 2949 531; x_wconf 87' lang='lat' dir='ltr'><strong>de</strong></span> <span class='ocrx_word' id='word_1_23' title='bbox 2975 476 3178 532; x_wconf 87' lang='lat' dir='ltr'><strong>meritis</strong></span> <span class='ocrx_word' id='word_1_24' title='bbox 3223 479 3366 549; x_wconf 76' lang='lat' dir='ltr'><strong>apud</strong></span> <span class='ocrx_word' id='word_1_25' title='bbox 3407 480 3718 539; x_wconf 79' lang='lat' dir='ltr'><strong>conditores</strong></span> 
     </span>
    </p>
   </div>
   <div class='ocr_carea' id='block_1_5' title="bbox 411 532 2012 626">
    <p class='ocr_par' dir='ltr' id='par_1_5' title="bbox 411 532 2012 626">
     <span class='ocr_line' id='line_1_5' title="bbox 411 532 2012 626; baseline 0.011 -30"><span class='ocrx_word' id='word_1_26' title='bbox 411 532 656 613; x_wconf 81' lang='lat' dir='ltr'><strong>digcntes</strong></span> <span class='ocrx_word' id='word_1_27' title='bbox 677 544 972 614; x_wconf 89' lang='lat' dir='ltr'><strong>flectimur;</strong></span> <span class='ocrx_word' id='word_1_28' title='bbox 1003 549 1173 619; x_wconf 86' lang='lat' dir='ltr'><strong>ipsam</strong></span> <span class='ocrx_word' id='word_1_29' title='bbox 1201 553 1504 620; x_wconf 88' lang='lat' dir='ltr'><strong>veritatem,</strong></span> <span class='ocrx_word' id='word_1_30' title='bbox 1528 532 1634 626; x_wconf 79' lang='lat' dir='ltr'><strong>qua</strong></span> <span class='ocrx_word' id='word_1_31' title='bbox 1660 532 2012 625; x_wconf 73' lang='lat' dir='ltr'><strong>offendimus;</strong></span> 
     </span>
    </p>
   </div>
   <div class='ocr_carea' id='block_1_6' title="bbox 412 632 2016 716">
    <p class='ocr_par' dir='ltr' id='par_1_6' title="bbox 412 632 2016 716">
     <span class='ocr_line' id='line_1_6' title="bbox 412 632 2016 716; baseline 0.011 -29"><span class='ocrx_word' id='word_1_32' title='bbox 412 632 581 704; x_wconf 80' lang='lat' dir='ltr'><strong>ipsam</strong></span> <span class='ocrx_word' id='word_1_33' title='bbox 611 632 910 693; x_wconf 87' lang='lat' dir='ltr'><strong>libertatem</strong></span> <span class='ocrx_word' id='word_1_34' title='bbox 933 681 947 705; x_wconf 90' lang='lat'><strong>,</strong></span> <span class='ocrx_word' id='word_1_35' title='bbox 980 655 1077 710; x_wconf 89' lang='lat' dir='ltr'><strong>pro</strong></span> <span class='ocrx_word' id='word_1_36' title='bbox 1100 658 1202 712; x_wconf 88' lang='lat' dir='ltr'><strong>qua</strong></span> <span class='ocrx_word' id='word_1_37' title='bbox 1247 644 1383 698; x_wconf 93' lang='lat' dir='ltr'><strong>mori</strong></span> <span class='ocrx_word' id='word_1_38' title='bbox 1415 644 1706 700; x_wconf 84' lang='lat' dir='ltr'><strong>novimus?</strong></span> <span class='ocrx_word' id='word_1_39' title='bbox 1754 647 1854 716; x_wconf 86' lang='lat' dir='ltr'><strong>Qui</strong></span> <span class='ocrx_word' id='word_1_40' title='bbox 1902 648 2016 704; x_wconf 89' lang='lat' dir='ltr'><strong>vult</strong></span> 
     </span>
    </p>
   </div>
   <div class='ocr_carea' id='block_1_7' title="bbox 412 724 2017 802">
    <p class='ocr_par' dir='ltr' id='par_1_7' title="bbox 412 724 2017 802">
     <span class='ocr_line' id='line_1_7' title="bbox 412 724 2017 802; baseline 0.01 -22"><span class='ocrx_word' id='word_1_41' title='bbox 412 725 709 798; x_wconf 86' lang='lat' dir='ltr'><strong>intelligere</strong></span> <span class='ocrx_word' id='word_1_42' title='bbox 759 729 847 800; x_wconf 87' lang='lat' dir='ltr'><strong>qui</strong></span> <span class='ocrx_word' id='word_1_43' title='bbox 878 724 985 787; x_wconf 76' lang='lat' dir='ltr'><strong>sin‘t</strong></span> <span class='ocrx_word' id='word_1_44' title='bbox 1024 731 1311 790; x_wconf 75' lang='lat' dir='ltr'><strong>Christiani</strong></span> <span class='ocrx_word' id='word_1_45' title='bbox 1340 777 1354 802; x_wconf 88' lang='lat'><strong>,</strong></span> <span class='ocrx_word' id='word_1_46' title='bbox 1385 736 1500 792; x_wconf 91' lang='lat' dir='ltr'><strong>istis</strong></span> <span class='ocrx_word' id='word_1_47' title='bbox 1544 737 1809 796; x_wconf 84' lang='lat' dir='ltr'><strong>indicibus</strong></span> <span class='ocrx_word' id='word_1_48' title='bbox 1836 749 2017 796; x_wconf 90' lang='lat' dir='ltr'><strong>utatur</strong></span> 
     </span>
    </p>
   </div>
   <div class='ocr_carea' id='block_1_8' title="bbox 411 828 765 876">
    <p class='ocr_par' dir='ltr' id='par_1_8' title="bbox 411 828 765 876">
     <span class='ocr_line' id='line_1_8' title="bbox 411 828 765 876; baseline 0.006 -3"><span class='ocrx_word' id='word_1_49' title='bbox 411 828 635 875; x_wconf 84' lang='lat' dir='ltr'><strong>necesse</strong></span> <span class='ocrx_word' id='word_1_50' title='bbox 660 828 765 876; x_wconf 74' lang='lat' dir='ltr'><strong>85L</strong></span> 
     </span>
    </p>
   </div>
   <div class='ocr_carea' id='block_1_9' title="bbox 484 933 2012 1015">
    <p class='ocr_par' dir='ltr' id='par_1_9' title="bbox 484 933 2012 1015">
     <span class='ocr_line' id='line_1_9' title="bbox 484 933 2012 1015; baseline 0.01 -26"><span class='ocrx_word' id='word_1_51' title='bbox 484 933 537 989; x_wconf 83' lang='lat'><strong>5.</strong></span> <span class='ocrx_word' id='word_1_52' title='bbox 596 934 750 1002; x_wconf 83' lang='lat' dir='ltr'><strong>Quod</strong></span> <span class='ocrx_word' id='word_1_53' title='bbox 793 951 922 1008; x_wconf 84' lang='lat' dir='ltr'><strong>ergo</strong></span> <span class='ocrx_word' id='word_1_54' title='bbox 967 937 1187 995; x_wconf 83' lang='lat' dir='ltr'><strong>dicitis:</strong></span> <span class='ocrx_word' id='word_1_55' title='bbox 1237 943 1457 1012; x_wconf 88' lang='lat' dir='ltr'><strong>pessimi</strong></span> <span class='ocrx_word' id='word_1_56' title='bbox 1510 952 1566 1000; x_wconf 89' lang='lat' dir='ltr'><strong>et</strong></span> <span class='ocrx_word' id='word_1_57' title='bbox 1614 945 2012 1015; x_wconf 88' lang='lat' dir='ltr'><strong>probrosisslmi</strong></span> 
     </span>
    </p>
   </div>
   <div class='ocr_carea' id='block_1_10' title="bbox 413 1026 2014 1109">
    <p class='ocr_par' dir='ltr' id='par_1_10' title="bbox 413 1026 2014 1109">
     <span class='ocr_line' id='line_1_10' title="bbox 413 1026 2014 1109; baseline 0.01 -31"><span class='ocrx_word' id='word_1_58' title='bbox 413 1026 632 1107; x_wconf 75' lang='lat' dir='ltr'><strong>avaritia</strong></span> <span class='ocrx_word' id='word_1_59' title='bbox 656 1067 671 1093; x_wconf 93' lang='lat'><strong>,</strong></span> <span class='ocrx_word' id='word_1_60' title='bbox 705 1027 935 1098; x_wconf 83' lang='lat' dir='ltr'><strong>luxuria,</strong></span> <span class='ocrx_word' id='word_1_61' title='bbox 966 1029 1345 1101; x_wconf 81' lang='lat' dir='ltr'><strong>improbitate;</strong></span> <span class='ocrx_word' id='word_1_62' title='bbox 1377 1051 1483 1091; x_wconf 92' lang='lat' dir='ltr'><strong>non</strong></span> <span class='ocrx_word' id='word_1_63' title='bbox 1511 1037 1826 1108; x_wconf 88' lang='lat' dir='ltr'><strong>negabimus</strong></span> <span class='ocrx_word' id='word_1_64' title='bbox 1851 1052 2014 1109; x_wconf 80' lang='lat' dir='ltr'><strong>quos-</strong></span> 
     </span>
    </p>
   </div>
   <div class='ocr_carea' id='block_1_11' title="bbox 344 1118 2009 1198">
    <p class='ocr_par' dir='ltr' id='par_1_11' title="bbox 344 1118 2009 1198">
     <span class='ocr_line' id='line_1_11' title="bbox 344 1118 2009 1198; baseline 0.007 -24"><span class='ocrx_word' id='word_1_65' title='bbox 344 1194 348 1198; x_wconf 19' lang='lat'><strong><em>.</em></strong></span> <span class='ocrx_word' id='word_1_66' title='bbox 413 1118 570 1187; x_wconf 88' lang='lat' dir='ltr'><strong>dam;</strong></span> <span class='ocrx_word' id='word_1_67' title='bbox 600 1120 799 1177; x_wconf 85' lang='lat' dir='ltr'><strong>sufficit</strong></span> <span class='ocrx_word' id='word_1_68' title='bbox 827 1133 881 1179; x_wconf 90' lang='lat' dir='ltr'><strong>et</strong></span> <span class='ocrx_word' id='word_1_69' title='bbox 909 1123 1010 1179; x_wconf 92' lang='lat' dir='ltr'><strong>hoc</strong></span> <span class='ocrx_word' id='word_1_70' title='bbox 1029 1125 1096 1180; x_wconf 91' lang='lat' dir='ltr'><strong>ad</strong></span> <span class='ocrx_word' id='word_1_71' title='bbox 1129 1128 1493 1183; x_wconf 87' lang='lat' dir='ltr'><strong>testimonium</strong></span> <span class='ocrx_word' id='word_1_72' title='bbox 1525 1128 1757 1185; x_wconf 88' lang='lat' dir='ltr'><strong>nominis</strong></span> <span class='ocrx_word' id='word_1_73' title='bbox 1797 1130 1966 1186; x_wconf 80' lang='lat' dir='ltr'><strong>nostri</strong></span> <span class='ocrx_word' id='word_1_74' title='bbox 1995 1149 2009 1186; x_wconf 89' lang='lat'><strong>:</strong></span> 
     </span>
    </p>
   </div>
   <div class='ocr_carea' id='block_1_12' title="bbox 413 1218 2009 1292">
    <p class='ocr_par' dir='ltr' id='par_1_12' title="bbox 413 1218 2009 1292">
     <span class='ocr_line' id='line_1_12' title="bbox 413 1218 2009 1292; baseline 0.003 -19"><span class='ocrx_word' id='word_1_75' title='bbox 413 1218 457 1274; x_wconf 90' lang='lat' dir='ltr'><strong>si</strong></span> <span class='ocrx_word' id='word_1_76' title='bbox 480 1233 585 1274; x_wconf 90' lang='lat' dir='ltr'><strong>non</strong></span> <span class='ocrx_word' id='word_1_77' title='bbox 615 1236 842 1288; x_wconf 75' lang='lat' dir='ltr'><strong>omnes;</strong></span> <span class='ocrx_word' id='word_1_78' title='bbox 870 1223 914 1276; x_wconf 93' lang='lat' dir='ltr'><strong>si</strong></span> <span class='ocrx_word' id='word_1_79' title='bbox 945 1238 1049 1278; x_wconf 90' lang='lat' dir='ltr'><strong>non</strong></span> <span class='ocrx_word' id='word_1_80' title='bbox 1080 1225 1278 1292; x_wconf 82' lang='lat' dir='ltr'><strong>plures.</strong></span> <span class='ocrx_word' id='word_1_81' title='bbox 1307 1224 1539 1280; x_wconf 81' lang='lat' dir='ltr'><strong>Necesse</strong></span> <span class='ocrx_word' id='word_1_82' title='bbox 1564 1233 1648 1278; x_wconf 89' lang='lat' dir='ltr'><strong>est</strong></span> <span class='ocrx_word' id='word_1_83' title='bbox 1679 1224 1731 1277; x_wconf 91' lang='lat' dir='ltr'><strong>in</strong></span> <span class='ocrx_word' id='word_1_84' title='bbox 1757 1237 2009 1292; x_wconf 83' lang='lat' dir='ltr'><strong>corpore,</strong></span> 
     </span>
    </p>
   </div>
   <div class='ocr_carea' id='block_1_13' title="bbox 415 1302 2012 1388">
    <p class='ocr_par' dir='ltr' id='par_1_13' title="bbox 415 1302 2012 1388">
     <span class='ocr_line' id='line_1_13' title="bbox 415 1302 2012 1388; baseline 0.004 -23"><span class='ocrx_word' id='word_1_85' title='bbox 415 1302 509 1382; x_wconf 86' lang='lat' dir='ltr'><strong>[et]</strong></span> <span class='ocrx_word' id='word_1_86' title='bbox 540 1321 796 1383; x_wconf 86' lang='lat' dir='ltr'><strong>quantum</strong></span> <span class='ocrx_word' id='word_1_87' title='bbox 825 1314 957 1369; x_wconf 84' lang='lat' dir='ltr'><strong>velis</strong></span> <span class='ocrx_word' id='word_1_88' title='bbox 982 1315 1191 1388; x_wconf 79' lang='lat' dir='ltr'><strong>integro</strong></span> <span class='ocrx_word' id='word_1_89' title='bbox 1221 1326 1313 1371; x_wconf 89' lang='lat' dir='ltr'><strong>aut</strong></span> <span class='ocrx_word' id='word_1_90' title='bbox 1341 1331 1496 1387; x_wconf 86' lang='lat' dir='ltr'><strong>puro,</strong></span> <span class='ocrx_word' id='word_1_91' title='bbox 1528 1324 1585 1371; x_wconf 91' lang='lat' dir='ltr'><strong>ut</strong></span> <span class='ocrx_word' id='word_1_92' title='bbox 1612 1331 1794 1370; x_wconf 72' lang='lat' dir='ltr'><strong>nmvus</strong></span> <span class='ocrx_word' id='word_1_93' title='bbox 1817 1316 2012 1386; x_wconf 80' lang='lat' dir='ltr'><strong>aliquis</strong></span> 
     </span>
    </p>
   </div>
   <div class='ocr_carea' id='block_1_14' title="bbox 414 1404 2012 1481">
    <p class='ocr_par' dir='ltr' id='par_1_14' title="bbox 414 1404 2012 1481">
     <span class='ocr_line' id='line_1_14' title="bbox 414 1404 2012 1481; baseline 0.003 -23"><span class='ocrx_word' id='word_1_94' title='bbox 414 1404 713 1470; x_wconf 85' lang='lat' dir='ltr'><strong>cli&#39;ruticet,</strong></span> <span class='ocrx_word' id='word_1_95' title='bbox 741 1416 834 1462; x_wconf 88' lang='lat' dir='ltr'><strong>aut</strong></span> <span class='ocrx_word' id='word_1_96' title='bbox 860 1406 1136 1464; x_wconf 86' lang='lat' dir='ltr'><strong>verrucula</strong></span> <span class='ocrx_word' id='word_1_97' title='bbox 1167 1419 1422 1481; x_wconf 77' lang='lat' dir='ltr'><strong>exsurgat</strong></span> <span class='ocrx_word' id='word_1_98' title='bbox 1452 1452 1467 1475; x_wconf 92' lang='lat'><strong>,</strong></span> <span class='ocrx_word' id='word_1_99' title='bbox 1515 1420 1607 1464; x_wconf 90' lang='lat' dir='ltr'><strong>aut</strong></span> <span class='ocrx_word' id='word_1_100' title='bbox 1653 1409 1853 1478; x_wconf 84' lang='lat' dir='ltr'><strong>lentigo</strong></span> <span class='ocrx_word' id='word_1_101' title='bbox 1896 1423 2012 1464; x_wconf 85' lang='lat' dir='ltr'><strong>sor-</strong></span> 
     </span>
    </p>
   </div>
   <div class='ocr_carea' id='block_1_15' title="bbox 414 1493 2014 1570">
    <p class='ocr_par' dir='ltr' id='par_1_15' title="bbox 414 1493 2014 1570">
     <span class='ocr_line' id='line_1_15' title="bbox 414 1493 2014 1570; baseline 0.004 -22"><span class='ocrx_word' id='word_1_102' title='bbox 414 1493 619 1552; x_wconf 72' lang='lat' dir='ltr'><strong>descat.</strong></span> <span class='ocrx_word' id='word_1_103' title='bbox 653 1497 865 1554; x_wconf 65' lang='lat' dir='ltr'><strong>Casium</strong></span> <span class='ocrx_word' id='word_1_104' title='bbox 898 1500 1073 1570; x_wconf 89' lang='lat' dir='ltr'><strong>ipsum</strong></span> <span class='ocrx_word' id='word_1_105' title='bbox 1098 1503 1244 1556; x_wconf 88' lang='lat' dir='ltr'><strong>nulla</strong></span> <span class='ocrx_word' id='word_1_106' title='bbox 1267 1502 1530 1557; x_wconf 79' lang='lat' dir='ltr'><strong>serenitas</strong></span> <span class='ocrx_word' id='word_1_107' title='bbox 1553 1508 1660 1555; x_wconf 89' lang='lat' dir='ltr'><strong>tam</strong></span> <span class='ocrx_word' id='word_1_108' title='bbox 1682 1501 1855 1555; x_wconf 84' lang='lat' dir='ltr'><strong>colata</strong></span> <span class='ocrx_word' id='word_1_109' title='bbox 1890 1515 2014 1570; x_wconf 90' lang='lat' dir='ltr'><strong>pur-</strong></span> 
     </span>
    </p>
   </div>
   <div class='ocr_carea' id='block_1_16' title="bbox 412 1592 2009 1663">
    <p class='ocr_par' dir='ltr' id='par_1_16' title="bbox 412 1592 2009 1663">
     <span class='ocr_line' id='line_1_16' title="bbox 412 1592 2009 1663; baseline 0.004 -21"><span class='ocrx_word' id='word_1_110' title='bbox 412 1598 534 1658; x_wconf 87' lang='lat' dir='ltr'><strong>gat,</strong></span> <span class='ocrx_word' id='word_1_111' title='bbox 579 1597 638 1644; x_wconf 93' lang='lat' dir='ltr'><strong>ut</strong></span> <span class='ocrx_word' id='word_1_112' title='bbox 676 1604 782 1646; x_wconf 91' lang='lat' dir='ltr'><strong>non</strong></span> <span class='ocrx_word' id='word_1_113' title='bbox 813 1592 1038 1663; x_wconf 84' lang='lat' dir='ltr'><strong>alicujus</strong></span> <span class='ocrx_word' id='word_1_114' title='bbox 1089 1596 1365 1651; x_wconf 64' lang='lat' dir='ltr'><strong>nubeculas</strong></span> <span class='ocrx_word' id='word_1_115' title='bbox 1407 1594 1636 1650; x_wconf 87' lang='lat' dir='ltr'><strong>flocculo</strong></span> <span class='ocrx_word' id='word_1_116' title='bbox 1689 1594 2009 1663; x_wconf 78' lang='lat' dir='ltr'><strong>resignetur.</strong></span> 
     </span>
    </p>
   </div>
   <div class='ocr_carea' id='block_1_17' title="bbox 414 1679 2013 1758">
    <p class='ocr_par' dir='ltr' id='par_1_17' title="bbox 414 1679 2013 1758">
     <span class='ocr_line' id='line_1_17' title="bbox 414 1679 2013 1758; baseline 0.006 -25"><span class='ocrx_word' id='word_1_117' title='bbox 414 1679 619 1736; x_wconf 84' lang='lat' dir='ltr'><strong>Modica</strong></span> <span class='ocrx_word' id='word_1_118' title='bbox 654 1685 860 1740; x_wconf 78' lang='lat' dir='ltr'><strong>macula</strong></span> <span class='ocrx_word' id='word_1_119' title='bbox 892 1686 1167 1755; x_wconf 76' lang='lat' dir='ltr'><strong>infronte,</strong></span> <span class='ocrx_word' id='word_1_120' title='bbox 1200 1690 1250 1743; x_wconf 89' lang='lat' dir='ltr'><strong>in</strong></span> <span class='ocrx_word' id='word_1_121' title='bbox 1282 1697 1432 1757; x_wconf 89' lang='lat' dir='ltr'><strong>parte</strong></span> <span class='ocrx_word' id='word_1_122' title='bbox 1457 1687 1688 1758; x_wconf 89' lang='lat' dir='ltr'><strong>quadam</strong></span> <span class='ocrx_word' id='word_1_123' title='bbox 1718 1686 2013 1756; x_wconf 82' lang='lat' dir='ltr'><strong>exemplari</strong></span> 
     </span>
    </p>
   </div>
   <div class='ocr_carea' id='block_1_18' title="bbox 415 1771 2090 1874">
    <p class='ocr_par' dir='ltr' id='par_1_18' title="bbox 415 1771 2090 1874">
     <span class='ocr_line' id='line_1_18' title="bbox 415 1771 2090 1874; baseline 0.008 -49"><span class='ocrx_word' id='word_1_124' title='bbox 415 1771 569 1835; x_wconf 83' lang='lat' dir='ltr'><strong>visa-,</strong></span> <span class='ocrx_word' id='word_1_125' title='bbox 613 1789 720 1843; x_wconf 88' lang='lat' dir='ltr'><strong>quo</strong></span> <span class='ocrx_word' id='word_1_126' title='bbox 748 1776 1068 1833; x_wconf 85' lang='lat' dir='ltr'><strong>universitas</strong></span> <span class='ocrx_word' id='word_1_127' title='bbox 1093 1780 1292 1835; x_wconf 86' lang='lat' dir='ltr'><strong>munda</strong></span> <span class='ocrx_word' id='word_1_128' title='bbox 1319 1790 1402 1836; x_wconf 89' lang='lat' dir='ltr'><strong>est</strong></span> <span class='ocrx_word' id='word_1_129' title='bbox 1438 1796 1452 1832; x_wconf 89' lang='lat'><strong>:</strong></span> <span class='ocrx_word' id='word_1_130' title='bbox 1485 1781 1659 1850; x_wconf 83' lang='lat' dir='ltr'><strong>major</strong></span> <span class='ocrx_word' id='word_1_131' title='bbox 1687 1780 1810 1835; x_wconf 86' lang='lat' dir='ltr'><strong>boni</strong></span> <span class='ocrx_word' id='word_1_132' title='bbox 1836 1781 2013 1848; x_wconf 89' lang='lat' dir='ltr'><strong>portio</strong></span> <span class='ocrx_word' id='word_1_133' title='bbox 2041 1813 2090 1874; x_wconf 80' lang='grc' dir='ltr'><strong>Β</strong></span> 
     </span>
    </p>
   </div>
   <div class='ocr_carea' id='block_1_19' title="bbox 414 1864 2012 1930">
    <p class='ocr_par' dir='ltr' id='par_1_19' title="bbox 414 1864 2012 1930">
     <span class='ocr_line' id='line_1_19' title="bbox 414 1864 2012 1930; baseline 0.006 -11"><span class='ocrx_word' id='word_1_134' title='bbox 414 1864 623 1921; x_wconf 89' lang='lat' dir='ltr'><strong>modico</strong></span> <span class='ocrx_word' id='word_1_135' title='bbox 649 1867 793 1921; x_wconf 88' lang='lat' dir='ltr'><strong>malo</strong></span> <span class='ocrx_word' id='word_1_136' title='bbox 845 1871 910 1923; x_wconf 88' lang='lat' dir='ltr'><strong>ad</strong></span> <span class='ocrx_word' id='word_1_137' title='bbox 956 1873 1319 1928; x_wconf 88' lang='lat' dir='ltr'><strong>testimonium</strong></span> <span class='ocrx_word' id='word_1_138' title='bbox 1352 1874 1435 1928; x_wconf 84' lang='lat' dir='ltr'><strong>sui</strong></span> <span class='ocrx_word' id='word_1_139' title='bbox 1462 1874 1646 1929; x_wconf 81' lang='lat' dir='ltr'><strong>utitur.</strong></span> <span class='ocrx_word' id='word_1_140' title='bbox 1677 1874 1810 1930; x_wconf 85' lang='lat' dir='ltr'><strong>Cum</strong></span> <span class='ocrx_word' id='word_1_141' title='bbox 1837 1884 2012 1930; x_wconf 87' lang='lat' dir='ltr'><strong>tamen</strong></span> 
     </span>
    </p>
   </div>
   <div class='ocr_carea' id='block_1_20' title="bbox 416 1958 2015 2036">
    <p class='ocr_par' dir='ltr' id='par_1_20' title="bbox 416 1958 2015 2036">
     <span class='ocr_line' id='line_1_20' title="bbox 416 1958 2015 2036; baseline 0.007 -25"><span class='ocrx_word' id='word_1_142' title='bbox 416 1958 620 2029; x_wconf 88' lang='lat' dir='ltr'><strong>aliquos</strong></span> <span class='ocrx_word' id='word_1_143' title='bbox 665 1960 733 2016; x_wconf 88' lang='lat' dir='ltr'><strong>de</strong></span> <span class='ocrx_word' id='word_1_144' title='bbox 797 1963 995 2017; x_wconf 89' lang='lat' dir='ltr'><strong>nostris</strong></span> <span class='ocrx_word' id='word_1_145' title='bbox 1041 1965 1211 2020; x_wconf 86' lang='lat' dir='ltr'><strong>malos</strong></span> <span class='ocrx_word' id='word_1_146' title='bbox 1260 1966 1532 2033; x_wconf 88' lang='lat' dir='ltr'><strong>probatis,</strong></span> <span class='ocrx_word' id='word_1_147' title='bbox 1588 1966 1699 2035; x_wconf 89' lang='lat' dir='ltr'><strong>jam</strong></span> <span class='ocrx_word' id='word_1_148' title='bbox 1751 1966 1853 2022; x_wconf 88' lang='lat' dir='ltr'><strong>hoc</strong></span> <span class='ocrx_word' id='word_1_149' title='bbox 1897 1966 2015 2036; x_wconf 86' lang='lat' dir='ltr'><strong>ipso</strong></span> 
     </span>
    </p>
   </div>
   <div class='ocr_carea' id='block_1_21' title="bbox 414 2048 2013 2127">
    <p class='ocr_par' dir='ltr' id='par_1_21' title="bbox 414 2048 2013 2127">
     <span class='ocr_line' id='line_1_21' title="bbox 414 2048 2013 2127; baseline 0.006 -23"><span class='ocrx_word' id='word_1_150' title='bbox 414 2048 746 2106; x_wconf 88' lang='lat' dir='ltr'><strong>Christianos</strong></span> <span class='ocrx_word' id='word_1_151' title='bbox 774 2070 878 2107; x_wconf 91' lang='lat' dir='ltr'><strong>non</strong></span> <span class='ocrx_word' id='word_1_152' title='bbox 915 2053 1182 2124; x_wconf 83' lang='lat' dir='ltr'><strong>probatis;</strong></span> <span class='ocrx_word' id='word_1_153' title='bbox 1208 2058 1434 2127; x_wconf 66' lang='lat' dir='ltr'><strong>quaerite</strong></span> <span class='ocrx_word' id='word_1_154' title='bbox 1460 2099 1476 2124; x_wconf 92' lang='lat'><strong>,</strong></span> <span class='ocrx_word' id='word_1_155' title='bbox 1504 2069 1648 2113; x_wconf 88' lang='lat' dir='ltr'><strong>secta</strong></span> <span class='ocrx_word' id='word_1_156' title='bbox 1670 2057 1756 2113; x_wconf 89' lang='lat' dir='ltr'><strong>cui</strong></span> <span class='ocrx_word' id='word_1_157' title='bbox 1797 2057 2013 2114; x_wconf 77' lang='lat' dir='ltr'><strong>malitia:</strong></span> 
     </span>
    </p>
   </div>
   <div class='ocr_carea' id='block_1_22' title="bbox 413 2138 2012 2219">
    <p class='ocr_par' dir='ltr' id='par_1_22' title="bbox 413 2138 2012 2219">
     <span class='ocr_line' id='line_1_22' title="bbox 413 2138 2012 2219; baseline 0.005 -24"><span class='ocrx_word' id='word_1_158' title='bbox 413 2138 738 2211; x_wconf 84' lang='lat' dir='ltr'><strong>deputatur?</strong></span> <span class='ocrx_word' id='word_1_159' title='bbox 762 2143 867 2214; x_wconf 85' lang='lat' dir='ltr'><strong>Ipsi</strong></span> <span class='ocrx_word' id='word_1_160' title='bbox 898 2144 948 2199; x_wconf 90' lang='lat' dir='ltr'><strong>in</strong></span> <span class='ocrx_word' id='word_1_161' title='bbox 964 2145 1255 2217; x_wconf 90' lang='lat' dir='ltr'><strong>colloquio,</strong></span> <span class='ocrx_word' id='word_1_162' title='bbox 1285 2149 1326 2203; x_wconf 88' lang='lat' dir='ltr'><strong>si</strong></span> <span class='ocrx_word' id='word_1_163' title='bbox 1353 2148 1567 2219; x_wconf 80' lang='lat' dir='ltr'><strong>quando</strong></span> <span class='ocrx_word' id='word_1_164' title='bbox 1592 2148 1849 2204; x_wconf 87' lang='lat' dir='ltr'><strong>adversus</strong></span> <span class='ocrx_word' id='word_1_165' title='bbox 1880 2164 1976 2203; x_wconf 84' lang='lat' dir='ltr'><strong>nos</strong></span> <span class='ocrx_word' id='word_1_166' title='bbox 1996 2188 2012 2215; x_wconf 92' lang='lat'><strong>,</strong></span> 
     </span>
    </p>
   </div>
   <div class='ocr_carea' id='block_1_23' title="bbox 414 2234 2010 2306">
    <p class='ocr_par' dir='ltr' id='par_1_23' title="bbox 414 2234 2010 2306">
     <span class='ocr_line' id='line_1_23' title="bbox 414 2234 2010 2306; baseline 0.004 -18"><span class='ocrx_word' id='word_1_167' title='bbox 414 2249 511 2288; x_wconf 91' lang='lat' dir='ltr'><strong>cur</strong></span> <span class='ocrx_word' id='word_1_168' title='bbox 550 2234 673 2300; x_wconf 89' lang='lat' dir='ltr'><strong>ille,</strong></span> <span class='ocrx_word' id='word_1_169' title='bbox 706 2235 965 2306; x_wconf 78' lang='lat' dir='ltr'><strong>inquitis,</strong></span> <span class='ocrx_word' id='word_1_170' title='bbox 1002 2238 1276 2295; x_wconf 80' lang='lat' dir='ltr'><strong>fraudator</strong></span> <span class='ocrx_word' id='word_1_171' title='bbox 1300 2282 1313 2306; x_wconf 94' lang='lat'><strong>,</strong></span> <span class='ocrx_word' id='word_1_172' title='bbox 1361 2241 1407 2296; x_wconf 92' lang='lat' dir='ltr'><strong>si</strong></span> <span class='ocrx_word' id='word_1_173' title='bbox 1450 2240 1780 2298; x_wconf 84' lang='lat' dir='ltr'><strong>abstinentes</strong></span> <span class='ocrx_word' id='word_1_174' title='bbox 1825 2240 2010 2297; x_wconf 87' lang='lat' dir='ltr'><strong>Chris-</strong></span> 
     </span>
    </p>
   </div>
   <div class='ocr_carea' id='block_1_24' title="bbox 417 2327 2006 2398">
    <p class='ocr_par' dir='ltr' id='par_1_24' title="bbox 417 2327 2006 2398">
     <span class='ocr_line' id='line_1_24' title="bbox 417 2327 2006 2398; baseline 0.006 -17"><span class='ocrx_word' id='word_1_175' title='bbox 417 2327 585 2382; x_wconf 87' lang='lat' dir='ltr'><strong>tiani?</strong></span> <span class='ocrx_word' id='word_1_176' title='bbox 614 2344 710 2383; x_wconf 91' lang='lat' dir='ltr'><strong>eur</strong></span> <span class='ocrx_word' id='word_1_177' title='bbox 737 2329 957 2393; x_wconf 79' lang='lat' dir='ltr'><strong>immitis</strong></span> <span class='ocrx_word' id='word_1_178' title='bbox 984 2374 999 2398; x_wconf 87' lang='lat'><strong>,</strong></span> <span class='ocrx_word' id='word_1_179' title='bbox 1044 2333 1090 2387; x_wconf 88' lang='lat' dir='ltr'><strong>si</strong></span> <span class='ocrx_word' id='word_1_180' title='bbox 1121 2333 1542 2390; x_wconf 83' lang='lat' dir='ltr'><strong>misericordes?</strong></span> <span class='ocrx_word' id='word_1_181' title='bbox 1570 2333 1722 2390; x_wconf 83' lang='lat' dir='ltr'><strong>Adeo</strong></span> <span class='ocrx_word' id='word_1_182' title='bbox 1765 2336 2006 2390; x_wconf 62' lang='lat' dir='ltr'><strong>testimoo</strong></span> 
     </span>
    </p>
   </div>
   <div class='ocr_carea' id='block_1_25' title="bbox 413 2420 2010 2491">
    <p class='ocr_par' dir='ltr' id='par_1_25' title="bbox 413 2420 2010 2491">
     <span class='ocr_line' id='line_1_25' title="bbox 413 2420 2010 2491; baseline 0.005 -17"><span class='ocrx_word' id='word_1_183' title='bbox 413 2420 562 2475; x_wconf 89' lang='lat' dir='ltr'><strong>nium</strong></span> <span class='ocrx_word' id='word_1_184' title='bbox 595 2420 818 2478; x_wconf 86' lang='lat' dir='ltr'><strong>redditis</strong></span> <span class='ocrx_word' id='word_1_185' title='bbox 836 2466 851 2491; x_wconf 91' lang='lat'><strong>,</strong></span> <span class='ocrx_word' id='word_1_186' title='bbox 878 2440 984 2479; x_wconf 89' lang='lat' dir='ltr'><strong>non</strong></span> <span class='ocrx_word' id='word_1_187' title='bbox 1011 2439 1133 2482; x_wconf 85' lang='lat' dir='ltr'><strong>esse</strong></span> <span class='ocrx_word' id='word_1_188' title='bbox 1161 2426 1294 2482; x_wconf 85' lang='lat' dir='ltr'><strong>tales</strong></span> <span class='ocrx_word' id='word_1_189' title='bbox 1321 2426 1653 2483; x_wconf 83' lang='lat' dir='ltr'><strong>Christianos</strong></span> <span class='ocrx_word' id='word_1_190' title='bbox 1674 2467 1689 2489; x_wconf 87' lang='lat'><strong>,</strong></span> <span class='ocrx_word' id='word_1_191' title='bbox 1735 2427 1862 2482; x_wconf 90' lang='lat' dir='ltr'><strong>dum</strong></span> <span class='ocrx_word' id='word_1_192' title='bbox 1913 2443 2010 2483; x_wconf 88' lang='lat' dir='ltr'><strong>cur</strong></span> 
     </span>
    </p>
   </div>
   <div class='ocr_carea' id='block_1_26' title="bbox 416 2511 2005 2589">
    <p class='ocr_par' dir='ltr' id='par_1_26' title="bbox 416 2511 2005 2589">
     <span class='ocr_line' id='line_1_26' title="bbox 416 2511 2005 2589; baseline 0.004 -23"><span class='ocrx_word' id='word_1_193' title='bbox 416 2511 552 2568; x_wconf 89' lang='lat' dir='ltr'><strong>tales</strong></span> <span class='ocrx_word' id='word_1_194' title='bbox 578 2513 684 2568; x_wconf 91' lang='lat' dir='ltr'><strong>sint</strong></span> <span class='ocrx_word' id='word_1_195' title='bbox 709 2516 797 2585; x_wconf 90' lang='lat' dir='ltr'><strong>qui</strong></span> <span class='ocrx_word' id='word_1_196' title='bbox 828 2515 1085 2587; x_wconf 39' lang='lat' dir='ltr'><strong>dicuntur.</strong></span> <span class='ocrx_word' id='word_1_197' title='bbox 1120 2516 1445 2584; x_wconf 83' lang='lat' dir='ltr'><strong>Christiani,</strong></span> <span class='ocrx_word' id='word_1_198' title='bbox 1490 2520 1833 2589; x_wconf 83' lang='lat' dir='ltr'><strong>retorquetis.</strong></span> <span class='ocrx_word' id='word_1_199' title='bbox 1870 2518 2005 2573; x_wconf 78' lang='lat' dir='ltr'><strong>Mul-</strong></span> 
     </span>
    </p>
   </div>
   <div class='ocr_carea' id='block_1_27' title="bbox 416 2606 2009 2682">
    <p class='ocr_par' dir='ltr' id='par_1_27' title="bbox 416 2606 2009 2682">
     <span class='ocr_line' id='line_1_27' title="bbox 416 2606 2009 2682; baseline 0.006 -23"><span class='ocrx_word' id='word_1_200' title='bbox 416 2614 524 2659; x_wconf 87' lang='lat' dir='ltr'><strong>tutn</strong></span> <span class='ocrx_word' id='word_1_201' title='bbox 546 2606 816 2663; x_wconf 67' lang='lat' dir='ltr'><strong>distantia:</strong></span> <span class='ocrx_word' id='word_1_202' title='bbox 842 2610 980 2666; x_wconf 88' lang='lat' dir='ltr'><strong>inter</strong></span> <span class='ocrx_word' id='word_1_203' title='bbox 1001 2612 1204 2668; x_wconf 88' lang='lat' dir='ltr'><strong>crimen</strong></span> <span class='ocrx_word' id='word_1_204' title='bbox 1230 2622 1286 2667; x_wconf 90' lang='lat' dir='ltr'><strong>et</strong></span> <span class='ocrx_word' id='word_1_205' title='bbox 1314 2627 1510 2667; x_wconf 89' lang='lat' dir='ltr'><strong>nomen</strong></span> <span class='ocrx_word' id='word_1_206' title='bbox 1557 2652 1573 2679; x_wconf 90' lang='lat'><strong>,</strong></span> <span class='ocrx_word' id='word_1_207' title='bbox 1620 2613 1759 2667; x_wconf 89' lang='lat' dir='ltr'><strong>inter</strong></span> <span class='ocrx_word' id='word_1_208' title='bbox 1800 2613 2009 2682; x_wconf 86' lang='lat' dir='ltr'><strong>opinio-</strong></span> 
     </span>
    </p>
   </div>
   <div class='ocr_carea' id='block_1_28' title="bbox 413 2701 2004 2768">
    <p class='ocr_par' dir='ltr' id='par_1_28' title="bbox 413 2701 2004 2768">
     <span class='ocr_line' id='line_1_28' title="bbox 413 2701 2004 2768; baseline 0.005 -18"><span class='ocrx_word' id='word_1_209' title='bbox 413 2712 532 2753; x_wconf 90' lang='lat' dir='ltr'><strong>nem</strong></span> <span class='ocrx_word' id='word_1_210' title='bbox 563 2710 619 2754; x_wconf 88' lang='lat' dir='ltr'><strong>et</strong></span> <span class='ocrx_word' id='word_1_211' title='bbox 650 2701 952 2757; x_wconf 70' lang='lat' dir='ltr'><strong>veritatem.</strong></span> <span class='ocrx_word' id='word_1_212' title='bbox 987 2703 1118 2757; x_wconf 88' lang='lat' dir='ltr'><strong>Nam</strong></span> <span class='ocrx_word' id='word_1_213' title='bbox 1146 2710 1201 2759; x_wconf 86' lang='lat' dir='ltr'><strong>et</strong></span> <span class='ocrx_word' id='word_1_214' title='bbox 1227 2704 1443 2759; x_wconf 88' lang='lat' dir='ltr'><strong>nomina</strong></span> <span class='ocrx_word' id='word_1_215' title='bbox 1473 2704 1551 2759; x_wconf 91' lang='lat' dir='ltr'><strong>sie</strong></span> <span class='ocrx_word' id='word_1_216' title='bbox 1577 2714 1704 2758; x_wconf 89' lang='lat' dir='ltr'><strong>sunt</strong></span> <span class='ocrx_word' id='word_1_217' title='bbox 1730 2704 1971 2759; x_wconf 88' lang='lat' dir='ltr'><strong>instituta</strong></span> <span class='ocrx_word' id='word_1_218' title='bbox 1991 2743 2004 2768; x_wconf 91' lang='lat'><strong>,</strong></span> 
     </span>
    </p>
   </div>
   <div class='ocr_carea' id='block_1_29' title="bbox 412 2787 2012 2864">
    <p class='ocr_par' dir='ltr' id='par_1_29' title="bbox 412 2787 2012 2864">
     <span class='ocr_line' id='line_1_29' title="bbox 412 2787 2012 2864; baseline 0.003 -18"><span class='ocrx_word' id='word_1_219' title='bbox 412 2797 468 2846; x_wconf 80' lang='lat' dir='ltr'><strong>tu</strong></span> <span class='ocrx_word' id='word_1_220' title='bbox 497 2787 635 2844; x_wconf 82' lang='lat' dir='ltr'><strong>lines</strong></span> <span class='ocrx_word' id='word_1_221' title='bbox 653 2804 782 2845; x_wconf 89' lang='lat' dir='ltr'><strong>suos</strong></span> <span class='ocrx_word' id='word_1_222' title='bbox 812 2790 1041 2848; x_wconf 84' lang='lat' dir='ltr'><strong>habeant</strong></span> <span class='ocrx_word' id='word_1_223' title='bbox 1065 2794 1205 2849; x_wconf 90' lang='lat' dir='ltr'><strong>inter</strong></span> <span class='ocrx_word' id='word_1_224' title='bbox 1227 2793 1331 2849; x_wconf 89' lang='lat' dir='ltr'><strong>dici</strong></span> <span class='ocrx_word' id='word_1_225' title='bbox 1351 2805 1405 2850; x_wconf 90' lang='lat' dir='ltr'><strong>et</strong></span> <span class='ocrx_word' id='word_1_226' title='bbox 1426 2810 1565 2850; x_wconf 90' lang='lat' dir='ltr'><strong>esse.</strong></span> <span class='ocrx_word' id='word_1_227' title='bbox 1595 2794 1737 2862; x_wconf 89' lang='lat' dir='ltr'><strong>Quot</strong></span> <span class='ocrx_word' id='word_1_228' title='bbox 1780 2796 2012 2864; x_wconf 86' lang='lat' dir='ltr'><strong>denique</strong></span> 
     </span>
    </p>
   </div>
   <div class='ocr_carea' id='block_1_30' title="bbox 418 2881 2013 2957">
    <p class='ocr_par' dir='ltr' id='par_1_30' title="bbox 418 2881 2013 2957">
     <span class='ocr_line' id='line_1_30' title="bbox 418 2881 2013 2957; baseline 0.006 -23"><span class='ocrx_word' id='word_1_229' title='bbox 418 2881 724 2953; x_wconf 82' lang='lat' dir='ltr'><strong>philosophi</strong></span> <span class='ocrx_word' id='word_1_230' title='bbox 755 2882 1042 2952; x_wconf 89' lang='lat' dir='ltr'><strong>dicuntur,</strong></span> <span class='ocrx_word' id='word_1_231' title='bbox 1078 2901 1179 2942; x_wconf 87' lang='lat' dir='ltr'><strong>nec</strong></span> <span class='ocrx_word' id='word_1_232' title='bbox 1219 2896 1397 2942; x_wconf 90' lang='lat' dir='ltr'><strong>tamen</strong></span> <span class='ocrx_word' id='word_1_233' title='bbox 1438 2886 1610 2957; x_wconf 84' lang='lat' dir='ltr'><strong>legem</strong></span> <span class='ocrx_word' id='word_1_234' title='bbox 1659 2886 2013 2956; x_wconf 70' lang='lat' dir='ltr'><strong>philosophiae</strong></span> 
     </span>
    </p>
   </div>
   <div class='ocr_carea' id='block_1_31' title="bbox 412 2977 2010 3052">
    <p class='ocr_par' dir='ltr' id='par_1_31' title="bbox 412 2977 2010 3052">
     <span class='ocr_line' id='line_1_31' title="bbox 412 2977 2010 3052; baseline 0 -18"><span class='ocrx_word' id='word_1_235' title='bbox 412 2979 708 3052; x_wconf 87' lang='lat' dir='ltr'><strong>adimplent</strong></span> <span class='ocrx_word' id='word_1_236' title='bbox 727 2982 749 3035; x_wconf 85' lang='lat'><strong>?</strong></span> <span class='ocrx_word' id='word_1_237' title='bbox 768 2982 971 3036; x_wconf 86' lang='lat' dir='ltr'><strong>Omnes</strong></span> <span class='ocrx_word' id='word_1_238' title='bbox 992 2994 1185 3034; x_wconf 87' lang='lat' dir='ltr'><strong>nomen</strong></span> <span class='ocrx_word' id='word_1_239' title='bbox 1216 2978 1283 3034; x_wconf 92' lang='lat' dir='ltr'><strong>de</strong></span> <span class='ocrx_word' id='word_1_240' title='bbox 1313 2977 1735 3049; x_wconf 77' lang='lat' dir='ltr'><strong>professionibus</strong></span> <span class='ocrx_word' id='word_1_241' title='bbox 1758 2987 1970 3048; x_wconf 89' lang='lat' dir='ltr'><strong>gestant</strong></span> <span class='ocrx_word' id='word_1_242' title='bbox 1994 2993 2010 3045; x_wconf 88' lang='lat'><strong>;</strong></span> 
     </span>
    </p>
   </div>
   <div class='ocr_carea' id='block_1_32' title="bbox 409 3069 2017 3142">
    <p class='ocr_par' dir='ltr' id='par_1_32' title="bbox 409 3069 2017 3142">
     <span class='ocr_line' id='line_1_32' title="bbox 409 3069 2017 3142; baseline 0.001 -16"><span class='ocrx_word' id='word_1_243' title='bbox 409 3070 661 3127; x_wconf 76' lang='lat' dir='ltr'><strong>seducunt</strong></span> <span class='ocrx_word' id='word_1_244' title='bbox 677 3086 873 3127; x_wconf 91' lang='lat' dir='ltr'><strong>nomen</strong></span> <span class='ocrx_word' id='word_1_245' title='bbox 889 3069 1235 3141; x_wconf 78' lang='lat' dir='ltr'><strong>professionis</strong></span> <span class='ocrx_word' id='word_1_246' title='bbox 1262 3070 1589 3141; x_wconf 70' lang='lat' dir='ltr'><strong>prmstantia,</strong></span> <span class='ocrx_word' id='word_1_247' title='bbox 1611 3072 1701 3141; x_wconf 91' lang='lat' dir='ltr'><strong>qui</strong></span> <span class='ocrx_word' id='word_1_248' title='bbox 1731 3069 2017 3142; x_wconf 87' lang='lat' dir='ltr'><strong>superficie</strong></span> 
     </span>
    </p>
   </div>
   <div class='ocr_carea' id='block_1_33' title="bbox 410 3161 2011 3233">
    <p class='ocr_par' dir='ltr' id='par_1_33' title="bbox 410 3161 2011 3233">
     <span class='ocr_line' id='line_1_33' title="bbox 410 3161 2011 3233; baseline 0 -16"><span class='ocrx_word' id='word_1_249' title='bbox 410 3163 652 3221; x_wconf 84' lang='lat' dir='ltr'><strong>vocabuli</strong></span> <span class='ocrx_word' id='word_1_250' title='bbox 676 3162 941 3219; x_wconf 91' lang='lat' dir='ltr'><strong>infamant</strong></span> <span class='ocrx_word' id='word_1_251' title='bbox 969 3163 1271 3219; x_wconf 85' lang='lat' dir='ltr'><strong>veritatem.</strong></span> <span class='ocrx_word' id='word_1_252' title='bbox 1318 3162 1433 3218; x_wconf 91' lang='lat' dir='ltr'><strong>Non</strong></span> <span class='ocrx_word' id='word_1_253' title='bbox 1487 3163 1669 3219; x_wconf 85' lang='lat' dir='ltr'><strong>statim</strong></span> <span class='ocrx_word' id='word_1_254' title='bbox 1713 3171 1875 3230; x_wconf 88' lang='lat' dir='ltr'><strong>sunt,</strong></span> <span class='ocrx_word' id='word_1_255' title='bbox 1919 3161 2011 3233; x_wconf 87' lang='lat' dir='ltr'><strong>qui</strong></span> 
     </span>
    </p>
   </div>
   <div class='ocr_carea' id='block_1_34' title="bbox 411 3253 2014 3327">
    <p class='ocr_par' dir='ltr' id='par_1_34' title="bbox 411 3253 2014 3327">
     <span class='ocr_line' id='line_1_34' title="bbox 411 3253 2014 3327; baseline -0.001 -17"><span class='ocrx_word' id='word_1_256' title='bbox 411 3255 689 3324; x_wconf 90' lang='lat' dir='ltr'><strong>dicuntur;</strong></span> <span class='ocrx_word' id='word_1_257' title='bbox 735 3256 831 3313; x_wconf 89' lang='lat' dir='ltr'><strong>sed</strong></span> <span class='ocrx_word' id='word_1_258' title='bbox 865 3256 989 3327; x_wconf 88' lang='lat' dir='ltr'><strong>quia</strong></span> <span class='ocrx_word' id='word_1_259' title='bbox 1032 3269 1139 3311; x_wconf 89' lang='lat' dir='ltr'><strong>non</strong></span> <span class='ocrx_word' id='word_1_260' title='bbox 1182 3264 1345 3322; x_wconf 89' lang='lat' dir='ltr'><strong>sunt,</strong></span> <span class='ocrx_word' id='word_1_261' title='bbox 1394 3254 1592 3310; x_wconf 79' lang='lat' dir='ltr'><strong>frustra</strong></span> <span class='ocrx_word' id='word_1_262' title='bbox 1649 3253 1930 3321; x_wconf 87' lang='lat' dir='ltr'><strong>dicuntur,</strong></span> <span class='ocrx_word' id='word_1_263' title='bbox 1959 3263 2014 3310; x_wconf 88' lang='lat' dir='ltr'><strong>et</strong></span> 
     </span>
    </p>
   </div>
   <div class='ocr_carea' id='block_1_35' title="bbox 413 3345 2010 3420">
    <p class='ocr_par' dir='ltr' id='par_1_35' title="bbox 413 3345 2010 3420">
     <span class='ocr_line' id='line_1_35' title="bbox 413 3345 2010 3420; baseline 0.001 -20"><span class='ocrx_word' id='word_1_264' title='bbox 413 3345 600 3403; x_wconf 86' lang='lat' dir='ltr'><strong>fallunt</strong></span> <span class='ocrx_word' id='word_1_265' title='bbox 618 3363 733 3415; x_wconf 90' lang='lat' dir='ltr'><strong>eos,</strong></span> <span class='ocrx_word' id='word_1_266' title='bbox 761 3348 850 3420; x_wconf 90' lang='lat' dir='ltr'><strong>qui</strong></span> <span class='ocrx_word' id='word_1_267' title='bbox 874 3362 988 3404; x_wconf 90' lang='lat' dir='ltr'><strong>rem</strong></span> <span class='ocrx_word' id='word_1_268' title='bbox 1010 3347 1213 3403; x_wconf 89' lang='lat' dir='ltr'><strong>nomini</strong></span> <span class='ocrx_word' id='word_1_269' title='bbox 1236 3346 1492 3402; x_wconf 90' lang='lat' dir='ltr'><strong>addicunt</strong></span> <span class='ocrx_word' id='word_1_270' title='bbox 1515 3360 1638 3401; x_wconf 89' lang='lat' dir='ltr'><strong>cum</strong></span> <span class='ocrx_word' id='word_1_271' title='bbox 1665 3345 1732 3401; x_wconf 89' lang='lat' dir='ltr'><strong>de</strong></span> <span class='ocrx_word' id='word_1_272' title='bbox 1751 3361 1812 3401; x_wconf 90' lang='lat' dir='ltr'><strong>re</strong></span> <span class='ocrx_word' id='word_1_273' title='bbox 1838 3352 2010 3402; x_wconf 86' lang='lat' dir='ltr'><strong>status</strong></span> 
     </span>
    </p>
   </div>
   <div class='ocr_carea' id='block_1_36' title="bbox 415 3436 2007 3510">
    <p class='ocr_par' dir='ltr' id='par_1_36' title="bbox 415 3436 2007 3510">
     <span class='ocr_line' id='line_1_36' title="bbox 415 3436 2007 3510; baseline -0.001 -16"><span class='ocrx_word' id='word_1_274' title='bbox 415 3439 648 3496; x_wconf 88' lang='lat' dir='ltr'><strong>nominis</strong></span> <span class='ocrx_word' id='word_1_275' title='bbox 673 3450 957 3510; x_wconf 86' lang='lat' dir='ltr'><strong>competat.</strong></span> <span class='ocrx_word' id='word_1_276' title='bbox 992 3439 1060 3495; x_wconf 88' lang='lat' dir='ltr'><strong>Et</strong></span> <span class='ocrx_word' id='word_1_277' title='bbox 1087 3447 1264 3494; x_wconf 89' lang='lat' dir='ltr'><strong>tamen</strong></span> <span class='ocrx_word' id='word_1_278' title='bbox 1288 3436 1552 3508; x_wconf 84' lang='lat' dir='ltr'><strong>ejusmodi</strong></span> <span class='ocrx_word' id='word_1_279' title='bbox 1579 3451 1752 3508; x_wconf 87' lang='lat' dir='ltr'><strong>neque</strong></span> <span class='ocrx_word' id='word_1_280' title='bbox 1778 3451 2007 3507; x_wconf 84' lang='lat' dir='ltr'><strong>congre-</strong></span> 
     </span>
    </p>
   </div>
   <div class='ocr_carea' id='block_1_37' title="bbox 415 3528 2009 3602">
    <p class='ocr_par' dir='ltr' id='par_1_37' title="bbox 415 3528 2009 3602">
     <span class='ocr_line' id='line_1_37' title="bbox 415 3528 2009 3602; baseline 0.001 -19"><span class='ocrx_word' id='word_1_281' title='bbox 415 3539 735 3602; x_wconf 87' lang='lat' dir='ltr'><strong>gantnequc</strong></span> <span class='ocrx_word' id='word_1_282' title='bbox 774 3531 1095 3602; x_wconf 84' lang='lat' dir='ltr'><strong>participant</strong></span> <span class='ocrx_word' id='word_1_283' title='bbox 1139 3529 1419 3586; x_wconf 86' lang='lat' dir='ltr'><strong>nobiscum</strong></span> <span class='ocrx_word' id='word_1_284' title='bbox 1445 3571 1462 3594; x_wconf 94' lang='lat'><strong>,</strong></span> <span class='ocrx_word' id='word_1_285' title='bbox 1504 3528 1627 3584; x_wconf 89' lang='lat' dir='ltr'><strong>facti</strong></span> <span class='ocrx_word' id='word_1_286' title='bbox 1671 3543 1768 3599; x_wconf 88' lang='lat' dir='ltr'><strong>per</strong></span> <span class='ocrx_word' id='word_1_287' title='bbox 1815 3528 2009 3584; x_wconf 88' lang='lat' dir='ltr'><strong>delicta</strong></span> 
     </span>
    </p>
   </div>
   <div class='ocr_carea' id='block_1_38' title="bbox 415 3620 2007 3695">
    <p class='ocr_par' dir='ltr' id='par_1_38' title="bbox 415 3620 2007 3695">
     <span class='ocr_line' id='line_1_38' title="bbox 415 3620 2007 3695; baseline -0.001 -18"><span class='ocrx_word' id='word_1_288' title='bbox 415 3620 593 3695; x_wconf 82' lang='lat' dir='ltr'><strong>denuo</strong></span> <span class='ocrx_word' id='word_1_289' title='bbox 617 3624 816 3692; x_wconf 80' lang='lat' dir='ltr'><strong>vestri;</strong></span> <span class='ocrx_word' id='word_1_290' title='bbox 862 3623 1078 3693; x_wconf 85' lang='lat' dir='ltr'><strong>quando</strong></span> <span class='ocrx_word' id='word_1_291' title='bbox 1117 3639 1186 3679; x_wconf 90' lang='lat' dir='ltr'><strong>ne</strong></span> <span class='ocrx_word' id='word_1_292' title='bbox 1227 3623 1332 3677; x_wconf 91' lang='lat' dir='ltr'><strong>illis</strong></span> <span class='ocrx_word' id='word_1_293' title='bbox 1368 3622 1592 3693; x_wconf 86' lang='lat' dir='ltr'><strong>quidem</strong></span> <span class='ocrx_word' id='word_1_294' title='bbox 1640 3623 1963 3681; x_wconf 86' lang='lat' dir='ltr'><strong>misceantur</strong></span> <span class='ocrx_word' id='word_1_295' title='bbox 1989 3662 2007 3691; x_wconf 91' lang='lat'><strong>,</strong></span> 
     </span>
    </p>
   </div>
   <div class='ocr_carea' id='block_1_39' title="bbox 414 3714 2005 3790">
    <p class='ocr_par' dir='ltr' id='par_1_39' title="bbox 414 3714 2005 3790">
     <span class='ocr_line' id='line_1_39' title="bbox 414 3714 2005 3790; baseline -0.003 -16"><span class='ocrx_word' id='word_1_296' title='bbox 414 3732 549 3790; x_wconf 79' lang='lat' dir='ltr'><strong>quos</strong></span> <span class='ocrx_word' id='word_1_297' title='bbox 583 3731 757 3774; x_wconf 86' lang='lat' dir='ltr'><strong>vestra</strong></span> <span class='ocrx_word' id='word_1_298' title='bbox 793 3718 875 3775; x_wconf 90' lang='lat' dir='ltr'><strong>vis</strong></span> <span class='ocrx_word' id='word_1_299' title='bbox 899 3727 1061 3789; x_wconf 89' lang='lat' dir='ltr'><strong>atque</strong></span> <span class='ocrx_word' id='word_1_300' title='bbox 1086 3716 1290 3773; x_wconf 66' lang='lat' dir='ltr'><strong>saevitia</strong></span> <span class='ocrx_word' id='word_1_301' title='bbox 1316 3716 1381 3770; x_wconf 90' lang='lat' dir='ltr'><strong>ad</strong></span> <span class='ocrx_word' id='word_1_302' title='bbox 1431 3714 1733 3786; x_wconf 87' lang='lat' dir='ltr'><strong>negandum</strong></span> <span class='ocrx_word' id='word_1_303' title='bbox 1776 3714 2005 3786; x_wconf 82' lang='lat' dir='ltr'><strong>subegit.</strong></span> 
     </span>
    </p>
   </div>
   <div class='ocr_carea' id='block_1_40' title="bbox 413 3808 2010 3882">
    <p class='ocr_par' dir='ltr' id='par_1_40' title="bbox 413 3808 2010 3882">
     <span class='ocr_line' id='line_1_40' title="bbox 413 3808 2010 3882; baseline -0.003 -14"><span class='ocrx_word' id='word_1_304' title='bbox 413 3810 610 3882; x_wconf 81' lang='lat' dir='ltr'><strong>Utique</strong></span> <span class='ocrx_word' id='word_1_305' title='bbox 637 3812 781 3875; x_wconf 85' lang='lat' dir='ltr'><strong>enim</strong></span> <span class='ocrx_word' id='word_1_306' title='bbox 809 3812 1017 3869; x_wconf 87' lang='lat' dir='ltr'><strong>facilius</strong></span> <span class='ocrx_word' id='word_1_307' title='bbox 1044 3811 1181 3868; x_wconf 90' lang='lat' dir='ltr'><strong>inter</strong></span> <span class='ocrx_word' id='word_1_308' title='bbox 1208 3824 1309 3867; x_wconf 90' lang='lat' dir='ltr'><strong>nos</strong></span> <span class='ocrx_word' id='word_1_309' title='bbox 1336 3810 1486 3865; x_wconf 78' lang='lat' dir='ltr'><strong>inviti</strong></span> <span class='ocrx_word' id='word_1_310' title='bbox 1513 3809 1824 3865; x_wconf 85' lang='lat' dir='ltr'><strong>desertores</strong></span> <span class='ocrx_word' id='word_1_311' title='bbox 1849 3808 2010 3864; x_wconf 86' lang='lat' dir='ltr'><strong>disci-</strong></span> 
     </span>
    </p>
   </div>
   <div class='ocr_carea' id='block_1_41' title="bbox 413 3901 2009 3976">
    <p class='ocr_par' dir='ltr' id='par_1_41' title="bbox 413 3901 2009 3976">
     <span class='ocr_line' id='line_1_41' title="bbox 413 3901 2009 3976; baseline 0.002 -21"><span class='ocrx_word' id='word_1_312' title='bbox 413 3904 570 3975; x_wconf 74' lang='lat' dir='ltr'><strong>plina:</strong></span> <span class='ocrx_word' id='word_1_313' title='bbox 594 3944 609 3971; x_wconf 96' lang='lat'><strong>,</strong></span> <span class='ocrx_word' id='word_1_314' title='bbox 640 3919 800 3976; x_wconf 88' lang='lat' dir='ltr'><strong>quam</strong></span> <span class='ocrx_word' id='word_1_315' title='bbox 824 3904 1109 3959; x_wconf 89' lang='lat' dir='ltr'><strong>voluntarii</strong></span> <span class='ocrx_word' id='word_1_316' title='bbox 1147 3903 1568 3960; x_wconf 87' lang='lat' dir='ltr'><strong>continerentur.</strong></span> <span class='ocrx_word' id='word_1_317' title='bbox 1598 3901 1864 3957; x_wconf 65' lang='lat' dir='ltr'><strong>Craterum</strong></span> <span class='ocrx_word' id='word_1_318' title='bbox 1891 3903 2009 3958; x_wconf 90' lang='lat' dir='ltr'><strong>sine</strong></span> 
     </span>
    </p>
   </div>
   <div class='ocr_carea' id='block_1_42' title="bbox 414 3992 2008 4066">
    <p class='ocr_par' dir='ltr' id='par_1_42' title="bbox 414 3992 2008 4066">
     <span class='ocr_line' id='line_1_42' title="bbox 414 3992 2008 4066; baseline -0.001 -15"><span class='ocrx_word' id='word_1_319' title='bbox 414 4009 599 4052; x_wconf 85' lang='lat' dir='ltr'><strong>caussa</strong></span> <span class='ocrx_word' id='word_1_320' title='bbox 630 3995 833 4052; x_wconf 83' lang='lat' dir='ltr'><strong>vocatis</strong></span> <span class='ocrx_word' id='word_1_321' title='bbox 858 3994 1194 4052; x_wconf 87' lang='lat' dir='ltr'><strong>Christianos</strong></span> <span class='ocrx_word' id='word_1_322' title='bbox 1218 4035 1235 4062; x_wconf 97' lang='lat'><strong>,</strong></span> <span class='ocrx_word' id='word_1_323' title='bbox 1266 4009 1404 4066; x_wconf 90' lang='lat' dir='ltr'><strong>quos</strong></span> <span class='ocrx_word' id='word_1_324' title='bbox 1446 3994 1546 4064; x_wconf 85' lang='lat' dir='ltr'><strong>ipsi</strong></span> <span class='ocrx_word' id='word_1_325' title='bbox 1590 4003 1788 4065; x_wconf 81' lang='lat' dir='ltr'><strong>negant</strong></span> <span class='ocrx_word' id='word_1_326' title='bbox 1829 3992 2008 4050; x_wconf 44' lang='lat' dir='ltr'><strong>Chris.</strong></span> 
     </span>
    </p>
   </div>
   <div class='ocr_carea' id='block_1_43' title="bbox 416 4088 1473 4161">
    <p class='ocr_par' dir='ltr' id='par_1_43' title="bbox 416 4088 1473 4161">
     <span class='ocr_line' id='line_1_43' title="bbox 416 4088 1473 4161; baseline -0.001 -18"><span class='ocrx_word' id='word_1_327' title='bbox 416 4090 559 4156; x_wconf 90' lang='lat' dir='ltr'><strong>tiani,</strong></span> <span class='ocrx_word' id='word_1_328' title='bbox 589 4090 678 4161; x_wconf 91' lang='lat' dir='ltr'><strong>qui</strong></span> <span class='ocrx_word' id='word_1_329' title='bbox 704 4103 763 4145; x_wconf 88' lang='lat' dir='ltr'><strong>se</strong></span> <span class='ocrx_word' id='word_1_330' title='bbox 785 4104 982 4160; x_wconf 83' lang='lat' dir='ltr'><strong>negare</strong></span> <span class='ocrx_word' id='word_1_331' title='bbox 1013 4104 1117 4145; x_wconf 91' lang='lat' dir='ltr'><strong>non</strong></span> <span class='ocrx_word' id='word_1_332' title='bbox 1144 4097 1342 4144; x_wconf 88' lang='lat' dir='ltr'><strong>norunt</strong></span> <span class='ocrx_word' id='word_1_333' title='bbox 1377 4088 1473 4160; x_wconf 80' lang='grc' dir='ltr'><strong>(ιι).</strong></span> 
     </span>
    </p>
   </div>
   <div class='ocr_carea' id='block_1_44' title="bbox 485 4224 2008 4297">
    <p class='ocr_par' dir='ltr' id='par_1_44' title="bbox 485 4224 2008 4297">
     <span class='ocr_line' id='line_1_44' title="bbox 485 4224 2008 4297; baseline -0.001 -17"><span class='ocrx_word' id='word_1_334' title='bbox 485 4226 539 4280; x_wconf 85' lang='grc'><strong>6.</strong></span> <span class='ocrx_word' id='word_1_335' title='bbox 572 4225 667 4280; x_wconf 85' lang='lat' dir='ltr'><strong>His</strong></span> <span class='ocrx_word' id='word_1_336' title='bbox 695 4225 1150 4297; x_wconf 85' lang='lat' dir='ltr'><strong>prepositionibus</strong></span> <span class='ocrx_word' id='word_1_337' title='bbox 1192 4224 1742 4296; x_wconf 87' lang='lat' dir='ltr'><strong>responsionibusque</strong></span> <span class='ocrx_word' id='word_1_338' title='bbox 1768 4224 1968 4280; x_wconf 90' lang='lat' dir='ltr'><strong>nostris</strong></span> <span class='ocrx_word' id='word_1_339' title='bbox 1993 4265 2008 4291; x_wconf 92' lang='lat'><strong>,</strong></span> 
     </span>
    </p>
   </div>
   <div class='ocr_carea' id='block_1_45' title="bbox 413 4315 2016 4388">
    <p class='ocr_par' dir='ltr' id='par_1_45' title="bbox 413 4315 2016 4388">
     <span class='ocr_line' id='line_1_45' title="bbox 413 4315 2016 4388; baseline -0.001 -17"><span class='ocrx_word' id='word_1_340' title='bbox 413 4331 543 4387; x_wconf 88' lang='lat' dir='ltr'><strong>quas</strong></span> <span class='ocrx_word' id='word_1_341' title='bbox 568 4317 768 4373; x_wconf 87' lang='lat' dir='ltr'><strong>veritas</strong></span> <span class='ocrx_word' id='word_1_342' title='bbox 786 4317 853 4372; x_wconf 90' lang='lat' dir='ltr'><strong>de</strong></span> <span class='ocrx_word' id='word_1_343' title='bbox 874 4332 973 4373; x_wconf 91' lang='lat' dir='ltr'><strong>suo</strong></span> <span class='ocrx_word' id='word_1_344' title='bbox 998 4317 1270 4388; x_wconf 81' lang='lat' dir='ltr'><strong>suggerit,</strong></span> <span class='ocrx_word' id='word_1_345' title='bbox 1298 4316 1546 4386; x_wconf 89' lang='lat' dir='ltr'><strong>quotiens</strong></span> <span class='ocrx_word' id='word_1_346' title='bbox 1566 4315 1938 4387; x_wconf 88' lang='lat' dir='ltr'><strong>comprimitur</strong></span> <span class='ocrx_word' id='word_1_347' title='bbox 1957 4322 2016 4370; x_wconf 90' lang='lat' dir='ltr'><strong>et</strong></span> 
     </span>
    </p>
   </div>
   <div class='ocr_carea' id='block_1_46' title="bbox 413 4407 2013 4480">
    <p class='ocr_par' dir='ltr' id='par_1_46' title="bbox 413 4407 2013 4480">
     <span class='ocr_line' id='line_1_46' title="bbox 413 4407 2013 4480; baseline -0.001 -15"><span class='ocrx_word' id='word_1_348' title='bbox 413 4419 714 4466; x_wconf 88' lang='lat' dir='ltr'><strong>coarctatur</strong></span> <span class='ocrx_word' id='word_1_349' title='bbox 790 4411 1126 4466; x_wconf 89' lang='lat' dir='ltr'><strong>consciencia</strong></span> <span class='ocrx_word' id='word_1_350' title='bbox 1184 4417 1400 4477; x_wconf 89' lang='lat' dir='ltr'><strong>vestra,</strong></span> <span class='ocrx_word' id='word_1_351' title='bbox 1463 4408 1638 4464; x_wconf 78' lang='lat' dir='ltr'><strong>tacita:</strong></span> <span class='ocrx_word' id='word_1_352' title='bbox 1699 4407 2013 4480; x_wconf 70' lang='lat' dir='ltr'><strong>ignorantia:</strong></span> 
     </span>
    </p>
   </div>
   <div class='ocr_carea' id='block_1_47' title="bbox 412 4499 2010 4573">
    <p class='ocr_par' dir='ltr' id='par_1_47' title="bbox 412 4499 2010 4573">
     <span class='ocr_line' id='line_1_47' title="bbox 412 4499 2010 4573; baseline -0.002 -16"><span class='ocrx_word' id='word_1_353' title='bbox 412 4516 524 4557; x_wconf 65' lang='lat' dir='ltr'><strong>suae</strong></span> <span class='ocrx_word' id='word_1_354' title='bbox 552 4501 725 4570; x_wconf 90' lang='lat' dir='ltr'><strong>testis,</strong></span> <span class='ocrx_word' id='word_1_355' title='bbox 749 4501 1034 4573; x_wconf 69' lang='lat' dir='ltr'><strong>confugitis</strong></span> <span class='ocrx_word' id='word_1_356' title='bbox 1054 4509 1344 4557; x_wconf 65' lang='lat' dir='ltr'><strong>aestuantes</strong></span> <span class='ocrx_word' id='word_1_357' title='bbox 1367 4500 1433 4556; x_wconf 90' lang='lat' dir='ltr'><strong>ad</strong></span> <span class='ocrx_word' id='word_1_358' title='bbox 1454 4499 1659 4556; x_wconf 84' lang='lat' dir='ltr'><strong>arulam</strong></span> <span class='ocrx_word' id='word_1_359' title='bbox 1679 4501 1969 4571; x_wconf 81' lang='lat' dir='ltr'><strong>quamdam</strong></span> <span class='ocrx_word' id='word_1_360' title='bbox 1994 4540 2010 4565; x_wconf 92' lang='lat'><strong>,</strong></span> 
     </span>
    </p>
   </div>
   <div class='ocr_carea' id='block_1_48' title="bbox 2121 560 3717 644">
    <p class='ocr_par' dir='ltr' id='par_1_48' title="bbox 2121 560 3717 644">
     <span class='ocr_line' id='line_1_48' title="bbox 2121 560 3717 644; baseline 0.01 -29"><span class='ocrx_word' id='word_1_361' title='bbox 2121 560 2299 632; x_wconf 88' lang='lat' dir='ltr'><strong>legum</strong></span> <span class='ocrx_word' id='word_1_362' title='bbox 2327 563 2672 620; x_wconf 87' lang='lat' dir='ltr'><strong>constitisset.</strong></span> <span class='ocrx_word' id='word_1_363' title='bbox 2700 565 2838 634; x_wconf 83' lang='lat' dir='ltr'><strong>Quid</strong></span> <span class='ocrx_word' id='word_1_364' title='bbox 2864 569 3285 638; x_wconf 81' lang='lat' dir='ltr'><strong>ergo‘pruhibuit</strong></span> <span class='ocrx_word' id='word_1_365' title='bbox 3305 572 3444 644; x_wconf 87' lang='lat' dir='ltr'><strong>apud</strong></span> <span class='ocrx_word' id='word_1_366' title='bbox 3457 584 3717 631; x_wconf 84' lang='lat' dir='ltr'><strong>executo-</strong></span> 
     </span>
    </p>
   </div>
   <div class='ocr_carea' id='block_1_49' title="bbox 2120 656 3718 729">
    <p class='ocr_par' dir='ltr' id='par_1_49' title="bbox 2120 656 3718 729">
     <span class='ocr_line' id='line_1_49' title="bbox 2120 656 3718 729; baseline 0.012 -22"><span class='ocrx_word' id='word_1_367' title='bbox 2120 668 2209 710; x_wconf 89' lang='lat' dir='ltr'><strong>res</strong></span> <span class='ocrx_word' id='word_1_368' title='bbox 2231 670 2442 726; x_wconf 84' lang='lat' dir='ltr'><strong>queque</strong></span> <span class='ocrx_word' id='word_1_369' title='bbox 2469 656 2646 728; x_wconf 86' lang='lat' dir='ltr'><strong>legum</strong></span> <span class='ocrx_word' id='word_1_370' title='bbox 2679 659 2902 729; x_wconf 85' lang='lat' dir='ltr'><strong>proinde</strong></span> <span class='ocrx_word' id='word_1_371' title='bbox 2931 672 3184 720; x_wconf 83' lang='lat' dir='ltr'><strong>constare</strong></span> <span class='ocrx_word' id='word_1_372' title='bbox 3204 659 3233 727; x_wconf 72' lang='grc'><strong>,’</strong></span> <span class='ocrx_word' id='word_1_373' title='bbox 3260 680 3383 721; x_wconf 86' lang='lat' dir='ltr'><strong>eum</strong></span> <span class='ocrx_word' id='word_1_374' title='bbox 3407 666 3477 724; x_wconf 90' lang='lat' dir='ltr'><strong>de</strong></span> <span class='ocrx_word' id='word_1_375' title='bbox 3504 669 3718 727; x_wconf 77' lang='lat' dir='ltr'><strong>caeteris</strong></span> 
     </span>
    </p>
   </div>
   <div class='ocr_carea' id='block_1_50' title="bbox 2114 744 3719 831">
    <p class='ocr_par' dir='ltr' id='par_1_50' title="bbox 2114 744 3719 831">
     <span class='ocr_line' id='line_1_50' title="bbox 2114 744 3719 831; baseline 0.012 -32"><span class='ocrx_word' id='word_1_376' title='bbox 2114 744 2432 804; x_wconf 87' lang='lat' dir='ltr'><strong>criminibus</strong></span> <span class='ocrx_word' id='word_1_377' title='bbox 2458 791 2472 813; x_wconf 87' lang='lat'><strong>,</strong></span> <span class='ocrx_word' id='word_1_378' title='bbox 2522 765 2641 819; x_wconf 77' lang='lat' dir='ltr'><strong>quae</strong></span> <span class='ocrx_word' id='word_1_379' title='bbox 2681 752 2927 808; x_wconf 89' lang='lat' dir='ltr'><strong>similiter</strong></span> <span class='ocrx_word' id='word_1_380' title='bbox 2966 754 3175 825; x_wconf 75' lang='lat' dir='ltr'><strong>legibus</strong></span> <span class='ocrx_word' id='word_1_381' title='bbox 3217 768 3472 814; x_wconf 87' lang='lat' dir='ltr'><strong>arcentur</strong></span> <span class='ocrx_word' id='word_1_382' title='bbox 3514 753 3576 815; x_wconf 87' lang='lat' dir='ltr'><strong>ac</strong></span> <span class='ocrx_word' id='word_1_383' title='bbox 3619 776 3719 831; x_wconf 87' lang='lat' dir='ltr'><strong>pu-</strong></span> 
     </span>
    </p>
   </div>
   <div class='ocr_carea' id='block_1_51' title="bbox 2122 838 3721 916">
    <p class='ocr_par' dir='ltr' id='par_1_51' title="bbox 2122 838 3721 916">
     <span class='ocr_line' id='line_1_51' title="bbox 2122 838 3721 916; baseline 0.011 -23"><span class='ocrx_word' id='word_1_384' title='bbox 2122 838 2363 905; x_wconf 90' lang='lat' dir='ltr'><strong>niuntur,</strong></span> <span class='ocrx_word' id='word_1_385' title='bbox 2418 841 2520 895; x_wconf 89' lang='lat' dir='ltr'><strong>nisi</strong></span> <span class='ocrx_word' id='word_1_386' title='bbox 2566 841 2714 911; x_wconf 91' lang='lat' dir='ltr'><strong>prius</strong></span> <span class='ocrx_word' id='word_1_387' title='bbox 2756 844 3099 915; x_wconf 85' lang='lat' dir='ltr'><strong>requiratur,</strong></span> <span class='ocrx_word' id='word_1_388' title='bbox 3141 862 3299 916; x_wconf 69' lang='lat' dir='ltr'><strong>poena</strong></span> <span class='ocrx_word' id='word_1_389' title='bbox 3323 851 3540 905; x_wconf 87' lang='lat' dir='ltr'><strong>cessat?</strong></span> <span class='ocrx_word' id='word_1_390' title='bbox 3569 852 3721 911; x_wconf 83' lang='lat' dir='ltr'><strong>verbi</strong></span> 
     </span>
    </p>
   </div>
   <div class='ocr_carea' id='block_1_52' title="bbox 2120 933 3721 1011">
    <p class='ocr_par' dir='ltr' id='par_1_52' title="bbox 2120 933 3721 1011">
     <span class='ocr_line' id='line_1_52' title="bbox 2120 933 3721 1011; baseline 0.009 -24"><span class='ocrx_word' id='word_1_391' title='bbox 2120 934 2288 1003; x_wconf 85' lang='lat' dir='ltr'><strong>gratia</strong></span> <span class='ocrx_word' id='word_1_392' title='bbox 2313 975 2328 1001; x_wconf 91' lang='lat'><strong>,</strong></span> <span class='ocrx_word' id='word_1_393' title='bbox 2371 933 2692 991; x_wconf 89' lang='lat' dir='ltr'><strong>homicidam</strong></span> <span class='ocrx_word' id='word_1_394' title='bbox 2719 978 2735 1001; x_wconf 89' lang='lat'><strong>,</strong></span> <span class='ocrx_word' id='word_1_395' title='bbox 2780 938 3081 994; x_wconf 89' lang='lat' dir='ltr'><strong>adulterum</strong></span> <span class='ocrx_word' id='word_1_396' title='bbox 3125 942 3280 1011; x_wconf 84' lang='lat' dir='ltr'><strong>lege,</strong></span> <span class='ocrx_word' id='word_1_397' title='bbox 3325 942 3610 999; x_wconf 85' lang='lat' dir='ltr'><strong>discutitur</strong></span> <span class='ocrx_word' id='word_1_398' title='bbox 3640 952 3721 1001; x_wconf 87' lang='lat' dir='ltr'><strong>ta-</strong></span> 
     </span>
    </p>
   </div>
   <div class='ocr_carea' id='block_1_53' title="bbox 2119 1025 3720 1103">
    <p class='ocr_par' dir='ltr' id='par_1_53' title="bbox 2119 1025 3720 1103">
     <span class='ocr_line' id='line_1_53' title="bbox 2119 1025 3720 1103; baseline 0.009 -24"><span class='ocrx_word' id='word_1_399' title='bbox 2119 1040 2242 1081; x_wconf 90' lang='lat' dir='ltr'><strong>men</strong></span> <span class='ocrx_word' id='word_1_400' title='bbox 2273 1025 2342 1082; x_wconf 90' lang='lat' dir='ltr'><strong>de</strong></span> <span class='ocrx_word' id='word_1_401' title='bbox 2369 1027 2559 1083; x_wconf 88' lang='lat' dir='ltr'><strong>ordine</strong></span> <span class='ocrx_word' id='word_1_402' title='bbox 2582 1027 2803 1085; x_wconf 82' lang='lat' dir='ltr'><strong>admissi</strong></span> <span class='ocrx_word' id='word_1_403' title='bbox 2829 1046 2844 1094; x_wconf 88' lang='lat'><strong>;</strong></span> <span class='ocrx_word' id='word_1_404' title='bbox 2876 1039 2930 1086; x_wconf 90' lang='lat' dir='ltr'><strong>et</strong></span> <span class='ocrx_word' id='word_1_405' title='bbox 2955 1040 3133 1087; x_wconf 89' lang='lat' dir='ltr'><strong>tamen</strong></span> <span class='ocrx_word' id='word_1_406' title='bbox 3162 1035 3436 1103; x_wconf 86' lang='lat' dir='ltr'><strong>cognitum</strong></span> <span class='ocrx_word' id='word_1_407' title='bbox 3481 1046 3565 1092; x_wconf 89' lang='lat' dir='ltr'><strong>est</strong></span> <span class='ocrx_word' id='word_1_408' title='bbox 3601 1052 3720 1093; x_wconf 85' lang='lat' dir='ltr'><strong>om-</strong></span> 
     </span>
    </p>
   </div>
   <div class='ocr_carea' id='block_1_54' title="bbox 2119 1121 3718 1201">
    <p class='ocr_par' dir='ltr' id='par_1_54' title="bbox 2119 1121 3718 1201">
     <span class='ocr_line' id='line_1_54' title="bbox 2119 1121 3718 1201; baseline 0.006 -24"><span class='ocrx_word' id='word_1_409' title='bbox 2119 1121 2275 1177; x_wconf 87' lang='lat' dir='ltr'><strong>nibus</strong></span> <span class='ocrx_word' id='word_1_410' title='bbox 2329 1136 2498 1193; x_wconf 87' lang='lat' dir='ltr'><strong>genus</strong></span> <span class='ocrx_word' id='word_1_411' title='bbox 2548 1121 2699 1180; x_wconf 88' lang='lat' dir='ltr'><strong>facti.</strong></span> <span class='ocrx_word' id='word_1_412' title='bbox 2737 1122 3102 1180; x_wconf 88' lang='lat' dir='ltr'><strong>Christianum</strong></span> <span class='ocrx_word' id='word_1_413' title='bbox 3153 1127 3383 1197; x_wconf 90' lang='lat' dir='ltr'><strong>puniunt</strong></span> <span class='ocrx_word' id='word_1_414' title='bbox 3437 1130 3601 1201; x_wconf 80' lang='lat' dir='ltr'><strong>leges.</strong></span> <span class='ocrx_word' id='word_1_415' title='bbox 3658 1130 3718 1187; x_wconf 88' lang='lat' dir='ltr'><strong>Si</strong></span> 
     </span>
    </p>
   </div>
   <div class='ocr_carea' id='block_1_55' title="bbox 2116 1215 3721 1286">
    <p class='ocr_par' dir='ltr' id='par_1_55' title="bbox 2116 1215 3721 1286">
     <span class='ocr_line' id='line_1_55' title="bbox 2116 1215 3721 1286; baseline 0.007 -16"><span class='ocrx_word' id='word_1_416' title='bbox 2116 1215 2256 1286; x_wconf 89' lang='lat' dir='ltr'><strong>quod</strong></span> <span class='ocrx_word' id='word_1_417' title='bbox 2288 1224 2370 1270; x_wconf 91' lang='lat' dir='ltr'><strong>est</strong></span> <span class='ocrx_word' id='word_1_418' title='bbox 2418 1215 2615 1273; x_wconf 89' lang='lat' dir='ltr'><strong>factum</strong></span> <span class='ocrx_word' id='word_1_419' title='bbox 2655 1217 2982 1285; x_wconf 81' lang='lat' dir='ltr'><strong>Christiani,</strong></span> <span class='ocrx_word' id='word_1_420' title='bbox 3032 1220 3148 1275; x_wconf 88' lang='lat' dir='ltr'><strong>erui</strong></span> <span class='ocrx_word' id='word_1_421' title='bbox 3189 1220 3386 1286; x_wconf 85' lang='lat' dir='ltr'><strong>debet;</strong></span> <span class='ocrx_word' id='word_1_422' title='bbox 3439 1223 3582 1277; x_wconf 86' lang='lat' dir='ltr'><strong>nulla</strong></span> <span class='ocrx_word' id='word_1_423' title='bbox 3630 1224 3721 1280; x_wconf 90' lang='lat' dir='ltr'><strong>lex</strong></span> 
     </span>
    </p>
   </div>
   <div class='ocr_carea' id='block_1_56' title="bbox 2119 1298 3714 1386">
    <p class='ocr_par' dir='ltr' id='par_1_56' title="bbox 2119 1298 3714 1386">
     <span class='ocr_line' id='line_1_56' title="bbox 2119 1298 3714 1386; baseline 0.008 -27"><span class='ocrx_word' id='word_1_424' title='bbox 2119 1308 2367 1377; x_wconf 84' lang='lat' dir='ltr'><strong>prohibet</strong></span> <span class='ocrx_word' id='word_1_425' title='bbox 2384 1309 2674 1380; x_wconf 83' lang='lat' dir='ltr'><strong>inquirere.</strong></span> <span class='ocrx_word' id='word_1_426' title='bbox 2700 1312 2897 1382; x_wconf 85' lang='lat' dir='ltr'><strong>Atquin</strong></span> <span class='ocrx_word' id='word_1_427' title='bbox 2917 1327 3014 1381; x_wconf 86' lang='lat' dir='ltr'><strong>pro</strong></span> <span class='ocrx_word' id='word_1_428' title='bbox 3044 1312 3249 1383; x_wconf 77' lang='lat' dir='ltr'><strong>legibus</strong></span> <span class='ocrx_word' id='word_1_429' title='bbox 3268 1312 3394 1369; x_wconf 83' lang='lat' dir='ltr'><strong>facit</strong></span> <span class='ocrx_word' id='word_1_430' title='bbox 3416 1298 3714 1386; x_wconf 70' lang='lat' dir='ltr'><strong>inquisitio.</strong></span> 
     </span>
    </p>
   </div>
   <div class='ocr_carea' id='block_1_57' title="bbox 2117 1400 3718 1477">
    <p class='ocr_par' dir='ltr' id='par_1_57' title="bbox 2117 1400 3718 1477">
     <span class='ocr_line' id='line_1_57' title="bbox 2117 1400 3718 1477; baseline 0.006 -22"><span class='ocrx_word' id='word_1_431' title='bbox 2117 1400 2400 1468; x_wconf 89' lang='lat' dir='ltr'><strong>Quomodo</strong></span> <span class='ocrx_word' id='word_1_432' title='bbox 2422 1402 2567 1457; x_wconf 90' lang='lat' dir='ltr'><strong>enim</strong></span> <span class='ocrx_word' id='word_1_433' title='bbox 2590 1403 2762 1473; x_wconf 84' lang='lat' dir='ltr'><strong>legem</strong></span> <span class='ocrx_word' id='word_1_434' title='bbox 2793 1403 3106 1461; x_wconf 87' lang='lat' dir='ltr'><strong>observabis</strong></span> <span class='ocrx_word' id='word_1_435' title='bbox 3148 1405 3388 1460; x_wconf 86' lang='lat' dir='ltr'><strong>cavendo</strong></span> <span class='ocrx_word' id='word_1_436' title='bbox 3416 1407 3559 1476; x_wconf 88' lang='lat' dir='ltr'><strong>quod</strong></span> <span class='ocrx_word' id='word_1_437' title='bbox 3598 1408 3718 1477; x_wconf 84' lang='lat' dir='ltr'><strong>lege</strong></span> 
     </span>
    </p>
   </div>
   <div class='ocr_carea' id='block_1_58' title="bbox 2118 1494 3718 1570">
    <p class='ocr_par' dir='ltr' id='par_1_58' title="bbox 2118 1494 3718 1570">
     <span class='ocr_line' id='line_1_58' title="bbox 2118 1494 3718 1570; baseline 0.006 -23"><span class='ocrx_word' id='word_1_438' title='bbox 2118 1494 2462 1564; x_wconf 87' lang='lat' dir='ltr'><strong>prohibetur,</strong></span> <span class='ocrx_word' id='word_1_439' title='bbox 2507 1496 2758 1566; x_wconf 87' lang='lat' dir='ltr'><strong>adempta</strong></span> <span class='ocrx_word' id='word_1_440' title='bbox 2787 1496 3059 1568; x_wconf 86' lang='lat' dir='ltr'><strong>diligentia</strong></span> <span class='ocrx_word' id='word_1_441' title='bbox 3087 1498 3312 1556; x_wconf 85' lang='lat' dir='ltr'><strong>cavendi</strong></span> <span class='ocrx_word' id='word_1_442' title='bbox 3331 1515 3429 1570; x_wconf 89' lang='lat' dir='ltr'><strong>per</strong></span> <span class='ocrx_word' id='word_1_443' title='bbox 3448 1499 3718 1557; x_wconf 87' lang='lat' dir='ltr'><strong>defectum</strong></span> 
     </span>
    </p>
   </div>
   <div class='ocr_carea' id='block_1_59' title="bbox 2116 1585 3707 1656">
    <p class='ocr_par' dir='ltr' id='par_1_59' title="bbox 2116 1585 3707 1656">
     <span class='ocr_line' id='line_1_59' title="bbox 2116 1585 3707 1656; baseline 0.005 -17"><span class='ocrx_word' id='word_1_444' title='bbox 2116 1585 2440 1656; x_wconf 82' lang='lat' dir='ltr'><strong>agnoscendi</strong></span> <span class='ocrx_word' id='word_1_445' title='bbox 2467 1586 2593 1656; x_wconf 89' lang='lat' dir='ltr'><strong>qttid</strong></span> <span class='ocrx_word' id='word_1_446' title='bbox 2625 1587 2898 1643; x_wconf 81' lang='lat' dir='ltr'><strong>observes.</strong></span> <span class='ocrx_word' id='word_1_447' title='bbox 2932 1588 3087 1644; x_wconf 87' lang='lat' dir='ltr'><strong>Nulla</strong></span> <span class='ocrx_word' id='word_1_448' title='bbox 3118 1589 3219 1645; x_wconf 87' lang='lat' dir='ltr'><strong>sibi</strong></span> <span class='ocrx_word' id='word_1_449' title='bbox 3250 1590 3336 1646; x_wconf 85' lang='lat' dir='ltr'><strong>lex</strong></span> <span class='ocrx_word' id='word_1_450' title='bbox 3362 1590 3523 1647; x_wconf 84' lang='lat' dir='ltr'><strong>debet</strong></span> <span class='ocrx_word' id='word_1_451' title='bbox 3545 1606 3707 1648; x_wconf 77' lang='lat' dir='ltr'><strong>cons-</strong></span> 
     </span>
    </p>
   </div>
   <div class='ocr_carea' id='block_1_60' title="bbox 2117 1667 3718 1751">
    <p class='ocr_par' dir='ltr' id='par_1_60' title="bbox 2117 1667 3718 1751">
     <span class='ocr_line' id='line_1_60' title="bbox 2117 1667 3718 1751; baseline 0.007 -22"><span class='ocrx_word' id='word_1_452' title='bbox 2117 1675 2367 1731; x_wconf 86' lang='lat' dir='ltr'><strong>cientiam</strong></span> <span class='ocrx_word' id='word_1_453' title='bbox 2391 1675 2612 1745; x_wconf 73' lang='lat' dir='ltr'><strong>iustitiae</strong></span> <span class='ocrx_word' id='word_1_454' title='bbox 2639 1693 2751 1732; x_wconf 71' lang='lat' dir='ltr'><strong>suae</strong></span> <span class='ocrx_word' id='word_1_455' title='bbox 2778 1720 2791 1743; x_wconf 93' lang='lat'><strong>,</strong></span> <span class='ocrx_word' id='word_1_456' title='bbox 2823 1679 2915 1733; x_wconf 89' lang='lat' dir='ltr'><strong>sed</strong></span> <span class='ocrx_word' id='word_1_457' title='bbox 2945 1680 3024 1735; x_wconf 89' lang='lat' dir='ltr'><strong>cis</strong></span> <span class='ocrx_word' id='word_1_458' title='bbox 3046 1694 3075 1734; x_wconf 91' lang='lat' dir='ltr'><strong>a</strong></span> <span class='ocrx_word' id='word_1_459' title='bbox 3101 1681 3294 1751; x_wconf 89' lang='lat' dir='ltr'><strong>quibus</strong></span> <span class='ocrx_word' id='word_1_460' title='bbox 3341 1690 3521 1751; x_wconf 83' lang='lat' dir='ltr'><strong>captat</strong></span> <span class='ocrx_word' id='word_1_461' title='bbox 3556 1667 3718 1741; x_wconf 84' lang='lat' dir='ltr'><strong>obse-</strong></span> 
     </span>
    </p>
   </div>
   <div class='ocr_carea' id='block_1_61' title="bbox 2117 1767 3721 1842">
    <p class='ocr_par' dir='ltr' id='par_1_61' title="bbox 2117 1767 3721 1842">
     <span class='ocr_line' id='line_1_61' title="bbox 2117 1767 3721 1842; baseline 0.005 -19"><span class='ocrx_word' id='word_1_462' title='bbox 2117 1767 2321 1839; x_wconf 87' lang='lat' dir='ltr'><strong>quium.</strong></span> <span class='ocrx_word' id='word_1_463' title='bbox 2353 1767 2622 1824; x_wconf 80' lang='lat' dir='ltr'><strong>Caeterum</strong></span> <span class='ocrx_word' id='word_1_464' title='bbox 2652 1780 2900 1839; x_wconf 87' lang='lat' dir='ltr'><strong>suspecta</strong></span> <span class='ocrx_word' id='word_1_465' title='bbox 2928 1771 3013 1826; x_wconf 89' lang='lat' dir='ltr'><strong>lex</strong></span> <span class='ocrx_word' id='word_1_466' title='bbox 3041 1780 3122 1826; x_wconf 91' lang='lat' dir='ltr'><strong>est</strong></span> <span class='ocrx_word' id='word_1_467' title='bbox 3142 1812 3157 1835; x_wconf 89' lang='lat'><strong>,</strong></span> <span class='ocrx_word' id='word_1_468' title='bbox 3187 1773 3229 1825; x_wconf 91' lang='lat' dir='ltr'><strong>si</strong></span> <span class='ocrx_word' id='word_1_469' title='bbox 3259 1773 3475 1842; x_wconf 88' lang='lat' dir='ltr'><strong>probari</strong></span> <span class='ocrx_word' id='word_1_470' title='bbox 3524 1788 3583 1829; x_wconf 90' lang='lat' dir='ltr'><strong>se</strong></span> <span class='ocrx_word' id='word_1_471' title='bbox 3611 1789 3721 1831; x_wconf 86' lang='lat' dir='ltr'><strong>non</strong></span> 
     </span>
    </p>
   </div>
   <div class='ocr_carea' id='block_1_62' title="bbox 2119 1859 3723 1932">
    <p class='ocr_par' dir='ltr' id='par_1_62' title="bbox 2119 1859 3723 1932">
     <span class='ocr_line' id='line_1_62' title="bbox 2119 1859 3723 1932; baseline 0.005 -19"><span class='ocrx_word' id='word_1_472' title='bbox 2119 1859 2249 1915; x_wconf 88' lang='lat' dir='ltr'><strong>vult.</strong></span> <span class='ocrx_word' id='word_1_473' title='bbox 2283 1859 2472 1915; x_wconf 79' lang='lat' dir='ltr'><strong>Merito</strong></span> <span class='ocrx_word' id='word_1_474' title='bbox 2503 1860 2661 1931; x_wconf 84' lang='lat' dir='ltr'><strong>igitur</strong></span> <span class='ocrx_word' id='word_1_475' title='bbox 2684 1860 2889 1917; x_wconf 83' lang='lat' dir='ltr'><strong>tamdiu</strong></span> <span class='ocrx_word' id='word_1_476' title='bbox 2908 1862 3071 1932; x_wconf 73' lang='lat' dir='ltr'><strong>justa:</strong></span> <span class='ocrx_word' id='word_1_477' title='bbox 3098 1862 3151 1918; x_wconf 90' lang='lat' dir='ltr'><strong>in</strong></span> <span class='ocrx_word' id='word_1_478' title='bbox 3173 1862 3507 1920; x_wconf 86' lang='lat' dir='ltr'><strong>Christianos</strong></span> <span class='ocrx_word' id='word_1_479' title='bbox 3533 1872 3590 1919; x_wconf 86' lang='lat' dir='ltr'><strong>et</strong></span> <span class='ocrx_word' id='word_1_480' title='bbox 3630 1880 3723 1921; x_wconf 85' lang='lat' dir='ltr'><strong>rc-</strong></span> 
     </span>
    </p>
   </div>
   <div class='ocr_carea' id='block_1_63' title="bbox 2118 1948 3715 2024">
    <p class='ocr_par' dir='ltr' id='par_1_63' title="bbox 2118 1948 3715 2024">
     <span class='ocr_line' id='line_1_63' title="bbox 2118 1948 3715 2024; baseline 0.006 -20"><span class='ocrx_word' id='word_1_481' title='bbox 2118 1948 2368 2007; x_wconf 76' lang='lat' dir='ltr'><strong>verendm</strong></span> <span class='ocrx_word' id='word_1_482' title='bbox 2388 1960 2442 2005; x_wconf 88' lang='lat' dir='ltr'><strong>et</strong></span> <span class='ocrx_word' id='word_1_483' title='bbox 2460 1951 2809 2008; x_wconf 65' lang='lat' dir='ltr'><strong>observanda:</strong></span> <span class='ocrx_word' id='word_1_484' title='bbox 2827 1962 3138 2020; x_wconf 89' lang='lat' dir='ltr'><strong>censentur,</strong></span> <span class='ocrx_word' id='word_1_485' title='bbox 3162 1953 3417 2024; x_wconf 87' lang='lat' dir='ltr'><strong>quamdiu</strong></span> <span class='ocrx_word' id='word_1_486' title='bbox 3436 1953 3715 2024; x_wconf 81' lang='lat' dir='ltr'><strong>ignoratur</strong></span> 
     </span>
    </p>
   </div>
   <div class='ocr_carea' id='block_1_64' title="bbox 2117 2041 3715 2114">
    <p class='ocr_par' dir='ltr' id='par_1_64' title="bbox 2117 2041 3715 2114">
     <span class='ocr_line' id='line_1_64' title="bbox 2117 2041 3715 2114; baseline 0.005 -20"><span class='ocrx_word' id='word_1_487' title='bbox 2117 2041 2258 2112; x_wconf 87' lang='lat' dir='ltr'><strong>quod</strong></span> <span class='ocrx_word' id='word_1_488' title='bbox 2309 2052 2739 2112; x_wconf 88' lang='lat' dir='ltr'><strong>persequuntur;</strong></span> <span class='ocrx_word' id='word_1_489' title='bbox 2795 2044 3023 2107; x_wconf 89' lang='lat' dir='ltr'><strong>merito,</strong></span> <span class='ocrx_word' id='word_1_490' title='bbox 3075 2052 3196 2113; x_wconf 90' lang='lat' dir='ltr'><strong>post</strong></span> <span class='ocrx_word' id='word_1_491' title='bbox 3235 2043 3562 2114; x_wconf 82' lang='lat' dir='ltr'><strong>agnitionem</strong></span> <span class='ocrx_word' id='word_1_492' title='bbox 3607 2044 3715 2101; x_wconf 89' lang='lat' dir='ltr'><strong>ini-</strong></span> 
     </span>
    </p>
   </div>
   <div class='ocr_carea' id='block_1_65' title="bbox 2117 2132 3722 2206">
    <p class='ocr_par' dir='ltr' id='par_1_65' title="bbox 2117 2132 3722 2206">
     <span class='ocr_line' id='line_1_65' title="bbox 2117 2132 3722 2206; baseline 0.005 -21"><span class='ocrx_word' id='word_1_493' title='bbox 2117 2132 2393 2201; x_wconf 73' lang='lat' dir='ltr'><strong>quissima:</strong></span> <span class='ocrx_word' id='word_1_494' title='bbox 2412 2141 2638 2202; x_wconf 83' lang='lat' dir='ltr'><strong>repertae</strong></span> <span class='ocrx_word' id='word_1_495' title='bbox 2665 2174 2679 2198; x_wconf 93' lang='lat'><strong>,</strong></span> <span class='ocrx_word' id='word_1_496' title='bbox 2704 2147 2826 2188; x_wconf 88' lang='lat' dir='ltr'><strong>cum</strong></span> <span class='ocrx_word' id='word_1_497' title='bbox 2851 2134 2965 2189; x_wconf 91' lang='lat' dir='ltr'><strong>suis</strong></span> <span class='ocrx_word' id='word_1_498' title='bbox 2986 2133 3267 2190; x_wconf 65' lang='lat' dir='ltr'><strong>machaeris</strong></span> <span class='ocrx_word' id='word_1_499' title='bbox 3294 2142 3349 2189; x_wconf 92' lang='lat' dir='ltr'><strong>et</strong></span> <span class='ocrx_word' id='word_1_500' title='bbox 3395 2133 3647 2206; x_wconf 87' lang='lat' dir='ltr'><strong>patibulis</strong></span> <span class='ocrx_word' id='word_1_501' title='bbox 3665 2144 3722 2193; x_wconf 87' lang='lat' dir='ltr'><strong>et</strong></span> 
     </span>
    </p>
   </div>
   <div class='ocr_carea' id='block_1_66' title="bbox 2117 2221 3717 2295">
    <p class='ocr_par' dir='ltr' id='par_1_66' title="bbox 2117 2221 3717 2295">
     <span class='ocr_line' id='line_1_66' title="bbox 2117 2221 3717 2295; baseline 0.001 -16"><span class='ocrx_word' id='word_1_502' title='bbox 2117 2221 2363 2279; x_wconf 89' lang='lat' dir='ltr'><strong>leonibus</strong></span> <span class='ocrx_word' id='word_1_503' title='bbox 2390 2221 2725 2292; x_wconf 88' lang='lat' dir='ltr'><strong>despuuutur</strong></span> <span class='ocrx_word' id='word_1_504' title='bbox 2750 2241 2763 2290; x_wconf 90' lang='lat'><strong>;</strong></span> <span class='ocrx_word' id='word_1_505' title='bbox 2796 2222 2929 2295; x_wconf 89' lang='lat' dir='ltr'><strong>legis</strong></span> <span class='ocrx_word' id='word_1_506' title='bbox 2958 2223 3171 2294; x_wconf 64' lang='lat' dir='ltr'><strong>injustas</strong></span> <span class='ocrx_word' id='word_1_507' title='bbox 3200 2223 3376 2279; x_wconf 91' lang='lat' dir='ltr'><strong>honor</strong></span> <span class='ocrx_word' id='word_1_508' title='bbox 3406 2225 3584 2282; x_wconf 82' lang='lat' dir='ltr'><strong>nullus</strong></span> <span class='ocrx_word' id='word_1_509' title='bbox 3612 2234 3717 2283; x_wconf 87' lang='lat' dir='ltr'><strong>est.</strong></span> 
     </span>
    </p>
   </div>
   <div class='ocr_carea' id='block_1_67' title="bbox 2120 2314 3714 2387">
    <p class='ocr_par' dir='ltr' id='par_1_67' title="bbox 2120 2314 3714 2387">
     <span class='ocr_line' id='line_1_67' title="bbox 2120 2314 3714 2387; baseline 0 -15"><span class='ocrx_word' id='word_1_510' title='bbox 2120 2314 2190 2372; x_wconf 87' lang='lat' dir='ltr'><strong>Ut</strong></span> <span class='ocrx_word' id='word_1_511' title='bbox 2211 2316 2401 2387; x_wconf 90' lang='lat' dir='ltr'><strong>opinor</strong></span> <span class='ocrx_word' id='word_1_512' title='bbox 2426 2325 2639 2383; x_wconf 87' lang='lat' dir='ltr'><strong>autem,</strong></span> <span class='ocrx_word' id='word_1_513' title='bbox 2668 2314 2939 2371; x_wconf 88' lang='lat' dir='ltr'><strong>dubitatur</strong></span> <span class='ocrx_word' id='word_1_514' title='bbox 2969 2314 3037 2369; x_wconf 91' lang='lat' dir='ltr'><strong>de</strong></span> <span class='ocrx_word' id='word_1_515' title='bbox 3072 2315 3352 2387; x_wconf 85' lang='lat' dir='ltr'><strong>iniquitate</strong></span> <span class='ocrx_word' id='word_1_516' title='bbox 3373 2316 3551 2386; x_wconf 83' lang='lat' dir='ltr'><strong>legum</strong></span> <span class='ocrx_word' id='word_1_517' title='bbox 3579 2330 3714 2387; x_wconf 81' lang='lat' dir='ltr'><strong>qua-</strong></span> 
     </span>
    </p>
   </div>
   <div class='ocr_carea' id='block_1_68' title="bbox 2115 2406 3721 2480">
    <p class='ocr_par' dir='ltr' id='par_1_68' title="bbox 2115 2406 3721 2480">
     <span class='ocr_line' id='line_1_68' title="bbox 2115 2406 3721 2480; baseline 0.003 -18"><span class='ocrx_word' id='word_1_518' title='bbox 2115 2407 2387 2477; x_wconf 88' lang='lat' dir='ltr'><strong>rumdam,</strong></span> <span class='ocrx_word' id='word_1_519' title='bbox 2416 2421 2538 2462; x_wconf 90' lang='lat' dir='ltr'><strong>cum</strong></span> <span class='ocrx_word' id='word_1_520' title='bbox 2566 2406 2804 2478; x_wconf 90' lang='lat' dir='ltr'><strong>quotidie</strong></span> <span class='ocrx_word' id='word_1_521' title='bbox 2835 2407 2988 2463; x_wconf 92' lang='lat' dir='ltr'><strong>novis</strong></span> <span class='ocrx_word' id='word_1_522' title='bbox 3019 2408 3280 2463; x_wconf 79' lang='lat' dir='ltr'><strong>consultis</strong></span> <span class='ocrx_word' id='word_1_523' title='bbox 3309 2408 3721 2480; x_wconf 81' lang='lat' dir='ltr'><strong>constitutisque</strong></span> 
     </span>
    </p>
   </div>
   <div class='ocr_carea' id='block_1_69' title="bbox 2113 2486 3552 2571">
    <p class='ocr_par' dir='ltr' id='par_1_69' title="bbox 2113 2486 3552 2571">
     <span class='ocr_line' id='line_1_69' title="bbox 2113 2486 3552 2571; baseline 0 -17"><span class='ocrx_word' id='word_1_524' title='bbox 2113 2486 2342 2555; x_wconf 82' lang='lat' dir='ltr'><strong>duritias</strong></span> <span class='ocrx_word' id='word_1_525' title='bbox 2369 2498 2745 2571; x_wconf 84' lang='lat' dir='ltr'><strong>nequitiasque</strong></span> <span class='ocrx_word' id='word_1_526' title='bbox 2775 2513 2960 2553; x_wconf 88' lang='lat' dir='ltr'><strong>earum</strong></span> <span class='ocrx_word' id='word_1_527' title='bbox 2989 2499 3321 2569; x_wconf 84' lang='lat' dir='ltr'><strong>temperctis.</strong></span> <span class='ocrx_word' id='word_1_528' title='bbox 3548 2550 3552 2554; x_wconf 76' lang='grc'><strong><em>,</em></strong></span> 
     </span>
    </p>
   </div>
   <div class='ocr_carea' id='block_1_70' title="bbox 2187 2589 3720 2660">
    <p class='ocr_par' dir='ltr' id='par_1_70' title="bbox 2187 2589 3720 2660">
     <span class='ocr_line' id='line_1_70' title="bbox 2187 2589 3720 2660; baseline 0.003 -17"><span class='ocrx_word' id='word_1_529' title='bbox 2187 2592 2237 2644; x_wconf 88' lang='lat'><strong>7.</strong></span> <span class='ocrx_word' id='word_1_530' title='bbox 2272 2589 2422 2647; x_wconf 88' lang='lat' dir='ltr'><strong>Unde</strong></span> <span class='ocrx_word' id='word_1_531' title='bbox 2446 2604 2608 2660; x_wconf 82' lang='lat' dir='ltr'><strong>ergo,</strong></span> <span class='ocrx_word' id='word_1_532' title='bbox 2637 2590 2886 2660; x_wconf 78' lang='lat' dir='ltr'><strong>inquitis,</strong></span> <span class='ocrx_word' id='word_1_533' title='bbox 2917 2598 3121 2645; x_wconf 92' lang='lat' dir='ltr'><strong>tantum</strong></span> <span class='ocrx_word' id='word_1_534' title='bbox 3152 2589 3219 2645; x_wconf 85' lang='lat' dir='ltr'><strong>de</strong></span> <span class='ocrx_word' id='word_1_535' title='bbox 3256 2590 3410 2646; x_wconf 91' lang='lat' dir='ltr'><strong>vobis</strong></span> <span class='ocrx_word' id='word_1_536' title='bbox 3449 2591 3604 2645; x_wconf 64' lang='lat' dir='ltr'><strong>fama:</strong></span> <span class='ocrx_word' id='word_1_537' title='bbox 3644 2589 3720 2647; x_wconf 88' lang='lat' dir='ltr'><strong>li-</strong></span> 
     </span>
    </p>
   </div>
   <div class='ocr_carea' id='block_1_71' title="bbox 2112 2681 3724 2753">
    <p class='ocr_par' dir='ltr' id='par_1_71' title="bbox 2112 2681 3724 2753">
     <span class='ocr_line' id='line_1_71' title="bbox 2112 2681 3724 2753; baseline -0.001 -14"><span class='ocrx_word' id='word_1_538' title='bbox 2112 2684 2222 2739; x_wconf 89' lang='lat' dir='ltr'><strong>cuit</strong></span> <span class='ocrx_word' id='word_1_539' title='bbox 2244 2725 2260 2751; x_wconf 91' lang='lat'><strong>,</strong></span> <span class='ocrx_word' id='word_1_540' title='bbox 2288 2682 2440 2753; x_wconf 88' lang='lat' dir='ltr'><strong>cujus</strong></span> <span class='ocrx_word' id='word_1_541' title='bbox 2480 2682 2839 2738; x_wconf 89' lang='lat' dir='ltr'><strong>testimonium</strong></span> <span class='ocrx_word' id='word_1_542' title='bbox 2868 2681 3141 2738; x_wconf 83' lang='lat' dir='ltr'><strong>suffecerit</strong></span> <span class='ocrx_word' id='word_1_543' title='bbox 3183 2684 3402 2739; x_wconf 85' lang='lat' dir='ltr'><strong>forsitan</strong></span> <span class='ocrx_word' id='word_1_544' title='bbox 3433 2682 3724 2738; x_wconf 88' lang='lat' dir='ltr'><strong>conditori-</strong></span> 
     </span>
    </p>
   </div>
   <div class='ocr_carea' id='block_1_72' title="bbox 2116 2773 3722 2851">
    <p class='ocr_par' dir='ltr' id='par_1_72' title="bbox 2116 2773 3722 2851">
     <span class='ocr_line' id='line_1_72' title="bbox 2116 2773 3722 2851; baseline -0.002 -20"><span class='ocrx_word' id='word_1_545' title='bbox 2116 2776 2215 2832; x_wconf 92' lang='lat' dir='ltr'><strong>bus</strong></span> <span class='ocrx_word' id='word_1_546' title='bbox 2260 2775 2482 2847; x_wconf 83' lang='lat' dir='ltr'><strong>legum?</strong></span> <span class='ocrx_word' id='word_1_547' title='bbox 2532 2775 2684 2842; x_wconf 86' lang='lat' dir='ltr'><strong>Quis,</strong></span> <span class='ocrx_word' id='word_1_548' title='bbox 2709 2790 2841 2836; x_wconf 86' lang='lat' dir='ltr'><strong>oro.</strong></span> <span class='ocrx_word' id='word_1_549' title='bbox 2890 2790 3119 2844; x_wconf 87' lang='lat' dir='ltr'><strong>sponsor</strong></span> <span class='ocrx_word' id='word_1_550' title='bbox 3171 2783 3263 2851; x_wconf 86' lang='lat' dir='ltr'><strong>aut</strong></span> <span class='ocrx_word' id='word_1_551' title='bbox 3308 2773 3415 2829; x_wconf 87' lang='lat' dir='ltr'><strong>illis</strong></span> <span class='ocrx_word' id='word_1_552' title='bbox 3463 2784 3589 2831; x_wconf 87' lang='lat' dir='ltr'><strong>tunc</strong></span> <span class='ocrx_word' id='word_1_553' title='bbox 3628 2783 3722 2829; x_wconf 87' lang='lat' dir='ltr'><strong>aut</strong></span> 
     </span>
    </p>
   </div>
   <div class='ocr_carea' id='block_1_73' title="bbox 2117 2866 3719 2927">
    <p class='ocr_par' dir='ltr' id='par_1_73' title="bbox 2117 2866 3719 2927">
     <span class='ocr_line' id='line_1_73' title="bbox 2117 2866 3719 2927; baseline -0.003 0"><span class='ocrx_word' id='word_1_554' title='bbox 2117 2871 2312 2927; x_wconf 85' lang='lat' dir='ltr'><strong>exinde</strong></span> <span class='ocrx_word' id='word_1_555' title='bbox 2349 2870 2501 2925; x_wconf 89' lang='lat' dir='ltr'><strong>vobis</strong></span> <span class='ocrx_word' id='word_1_556' title='bbox 2541 2871 2609 2924; x_wconf 88' lang='lat' dir='ltr'><strong>de</strong></span> <span class='ocrx_word' id='word_1_557' title='bbox 2652 2867 2801 2925; x_wconf 81' lang='lat' dir='ltr'><strong>fide?</strong></span> <span class='ocrx_word' id='word_1_558' title='bbox 2849 2866 3011 2923; x_wconf 85' lang='lat' dir='ltr'><strong>Fama</strong></span> <span class='ocrx_word' id='word_1_559' title='bbox 3060 2877 3164 2921; x_wconf 90' lang='lat' dir='ltr'><strong>est.</strong></span> <span class='ocrx_word' id='word_1_560' title='bbox 3199 2866 3392 2923; x_wconf 88' lang='lat' dir='ltr'><strong>Nonne</strong></span> <span class='ocrx_word' id='word_1_561' title='bbox 3443 2867 3561 2925; x_wconf 67' lang='lat' dir='ltr'><strong>hcce</strong></span> <span class='ocrx_word' id='word_1_562' title='bbox 3586 2876 3670 2923; x_wconf 88' lang='lat' dir='ltr'><strong>est</strong></span> <span class='ocrx_word' id='word_1_563' title='bbox 3702 2883 3719 2923; x_wconf 82' lang='grc' dir='ltr'><strong>ι</strong></span> 
     </span>
    </p>
   </div>
   <div class='ocr_carea' id='block_1_74' title="bbox 2228 2955 3557 3025">
    <p class='ocr_par' dir='ltr' id='par_1_74' title="bbox 2228 2955 3557 3025">
     <span class='ocr_line' id='line_1_74' title="bbox 2228 2955 3557 3025; baseline -0.002 -15"><span class='ocrx_word' id='word_1_564' title='bbox 2228 2960 2377 3010; x_wconf 86' lang='lat' dir='ltr'><strong>Fama</strong></span> <span class='ocrx_word' id='word_1_565' title='bbox 2406 2959 2478 3025; x_wconf 85' lang='lat' dir='ltr'><strong>(b)</strong></span> <span class='ocrx_word' id='word_1_566' title='bbox 2503 2958 2703 3018; x_wconf 86' lang='lat' dir='ltr'><strong>malum,</strong></span> <span class='ocrx_word' id='word_1_567' title='bbox 2730 2966 2959 3025; x_wconf 58' lang='lat' dir='ltr'><strong>quonon</strong></span> <span class='ocrx_word' id='word_1_568' title='bbox 2981 2955 3108 3025; x_wconf 74' lang='lat' dir='ltr'><strong>aliud</strong></span> <span class='ocrx_word' id='word_1_569' title='bbox 3145 2957 3557 3025; x_wconf 56' lang='lat' dir='ltr'><strong>velogipspllqm.</strong></span> 
     </span>
    </p>
   </div>
   <div class='ocr_carea' id='block_1_75' title="bbox 2832 3016 3499 3083">
    <p class='ocr_par' dir='ltr' id='par_1_75' title="bbox 2832 3016 3499 3083">
     <span class='ocr_line' id='line_1_75' title="bbox 2832 3016 3499 3083; baseline -0.003 -15"><span class='ocrx_word' id='word_1_570' title='bbox 2832 3016 3000 3083; x_wconf 73' lang='lat' dir='ltr'><strong>(Virg.</strong></span> <span class='ocrx_word' id='word_1_571' title='bbox 3037 3017 3231 3069; x_wconf 72' lang='grc' dir='ltr'><strong>Δῖηεὶά.</strong></span> <span class='ocrx_word' id='word_1_572' title='bbox 3258 3016 3340 3079; x_wconf 85' lang='lat' dir='ltr'><strong>IV,</strong></span> <span class='ocrx_word' id='word_1_573' title='bbox 3369 3020 3499 3082; x_wconf 75' lang='lat' dir='ltr'><strong>I74.)</strong></span> 
     </span>
    </p>
   </div>
   <div class='ocr_carea' id='block_1_76' title="bbox 2119 3092 3716 3175">
    <p class='ocr_par' dir='ltr' id='par_1_76' title="bbox 2119 3092 3716 3175">
     <span class='ocr_line' id='line_1_76' title="bbox 2119 3092 3716 3175; baseline -0.003 -14"><span class='ocrx_word' id='word_1_574' title='bbox 2119 3107 2228 3162; x_wconf 82' lang='lat' dir='ltr'><strong>Cur</strong></span> <span class='ocrx_word' id='word_1_575' title='bbox 2254 3104 2485 3169; x_wconf 86' lang='lat' dir='ltr'><strong>malum,</strong></span> <span class='ocrx_word' id='word_1_576' title='bbox 2532 3104 2575 3159; x_wconf 91' lang='lat' dir='ltr'><strong>si</strong></span> <span class='ocrx_word' id='word_1_577' title='bbox 2626 3118 2754 3158; x_wconf 84' lang='lat' dir='ltr'><strong>vera</strong></span> <span class='ocrx_word' id='word_1_578' title='bbox 2781 3116 2998 3172; x_wconf 90' lang='lat' dir='ltr'><strong>semper</strong></span> <span class='ocrx_word' id='word_1_579' title='bbox 3039 3102 3144 3167; x_wconf 90' lang='lat' dir='ltr'><strong>sit,</strong></span> <span class='ocrx_word' id='word_1_580' title='bbox 3175 3119 3278 3157; x_wconf 91' lang='lat' dir='ltr'><strong>non</strong></span> <span class='ocrx_word' id='word_1_581' title='bbox 3317 3092 3598 3158; x_wconf 83' lang='lat' dir='ltr'><strong>mendacio</strong></span> <span class='ocrx_word' id='word_1_582' title='bbox 3631 3101 3716 3175; x_wconf 88' lang='grc'><strong>(1)</strong></span> 
     </span>
    </p>
   </div>
   <div class='ocr_carea' id='block_1_77' title="bbox 2039 3191 3719 3268">
    <p class='ocr_par' dir='ltr' id='par_1_77' title="bbox 2039 3191 3719 3268">
     <span class='ocr_line' id='line_1_77' title="bbox 2039 3191 3719 3268; baseline -0.004 -16"><span class='ocrx_word' id='word_1_583' title='bbox 2039 3200 2083 3262; x_wconf 88' lang='lat' dir='ltr'><strong>C</strong></span> <span class='ocrx_word' id='word_1_584' title='bbox 2118 3194 2406 3268; x_wconf 86' lang='lat' dir='ltr'><strong>plurimum</strong></span> <span class='ocrx_word' id='word_1_585' title='bbox 2436 3194 2549 3265; x_wconf 85' lang='lat' dir='ltr'><strong>(c)?</strong></span> <span class='ocrx_word' id='word_1_586' title='bbox 2578 3208 2697 3265; x_wconf 70' lang='lat' dir='ltr'><strong>qua:</strong></span> <span class='ocrx_word' id='word_1_587' title='bbox 2725 3208 2793 3248; x_wconf 91' lang='lat' dir='ltr'><strong>ne</strong></span> <span class='ocrx_word' id='word_1_588' title='bbox 2822 3202 2933 3247; x_wconf 92' lang='lat' dir='ltr'><strong>tum</strong></span> <span class='ocrx_word' id='word_1_589' title='bbox 2963 3192 3177 3263; x_wconf 88' lang='lat' dir='ltr'><strong>quidem</strong></span> <span class='ocrx_word' id='word_1_590' title='bbox 3200 3207 3321 3247; x_wconf 90' lang='lat' dir='ltr'><strong>cum</strong></span> <span class='ocrx_word' id='word_1_591' title='bbox 3355 3208 3476 3247; x_wconf 90' lang='lat' dir='ltr'><strong>vera</strong></span> <span class='ocrx_word' id='word_1_592' title='bbox 3504 3191 3678 3249; x_wconf 85' lang='lat' dir='ltr'><strong>defert</strong></span> <span class='ocrx_word' id='word_1_593' title='bbox 3703 3210 3719 3259; x_wconf 82' lang='lat'><strong>,</strong></span> 
     </span>
    </p>
   </div>
   <div class='ocr_carea' id='block_1_78' title="bbox 2117 3281 3723 3350">
    <p class='ocr_par' dir='ltr' id='par_1_78' title="bbox 2117 3281 3723 3350">
     <span class='ocr_line' id='line_1_78' title="bbox 2117 3281 3723 3350; baseline -0.002 -8"><span class='ocrx_word' id='word_1_594' title='bbox 2117 3302 2147 3342; x_wconf 87' lang='lat' dir='ltr'><strong>a</strong></span> <span class='ocrx_word' id='word_1_595' title='bbox 2178 3287 2400 3343; x_wconf 87' lang='lat' dir='ltr'><strong>libidine</strong></span> <span class='ocrx_word' id='word_1_596' title='bbox 2425 3283 2689 3342; x_wconf 85' lang='lat' dir='ltr'><strong>mendacii</strong></span> <span class='ocrx_word' id='word_1_597' title='bbox 2720 3291 2935 3350; x_wconf 84' lang='lat' dir='ltr'><strong>cessat,</strong></span> <span class='ocrx_word' id='word_1_598' title='bbox 2969 3291 3027 3337; x_wconf 92' lang='lat' dir='ltr'><strong>ut</strong></span> <span class='ocrx_word' id='word_1_599' title='bbox 3055 3298 3161 3338; x_wconf 90' lang='lat' dir='ltr'><strong>non</strong></span> <span class='ocrx_word' id='word_1_600' title='bbox 3184 3281 3316 3338; x_wconf 88' lang='lat' dir='ltr'><strong>falsa</strong></span> <span class='ocrx_word' id='word_1_601' title='bbox 3345 3282 3487 3338; x_wconf 86' lang='lat' dir='ltr'><strong>veris</strong></span> <span class='ocrx_word' id='word_1_602' title='bbox 3519 3284 3723 3339; x_wconf 83' lang='lat' dir='ltr'><strong>intexat</strong></span> 
     </span>
    </p>
   </div>
   <div class='ocr_carea' id='block_1_79' title="bbox 2111 3373 3719 3450">
    <p class='ocr_par' dir='ltr' id='par_1_79' title="bbox 2111 3373 3719 3450">
     <span class='ocr_line' id='line_1_79' title="bbox 2111 3373 3719 3450; baseline -0.002 -17"><span class='ocrx_word' id='word_1_603' title='bbox 2111 3379 2371 3450; x_wconf 85' lang='lat' dir='ltr'><strong>adjiciens</strong></span> <span class='ocrx_word' id='word_1_604' title='bbox 2406 3419 2423 3446; x_wconf 95' lang='lat'><strong>,</strong></span> <span class='ocrx_word' id='word_1_605' title='bbox 2472 3374 2761 3431; x_wconf 83' lang='lat' dir='ltr'><strong>detrahens</strong></span> <span class='ocrx_word' id='word_1_606' title='bbox 2789 3416 2805 3442; x_wconf 92' lang='lat'><strong>,</strong></span> <span class='ocrx_word' id='word_1_607' title='bbox 2858 3374 3117 3430; x_wconf 89' lang='lat' dir='ltr'><strong>varietate</strong></span> <span class='ocrx_word' id='word_1_608' title='bbox 3146 3373 3504 3429; x_wconf 87' lang='lat' dir='ltr'><strong>confundens.</strong></span> <span class='ocrx_word' id='word_1_609' title='bbox 3554 3373 3719 3441; x_wconf 86' lang='lat' dir='ltr'><strong>Quid,</strong></span> 
     </span>
    </p>
   </div>
   <div class='ocr_carea' id='block_1_80' title="bbox 2112 3465 3723 3542">
    <p class='ocr_par' dir='ltr' id='par_1_80' title="bbox 2112 3465 3723 3542">
     <span class='ocr_line' id='line_1_80' title="bbox 2112 3465 3723 3542; baseline -0.003 -17"><span class='ocrx_word' id='word_1_610' title='bbox 2112 3471 2258 3542; x_wconf 87' lang='lat' dir='ltr'><strong>quod</strong></span> <span class='ocrx_word' id='word_1_611' title='bbox 2287 3484 2351 3525; x_wconf 85' lang='lat' dir='ltr'><strong>ea</strong></span> <span class='ocrx_word' id='word_1_612' title='bbox 2381 3468 2623 3524; x_wconf 86' lang='lat' dir='ltr'><strong>conditio</strong></span> <span class='ocrx_word' id='word_1_613' title='bbox 2654 3465 2746 3534; x_wconf 90' lang='lat' dir='ltr'><strong>illi,</strong></span> <span class='ocrx_word' id='word_1_614' title='bbox 2778 3474 2836 3521; x_wconf 91' lang='lat' dir='ltr'><strong>ut</strong></span> <span class='ocrx_word' id='word_1_615' title='bbox 2859 3466 3075 3522; x_wconf 88' lang='lat' dir='ltr'><strong>nonnisi</strong></span> <span class='ocrx_word' id='word_1_616' title='bbox 3100 3479 3222 3521; x_wconf 91' lang='lat' dir='ltr'><strong>cum</strong></span> <span class='ocrx_word' id='word_1_617' title='bbox 3251 3467 3511 3521; x_wconf 83' lang='lat' dir='ltr'><strong>mentitur</strong></span> <span class='ocrx_word' id='word_1_618' title='bbox 3535 3478 3723 3535; x_wconf 88' lang='lat' dir='ltr'><strong>perse-</strong></span> 
     </span>
    </p>
   </div>
   <div class='ocr_carea' id='block_1_81' title="bbox 2114 3557 3720 3629">
    <p class='ocr_par' dir='ltr' id='par_1_81' title="bbox 2114 3557 3720 3629">
     <span class='ocr_line' id='line_1_81' title="bbox 2114 3557 3720 3629; baseline -0.001 -14"><span class='ocrx_word' id='word_1_619' title='bbox 2114 3574 2301 3627; x_wconf 87' lang='lat' dir='ltr'><strong>veret;</strong></span> <span class='ocrx_word' id='word_1_620' title='bbox 2338 3559 2535 3616; x_wconf 85' lang='lat' dir='ltr'><strong>tamdiu</strong></span> <span class='ocrx_word' id='word_1_621' title='bbox 2558 3559 2702 3615; x_wconf 85' lang='lat' dir='ltr'><strong>enim</strong></span> <span class='ocrx_word' id='word_1_622' title='bbox 2726 3559 2892 3623; x_wconf 89' lang='lat' dir='ltr'><strong>vivit,</strong></span> <span class='ocrx_word' id='word_1_623' title='bbox 2920 3557 3176 3629; x_wconf 89' lang='lat' dir='ltr'><strong>quamdiu</strong></span> <span class='ocrx_word' id='word_1_624' title='bbox 3204 3573 3310 3613; x_wconf 85' lang='lat' dir='ltr'><strong>non</strong></span> <span class='ocrx_word' id='word_1_625' title='bbox 3335 3557 3527 3628; x_wconf 88' lang='lat' dir='ltr'><strong>probat</strong></span> <span class='ocrx_word' id='word_1_626' title='bbox 3563 3557 3720 3627; x_wconf 86' lang='lat' dir='ltr'><strong>quid-</strong></span> 
     </span>
    </p>
   </div>
   <div class='ocr_carea' id='block_1_82' title="bbox 2113 3649 3720 3728">
    <p class='ocr_par' dir='ltr' id='par_1_82' title="bbox 2113 3649 3720 3728">
     <span class='ocr_line' id='line_1_82' title="bbox 2113 3649 3720 3728; baseline -0.002 -19"><span class='ocrx_word' id='word_1_627' title='bbox 2113 3670 2313 3728; x_wconf 86' lang='lat' dir='ltr'><strong>quam;</strong></span> <span class='ocrx_word' id='word_1_628' title='bbox 2358 3652 2619 3725; x_wconf 85' lang='lat' dir='ltr'><strong>siquidem</strong></span> <span class='ocrx_word' id='word_1_629' title='bbox 2668 3650 2962 3723; x_wconf 85' lang='lat' dir='ltr'><strong>approbata</strong></span> <span class='ocrx_word' id='word_1_630' title='bbox 2988 3651 3192 3717; x_wconf 80' lang='lat' dir='ltr'><strong>cadit,-</strong></span> <span class='ocrx_word' id='word_1_631' title='bbox 3230 3661 3283 3706; x_wconf 89' lang='lat' dir='ltr'><strong>et</strong></span> <span class='ocrx_word' id='word_1_632' title='bbox 3331 3652 3484 3721; x_wconf 89' lang='lat' dir='ltr'><strong>quasi</strong></span> <span class='ocrx_word' id='word_1_633' title='bbox 3539 3649 3720 3706; x_wconf 86' lang='lat' dir='ltr'><strong>officio</strong></span> 
     </span>
    </p>
   </div>
   <div class='ocr_carea' id='block_1_83' title="bbox 2066 3744 3721 3811">
    <p class='ocr_par' dir='ltr' id='par_1_83' title="bbox 2066 3744 3721 3811">
     <span class='ocr_line' id='line_1_83' title="bbox 2066 3744 3721 3811; baseline -0.003 -7"><span class='ocrx_word' id='word_1_634' title='bbox 2066 3763 2070 3766; x_wconf 70' lang='lat'><em>‘</em></span> <span class='ocrx_word' id='word_1_635' title='bbox 2115 3747 2392 3804; x_wconf 83' lang='lat' dir='ltr'><strong>nuntiandi</strong></span> <span class='ocrx_word' id='word_1_636' title='bbox 2443 3747 2621 3802; x_wconf 88' lang='lat' dir='ltr'><strong>functa</strong></span> <span class='ocrx_word' id='word_1_637' title='bbox 2670 3745 2921 3811; x_wconf 86' lang='lat' dir='ltr'><strong>decedit;</strong></span> <span class='ocrx_word' id='word_1_638' title='bbox 2972 3744 3166 3800; x_wconf 79' lang='lat' dir='ltr'><strong>exinde</strong></span> <span class='ocrx_word' id='word_1_639' title='bbox 3194 3758 3282 3799; x_wconf 88' lang='lat' dir='ltr'><strong>res</strong></span> <span class='ocrx_word' id='word_1_640' title='bbox 3332 3752 3584 3811; x_wconf 89' lang='lat' dir='ltr'><strong>tenetur,</strong></span> <span class='ocrx_word' id='word_1_641' title='bbox 3630 3756 3721 3799; x_wconf 86' lang='lat' dir='ltr'><strong>res</strong></span> 
     </span>
    </p>
   </div>
   <div class='ocr_carea' id='block_1_84' title="bbox 2114 3835 3717 3911">
    <p class='ocr_par' dir='ltr' id='par_1_84' title="bbox 2114 3835 3717 3911">
     <span class='ocr_line' id='line_1_84' title="bbox 2114 3835 3717 3911; baseline -0.006 -13"><span class='ocrx_word' id='word_1_642' title='bbox 2114 3844 2454 3908; x_wconf 84' lang='lat' dir='ltr'><strong>nominatur;</strong></span> <span class='ocrx_word' id='word_1_643' title='bbox 2501 3854 2603 3896; x_wconf 87' lang='lat' dir='ltr'><strong>nec</strong></span> <span class='ocrx_word' id='word_1_644' title='bbox 2645 3840 2928 3911; x_wconf 88' lang='lat' dir='ltr'><strong>quisquam</strong></span> <span class='ocrx_word' id='word_1_645' title='bbox 2977 3838 3144 3905; x_wconf 89' lang='lat' dir='ltr'><strong>dicit,</strong></span> <span class='ocrx_word' id='word_1_646' title='bbox 3188 3836 3339 3892; x_wconf 86' lang='lat' dir='ltr'><strong>verbi</strong></span> <span class='ocrx_word' id='word_1_647' title='bbox 3367 3835 3540 3907; x_wconf 85' lang='lat' dir='ltr'><strong>gratia</strong></span> <span class='ocrx_word' id='word_1_648' title='bbox 3574 3852 3587 3888; x_wconf 73' lang='grc' dir='ltr'>ς</span> <span class='ocrx_word' id='word_1_649' title='bbox 3619 3835 3717 3888; x_wconf 82' lang='lat' dir='ltr'><strong>hoc</strong></span> 
     </span>
    </p>
   </div>
   <div class='ocr_carea' id='block_1_85' title="bbox 2114 3927 3726 4006">
    <p class='ocr_par' dir='ltr' id='par_1_85' title="bbox 2114 3927 3726 4006">
     <span class='ocr_line' id='line_1_85' title="bbox 2114 3927 3726 4006; baseline -0.006 -16"><span class='ocrx_word' id='word_1_650' title='bbox 2114 3936 2295 3991; x_wconf 78' lang='lat' dir='ltr'><strong>Roma:</strong></span> <span class='ocrx_word' id='word_1_651' title='bbox 2342 3935 2486 3988; x_wconf 80' lang='lat' dir='ltr'><strong>aiunt</strong></span> <span class='ocrx_word' id='word_1_652' title='bbox 2536 3937 2771 4006; x_wconf 75' lang='lat' dir='ltr'><strong>factum;</strong></span> <span class='ocrx_word' id='word_1_653' title='bbox 2826 3939 2921 3986; x_wconf 92' lang='lat' dir='ltr'><strong>aut</strong></span> <span class='ocrx_word' id='word_1_654' title='bbox 2958 3948 2971 3985; x_wconf 91' lang='lat'>:</span> <span class='ocrx_word' id='word_1_655' title='bbox 3006 3934 3152 4000; x_wconf 80' lang='lat' dir='ltr'><strong>fama</strong></span> <span class='ocrx_word' id='word_1_656' title='bbox 3195 3938 3303 3996; x_wconf 80' lang='lat' dir='ltr'><strong>est,</strong></span> <span class='ocrx_word' id='word_1_657' title='bbox 3331 3929 3477 3983; x_wconf 82' lang='lat' dir='ltr'><strong>illum</strong></span> <span class='ocrx_word' id='word_1_658' title='bbox 3520 3927 3726 3998; x_wconf 79' lang='lat' dir='ltr'><strong>provin-</strong></span> 
     </span>
    </p>
   </div>
   <div class='ocr_carea' id='block_1_86' title="bbox 2113 4020 3721 4099">
    <p class='ocr_par' dir='ltr' id='par_1_86' title="bbox 2113 4020 3721 4099">
     <span class='ocr_line' id='line_1_86' title="bbox 2113 4020 3721 4099; baseline -0.006 -19"><span class='ocrx_word' id='word_1_659' title='bbox 2113 4027 2244 4080; x_wconf 81' lang='lat' dir='ltr'><strong>ciam</strong></span> <span class='ocrx_word' id='word_1_660' title='bbox 2272 4027 2505 4080; x_wconf 81' lang='lat' dir='ltr'><strong>sortitum</strong></span> <span class='ocrx_word' id='word_1_661' title='bbox 2528 4039 2546 4088; x_wconf 88' lang='lat'><strong>;</strong></span> <span class='ocrx_word' id='word_1_662' title='bbox 2573 4022 2668 4079; x_wconf 90' lang='lat' dir='ltr'><strong>sed</strong></span> <span class='ocrx_word' id='word_1_663' title='bbox 2695 4039 2708 4076; x_wconf 91' lang='lat'><strong>:</strong></span> <span class='ocrx_word' id='word_1_664' title='bbox 2732 4021 2822 4077; x_wconf 79' lang='lat' dir='ltr'><strong>ille</strong></span> <span class='ocrx_word' id='word_1_665' title='bbox 2869 4021 3205 4099; x_wconf 42' lang='lat' dir='ltr'><strong>provinciam’</strong></span> <span class='ocrx_word' id='word_1_666' title='bbox 3232 4020 3438 4080; x_wconf 74' lang='lat' dir='ltr'><strong>sortitas</strong></span> <span class='ocrx_word' id='word_1_667' title='bbox 3485 4027 3558 4072; x_wconf 79' lang='lat' dir='ltr'><strong>est</strong></span> <span class='ocrx_word' id='word_1_668' title='bbox 3577 4060 3592 4086; x_wconf 91' lang='lat'><strong>,</strong></span> <span class='ocrx_word' id='word_1_669' title='bbox 3621 4024 3677 4073; x_wconf 90' lang='lat' dir='ltr'><strong>et</strong></span> <span class='ocrx_word' id='word_1_670' title='bbox 3700 4032 3721 4070; x_wconf 90' lang='lat'><strong>:</strong></span> 
     </span>
    </p>
   </div>
   <div class='ocr_carea' id='block_1_87' title="bbox 2117 4093 3726 4193">
    <p class='ocr_par' dir='ltr' id='par_1_87' title="bbox 2117 4093 3726 4193">
     <span class='ocr_line' id='line_1_87' title="bbox 2117 4093 3726 4193; baseline -0.006 -17"><span class='ocrx_word' id='word_1_671' title='bbox 2117 4121 2210 4176; x_wconf 78' lang='lat' dir='ltr'><strong>hoc</strong></span> <span class='ocrx_word' id='word_1_672' title='bbox 2262 4123 2457 4193; x_wconf 73' lang='lat' dir='ltr'><strong>factum</strong></span> <span class='ocrx_word' id='word_1_673' title='bbox 2506 4126 2580 4173; x_wconf 81' lang='lat' dir='ltr'><strong>est</strong></span> <span class='ocrx_word' id='word_1_674' title='bbox 2611 4116 2811 4181; x_wconf 74' lang='lat' dir='ltr'><strong>Romaz.</strong></span> <span class='ocrx_word' id='word_1_675' title='bbox 2851 4113 3021 4169; x_wconf 87' lang='lat' dir='ltr'><strong>Nemo</strong></span> <span class='ocrx_word' id='word_1_676' title='bbox 3063 4093 3258 4167; x_wconf 78' lang='lat' dir='ltr'><strong>famam</strong></span> <span class='ocrx_word' id='word_1_677' title='bbox 3304 4111 3574 4176; x_wconf 90' lang='lat' dir='ltr'><strong>nominat,</strong></span> <span class='ocrx_word' id='word_1_678' title='bbox 3617 4108 3726 4166; x_wconf 85' lang='lat' dir='ltr'><strong>nisi</strong></span> 
     </span>
    </p>
   </div>
   <div class='ocr_carea' id='block_1_88' title="bbox 2117 4203 3720 4281">
    <p class='ocr_par' dir='ltr' id='par_1_88' title="bbox 2117 4203 3720 4281">
     <span class='ocr_line' id='line_1_88' title="bbox 2117 4203 3720 4281; baseline -0.007 -13"><span class='ocrx_word' id='word_1_679' title='bbox 2117 4213 2355 4268; x_wconf 91' lang='lat' dir='ltr'><strong>incertus</strong></span> <span class='ocrx_word' id='word_1_680' title='bbox 2372 4254 2387 4278; x_wconf 92' lang='lat'><strong>,</strong></span> <span class='ocrx_word' id='word_1_681' title='bbox 2414 4210 2538 4281; x_wconf 89' lang='lat' dir='ltr'><strong>quia</strong></span> <span class='ocrx_word' id='word_1_682' title='bbox 2559 4223 2719 4267; x_wconf 87' lang='lat' dir='ltr'><strong>nemo</strong></span> <span class='ocrx_word' id='word_1_683' title='bbox 2739 4207 2811 4263; x_wconf 89' lang='lat' dir='ltr'><strong>sit</strong></span> <span class='ocrx_word' id='word_1_684' title='bbox 2837 4205 2999 4272; x_wconf 90' lang='lat' dir='ltr'><strong>fama,</strong></span> <span class='ocrx_word' id='word_1_685' title='bbox 3024 4203 3117 4259; x_wconf 91' lang='lat' dir='ltr'><strong>sed</strong></span> <span class='ocrx_word' id='word_1_686' title='bbox 3149 4204 3480 4259; x_wconf 88' lang='lat' dir='ltr'><strong>conscientia</strong></span> <span class='ocrx_word' id='word_1_687' title='bbox 3501 4210 3720 4268; x_wconf 90' lang='lat' dir='ltr'><strong>certus;</strong></span> 
     </span>
    </p>
   </div>
   <div class='ocr_carea' id='block_1_89' title="bbox 2119 4294 3723 4366">
    <p class='ocr_par' dir='ltr' id='par_1_89' title="bbox 2119 4294 3723 4366">
     <span class='ocr_line' id='line_1_89' title="bbox 2119 4294 3723 4366; baseline -0.007 -6"><span class='ocrx_word' id='word_1_688' title='bbox 2119 4321 2276 4360; x_wconf 87' lang='lat' dir='ltr'><strong>nemo</strong></span> <span class='ocrx_word' id='word_1_689' title='bbox 2307 4305 2461 4358; x_wconf 85' lang='lat' dir='ltr'><strong>famae</strong></span> <span class='ocrx_word' id='word_1_690' title='bbox 2507 4298 2712 4366; x_wconf 90' lang='lat' dir='ltr'><strong>credit,</strong></span> <span class='ocrx_word' id='word_1_691' title='bbox 2760 4298 2863 4353; x_wconf 90' lang='lat' dir='ltr'><strong>nisi</strong></span> <span class='ocrx_word' id='word_1_692' title='bbox 2912 4295 3148 4364; x_wconf 87' lang='lat' dir='ltr'><strong>stultus,</strong></span> <span class='ocrx_word' id='word_1_693' title='bbox 3177 4297 3303 4366; x_wconf 88' lang='lat' dir='ltr'><strong>quia</strong></span> <span class='ocrx_word' id='word_1_694' title='bbox 3349 4294 3564 4364; x_wconf 88' lang='lat' dir='ltr'><strong>sapiens</strong></span> <span class='ocrx_word' id='word_1_695' title='bbox 3608 4308 3723 4349; x_wconf 84' lang='lat' dir='ltr'><strong>non</strong></span> 
     </span>
    </p>
   </div>
   <div class='ocr_carea' id='block_1_90' title="bbox 2115 4385 3726 4462">
    <p class='ocr_par' dir='ltr' id='par_1_90' title="bbox 2115 4385 3726 4462">
     <span class='ocr_line' id='line_1_90' title="bbox 2115 4385 3726 4462; baseline -0.009 -8"><span class='ocrx_word' id='word_1_696' title='bbox 2115 4396 2289 4454; x_wconf 87' lang='lat' dir='ltr'><strong>credit</strong></span> <span class='ocrx_word' id='word_1_697' title='bbox 2304 4397 2529 4451; x_wconf 89' lang='lat' dir='ltr'><strong>incerto.</strong></span> <span class='ocrx_word' id='word_1_698' title='bbox 2552 4393 2715 4447; x_wconf 87' lang='lat' dir='ltr'><strong>Fama</strong></span> <span class='ocrx_word' id='word_1_699' title='bbox 2735 4433 2749 4459; x_wconf 92' lang='lat'><strong>,</strong></span> <span class='ocrx_word' id='word_1_700' title='bbox 2774 4398 3202 4462; x_wconf 90' lang='lat' dir='ltr'><strong>quantacumque</strong></span> <span class='ocrx_word' id='word_1_701' title='bbox 3220 4388 3511 4444; x_wconf 87' lang='lat' dir='ltr'><strong>ambitione</strong></span> <span class='ocrx_word' id='word_1_702' title='bbox 3530 4385 3726 4441; x_wconf 79' lang='lat' dir='ltr'><strong>diffusa</strong></span> 
     </span>
    </p>
   </div>
   <div class='ocr_carea' id='block_1_91' title="bbox 2118 4482 3722 4559">
    <p class='ocr_par' dir='ltr' id='par_1_91' title="bbox 2118 4482 3722 4559">
     <span class='ocr_line' id='line_1_91' title="bbox 2118 4482 3722 4559; baseline -0.011 -11"><span class='ocrx_word' id='word_1_703' title='bbox 2118 4501 2235 4557; x_wconf 84' lang='lat' dir='ltr'><strong>est,</strong></span> <span class='ocrx_word' id='word_1_704' title='bbox 2264 4490 2334 4546; x_wconf 84' lang='lat' dir='ltr'><strong>ab</strong></span> <span class='ocrx_word' id='word_1_705' title='bbox 2352 4500 2461 4544; x_wconf 87' lang='lat' dir='ltr'><strong>uno</strong></span> <span class='ocrx_word' id='word_1_706' title='bbox 2489 4484 2779 4557; x_wconf 86' lang='lat' dir='ltr'><strong>aliquando</strong></span> <span class='ocrx_word' id='word_1_707' title='bbox 2827 4497 2923 4539; x_wconf 90' lang='lat' dir='ltr'><strong>ore</strong></span> <span class='ocrx_word' id='word_1_708' title='bbox 2975 4490 3163 4538; x_wconf 83' lang='lat' dir='ltr'><strong>exorta</strong></span> <span class='ocrx_word' id='word_1_709' title='bbox 3203 4482 3276 4536; x_wconf 88' lang='lat' dir='ltr'><strong>sit</strong></span> <span class='ocrx_word' id='word_1_710' title='bbox 3321 4490 3541 4536; x_wconf 81' lang='lat' dir='ltr'><strong>necesse</strong></span> <span class='ocrx_word' id='word_1_711' title='bbox 3587 4484 3674 4532; x_wconf 78' lang='lat' dir='ltr'><strong>est</strong></span> <span class='ocrx_word' id='word_1_712' title='bbox 3700 4519 3722 4559; x_wconf 53' lang='grc' dir='ltr'><strong><em>ρ</em></strong></span> 
     </span>
    </p>
   </div>
   <div class='ocr_carea' id='block_1_92' title="bbox 415 4569 3722 4666">
    <p class='ocr_par' dir='ltr' id='par_1_92' title="bbox 415 4569 3722 4666">
     <span class='ocr_line' id='line_1_92' title="bbox 415 4569 3722 4666; baseline -0.007 -19"><span class='ocrx_word' id='word_1_713' title='bbox 415 4592 469 4648; x_wconf 86' lang='lat' dir='ltr'><strong>id</strong></span> <span class='ocrx_word' id='word_1_714' title='bbox 500 4600 614 4659; x_wconf 91' lang='lat' dir='ltr'><strong>est,</strong></span> <span class='ocrx_word' id='word_1_715' title='bbox 636 4593 811 4666; x_wconf 86' lang='lat' dir='ltr'><strong>legum</strong></span> <span class='ocrx_word' id='word_1_716' title='bbox 840 4569 1235 4654; x_wconf 75' lang='lat' dir='ltr'><strong>auctoritatem.</strong></span> <span class='ocrx_word' id='word_1_717' title='bbox 1272 4591 1413 4663; x_wconf 90' lang='lat' dir='ltr'><strong>quod</strong></span> <span class='ocrx_word' id='word_1_718' title='bbox 1453 4592 1638 4664; x_wconf 91' lang='lat' dir='ltr'><strong>utique</strong></span> <span class='ocrx_word' id='word_1_719' title='bbox 1668 4569 1774 4646; x_wconf 77' lang='lat' dir='ltr'><strong>non</strong></span> <span class='ocrx_word' id='word_1_720' title='bbox 1808 4590 2011 4663; x_wconf 84' lang='lat' dir='ltr'><strong>plecte-</strong></span> <span class='ocrx_word' id='word_1_721' title='bbox 2039 4579 2094 4641; x_wconf 88' lang='lat' dir='ltr'><strong><em>D</em></strong></span> <span class='ocrx_word' id='word_1_722' title='bbox 2118 4581 2311 4642; x_wconf 85' lang='lat' dir='ltr'><strong>exinde</strong></span> <span class='ocrx_word' id='word_1_723' title='bbox 2330 4581 2382 4636; x_wconf 92' lang='lat' dir='ltr'><strong>in</strong></span> <span class='ocrx_word' id='word_1_724' title='bbox 2407 4579 2654 4636; x_wconf 89' lang='lat' dir='ltr'><strong>traduces</strong></span> <span class='ocrx_word' id='word_1_725' title='bbox 2675 4574 3069 4649; x_wconf 88' lang='lat' dir='ltr'><strong>quodammodo</strong></span> <span class='ocrx_word' id='word_1_726' title='bbox 3089 4575 3388 4645; x_wconf 84' lang='lat' dir='ltr'><strong>linguarum</strong></span> <span class='ocrx_word' id='word_1_727' title='bbox 3420 4577 3474 4628; x_wconf 90' lang='lat' dir='ltr'><strong>et</strong></span> <span class='ocrx_word' id='word_1_728' title='bbox 3504 4569 3722 4625; x_wconf 86' lang='lat' dir='ltr'><strong>aurium</strong></span> 
     </span>
    </p>
   </div>
   <div class='ocr_carea' id='block_1_93' title="bbox 1642 4695 2463 4760">
    <p class='ocr_par' dir='ltr' id='par_1_93' title="bbox 1642 4695 2463 4760">
     <span class='ocr_line' id='line_1_93' title="bbox 1642 4695 2463 4760; baseline -0.012 0"><span class='ocrx_word' id='word_1_729' title='bbox 1642 4703 1932 4760; x_wconf 84' lang='lat' dir='ltr'><strong>LECTION</strong></span> <span class='ocrx_word' id='word_1_730' title='bbox 1939 4704 2017 4760; x_wconf 87' lang='lat' dir='ltr'>ES</span> <span class='ocrx_word' id='word_1_731' title='bbox 2055 4695 2463 4758; x_wconf 77' lang='lat' dir='ltr'><strong>VARIANTES.</strong></span> 
     </span>
    </p>
   </div>
   <div class='ocr_carea' id='block_1_94' title="bbox 481 4796 1768 4873">
    <p class='ocr_par' dir='ltr' id='par_1_94' title="bbox 481 4796 1768 4873">
     <span class='ocr_line' id='line_1_94' title="bbox 481 4796 1768 4873; baseline -0.003 -23"><span class='ocrx_word' id='word_1_732' title='bbox 481 4799 551 4864; x_wconf 81' lang='lat'><strong>(1)</strong></span> <span class='ocrx_word' id='word_1_733' title='bbox 584 4800 692 4868; x_wconf 72' lang='lat' dir='ltr'><strong>Rtg.</strong></span> <span class='ocrx_word' id='word_1_734' title='bbox 717 4798 1004 4853; x_wconf 50' lang='lat' dir='ltr'><strong>«serviente</strong></span> <span class='ocrx_word' id='word_1_735' title='bbox 1025 4808 1230 4849; x_wconf 77' lang='lat' dir='ltr'><strong>Haverc.</strong></span> <span class='ocrx_word' id='word_1_736' title='bbox 1256 4796 1445 4848; x_wconf 81' lang='lat' dir='ltr'><strong>emend.</strong></span> <span class='ocrx_word' id='word_1_737' title='bbox 1469 4798 1768 4873; x_wconf 82' lang='lat' dir='ltr'><strong>mendacior.</strong></span> 
     </span>
    </p>
   </div>
   <div class='ocr_carea' id='block_1_95' title="bbox 484 4994 2009 5128">
    <p class='ocr_par' dir='ltr' id='par_1_95' title="bbox 484 4994 2009 5128">
     <span class='ocr_line' id='line_1_95' title="bbox 484 4994 2009 5128; baseline -0.005 -71"><span class='ocrx_word' id='word_1_738' title='bbox 484 5003 561 5128; x_wconf 49' lang='lat' dir='ltr'><strong>Si)</strong></span> <span class='ocrx_word' id='word_1_739' title='bbox 597 5000 698 5068; x_wconf 77' lang='lat' dir='ltr'><strong>Qui</strong></span> <span class='ocrx_word' id='word_1_740' title='bbox 720 5017 776 5056; x_wconf 83' lang='lat' dir='ltr'><strong>se</strong></span> <span class='ocrx_word' id='word_1_741' title='bbox 802 5016 987 5071; x_wconf 82' lang='lat' dir='ltr'><strong>negare</strong></span> <span class='ocrx_word' id='word_1_742' title='bbox 1012 5014 1112 5061; x_wconf 79' lang='lat' dir='ltr'><strong>non</strong></span> <span class='ocrx_word' id='word_1_743' title='bbox 1141 5005 1346 5052; x_wconf 80' lang='lat' dir='ltr'><strong>norunt.</strong></span> <span class='ocrx_word' id='word_1_744' title='bbox 1382 4995 1550 5051; x_wconf 86' lang='lat' dir='ltr'><strong>Erant</strong></span> <span class='ocrx_word' id='word_1_745' title='bbox 1577 4994 1720 5050; x_wconf 89' lang='lat' dir='ltr'><strong>enim</strong></span> <span class='ocrx_word' id='word_1_746' title='bbox 1765 5009 1863 5065; x_wconf 88' lang='lat' dir='ltr'><strong>pro</strong></span> <span class='ocrx_word' id='word_1_747' title='bbox 1892 4995 2009 5050; x_wconf 84' lang='lat' dir='ltr'><strong>fra-</strong></span> 
     </span>
     <span class='ocr_line' id='line_1_96' title="bbox 527 5065 2009 5128; baseline -0.004 -1"><span class='ocrx_word' id='word_1_748' title='bbox 527 5088 590 5128; x_wconf 86' lang='lat' dir='ltr'><strong>us</strong></span> <span class='ocrx_word' id='word_1_749' title='bbox 616 5074 728 5127; x_wconf 74' lang='lat' dir='ltr'><strong>suis</strong></span> <span class='ocrx_word' id='word_1_750' title='bbox 768 5073 905 5126; x_wconf 90' lang='lat' dir='ltr'><strong>mori</strong></span> <span class='ocrx_word' id='word_1_751' title='bbox 937 5071 1166 5125; x_wconf 85' lang='lat' dir='ltr'><strong>invicem</strong></span> <span class='ocrx_word' id='word_1_752' title='bbox 1204 5068 1377 5128; x_wconf 82' lang='lat' dir='ltr'><strong>parati</strong></span> <span class='ocrx_word' id='word_1_753' title='bbox 1408 5084 1422 5123; x_wconf 92' lang='lat'>:</span> <span class='ocrx_word' id='word_1_754' title='bbox 1466 5075 1625 5128; x_wconf 82' lang='lat' dir='ltr'><strong>atque</strong></span> <span class='ocrx_word' id='word_1_755' title='bbox 1652 5065 1790 5121; x_wconf 89' lang='lat' dir='ltr'><strong>hanc</strong></span> <span class='ocrx_word' id='word_1_756' title='bbox 1814 5073 2009 5121; x_wconf 70' lang='lat' dir='ltr'><strong>mutum</strong></span> 
     </span>
    </p>
   </div>
   <div class='ocr_carea' id='block_1_96' title="bbox 415 5065 2010 5139">
    <p class='ocr_par' dir='ltr' id='par_1_96' title="bbox 415 5065 2010 5139">
     <span class='ocr_line' id='line_1_97' title="bbox 415 5065 2010 5139; baseline -0.006 -11"><span class='ocrx_word' id='word_1_757' title='bbox 415 5065 728 5128; x_wconf 32' lang='lat' dir='ltr'><strong>tribus&#39;suis</strong></span> <span class='ocrx_word' id='word_1_758' title='bbox 768 5065 905 5126; x_wconf 74' lang='lat' dir='ltr'><strong>mori</strong></span> <span class='ocrx_word' id='word_1_759' title='bbox 937 5071 1166 5125; x_wconf 85' lang='lat' dir='ltr'><strong>invicem</strong></span> <span class='ocrx_word' id='word_1_760' title='bbox 1204 5068 1377 5139; x_wconf 85' lang='lat' dir='ltr'><strong>parati</strong></span> <span class='ocrx_word' id='word_1_761' title='bbox 1408 5084 1422 5123; x_wconf 91' lang='lat'>:</span> <span class='ocrx_word' id='word_1_762' title='bbox 1466 5075 1625 5137; x_wconf 88' lang='lat' dir='ltr'><strong>atque</strong></span> <span class='ocrx_word' id='word_1_763' title='bbox 1652 5065 1790 5139; x_wconf 80' lang='lat' dir='ltr'><strong>hanc</strong></span> <span class='ocrx_word' id='word_1_764' title='bbox 1814 5073 2010 5139; x_wconf 71' lang='lat' dir='ltr'><strong>mutuae</strong></span> 
     </span>
    </p>
   </div>
   <div class='ocr_carea' id='block_1_97' title="bbox 416 5136 2011 5200">
    <p class='ocr_par' dir='ltr' id='par_1_97' title="bbox 416 5136 2011 5200">
     <span class='ocr_line' id='line_1_98' title="bbox 416 5136 2011 5200; baseline -0.006 0"><span class='ocrx_word' id='word_1_765' title='bbox 416 5145 656 5200; x_wconf 86' lang='lat' dir='ltr'><strong>caritatis</strong></span> <span class='ocrx_word' id='word_1_766' title='bbox 698 5142 1054 5198; x_wconf 84' lang='lat' dir='ltr'><strong>constantiam</strong></span> <span class='ocrx_word' id='word_1_767' title='bbox 1088 5136 1297 5195; x_wconf 83' lang='lat' dir='ltr'><strong>Ethnici</strong></span> <span class='ocrx_word' id='word_1_768' title='bbox 1347 5136 1697 5193; x_wconf 82' lang='lat' dir='ltr'><strong>mirabantur.</strong></span> <span class='ocrx_word' id='word_1_769' title='bbox 1737 5136 1888 5193; x_wconf 89' lang='lat' dir='ltr'><strong>Unde</strong></span> <span class='ocrx_word' id='word_1_770' title='bbox 1918 5137 2011 5191; x_wconf 86' lang='lat' dir='ltr'><strong>illa</strong></span> 
     </span>
    </p>
   </div>
   <div class='ocr_carea' id='block_1_98' title="bbox 417 5207 2010 5286">
    <p class='ocr_par' dir='ltr' id='par_1_98' title="bbox 417 5207 2010 5286">
     <span class='ocr_line' id='line_1_99' title="bbox 417 5207 2010 5286; baseline -0.005 -16"><span class='ocrx_word' id='word_1_771' title='bbox 417 5216 471 5270; x_wconf 89' lang='lat' dir='ltr'><strong>in</strong></span> <span class='ocrx_word' id='word_1_772' title='bbox 511 5215 859 5286; x_wconf 79' lang='lat' dir='ltr'><strong>Apologetico</strong></span> <span class='ocrx_word' id='word_1_773' title='bbox 889 5231 916 5286; x_wconf 13' lang='grc' dir='ltr'><strong>εξ</strong></span> <span class='ocrx_word' id='word_1_774' title='bbox 939 5212 1060 5266; x_wconf 88' lang='lat' dir='ltr'><strong>vide</strong></span> <span class='ocrx_word' id='word_1_775' title='bbox 1085 5252 1099 5277; x_wconf 91' lang='lat'><strong>,</strong></span> <span class='ocrx_word' id='word_1_776' title='bbox 1133 5212 1406 5286; x_wconf 81' lang='lat' dir='ltr'><strong>inquiunt,</strong></span> <span class='ocrx_word' id='word_1_777' title='bbox 1450 5220 1507 5264; x_wconf 91' lang='lat' dir='ltr'><strong>ut</strong></span> <span class='ocrx_word' id='word_1_778' title='bbox 1554 5208 1779 5286; x_wconf 73' lang='lat' dir='ltr'><strong>invicem</strong></span> <span class='ocrx_word' id='word_1_779' title='bbox 1807 5224 1865 5263; x_wconf 83' lang='lat' dir='ltr'><strong>se</strong></span> <span class='ocrx_word' id='word_1_780' title='bbox 1891 5207 2010 5263; x_wconf 71' lang='lat' dir='ltr'><strong>dilio</strong></span> 
     </span>
    </p>
   </div>
   <div class='ocr_carea' id='block_1_99' title="bbox 418 5280 1775 5358">
    <p class='ocr_par' dir='ltr' id='par_1_99' title="bbox 418 5280 1775 5358">
     <span class='ocr_line' id='line_1_100' title="bbox 418 5280 1775 5358; baseline -0.006 -18"><span class='ocrx_word' id='word_1_781' title='bbox 418 5280 575 5358; x_wconf 54' lang='lat' dir='ltr'><strong>gant;</strong></span> <span class='ocrx_word' id='word_1_782' title='bbox 594 5297 652 5358; x_wconf 76' lang='lat' dir='ltr'><strong>et</strong></span> <span class='ocrx_word' id='word_1_783' title='bbox 676 5280 730 5340; x_wconf 65' lang='lat' dir='ltr'><strong>tit</strong></span> <span class='ocrx_word' id='word_1_784' title='bbox 753 5302 847 5358; x_wconf 84' lang='lat' dir='ltr'><strong>pro</strong></span> <span class='ocrx_word' id='word_1_785' title='bbox 872 5284 1129 5339; x_wconf 84' lang='lat' dir='ltr'><strong>alterutro</strong></span> <span class='ocrx_word' id='word_1_786' title='bbox 1154 5280 1288 5358; x_wconf 73' lang='lat' dir='ltr'><strong>mori</strong></span> <span class='ocrx_word' id='word_1_787' title='bbox 1315 5283 1421 5358; x_wconf 75' lang='lat' dir='ltr'><strong>sint</strong></span> <span class='ocrx_word' id='word_1_788' title='bbox 1442 5283 1629 5358; x_wconf 80' lang='lat' dir='ltr'><strong>parati.</strong></span> <span class='ocrx_word' id='word_1_789' title='bbox 1657 5280 1775 5358; x_wconf 61' lang='lat' dir='ltr'><strong>lito.</strong></span> 
     </span>
    </p>
   </div>
   <div class='ocr_carea' id='block_1_100' title="bbox 489 5352 2013 5429">
    <p class='ocr_par' dir='ltr' id='par_1_100' title="bbox 489 5352 2013 5429">
     <span class='ocr_line' id='line_1_101' title="bbox 489 5352 2013 5429; baseline -0.003 -19"><span class='ocrx_word' id='word_1_790' title='bbox 489 5358 566 5429; x_wconf 90' lang='lat' dir='ltr'><strong>(b)</strong></span> <span class='ocrx_word' id='word_1_791' title='bbox 598 5356 652 5411; x_wconf 84' lang='grc' dir='ltr'><strong><em>Ν</em></strong></span> <span class='ocrx_word' id='word_1_792' title='bbox 657 5352 786 5429; x_wconf 68' lang='lat' dir='ltr'><strong>om</strong></span> <span class='ocrx_word' id='word_1_793' title='bbox 812 5357 920 5410; x_wconf 76' lang='lat' dir='ltr'><strong>Itwc</strong></span> <span class='ocrx_word' id='word_1_794' title='bbox 938 5362 1010 5409; x_wconf 81' lang='lat' dir='ltr'><strong>est</strong></span> <span class='ocrx_word' id='word_1_795' title='bbox 1046 5358 1204 5429; x_wconf 61' lang='lat' dir='ltr'><strong>{quem</strong></span> <span class='ocrx_word' id='word_1_796' title='bbox 1232 5354 1270 5406; x_wconf 79' lang='grc' dir='ltr'>Α</span> <span class='ocrx_word' id='word_1_797' title='bbox 1282 5352 1556 5429; x_wconf 74' lang='lat' dir='ltr'><strong>polngetici</strong></span> <span class='ocrx_word' id='word_1_798' title='bbox 1580 5352 1756 5429; x_wconf 77' lang='lat' dir='ltr'><strong>capite</strong></span> <span class='ocrx_word' id='word_1_799' title='bbox 1774 5352 2013 5429; x_wconf 69' lang='lat' dir='ltr'><strong>septimo</strong></span> 
     </span>
    </p>
   </div>
   <div class='ocr_carea' id='block_1_101' title="bbox 417 5420 2011 5495">
    <p class='ocr_par' dir='ltr' id='par_1_101' title="bbox 417 5420 2011 5495">
     <span class='ocr_line' id='line_1_102' title="bbox 417 5420 2011 5495; baseline -0.004 -12"><span class='ocrx_word' id='word_1_800' title='bbox 417 5420 610 5483; x_wconf 80' lang='lat' dir='ltr'><strong>famam</strong></span> <span class='ocrx_word' id='word_1_801' title='bbox 660 5420 1054 5495; x_wconf 73' lang='lat' dir='ltr'><strong>deseripscrat,</strong></span> <span class='ocrx_word' id='word_1_802' title='bbox 1085 5420 1291 5485; x_wconf 75' lang='lat' dir='ltr'><strong>levem,</strong></span> <span class='ocrx_word' id='word_1_803' title='bbox 1324 5423 1636 5495; x_wconf 76' lang='lat' dir='ltr'><strong>mendacem</strong></span> <span class='ocrx_word' id='word_1_804' title='bbox 1661 5463 1674 5486; x_wconf 91' lang='lat'><strong>,</strong></span> <span class='ocrx_word' id='word_1_805' title='bbox 1710 5420 1967 5495; x_wconf 82' lang='lat' dir='ltr'><strong>injustam</strong></span> <span class='ocrx_word' id='word_1_806' title='bbox 1999 5439 2011 5475; x_wconf 91' lang='lat'><strong>:</strong></span> 
     </span>
    </p>
   </div>
   <div class='ocr_carea' id='block_1_102' title="bbox 421 5493 2011 5567">
    <p class='ocr_par' dir='ltr' id='par_1_102' title="bbox 421 5493 2011 5567">
     <span class='ocr_line' id='line_1_103' title="bbox 421 5493 2011 5567; baseline -0.004 -15"><span class='ocrx_word' id='word_1_807' title='bbox 421 5499 506 5553; x_wconf 89' lang='lat' dir='ltr'><strong>hic</strong></span> <span class='ocrx_word' id='word_1_808' title='bbox 541 5499 727 5556; x_wconf 87' lang='lat' dir='ltr'><strong>eadem</strong></span> <span class='ocrx_word' id='word_1_809' title='bbox 762 5493 950 5567; x_wconf 79' lang='lat' dir='ltr'><strong>repetit</strong></span> <span class='ocrx_word' id='word_1_810' title='bbox 979 5537 992 5560; x_wconf 94' lang='lat'><strong>,</strong></span> <span class='ocrx_word' id='word_1_811' title='bbox 1023 5497 1172 5567; x_wconf 67' lang='lat' dir='ltr'><strong>quasi</strong></span> <span class='ocrx_word' id='word_1_812' title='bbox 1214 5495 1351 5548; x_wconf 90' lang='lat' dir='ltr'><strong>illius</strong></span> <span class='ocrx_word' id='word_1_813' title='bbox 1392 5493 2011 5567; x_wconf 60' lang='lat' dir='ltr'><strong>falsitatcnrheminar-</strong></span> 
     </span>
    </p>
   </div>
   <div class='ocr_carea' id='block_1_103' title="bbox 417 5561 2015 5641">
    <p class='ocr_par' dir='ltr' id='par_1_103' title="bbox 417 5561 2015 5641">
     <span class='ocr_line' id='line_1_104' title="bbox 417 5561 2015 5641; baseline -0.004 -17"><span class='ocrx_word' id='word_1_814' title='bbox 417 5579 626 5641; x_wconf 82' lang='lat' dir='ltr'><strong>gueret.</strong></span> <span class='ocrx_word' id='word_1_815' title='bbox 646 5561 913 5641; x_wconf 75' lang='lat' dir='ltr'><strong>Crederes</strong></span> <span class='ocrx_word' id='word_1_816' title='bbox 933 5561 1698 5641; x_wconf 65' lang='lat' dir='ltr'><strong>TertullianqureSpiccrcad</strong></span> <span class='ocrx_word' id='word_1_817' title='bbox 1722 5561 2015 5641; x_wconf 62' lang='lat' dir='ltr'><strong>blartialcm</strong></span> 
     </span>
    </p>
   </div>
   <div class='ocr_carea' id='block_1_104' title="bbox 417 5632 1906 5712">
    <p class='ocr_par' dir='ltr' id='par_1_104' title="bbox 417 5632 1906 5712">
     <span class='ocr_line' id='line_1_105' title="bbox 417 5632 1906 5712; baseline -0.006 -18"><span class='ocrx_word' id='word_1_818' title='bbox 417 5632 507 5712; x_wconf 71' lang='lat' dir='ltr'><strong>qui</strong></span> <span class='ocrx_word' id='word_1_819' title='bbox 538 5640 761 5699; x_wconf 79' lang='lat' dir='ltr'><strong>lib.VII.</strong></span> <span class='ocrx_word' id='word_1_820' title='bbox 792 5639 961 5710; x_wconf 84' lang='lat' dir='ltr'><strong>epigr.</strong></span> <span class='ocrx_word' id='word_1_821' title='bbox 991 5640 1047 5695; x_wconf 83' lang='lat'><strong>5.</strong></span> <span class='ocrx_word' id='word_1_822' title='bbox 1080 5638 1147 5693; x_wconf 90' lang='lat' dir='ltr'><strong>de</strong></span> <span class='ocrx_word' id='word_1_823' title='bbox 1179 5634 1468 5691; x_wconf 88' lang='lat' dir='ltr'><strong>Domitiani</strong></span> <span class='ocrx_word' id='word_1_824' title='bbox 1496 5632 1668 5687; x_wconf 87' lang='lat' dir='ltr'><strong>reditu</strong></span> <span class='ocrx_word' id='word_1_825' title='bbox 1695 5632 1773 5685; x_wconf 91' lang='lat' dir='ltr'><strong>sic</strong></span> <span class='ocrx_word' id='word_1_826' title='bbox 1803 5632 1906 5686; x_wconf 91' lang='lat' dir='ltr'><strong>ait:</strong></span> 
     </span>
    </p>
   </div>
   <div class='ocr_carea' id='block_1_105' title="bbox 543 5728 1862 5793">
    <p class='ocr_par' dir='ltr' id='par_1_105' title="bbox 543 5728 1862 5793">
     <span class='ocr_line' id='line_1_106' title="bbox 543 5728 1862 5793; baseline -0.007 -6"><span class='ocrx_word' id='word_1_827' title='bbox 543 5732 721 5787; x_wconf 86' lang='lat' dir='ltr'><strong>Certus</strong></span> <span class='ocrx_word' id='word_1_828' title='bbox 742 5733 883 5785; x_wconf 86' lang='lat' dir='ltr'><strong>abest</strong></span> <span class='ocrx_word' id='word_1_829' title='bbox 904 5741 1089 5793; x_wconf 88' lang='lat' dir='ltr'><strong>auctor,</strong></span> <span class='ocrx_word' id='word_1_830' title='bbox 1115 5731 1203 5782; x_wconf 89' lang='lat' dir='ltr'><strong>sed</strong></span> <span class='ocrx_word' id='word_1_831' title='bbox 1230 5744 1322 5793; x_wconf 83' lang='lat' dir='ltr'><strong>vox</strong></span> <span class='ocrx_word' id='word_1_832' title='bbox 1346 5729 1439 5779; x_wconf 89' lang='lat' dir='ltr'><strong>hoc</strong></span> <span class='ocrx_word' id='word_1_833' title='bbox 1461 5728 1652 5793; x_wconf 80' lang='lat' dir='ltr'><strong>nuntiat</strong></span> <span class='ocrx_word' id='word_1_834' title='bbox 1674 5728 1830 5780; x_wconf 84' lang='lat' dir='ltr'><strong>omnis</strong></span> <span class='ocrx_word' id='word_1_835' title='bbox 1847 5739 1862 5753; x_wconf 83' lang='grc'><strong>·</strong></span> 
     </span>
    </p>
   </div>
   <div class='ocr_carea' id='block_1_106' title="bbox 542 5790 1580 5867">
    <p class='ocr_par' dir='ltr' id='par_1_106' title="bbox 542 5790 1580 5867">
     <span class='ocr_line' id='line_1_107' title="bbox 542 5790 1580 5867; baseline -0.01 -19"><span class='ocrx_word' id='word_1_836' title='bbox 542 5795 702 5867; x_wconf 81' lang='lat' dir='ltr'><strong>Credo</strong></span> <span class='ocrx_word' id='word_1_837' title='bbox 724 5796 830 5856; x_wconf 85' lang='lat' dir='ltr'><strong>tibi,</strong></span> <span class='ocrx_word' id='word_1_838' title='bbox 859 5808 1030 5849; x_wconf 89' lang='lat' dir='ltr'><strong>verum</strong></span> <span class='ocrx_word' id='word_1_839' title='bbox 1051 5790 1244 5855; x_wconf 84' lang='lat' dir='ltr'><strong>dicere,</strong></span> <span class='ocrx_word' id='word_1_840' title='bbox 1262 5792 1406 5853; x_wconf 77' lang='lat' dir='ltr'><strong>fatua,</strong></span> <span class='ocrx_word' id='word_1_841' title='bbox 1430 5790 1580 5842; x_wconf 83' lang='lat' dir='ltr'><strong>soles.</strong></span> 
     </span>
    </p>
   </div>
   <div class='ocr_carea' id='block_1_107' title="bbox 424 5872 2008 5957">
    <p class='ocr_par' dir='ltr' id='par_1_107' title="bbox 424 5872 2008 5957">
     <span class='ocr_line' id='line_1_108' title="bbox 424 5872 2008 5957; baseline 0 -20"><span class='ocrx_word' id='word_1_842' title='bbox 424 5878 493 5937; x_wconf 89' lang='lat' dir='ltr'><strong>Ut</strong></span> <span class='ocrx_word' id='word_1_843' title='bbox 516 5881 768 5940; x_wconf 89' lang='lat' dir='ltr'><strong>nimirum</strong></span> <span class='ocrx_word' id='word_1_844' title='bbox 790 5881 941 5943; x_wconf 87' lang='lat' dir='ltr'><strong>illum</strong></span> <span class='ocrx_word' id='word_1_845' title='bbox 968 5872 1362 5949; x_wconf 67' lang='lat' dir='ltr'><strong>falsitatiscum</strong></span> <span class='ocrx_word' id='word_1_846' title='bbox 1384 5877 1537 5957; x_wconf 79' lang='lat' dir='ltr'><strong>fama</strong></span> <span class='ocrx_word' id='word_1_847' title='bbox 1562 5872 2008 5955; x_wconf 53' lang='lat' dir='ltr'><strong>deprehenderet</strong></span> 
     </span>
    </p>
   </div>
   <div class='ocr_carea' id='block_1_108' title="bbox 1780 4901 2337 4961">
    <p class='ocr_par' dir='ltr' id='par_1_108' title="bbox 1780 4901 2337 4961">
     <span class='ocr_line' id='line_1_109' title="bbox 1780 4901 2337 4961; baseline 0 -3"><span class='ocrx_word' id='word_1_848' title='bbox 1780 4901 2337 4961; x_wconf 77' lang='lat' dir='ltr'><strong>COMMENTARIUS.</strong></span> 
     </span>
    </p>
   </div>
   <div class='ocr_carea' id='block_1_109' title="bbox 2117 4986 3726 5063">
    <p class='ocr_par' dir='ltr' id='par_1_109' title="bbox 2117 4986 3726 5063">
     <span class='ocr_line' id='line_1_110' title="bbox 2117 4986 3726 5063; baseline -0.006 -11"><span class='ocrx_word' id='word_1_849' title='bbox 2117 4997 2416 5052; x_wconf 86' lang='lat' dir='ltr'><strong>convincat.</strong></span> <span class='ocrx_word' id='word_1_850' title='bbox 2450 4991 2731 5063; x_wconf 81' lang='lat' dir='ltr'><strong>Legendus</strong></span> <span class='ocrx_word' id='word_1_851' title='bbox 2761 4988 3085 5045; x_wconf 87' lang='lat' dir='ltr'><strong>Plutarchus</strong></span> <span class='ocrx_word' id='word_1_852' title='bbox 3113 4988 3167 5043; x_wconf 90' lang='lat' dir='ltr'><strong>in</strong></span> <span class='ocrx_word' id='word_1_853' title='bbox 3198 4987 3589 5060; x_wconf 82' lang='lat' dir='ltr'><strong>quaestionibus</strong></span> <span class='ocrx_word' id='word_1_854' title='bbox 3612 4986 3726 5043; x_wconf 80' lang='lat' dir='ltr'><strong>Ro-</strong></span> 
     </span>
    </p>
   </div>
   <div class='ocr_carea' id='block_1_110' title="bbox 2117 5063 3722 5136">
    <p class='ocr_par' dir='ltr' id='par_1_110' title="bbox 2117 5063 3722 5136">
     <span class='ocr_line' id='line_1_111' title="bbox 2117 5063 3722 5136; baseline -0.007 -14"><span class='ocrx_word' id='word_1_855' title='bbox 2117 5068 2289 5122; x_wconf 90' lang='lat' dir='ltr'><strong>manis</strong></span> <span class='ocrx_word' id='word_1_856' title='bbox 2316 5072 2506 5136; x_wconf 55' lang='lat' dir='ltr'><strong>quaest.</strong></span> <span class='ocrx_word' id='word_1_857' title='bbox 2534 5065 2587 5119; x_wconf 83' lang='lat'><strong>5.</strong></span> <span class='ocrx_word' id='word_1_858' title='bbox 2622 5068 2705 5117; x_wconf 70' lang='grc' dir='ltr'><strong>διὰ,</strong></span> <span class='ocrx_word' id='word_1_859' title='bbox 2721 5072 2775 5117; x_wconf 73' lang='grc' dir='ltr'><strong>τί</strong></span> <span class='ocrx_word' id='word_1_860' title='bbox 2799 5071 2904 5123; x_wconf 77' lang='grc' dir='ltr'><strong>τοῦς</strong></span> <span class='ocrx_word' id='word_1_861' title='bbox 2947 5068 3173 5116; x_wconf 64' lang='grc' dir='ltr'><strong>τεθνᾶναι</strong></span> <span class='ocrx_word' id='word_1_862' title='bbox 3198 5067 3510 5136; x_wconf 65' lang='grc' dir='ltr'><strong>φημισθέντας</strong></span> <span class='ocrx_word' id='word_1_863' title='bbox 3535 5063 3615 5112; x_wconf 73' lang='grc' dir='ltr'><strong>ἐπὶ</strong></span> <span class='ocrx_word' id='word_1_864' title='bbox 3646 5067 3722 5124; x_wconf 78' lang='grc' dir='ltr'><strong>ξὲ-</strong></span> 
     </span>
    </p>
   </div>
   <div class='ocr_carea' id='block_1_111' title="bbox 2118 5135 3716 5206">
    <p class='ocr_par' dir='ltr' id='par_1_111' title="bbox 2118 5135 3716 5206">
     <span class='ocr_line' id='line_1_112' title="bbox 2118 5135 3716 5206; baseline -0.008 -14"><span class='ocrx_word' id='word_1_865' title='bbox 2118 5164 2195 5200; x_wconf 73' lang='grc' dir='ltr'><strong>9ης</strong></span> <span class='ocrx_word' id='word_1_866' title='bbox 2238 5135 2445 5206; x_wconf 74' lang='grc' dir='ltr'><strong>ψευδῶς,</strong></span> <span class='ocrx_word' id='word_1_867' title='bbox 2496 5141 2581 5206; x_wconf 69' lang='grc' dir='ltr'>κᾷν</span> <span class='ocrx_word' id='word_1_868' title='bbox 2625 5140 2938 5189; x_wconf 64' lang='grc' dir='ltr'><strong>ἐπανέλθωσιν</strong></span> <span class='ocrx_word' id='word_1_869' title='bbox 2965 5175 2978 5199; x_wconf 86' lang='grc'><em>,</em></span> <span class='ocrx_word' id='word_1_870' title='bbox 3019 5137 3070 5186; x_wconf 73' lang='grc' dir='ltr'>οὐ</span> <span class='ocrx_word' id='word_1_871' title='bbox 3096 5136 3309 5200; x_wconf 75' lang='grc' dir='ltr'><strong>δέχονθαι</strong></span> <span class='ocrx_word' id='word_1_872' title='bbox 3353 5135 3491 5206; x_wconf 62' lang='grc' dir='ltr'><strong>Δκατὰ</strong></span> <span class='ocrx_word' id='word_1_873' title='bbox 3536 5136 3716 5206; x_wconf 45' lang='lat' dir='ltr'><strong>signa“</strong></span> 
     </span>
    </p>
   </div>
   <div class='ocr_carea' id='block_1_112' title="bbox 2117 5203 3715 5278">
    <p class='ocr_par' dir='ltr' id='par_1_112' title="bbox 2117 5203 3715 5278">
     <span class='ocr_line' id='line_1_113' title="bbox 2117 5203 3715 5278; baseline -0.004 -16"><span class='ocrx_word' id='word_1_874' title='bbox 2117 5203 2249 5265; x_wconf 63' lang='grc' dir='ltr'><strong>ἀλλέ</strong></span> <span class='ocrx_word' id='word_1_875' title='bbox 2269 5221 2335 5277; x_wconf 83' lang='grc' dir='ltr'><strong>τῷ</strong></span> <span class='ocrx_word' id='word_1_876' title='bbox 2359 5203 2545 5277; x_wconf 69' lang='grc' dir='ltr'><strong>χερσὶμῲ</strong></span> <span class='ocrx_word' id='word_1_877' title='bbox 2580 5215 2920 5278; x_wconf 47' lang='lat' dir='ltr'><strong>quaestivo-nec</strong></span> <span class='ocrx_word' id='word_1_878' title='bbox 2948 5210 3055 5260; x_wconf 75' lang='grc' dir='ltr'><strong><em>εἴσω</em></strong></span> <span class='ocrx_word' id='word_1_879' title='bbox 3085 5212 3304 5278; x_wconf 57' lang='grc' dir='ltr'><strong>καθιᾶσιν</strong></span> <span class='ocrx_word' id='word_1_880' title='bbox 3338 5204 3505 5278; x_wconf 50' lang='grc' dir='ltr'><strong>ἀρτοὺς</strong></span> <span class='ocrx_word' id='word_1_881' title='bbox 3531 5217 3546 5265; x_wconf 86' lang='grc'><strong>;</strong></span> <span class='ocrx_word' id='word_1_882' title='bbox 3575 5203 3715 5255; x_wconf 75' lang='lat' dir='ltr'><strong>fama</strong></span> 
     </span>
    </p>
   </div>
   <div class='ocr_carea' id='block_1_113' title="bbox 2118 5273 3718 5352">
    <p class='ocr_par' dir='ltr' id='par_1_113' title="bbox 2118 5273 3718 5352">
     <span class='ocr_line' id='line_1_114' title="bbox 2118 5273 3718 5352; baseline -0.004 -20"><span class='ocrx_word' id='word_1_883' title='bbox 2118 5273 2323 5350; x_wconf 79' lang='lat' dir='ltr'><strong>quippe</strong></span> <span class='ocrx_word' id='word_1_884' title='bbox 2340 5273 2655 5349; x_wconf 40' lang='lat' dir='ltr'><strong>assumas,</strong></span> <span class='ocrx_word' id='word_1_885' title='bbox 2698 5292 2794 5331; x_wconf 87' lang='lat' dir='ltr'><strong>seu</strong></span> <span class='ocrx_word' id='word_1_886' title='bbox 2847 5275 3095 5352; x_wconf 77' lang='lat' dir='ltr'><strong>ut__h:t|_iet</strong></span> <span class='ocrx_word' id='word_1_887' title='bbox 3116 5273 3324 5352; x_wconf 74' lang='lat' dir='ltr'><strong>Nicetas</strong></span> <span class='ocrx_word' id='word_1_888' title='bbox 3344 5273 3718 5352; x_wconf 52' lang='lat' dir='ltr'><strong>(:‘ltottiatesdn</strong></span> 
     </span>
    </p>
   </div>
   <div class='ocr_carea' id='block_1_114' title="bbox 2121 5343 3714 5419">
    <p class='ocr_par' dir='ltr' id='par_1_114' title="bbox 2121 5343 3714 5419">
     <span class='ocr_line' id='line_1_115' title="bbox 2121 5343 3714 5419; baseline -0.008 -13"><span class='ocrx_word' id='word_1_889' title='bbox 2121 5343 2843 5419; x_wconf 61' lang='grc' dir='ltr'><strong>Ᾱιιίίιῖοιιίειίαθυρὂνλωττος.</strong></span> <span class='ocrx_word' id='word_1_890' title='bbox 2885 5346 2973 5402; x_wconf 86' lang='lat' dir='ltr'><strong>Sic</strong></span> <span class='ocrx_word' id='word_1_891' title='bbox 3005 5343 3310 5419; x_wconf 65' lang='lat' dir='ltr'><strong>Thebaidos</strong></span> <span class='ocrx_word' id='word_1_892' title='bbox 3353 5344 3405 5397; x_wconf 82' lang='lat'><strong>5.</strong></span> <span class='ocrx_word' id='word_1_893' title='bbox 3434 5348 3587 5419; x_wconf 56' lang='lat' dir='ltr'><strong>facta</strong></span> <span class='ocrx_word' id='word_1_894' title='bbox 3630 5343 3714 5394; x_wconf 85' lang='lat' dir='ltr'><strong>in-</strong></span> 
     </span>
    </p>
   </div>
   <div class='ocr_carea' id='block_1_115' title="bbox 2122 5414 3717 5493">
    <p class='ocr_par' dir='ltr' id='par_1_115' title="bbox 2122 5414 3717 5493">
     <span class='ocr_line' id='line_1_116' title="bbox 2122 5414 3717 5493; baseline -0.006 -19"><span class='ocrx_word' id='word_1_895' title='bbox 2122 5422 2404 5493; x_wconf 59' lang='lat' dir='ltr'><strong>fectafoqni</strong></span> <span class='ocrx_word' id='word_1_896' title='bbox 2422 5414 2581 5490; x_wconf 83' lang='lat' dir='ltr'><strong>posse</strong></span> <span class='ocrx_word' id='word_1_897' title='bbox 2602 5414 2814 5484; x_wconf 89' lang='lat' dir='ltr'><strong>dicitur,</strong></span> <span class='ocrx_word' id='word_1_898' title='bbox 2839 5428 2888 5472; x_wconf 92' lang='lat' dir='ltr'><strong>ct</strong></span> <span class='ocrx_word' id='word_1_899' title='bbox 2915 5417 3051 5488; x_wconf 90' lang='lat' dir='ltr'><strong>apud</strong></span> <span class='ocrx_word' id='word_1_900' title='bbox 3075 5414 3260 5471; x_wconf 83' lang='lat' dir='ltr'><strong>Claud.</strong></span> <span class='ocrx_word' id='word_1_901' title='bbox 3285 5424 3468 5469; x_wconf 90' lang='lat' dir='ltr'><strong>contra</strong></span> <span class='ocrx_word' id='word_1_902' title='bbox 3495 5414 3717 5482; x_wconf 82' lang='lat' dir='ltr'><strong>Eutrop.</strong></span> 
     </span>
    </p>
   </div>
   <div class='ocr_carea' id='block_1_116' title="bbox 2123 5492 2320 5547">
    <p class='ocr_par' dir='ltr' id='par_1_116' title="bbox 2123 5492 2320 5547">
     <span class='ocr_line' id='line_1_117' title="bbox 2123 5492 2320 5547; baseline -0.01 -1"><span class='ocrx_word' id='word_1_903' title='bbox 2123 5492 2214 5547; x_wconf 88' lang='lat' dir='ltr'><strong>lib.</strong></span> <span class='ocrx_word' id='word_1_904' title='bbox 2257 5492 2320 5547; x_wconf 83' lang='lat' dir='ltr'><strong>II.</strong></span> 
     </span>
    </p>
   </div>
   <div class='ocr_carea' id='block_1_117' title="bbox 2275 5577 3483 5694">
    <p class='ocr_par' dir='ltr' id='par_1_117' title="bbox 2275 5577 3483 5694">
     <span class='ocr_line' id='line_1_118' title="bbox 2275 5577 3483 5694; baseline -0.006 -62"><span class='ocrx_word' id='word_1_905' title='bbox 2275 5583 2382 5694; x_wconf 35' lang='grc' dir='ltr'><strong>ἔξω]</strong></span> <span class='ocrx_word' id='word_1_906' title='bbox 2403 5594 2523 5647; x_wconf 81' lang='lat' dir='ltr'><strong>vaga</strong></span> <span class='ocrx_word' id='word_1_907' title='bbox 2544 5582 2810 5657; x_wconf 76' lang='lat' dir='ltr'><strong>pallentem</strong></span> <span class='ocrx_word' id='word_1_908' title='bbox 2833 5581 3002 5631; x_wconf 88' lang='lat' dir='ltr'><strong>densis</strong></span> <span class='ocrx_word' id='word_1_909' title='bbox 3026 5578 3302 5630; x_wconf 86' lang='lat' dir='ltr'><strong>terroribus</strong></span> <span class='ocrx_word' id='word_1_910' title='bbox 3323 5577 3483 5627; x_wconf 85' lang='lat' dir='ltr'><strong>aulam</strong></span> 
     </span>
     <span class='ocr_line' id='line_1_119' title="bbox 2323 5654 2734 5694; baseline -0.005 0"><span class='ocrx_word' id='word_1_911' title='bbox 2323 5661 2425 5694; x_wconf 86' lang='lat' dir='ltr'><strong>ama</strong></span> <span class='ocrx_word' id='word_1_912' title='bbox 2452 5654 2624 5694; x_wconf 80' lang='lat' dir='ltr'><strong>quam.</strong></span> <span class='ocrx_word' id='word_1_913' title='bbox 2726 5671 2734 5682; x_wconf 75' lang='grc' dir='ltr'><strong>ι</strong></span> 
     </span>
    </p>
   </div>
   <div class='ocr_carea' id='block_1_118' title="bbox 2323 5654 2624 5708">
    <p class='ocr_par' dir='ltr' id='par_1_118' title="bbox 2323 5654 2624 5708">
     <span class='ocr_line' id='line_1_120' title="bbox 2323 5654 2624 5708; baseline -0.007 -14"><span class='ocrx_word' id='word_1_914' title='bbox 2323 5661 2425 5695; x_wconf 87' lang='lat' dir='ltr'><strong>ama</strong></span> <span class='ocrx_word' id='word_1_915' title='bbox 2452 5654 2624 5708; x_wconf 80' lang='lat' dir='ltr'><strong>quatit.</strong></span> 
     </span>
    </p>
   </div>
   <div class='ocr_carea' id='block_1_119' title="bbox 2196 5722 3718 5857">
    <p class='ocr_par' dir='ltr' id='par_1_119' title="bbox 2196 5722 3718 5857">
     <span class='ocr_line' id='line_1_121' title="bbox 2196 5722 3718 5857; baseline -0.005 -70"><span class='ocrx_word' id='word_1_916' title='bbox 2196 5731 2276 5857; x_wconf 51' lang='lat' dir='ltr'><strong>(ea</strong></span> <span class='ocrx_word' id='word_1_917' title='bbox 2300 5730 2423 5787; x_wconf 82' lang='lat' dir='ltr'><strong>Non</strong></span> <span class='ocrx_word' id='word_1_918' title='bbox 2446 5732 2707 5788; x_wconf 79' lang='lat' dir='ltr'><strong>mendacio</strong></span> <span class='ocrx_word' id='word_1_919' title='bbox 2740 5733 3037 5803; x_wconf 79' lang='lat' dir='ltr'><strong>plurimum.</strong></span> <span class='ocrx_word' id='word_1_920' title='bbox 3100 5729 3189 5786; x_wconf 84' lang='lat' dir='ltr'><strong>Sic</strong></span> <span class='ocrx_word' id='word_1_921' title='bbox 3233 5728 3395 5784; x_wconf 84' lang='lat' dir='ltr'><strong>habet</strong></span> <span class='ocrx_word' id='word_1_922' title='bbox 3442 5722 3718 5807; x_wconf 73' lang='lat' dir='ltr'><strong>exemplar</strong></span> 
     </span>
     <span class='ocr_line' id='line_1_122' title="bbox 2196 5798 3718 5857; baseline -0.005 0"><span class='ocrx_word' id='word_1_923' title='bbox 2196 5817 2239 5857; x_wconf 77' lang='grc' dir='ltr'><strong>[ο</strong></span> <span class='ocrx_word' id='word_1_924' title='bbox 2278 5803 2414 5857; x_wconf 87' lang='lat' dir='ltr'><strong>ardi.</strong></span> <span class='ocrx_word' id='word_1_925' title='bbox 2444 5803 2859 5857; x_wconf 85' lang='lat' dir='ltr'><strong>Emendabimus</strong></span> <span class='ocrx_word' id='word_1_926' title='bbox 2893 5801 3099 5857; x_wconf 89' lang='lat' dir='ltr'><strong>reddita</strong></span> <span class='ocrx_word' id='word_1_927' title='bbox 3141 5798 3371 5856; x_wconf 88' lang='lat' dir='ltr'><strong>litterula</strong></span> <span class='ocrx_word' id='word_1_928' title='bbox 3408 5814 3529 5857; x_wconf 74' lang='lat' dir='ltr'><strong>(tua:</strong></span> <span class='ocrx_word' id='word_1_929' title='bbox 3569 5810 3718 5853; x_wconf 77' lang='lat' dir='ltr'><strong>exet-</strong></span> 
     </span>
    </p>
   </div>
   <div class='ocr_carea' id='block_1_120' title="bbox 2125 5798 3719 5872">
    <p class='ocr_par' dir='ltr' id='par_1_120' title="bbox 2125 5798 3719 5872">
     <span class='ocr_line' id='line_1_123' title="bbox 2125 5798 3719 5872; baseline -0.005 -14"><span class='ocrx_word' id='word_1_930' title='bbox 2125 5798 2414 5872; x_wconf 68' lang='lat' dir='ltr'><strong>Agobardi.</strong></span> <span class='ocrx_word' id='word_1_931' title='bbox 2444 5798 2859 5860; x_wconf 75' lang='lat' dir='ltr'><strong>Emendabiinus</strong></span> <span class='ocrx_word' id='word_1_932' title='bbox 2893 5801 3099 5872; x_wconf 86' lang='lat' dir='ltr'><strong>reddita</strong></span> <span class='ocrx_word' id='word_1_933' title='bbox 3141 5798 3371 5856; x_wconf 88' lang='lat' dir='ltr'><strong>litterula</strong></span> <span class='ocrx_word' id='word_1_934' title='bbox 3408 5814 3529 5868; x_wconf 74' lang='lat' dir='ltr'><strong>qua:</strong></span> <span class='ocrx_word' id='word_1_935' title='bbox 3569 5798 3719 5853; x_wconf 77' lang='lat' dir='ltr'><strong>exei-</strong></span> 
     </span>
    </p>
   </div>
   <div class='ocr_carea' id='block_1_121' title="bbox 2111 5869 3177 5947">
    <p class='ocr_par' dir='ltr' id='par_1_121' title="bbox 2111 5869 3177 5947">
     <span class='ocr_line' id='line_1_124' title="bbox 2111 5869 3177 5947; baseline -0.003 -16"><span class='ocrx_word' id='word_1_936' title='bbox 2111 5869 2206 5932; x_wconf 49' lang='lat' dir='ltr'><strong>dit&#39;.</strong></span> <span class='ocrx_word' id='word_1_937' title='bbox 2250 5872 2374 5934; x_wconf 82' lang='lat' dir='ltr'><strong>Non</strong></span> <span class='ocrx_word' id='word_1_938' title='bbox 2404 5875 2695 5936; x_wconf 80' lang='lat' dir='ltr'><strong>mendacior</strong></span> <span class='ocrx_word' id='word_1_939' title='bbox 2726 5875 3024 5947; x_wconf 75' lang='lat' dir='ltr'><strong>plurimum.</strong></span> <span class='ocrx_word' id='word_1_940' title='bbox 3056 5871 3177 5932; x_wconf 80' lang='lat' dir='ltr'><strong>Rto.</strong></span> 
     </span>
    </p>
   </div>
  </div>
