4252 6270
537 363 642 421 567

1942 359 2403 419 TERTULLIANI

3731 371 3837 429 568

539 481 709 552 serpit
734 489 789 535 ct
829 480 1094 536 modicum
1122 478 1387 548 originum
1418 476 1606 533 vitium
1652 490 1900 533 rumores
1941 475 2139 532 obseu-
2166 476 2217 538 Α
2244 474 2389 531 licita
2415 478 2668 549 mysteria
2712 454 2926 535 omnem
2979 480 3183 537 arbitrii
3219 491 3534 538 extraneum
3563 485 3843 541 caveant?

541 583 665 642 rat,
701 583 757 629 ιιι
783 588 943 629 nemo
972 571 1270 642 recogitet,
1302 584 1370 626 ne
1397 569 1630 640 primum
1660 569 1790 623 illud
1818 583 1879 623 os
1911 567 2134 625 menda-

540 666 623 720 cia
651 661 1032 730 seminaverit,
1063 661 1208 733 quod
1239 675 1383 731 saepe
1413 660 1470 715 lit
1490 669 1585 715 aut
1609 658 1966 716 aemulationis
1998 659 2138 729 inge-

537 760 664 824 nio,
698 766 789 812 aut
814 755 1135 826 suspicionis
1166 754 1421 819 arbitrio,
1465 762 1557 809 aut
1600 753 1760 809 etiam
1804 767 1939 808 nova
1981 766 2134 807 men-

541 850 707 907 tiendi
755 850 1049 920 voluptate.
1078 849 1184 904 Sed
1214 849 1386 915 bene,
1420 846 1562 918 quod
1601 846 1779 902 omnia
1808 854 2018 916 tempus
2048 855 2134 899 rc-

540 943 724 1010 velat,
756 941 982 998 testibus
1012 940 1296 996 sententiis
1319 950 1375 997 et
1401 938 1700 1009 proverbiis
1725 938 1921 993 vestris
1944 977 1959 1003 ,
1991 938 2135 1005 ipsa-

543 1051 648 1107 que
681 1045 867 1089 natura
894 1076 911 1101 ,
961 1049 1080 1104 quae
1109 1034 1178 1087 ita
1209 1032 1455 1087 ordinata
1481 1042 1564 1086 est
1590 1071 1604 1095 ,
1653 1038 1710 1085 ut
1758 1028 1890 1084 nihil
1932 1029 2135 1095 lateat,

543 1127 705 1184 etiam
737 1125 878 1196 quod
909 1124 1047 1179 fama
1081 1140 1185 1179 non
1215 1124 1466 1196 prodidit.
1500 1123 1689 1179 Videte
1709 1123 1968 1191 ,_qualem
2013 1138 2136 1192 pro-

543 1219 738 1274 diciam
768 1216 843 1291 (a)
870 1217 1130 1273 adversus
1160 1233 1259 1273 nos
1280 1217 1631 1278 subornaslis,
1657 1215 1779 1286 quia
1801 1215 1940 1285 quod
1973 1215 2138 1271 semel

546 1312 741 1367 detulit
772 1319 1024 1380 tantoque
1055 1298 1295 1381 tempore
1325 1309 1393 1363 ad
1420 1310 1584 1364 tidem
1620 1309 2021 1373 corroboravit,
2053 1324 2142 1364 us-

491 1441 497 1447 -
545 1421 651 1476 que
679 1405 855 1461 adhuc
888 1407 1113 1474 probare
1140 1420 1245 1459 non
1274 1405 1464 1474 potuit.
1500 1402 2035 1484 PrincipeMAuguslo
2065 1401 2143 1472 (ὁ)

545 1517 751 1574 ιιοηιειι
777 1500 880 1556 Ιιοε
901 1509 1080 1556 ortum
1110 1510 1191 1555 est
1211 1541 1224 1564 ,
1256 1499 1472 1554 Tiberio
1494 1497 1771 1567 disciplina
1800 1498 1916 1567 ejus
1948 1497 2144 1565 illuxit,

544 1596 648 1651 sub
675 1595 889 1650 Nerone
916 1594 1189 1649 damnatio
1217 1593 1469 1658 invaluit,
1505 1600 1561 1646 ut
1590 1591 1696 1661 jam
1744 1590 1868 1646 hinc
1913 1590 1981 1646 de
2022 1606 2144 1659 per-

545 1705 678 1747 sona
712 1689 1074 1760 persecutoris
1114 1683 1421 1758 ponderetis
1446 1704 1459 1740 :
1485 1686 1528 1740 si
1574 1685 1693 1755 pius
1727 1685 1817 1739 ille
1856 1685 2104 1754 princeps
2128 1725 2143 1748 ,

547 1782 697 1851 impii
728 1779 1051 1846 Christiani,
1085 1779 1129 1832 si
1167 1779 1342 1847 justus
1367 1820 1381 1843 ,
1410 1778 1453 1831 si
1499 1786 1679 1831 castus
1703 1818 1717 1841 ,
1749 1776 1929 1846 injusti
1973 1785 2027 1830 et
2067 1775 2146 1828 in.

485 1945 489 1948 Α
543 1839 681 1930 cesti
708 1871 993 1927 Christiani
1017 1839 1103 1936 ,ἐι
1134 1839 1237 1925 non
1268 1839 1439 1924 hostis
1476 1839 1753 1938 publicus,
1778 1839 1903 1920 ’ἰιοε
1944 1865 2144 1935 publici
2176 1839 2222 1899 Β

547 1965 768 2029 hostes;
795 1963 981 2034 quales
1018 1963 1187 2016 simus
1227 1962 1511 2016 damnator
1554 1961 1670 2030 ipse
1713 1957 2141 2021 demonstravit,

541 2057 727 2128 utique
755 2057 946 2111 azuinla
980 2055 1080 2111 sibi
1109 2054 1353 2125 puniens.
1390 2054 1457 2108 Et
1499 2064 1675 2106 tamen
1707 2051 2001 2121 permansit
2026 2064 2147 2104 era-

545 2150 622 2204 sis
647 2147 897 2202 omnibns
928 2148 1027 2201 hoc
1068 2146 1239 2200 solum
1273 2146 1571 2198 institutum
1603 2143 1995 2207 Neronianum,
2021 2139 2142 2209 jus-

508 2234 663 2294 ἰιιιιι
694 2238 924 2308 denique
971 2247 1026 2290 ut
1071 2237 1329 2291 dissimile
1376 2237 1456 2289 sui
1502 2237 1752 2290 auctoris.
1786 2233 1949 2305 Igitur
2001 2230 2144 2287 aetati

546 2341 747 2387 nostrae
779 2330 851 2403 (c)
885 2329 1117 2383 nonduin
1144 2329 1274 2400 anni
1304 2327 1454 2401 (illis.
1487 2327 1584 2380 Tot
1618 2327 1783 2397 iniqui
1812 2327 2037 2392 interea,
2070 2339 2147 2386 tot

547 2420 848 2493 cruces’(d)
872 2421 1203 2475 divinitatem
1230 2430 1559 2486 consecuta),
1597 2429 1675 2474 tot
1716 2418 1953 2474 infantia!
1979 2423 2145 2477 truci-

547 2515 691 2572 datie
715 2556 730 2578 ,
764 2522 842 2567 tot
870 2528 1035 2584 panes
1062 2514 1324 2567 cruentati
1352 2553 1367 2574 ,
1413 2520 1488 2565 tot
1530 2520 1737 2582 strages
1769 2511 2108 2567 lucernarum
2130 2555 2146 2581 ,

550 2617 631 2665 tot
677 2621 892 2662 errores
942 2607 1284 2676 nuptiarum,
1329 2613 1385 2657 et
1426 2603 1603 2658 adhuc
1652 2602 1971 2658 Chrisdauis
2034 2607 2147 2660 sola

551 2701 694 2756 fama
724 2699 985 2753 decernit.
1035 2697 1207 2752 Habet
1244 2696 1457 2766 quidem
1501 2697 1702 2767 grande
1743 2696 2148 2773 fundamentum

551 2793 620 2849 de
647 2793 779 2847 vitio
809 2791 1007 2861 ingenii
1055 2790 1271 2843 humani
1299 2830 1312 2854 ,
1345 2788 1553 2844 felicius
1596 2790 1650 2844 in
1703 2792 1921 2851 acerbis,
1954 2793 2151 2847 atroci-

550 2885 760 2953 busque
787 2884 1077 2945 mentitur;
1132 2892 1334 2951 quanto
1365 2883 1508 2937 enim
1561 2883 1708 2952 proni
1750 2882 1815 2937 ad
1848 2884 2101 2938 malitiam
2135 2927 2150 2952 ,

552 2986 704 3032 tanto
730 2976 795 3030 ad
830 2975 952 3029 mali
976 2974 1138 3028 tidem
1166 2976 1459 3044 Opportuni
1493 2976 1624 3029 estis
1644 3018 1657 3037 ,
1690 2975 1892 3030 facilius
1922 2976 2154 3048 denique

554 3066 693 3124 falso
722 3066 864 3121 malo
888 3106 902 3128 .
936 3081 1093 3135 quam
1124 3080 1249 3120 vero
1295 3066 1436 3119 bono
1473 3065 1724 3120 creditur.
1776 3066 1836 3122 Si
1886 3082 2044 3137 quem
2078 3079 2155 3122 ta-

553 3158 679 3215 men
708 3158 844 3228 apud
878 3172 972 3212 vos
1005 3157 1301 3227 prudentiae
1328 3156 1501 3213 locum
1536 3158 1785 3228 iniquitas
1811 3159 2151 3229 reliquisset,
2180 3149 2225 3211 C

553 3254 621 3308 ad
648 3250 1034 3322 explorandam
1067 3249 1220 3305 fama:
1252 3250 1433 3316 tidem,
1457 3253 1638 3321 utique
1663 3250 1869 3320 jnstitia
1902 3252 2157 3322 poscebat

557 3345 822 3417 dispicere
844 3387 859 3409 ,
892 3362 919 3397 a
949 3343 1143 3414 quibus
1172 3343 1435 3414 potuisset
1463 3343 1600 3396 fatua
1633 3343 1685 3396 in
1733 3345 1954 3414 vulgus,
2000 3354 2056 3399 et
2084 3344 2155 3399 ita

554 3437 613 3494 in
645 3448 813 3494 totum
837 3437 1023 3493 orbem
1052 3437 1187 3491 dari.
1224 3435 1303 3489 Ab
1332 3436 1461 3503 ipsis
1506 3433 1651 3490 enim
1692 3433 2009 3491 Christianis
2048 3452 2156 3492 non

558 3531 771 3600 opinor,
812 3545 936 3584 eum
980 3528 1062 3583 vel
1108 3544 1177 3583 ex
1228 3528 1393 3582 forma
1423 3542 1486 3582 ac
1526 3527 1642 3604 lege
1681 3529 1916 3582 omnium
1958 3536 2157 3599 myste-

558 3620 763 3676 riorum
796 3619 992 3673 silentii
1024 3618 1156 3681 ﬁdes
1182 3618 1476 3684 debeatur;
1506 3626 1705 3688 quanto
1732 3622 1899 3689 magis
1930 3618 2114 3673 talium
2138 3660 2152 3683 ,

559 3728 682 3784 quae
734 3712 945 3782 prodita
995 3728 1100 3766 non
1154 3713 1417 3767 evitarent
1470 3711 1681 3766 interim
1742 3712 1974 3766 humana
2035 3713 2152 3766 ani-

559 3804 938 3863 madversione
997 3814 1427 3873 praesentaneum
1491 3803 1854 3874 supplicium?
1909 3804 1966 3860 Si
2027 3820 2156 3876 ergo

515 3957 519 3960 .
557 3915 669 3957 non
706 3899 808 3970 ipsi
850 3898 1152 3969 proditores
1190 3898 1294 3961 sui,
1351 3898 1594 3967 sequitur
1643 3905 1700 3952 ut
1735 3897 1998 3952 extranei.
2050 3897 2160 3955 Oro

560 4007 658 4050 vos
685 4035 701 4065 ,
755 3991 1026 4048 extraneis
1074 3989 1214 4047 unde
1264 3988 1453 4045 notitia
1489 4030 1505 4056 ,
1544 4003 1676 4059 .cum
1730 3992 1891 4045 etiam
1926 3989 2065 4060 jnsta
2105 4001 2162 4047 et

2239 568 2344 622 nisi
2388 568 2567 624 inclita
2614 569 2793 625 minus
2841 581 3122 640 spernunt.
3170 574 3365 644 Atquin
3405 576 3677 630 extraneis
3735 585 3839 634 tam

2241 659 2509 716 honorare
2534 676 2693 732 quam
2720 663 3028 734 contingere
3059 665 3228 735 magis
3248 665 3576 734 competit...
3620 666 3841 725 domes-

2243 752 2467 808 ticorum
2493 753 2777 809 curiositas
2804 756 2971 809 furata
3002 765 3084 811 est
3111 772 3207 827 per
3234 757 3453 813 rimulas
3478 766 3534 814 et
3557 773 3836 818 cavernas.

2241 843 2412 911 Quid,
2459 859 2581 899 cum
2621 845 2901 901 domestici
2945 862 3038 902 cos
3070 848 3221 904 vobis
3268 849 3532 919 prodant?
3569 850 3767 908 Omnes
3809 869 3843 911 a

2243 938 2403 994 nullis
2446 939 2615 1010 magis
2655 939 2953 1009 prodimur,
2992 951 3195 1012 quanto
3243 943 3445 1014 magis,
3503 943 3548 998 si
3590 945 3843 1003 atrocitas

2245 1038 2391 1086 tanta
2430 1031 2536 1098 sit,
2573 1047 2694 1102 quae
2716 1033 2919 1102 justitia
2947 1033 3330 1106 indignationis
3356 1050 3571 1095 omnem
3619 1040 3844 1096 familia-

2244 1122 2418 1178 ritatis
2441 1122 2599 1179 fidem
2633 1125 2864 1195 rumpit,
2905 1139 3011 1181 non
3061 1128 3293 1196 potuerit
3337 1131 3648 1200 continere,
3700 1133 3842 1204 quod

2246 1211 2456 1267 horruit
2474 1254 2490 1276 ,
2518 1228 2671 1268 mens
2691 1256 2706 1281 ,
2734 1216 2876 1285 quod
2904 1218 3155 1287 expavit,
3203 1221 3432 1275 oculus?
3477 1222 3593 1280 Hoc
3633 1239 3845 1296 quoque

2247 1305 2465 1373 mirum,
2489 1306 2535 1361 si
2555 1316 2609 1362 et
2636 1307 2748 1374 ille,
2777 1309 2864 1379 qui
2894 1319 3040 1366 tanto
3069 1311 3413 1383 impatientia:
3428 1315 3551 1386 jure
3576 1316 3841 1388 prosiluit,

2249 1396 2459 1454 deferre
2479 1408 2532 1454 et
2561 1414 2666 1454 nou
2700 1401 2928 1471 probare
2956 1406 3134 1474 gestit,
3165 1414 3220 1461 et
3246 1406 3356 1470 ille,
3385 1408 3474 1478 qui
3503 1407 3699 1475 audiit,
3733 1426 3840 1467 non
3916 1472 3927 1481 I

2250 1502 2301 1548 et
2344 1491 2422 1564 (1)
2462 1493 2904 1563 videre'cnravit;
2937 1498 3198 1567 siquidem
3224 1513 3318 1568 par
3346 1499 3547 1556 fructus
3570 1512 3725 1558 estet
3749 1503 3847 1558 de-

2252 1586 2438 1640 latoris
2457 1627 2472 1653 ,
2496 1586 2540 1641 si
2570 1587 2713 1658 quod
2745 1588 2934 1644 detulit
2961 1589 3153 1660 probet
3173 1633 3186 1658 ,
3229 1601 3283 1647 et
3309 1592 3597 1657 auditoris,
3628 1595 3674 1648 si
3704 1595 3856 1665 quod

2251 1680 2401 1736 audit
2439 1681 2600 1737 etiam
2629 1682 2729 1736 sibi
2758 1682 2956 1738 credat.
2993 1683 3143 1740 Tunc
3163 1727 3175 1749 ,
3207 1686 3455 1756 inquitis,
3484 1688 3656 1757 primo
3703 1689 3849 1744 dela-

2254 1784 2365 1827 tum
2408 1780 2465 1827 et
2515 1773 2810 1829 exhibitum
2840 1784 2958 1842 est,
3011 1777 3249 1832 auditum
3280 1788 3334 1833 et
3388 1778 3846 1863 inSpectum’est,

2251 1874 2409 1934 atque
2439 1864 2632 1920 exinde
2659 1864 2815 1920 fama:
2840 1868 3293 1923 commendatum.
3348 1868 3460 1924 Hoc
3498 1871 3713 1940 quidem
3759 1887 3849 1927 su-

2253 1955 2789 2024 perscenditomnem
2816 1958 3245 2029 admirationem,
3278 1962 3321 2016 si
3353 1962 3518 2017 semel
3546 1962 3844 2033 deprehen-

2252 2062 2370 2102 sum
2411 2058 2495 2102 est
2523 2048 2668 2119 quod
2699 2065 2913 2120 semper
2939 2051 3254 2113 admittitur,
3289 2054 3392 2108 nisi
3422 2054 3714 2110 desivimus
3735 2057 3845 2127 jam

2255 2141 2377 2194 talia
2407 2140 2670 2196 factitare.
2699 2144 2898 2213 Atquin
2938 2156 2991 2198 et
3028 2144 3167 2199 idem
3195 2160 3467 2212 vocamur,
3498 2158 3551 2203 et
3580 2149 3631 2202 in
3662 2148 3847 2205 iisdem

2251 2236 2590 2305 deputamur,
2623 2245 2676 2290 et
2726 2236 2794 2291 de
2838 2237 2926 2294 die
2971 2238 3365 2305 redundamns;
3397 2256 3505 2310 quo
3531 2241 3609 2313 (2)
3635 2242 3848 2313 plures,

2255 2331 2357 2384 hoc
2388 2331 2626 2399 pluribus
2656 2330 2858 2395 odiosi;
2889 2332 3058 2402 magis
3101 2333 3344 2388 increscit
3389 2333 3605 2401 odium,
3653 2337 3854 2392 incres-

2252 2432 2406 2476 cente
2437 2422 2658 2476 materia
2678 2440 2690 2481 ;
2706 2423 3037 2497 proﬁciente
3064 2424 3405 2481 multitudine
3430 2442 3644 2480 reorum
3667 2470 3681 2490 ,
3724 2428 3851 2497 quid

2254 2515 2324 2568 ita
2352 2529 2457 2569 non
2490 2513 2700 2584 proficit
2723 2516 3003 2570 multitudo
3035 2518 3400 2572 nuntiatorum
3420 2521 3443 2571 ?
3467 2517 3617 2586 Quod
3640 2521 3807 2574 sciam
3832 2565 3847 2588 ,

2254 2617 2307 2663 et
2331 2609 2669 2662 conversatio
2696 2609 2870 2662 notior
2898 2608 3036 2664 facta
3067 2621 3183 2674 est;
3220 2611 3366 2665 scitis
3391 2619 3443 2665 et
3467 2611 3580 2665 dies
3604 2627 3844 2668 conven-

2257 2712 2404 2757 tuum
2433 2712 2737 2756 nostrorum
2759 2721 2773 2766 ;
2800 2704 2977 2773 itaque
2998 2714 3048 2758 et
3072 2704 3387 2759 obsidemur
3401 2713 3455 2759 et
3472 2704 3847 2774 opprimimur,

2255 2803 2313 2849 et
2337 2796 2387 2847 in
2415 2794 2545 2861 ipsis
2569 2794 2783 2848 arcanis
2811 2796 3319 2864 congregationibus
3355 2796 3677 2850 detincmur.
3721 2796 3854 2865 Quis

2257 2900 2489 2956 unquam
2537 2893 2711 2939 tamen
2759 2900 2971 2941 semeso
3029 2886 3320 2958 puero(e)
3349 2888 3696 2956 supervenit?
3736 2880 3854 2955 quis

2258 2978 2312 3033 in
2333 2987 2609 3032 cruentato
2642 2993 2776 3047 pane
2803 2981 3023 3051 vestigia
3051 2980 3289 3035 dentium
3320 2979 3711 3050 deprehendit?
3734 2980 3854 3050 quis

2261 3074 2499 3128 tenebris
2542 3073 2822 3143 repentino
2851 3072 3052 3129 lumine
3078 3073 3295 3143 irruptis
3334 3072 3606 3127 immunda
3646 3073 3850 3144 aliqua,

2260 3182 2327 3221 ne
2348 3167 2572 3222 dixerim
2622 3169 2846 3229 incesta,
2900 3166 3484 3237 indicia,rccognnvit?
3525 3167 3581 3223 Si
3636 3168 3854 3237 praemio

2261 3261 2630 3329 impetramus,
2661 3275 2730 3312 ne
2760 3259 2894 3313 tales
2918 3259 2970 3312 in
2996 3258 3263 3328 publicmn
3291 3259 3663 3322 extrahantur,
3690 3271 3854 3328 quare

2259 3359 2315 3404 et
2359 3350 2750 3420 opprimimur?
2794 3348 3176 3411 Posuimus‘et
3216 3350 3436 3403 omnino
3478 3366 3584 3403 non
3610 3348 3851 3415 extrahi;

2259 3440 2379 3510 quis
2401 3438 2542 3494 enim
2576 3439 2931 3509 proditionem
2958 3440 3200 3493 criminis
3226 3439 3451 3509 alicujus
3476 3440 3595 3495 sine
3632 3440 3856 3496 crimine

2261 3533 2376 3603 ipso
2423 3541 2515 3586 aut
2558 3530 2739 3586 vendit
2785 3539 2877 3584 aut
2932 3531 3188 3608 redimit?
3237 3531 3342 3587 Sed
3395 3531 3522 3602 quid
3588 3534 3856 3590 extraneis

2260 3624 2683 3694 speculatoribus
2709 3633 2756 3680 et
2783 3623 3047 3681 indicibus
3073 3623 3367 3678 detractcm
3388 3668 3406 3691 ,
3438 3624 3526 3694 qui
3564 3624 3691 3678 talia
3719 3623 3858 3692 obji-

2260 3719 2413 3773 ciatis
2437 3759 2453 3785 ,
2481 3733 2601 3788 quae
2641 3733 2746 3772 non
2774 3718 2841 3774 ab
2870 3718 2999 3787 ipsis
3027 3719 3181 3773 nobis
3209 3734 3332 3774 cum
3364 3719 3596 3772 maxima
3649 3714 3853 3770 vocife-

2260 3811 2468 3866 ratione
2499 3811 2854 3880 publicentur,
2904 3820 2994 3864 aut
3038 3811 3218 3864 statim
3252 3810 3458 3875 audita,
3493 3809 3536 3863 si
3564 3807 3711 3877 prius
3754 3807 3855 3864 de-

2262 3911 2651 3967 monstrantur,
2682 3911 2775 3956 ant
2801 3910 2984 3971 postea
3015 3910 3250 3971 reperta,
3279 3902 3321 3955 si
3351 3900 3561 3955 interim
3592 3899 3857 3954 celentur?

2266 3992 2394 4048 Sine
2436 3992 2600 4050 dubio
2648 3995 2790 4049 enim
2835 3993 3098 4049 initiatum
3128 3991 3430 4048 volentibus
3456 4006 3574 4047 mos
3600 4001 3681 4047 est
3709 3990 3869 4061 prius

1770 4126 2148 4186 LECTIONES
2187 4094 2594 4197 VARIAN'l‘ES.

627 4249 703 4311 (l)
736 4243 915 4313 Rigalt.
938 4258 1035 4297 non
1052 4252 1103 4297 et
1124 4246 1336 4310 probare
1358 4271 1414 4281 —
1439 4251 1613 4294 etnon
1636 4244 1827 4295 videre.

2327 4245 2398 4313 (Ξ)
2435 4249 2541 4317 Rig.
2570 4251 2717 4314 quod.

1933 4349 2484 4412 COMMENTARIUS.

560 4476 573 4525 ἴ
635 4471 717 4543 (a)
742 4469 958 4543 Qualem
984 4468 1287 4543 prodigium.
1330 4464 1628 4543 Prodiciam
1673 4463 1762 4543 hic
1796 4472 1952 4543 vocat
1990 4481 2150 4543 quam

2259 4469 2340 4522 nis
2357 4467 2611 4525 fundendi
2639 4472 2776 4535 sitis,
2808 4480 2865 4527 ut
2889 4488 2918 4527 a
2937 4471 3290 4528 Constantino
3312 4471 3556 4527 Manasse
3582 4473 3634 4527 in
3661 4471 3855 4528 Annal.

562 4545 618 4602 in
644 4534 1018 4613 Apologetico,
1040 4538 1305 4629 ‘indicetn.
1337 4536 1483 4591 Hanc
1501 4578 1517 4602 ,
1540 4535 1758 4629 1inquit1
1797 4534 2025 4629 iudicem
2053 4537 2151 4629 ad-
2178 4570 2231 4629 D
2257 4539 2464 4595 dicatur
2483 4584 2497 4604 ,
2525 4540 2715 4629 ιέιιιιιρι
2739 4534 2985 4615 sanguine
3023 4546 3322 4615 permistuut
3359 4553 3512 4605 πηλὸς
3546 4550 3722 4613 αἳματι
3768 4567 3861 4599 σε·

564 4606 755 4670 versus
794 4606 894 4669 nos
937 4610 1226 4683 profertis,
1259 4623 1378 4683 qua:
1413 4607 1554 4677 quod
1585 4606 1876 4683 aliquando
1908 4607 2149 4675 jactavit,

564 4695 822 4756 tantoque
858 4677 1030 4752 spatio
1083 4681 1134 4735 in
1183 4681 1491 4756 opinionem
1534 4677 1946 4747 corroboravit,
1993 4694 2159 4748 usque

560 4749 983 4819 adhuc-probare
1007 4768 1111 4806 non
1138 4749 1322 4807 valuit.
1364 4749 1480 4803 lito.

638 4828 720 4897 (ιι)
753 4824 994 4897 Priaripc
1030 4826 1280 4893 Augusto,
1313 4821 1631 4897 etc._l)nm”
1651 4833 1828 4897 rerum
1864 4819 2164 4887 potiebatur

567 4890 837 4968 Augustus
867 4890 1000 4968 lmp.
1034 4890 1299 4968 nat'uscst
1323 4890 1568 4945 Christus
1601 4890 1876 4957 Dominus,
1907 4901 2165 4968 regnante

567 4960 786 5024 Tilierio
824 4960 1013 5021 mortis
1052 4960 1371 5033 supplicium
1413 4976 1698 5031 perpessus
1738 4968 1855 5023 est;
1895 4960 1966 5013 At
1992 4962 2166 5031 Impe-

564 5050 721 5096 rante
746 5038 956 5094 Nerone
981 5032 1279 5104 persecutio
1300 5034 1825 5104 gravissiina_exorta
1847 5032 2033 5104 estLin
2060 5048 2165 5102 qua

566 5112 822 5165 nimirum
876 5101 1180 5176 interempti
1231 5101 1358 5158 sunt
1406 5104 1574 5158 sancti
1620 5101 1809 5157 Petrus
1846 5113 1900 5156 et
1946 5101 2160 5161 Paulus.

563 5181 644 5238 LE
670 5182 765 5237 Pa.

642 5253 716 5323 (c)
749 5251 931 5323 Igitur,
961 5253 1098 5305 (atati
1140 5257 1326 5323 nostra:
1375 5246 1599 5323 nonduin
1629 5245 1752 5323 _a_iini
1949 5248 1995 5300 A
2041 5255 2166 5301 nato

569 5315 878 5379 Christo'ad
906 5322 1165 5376 Severum
1191 5319 1290 5373 sub
1317 5331 1424 5384 quo
1453 5318 1585 5371 vixit
1629 5315 1998 5373 Tcrtullianus
2025 5332 2163 5371 non-

569 5395 697 5449 dum
729 5393 854 5448 anni
883 5387 1536 5447 CCL.efllnxerant.Nam
1560 5386 1781 5443 Eboraci
1812 5388 1862 5441 in
1892 5387 2165 5443 Britannia

568 5463 928 5534 majoris‘lilii
976 5461 1273 5534 Caracallze
1310 5458 1516 5534 insidiis
1559 5457 1888 5534 pcriit_circa
1939 5474 2027 5534 an.
2060 5458 2158 5514 Ch.

569 5528 698 5606 2H.
733 5535 1081 5606 regnavitque
1117 5528 1431 5606 oetodecin‘r
1455 5529 1566 5586 fere
1605 5529 1804 5606 annis,
1826 5529 1989 5606 unde
2021 5538 2164 5600 patet

569 5598 823 5662 nenduni
855 5598 1126 5662 efﬂuiisse
1155 5619 1326 5659 annos
1367 5598 1458 5659 50.
1499 5601 1671 5657 aetatis
1711 5598 2160 5657 Christianorum.

569 5676 599 5737 Ι
607 5678 741 5732 dem.
1266 5675 1277 5681 ’
2056 5694 2063 5717 ι

648 5746 725 5817 (d)
752 5746 849 5800 Tot
888 5762 1060 5802 cruces
1096 5746 1425 5817 divinitatem,
1454 5754 1559 5817 etc.
1605 5744 1805 5817 Tiberii
1860 5742 2166 5817 immanitas

572 5814 666 5870 hic
695 5814 1141 5887 reprehenditur;
1171 5815 1324 5888 cujus
1362 5832 1424 5874 ea
1455 5815 1555 5873 fuit
1580 5815 1780 5872 smvitia
1808 5856 1824 5887 ,
1857 5823 1911 5871 ct
1939 5815 2157 5888 sangui-

2262 4622 2502 4685 φυρμένες.
2547 4613 2623 4668 LE
2656 4615 2752 4672 Ριι.

2340 4681 2414 4754 (e)
2439 4684 2645 4738 Semeso
2667 4702 2824 4755 puero
2863 4687 3165 4753 supervenit.
3198 4684 3369 4741 Variis
3398 4687 3728 4756 argumentis
3757 4687 3862 4741 im-

2270 4759 2522 4826 pietatem
2554 4756 2699 4810 illam
2727 4772 2847 4826 qua-
2883 4757 3208 4812 Christianis
3244 4756 3644 4828 impingeliatur
3675 4768 3857 4822 arcet,

2271 4829 2500 4900 facitque
2530 4847 2621 4884 sua
2671 4828 2973 4897 eloquentia
3020 4837 3078 4900 ut
3119 4827 3345 4900 criuteIr
3376 4827 3505 4884 illud
3544 4828 3862 4900 infanticidii

2270 4917 2376 4954 non
2414 4898 2621 4956 haereat
2650 4902 2702 4956 in
2752 4899 3088 4956 Christianis.
3152 4899 3500 4954 Nolissimnm
3544 4914 3665 4955 esse
3704 4898 3866 4954 debet

2271 4973 2593 5027 calumniam
2622 4973 2768 5027 illam
2790 4972 3127 5040 desumptam
3158 4970 3324 5026 fuisse
3353 4986 3417 5024 ex
3457 4969 3744 5026 infamibus
3776 4985 3865 5024 sa-

2271 5044 2378 5098 cris
2422 5044 2668 5108 Saturni,
2712 5059 2832 5112 quae
2879 5043 2932 5096 in
2979 5041 3155 5096 Africa
3205 5042 3317 5095 lit-ri
3379 5040 3863 5112 consueverantgin

2271 5116 2470 5183 quibus
2497 5110 2870 5170 mactabantur
2894 5113 3145 5169 infantes.
3176 5113 3498 5169 Prudentius
3519 5112 3612 5168 lib.
3650 5112 3706 5166 2.
3740 5110 3861 5167 adv.

2272 5186 2652 5256 Symmachum
2676 5205 2688 5240 :

2363 5329 2595 5383 Caedibus
2611 5326 2847 5379 infantum
2868 5326 3058 5378 fument
3078 5326 3307 5377 Saturnia
3330 5338 3469 5375 sacra
3482 5359 3499 5385 ,

2364 5392 2736 5455 Flebilibusque
2756 5400 2923 5453 truces
2943 5395 3184 5441 resonent
3205 5388 3452 5453 vagitibus
3474 5398 3591 5439 arae.

2338 5528 2479 5584 Nihil
2522 5526 2690 5597 magis
2716 5527 2932 5583 obvium
2960 5527 3099 5595 apud
3140 5526 3472 5597 Laclantinin
3495 5567 3509 5589 ,
3536 5523 3822 5597 Minutium
3848 5542 3865 5592 ;

2267 5610 2321 5656 et
2346 5608 2589 5655 caeteros.
2615 5594 2756 5667 'lpse
2794 5598 3154 5653 Tertullianns
3179 5606 3366 5651 contra
3405 5595 3701 5667 Gnosucos
3744 5594 3866 5651 haec

2268 5672 2447 5727 habet.
2479 5669 2584 5726 Sed
2638 5665 2771 5724 enim
2797 5669 3108 5741 Scytharum
3153 5665 3859 5741 Dianam,_attt_Gallarm_n

2272 5740 2614 5806 Mercurium,
2645 5749 2732 5794 aut
2780 5738 3019 5809 Afrorum
3060 5740 3377 5803 Saturnum.
3420 5738 3687 5794 hominum
3712 5739 3857 5797 uicti-

2269 5826 2352 5869 ma
2375 5811 2733 5885 placoriypud
2754 5813 2994 5869 siccatum
3026 5812 3189 5869 licuit.
3213 5811 3291 5869 LE
3322 5810 3420 5869 Pu.
