4252 6270
332 383 458 449 .569

352 594 494 651 dicet
527 613 541 651 :
571 593 751 650 lnfans
780 592 874 647 tibi
899 590 992 662 qui
1014 588 1189 645 adhuc
1212 586 1448 660 vagit(l)
1478 587 1836 651 necessarius,
1860 589 1951 656 qui

352 685 683 751 immoietur,
738 693 792 741 et
829 683 985 753 panis
1026 681 1394 751 aliquantum,
1451 679 1539 749 qui
1588 682 1641 733 in
1690 678 1952 748 sanguine

356 776 691 848 infringatur,
729 781 989 845 praeterea
1015 771 1335 827 candelabra
1356 812 1370 835 ,
1399 784 1518 842 quae
1549 783 1712 824 canes
1756 768 1949 824 annexi

354 870 670 933 deturbent,
703 876 759 924 ct
791 865 988 934 oﬁ‘ulae,
1021 881 1140 938 quae
1167 864 1385 921 eosdem
1427 878 1593 919 canes
1625 862 1702 934 (2)
1736 880 1749 917 :
1777 862 1871 917 sed
1899 870 1954 917 et

346 974 527 1025 mater
555 972 647 1019 aut
690 977 845 1018 soror
888 961 981 1016 tibi
1021 959 1321 1016 necessaria
1371 966 1473 1014 est.
1506 956 1677 1024 Quid,
1714 955 1766 1011 si
1793 955 1954 1011 nullze

355 1050 550 1107 erunt?
576 1050 788 1121 opinor,
832 1047 1101 1119 legitimus
1144 1042 1482 1100 Christianus
1534 1056 1655 1097 esse
1700 1056 1805 1096 non
1860 1056 1955 1110 po-

356 1142 525 1199 teris?
554 1142 681 1196 Htec
702 1183 717 1206 ,
762 1154 861 1195 oro
907 1154 1005 1194 vos
1025 1181 1039 1205 ,
1072 1136 1382 1193 denuntiata
1427 1133 1496 1189 ab
1526 1133 1645 1188 aliis
1668 1134 1956 1188 ‘sustinent

357 1234 554 1306 prodi?
594 1235 875 1289 Diversum
901 1245 1039 1302 opus
1068 1245 1172 1285 non
1204 1238 1289 1285 est
1314 1230 1454 1285 scire
1499 1226 1619 1282 illos
1662 1226 1775 1299 (3);
1809 1226 1956 1296 prius

355 1326 583 1383 fallacia:
623 1326 894 1396 negotium
939 1331 1297 1394 perpetratur,
1354 1318 1553 1391 ignaris
1599 1328 1653 1374 et
1685 1318 1852 1388 dapes
1903 1325 1958 1374 et

357 1420 561 1490 nuptite
613 1419 989 1487 subjiciuntur.
1042 1415 1183 1470 Nihil
1229 1414 1372 1469 enim
1424 1426 1659 1483 unquam
1715 1420 1859 1466 retro
1887 1410 1955 1466 de

355 1508 679 1565 Christianis
718 1507 991 1580 mysteriis
1032 1504 1333 1562 audierunt.
1379 1503 1584 1558 Tamen
1635 1512 1818 1572 postea
1864 1517 1957 1557 co-

356 1610 620 1673 gnoscant
659 1617 879 1657 necesse
904 1609 987 1655 est
1017 1600 1102 1654 vel
1125 1599 1243 1653 aliis
1271 1611 1407 1668 quos
1434 1597 1690 1652 indttcunt
1737 1596 1952 1667 praemi-

356 1695 654 1751 nistranda.
683 1694 951 1751 Caeterum
971 1708 1131 1762 quam
1166 1704 1361 1746 vanum
1407 1699 1490 1746 est
1516 1690 1769 1762 profanos
1816 1691 1957 1748 scire

358 1787 501 1858 quod
548 1786 755 1841 nesciat
803 1785 1096 1841 sacerdos?
1150 1783 1351 1838 Tacent
1405 1783 1585 1853 igitur,
1634 1795 1690 1838 et
1736 1792 1957 1853 accepto

361 1855 571 1944 ferunt,
618 1889 672 1936 et
725 1879 861 1935 nihil
910 1877 1184 1949 tragtedite
1230 1876 1481 1949 Thyesta:
1534 1877 1620 1932 vel
1660 1874 1957 1945 (Edipodis
1985 1855 2034 1914 B
2062 1889 2254 1930 sonum
2310 1882 2499 1929 natura
2549 1873 2820 1929 dictasset.
2876 1874 3053 1928 Prima
3099 1889 3201 1928 vox
3235 1874 3305 1946 (c)
3339 1872 3658 1946 Behktis(5)
3694 1886 3875 1949 ’μίν
3928 1890 3983 1945 ξπ.

363 1980 680 2042 erumpunt,
722 1980 777 2025 et
818 1985 924 2023 non
970 1968 1289 2038 protrahunt
1323 1967 1389 2022 ad
1438 1968 1726 2036 populum,
1771 1965 1876 2021 ﬁde
1903 1968 1955 2021 in

364 2063 640 2118 ministros
683 2071 737 2115 et
782 2062 1052 2131 magistris
1080 2070 1133 2114 et
1178 2060 1244 2114 de
1289 2059 1418 2128 ipsis
1466 2059 1701 2128 potiores
1747 2072 1973 2115 morsus

352 2157 470 2227 jam
517 2156 752 2211 doctis...
790 2154 1024 2224 rapiunt.
1055 2152 1110 2207 Si
1141 2152 1274 2206 nihil
1306 2151 1410 2205 tale
1443 2150 1717 2218 probetur,
1761 2151 1962 2221 grande

366 2250 549 2304 nescio
572 2245 698 2316 quid
725 2245 976 2300 aestimari
1005 2254 1240 2314 oportet,
1264 2243 1417 2308 cujus
1441 2242 1811 2311 compensatio
1837 2253 1960 2297 tan-

370 2352 544 2397 tarum
589 2342 922 2395 atrocitatum
953 2338 1233 2393 tolerantia
1265 2343 1498 2392 constat.
1553 2335 1762 2391 Miserae
1803 2348 1962 2408 atque

366 2429 690 2488 miserandae
742 2432 1015 2493 nationes,
1060 2443 1187 2484 ecce
1220 2428 1566 2497 proponimus
1596 2428 1747 2482 vobis
1797 2428 1962 2484 disci-

370 2523 530 2592 plinae
556 2530 754 2576 nostrae
779 2521 1145 2591 sponsionem.
1178 2518 1351 2574 Vitam
1386 2530 1644 2576 aeternam
1685 2522 1965 2576 sectatori-

367 2615 469 2673 bus
517 2623 573 2668 ct
624 2613 1097 2669 conservatoribns
1141 2612 1254 2667 suis
1302 2611 1565 2683 spondet,
1620 2627 1653 2667 e
1693 2614 1965 2667 contrario

369 2706 604 2778 profanis
627 2713 682 2759 et
723 2704 930 2759 aemulis
956 2703 1274 2773 supplicium
1301 2712 1559 2757 aeternum
1602 2712 1804 2758 aeterno
1860 2704 1965 2774 igni

368 2797 757 2861 comminatur;
819 2796 885 2850 ad
962 2804 1244 2864 utramque
1313 2809 1556 2849 caussam
1627 2803 1963 2849 mortuorum

370 2888 694 2945 resurrectio
739 2886 1077 2958 prtedicatnr.
1132 2884 1436 2941 Viderimus
1466 2886 1532 2940 de
1575 2885 1679 2940 fide
1710 2886 1963 2949 istorum,

369 2980 495 3036 dum
522 2996 621 3035 suo
651 2980 768 3033 loco
804 2980 1156 3049 digeruntur;
1188 2976 1399 3031 interim
1436 2976 1640 3032 credite
1660 3020 1673 3043 ,
1705 2976 1964 3048 quemad-

370 3074 586 3129 modum
630 3088 748 3128 nos.
780 3072 915 3129 Volo
943 3071 1285 3139 enimscire,
1340 3071 1384 3127 si
1432 3087 1524 3141 per
1583 3072 1706 3126 talia
1760 3072 1966 3127 scelera

369 3165 517 3221 adire
537 3165 706 3235 parati
734 3165 865 3220 estis
883 3205 899 3230 ,
925 3162 1378 3235 quemadmodum
1406 3163 1541 3217 nos?
1572 3161 1703 3217 Veni
1727 3205 1741 3229 ,
1775 3163 1820 3217 si
1847 3162 1967 3233 quis

369 3274 430 3315 es
449 3300 465 3325 ,
491 3258 744 3328 demerge
770 3258 968 3311 ferrmn
1001 3257 1051 3309 in
1081 3248 1335 3310 infantem
1362 3271 1377 3320 ;
1407 3255 1491 3310 vel
1520 3255 1564 3309 si
1586 3254 1806 3310 alterius
1847 3254 1967 3310 offi-

369 3352 515 3406 cium
537 3360 641 3415 est,
672 3359 780 3403 tum
807 3349 969 3404 modo
996 3360 1177 3420 specta
1196 3350 1512 3404 morientem
1536 3350 1794 3416 animam,
1815 3358 1967 3406 ante-

370 3457 533 3515 quam
568 3442 732 3509 vixit,
763 3451 909 3497 certe
934 3443 1131 3512 excipe
1178 3441 1364 3497 rudem
1393 3441 1707 3513 sanguinem
1756 3444 1817 3499 in
1859 3459 1966 3514 quo

369 3550 566 3607 panem
600 3544 743 3589 tuum
766 3533 949 3600 saties,
973 3549 1193 3591 vescere
1214 3534 1478 3599 libenter;
1504 3535 1706 3590 interea
1730 3535 1964 3591 discum-

368 3627 507 3683 bens
525 3626 797 3683 dinumera
827 3628 939 3682 loca
963 3669 979 3694 ,
1009 3628 1095 3682 ubi
1119 3637 1288 3683 mater
1306 3636 1399 3682 aut
1427 3642 1586 3683 soror
1612 3636 1785 3683 torum
1810 3642 1962 3698 pres-

366 3720 539 3785 serit;
598 3729 723 3775 nota
764 3719 1073 3789 diligenter,
1125 3730 1182 3775 ut
1222 3736 1342 3776 cum
1402 3721 1639 3776 tenebrae
1690 3722 1963 3786 irruerint,

371 3820 639 3868 tentantes
682 3813 891 3869 scilicet
929 3812 1258 3885 diligentiam
1284 3815 1616 3887 singulorum
1638 3857 1652 3881 ,
1682 3830 1788 3870 non
1817 3830 1968 3871 erres

370 3913 679 3959 extraneam
708 3905 990 3960 incursans
1020 3922 1034 3959 :
1064 3905 1329 3975 piaculum
1376 3905 1602 3971 feceris,
1643 3907 1745 3962 nisi
1788 3900 1967 3962 inces-

369 4004 503 4051 tum.
549 3996 677 4052 Haec
719 4012 843 4052 cum
872 3997 1229 4067 cxpnnxcris,
1261 4000 1413 4053 vives
1452 3999 1506 4053 in
1546 4014 1742 4053 aevum.
1795 3998 1968 4069 Cupio

359 4086 717 4158 respondeas,
742 4088 787 4141 si
818 4088 946 4141 tanti
981 4087 1143 4143 facias
1173 4090 1568 4144 aeternitatem?
1608 4091 1716 4145 imo
1764 4090 1966 4147 idcirco

367 4193 469 4235 nec
518 4179 695 4235 credis
716 4221 730 4246 ,
772 4189 827 4236 et
859 4180 969 4250 jam
1001 4182 1045 4234 si
1074 4180 1400 4249 credideris,
1429 4197 1570 4254 nego
1621 4194 1672 4238 te
1695 4183 1863 4251 velle,
1913 4192 1968 4241 et

362 4272 474 4342 jam
505 4272 549 4328 si
568 4273 771 4338 velles,
800 4287 939 4342 nego
962 4281 1013 4327 te
1043 4287 1222 4342 posse.
1252 4273 1360 4329 Cur
1384 4283 1565 4330 autem
1595 4275 1683 4330 alii
1720 4277 1962 4347 possint,

365 4364 416 4420 si
443 4378 539 4419 vos
562 4380 666 4423 non
698 4366 962 4435 potestis?
986 4378 1087 4419 cur
1115 4380 1220 4419 non
1253 4368 1489 4435 possitis,
1513 4366 1561 4422 si
1585 4367 1674 4424 alii
1706 4368 1967 4438 possunt?

367 4452 771 4525 lmpunitatem,
823 4461 1175 4541 aeternitatem
1225 4472 1425 4531 quanto
1471 4471 1722 4519 constare
1768 4462 1966 4517 vultis?

1636 379 1725 437 AD
1762 376 2104 436 NATIONES
2139 376 2267 433 LIB.
2309 375 2352 431 l.

244 534 267 543 -
350 502 420 559 ad
463 502 774 573 magistrum
822 511 1103 555 sacrorum
1145 494 1231 552 vel
1266 500 1470 565 patrem
1497 492 1667 550 adire.
1695 493 1829 549 Tum
1858 494 1950 551 ille
1976 492 2030 555 Α
2055 492 2320 560 faucium,
2361 499 2417 548 et
2465 490 2555 547 alii
2583 490 2649 546 ad
2694 490 2884 547 incesti
2934 488 3206 546 libidinem
3228 488 3447 575 ‘nervi?
3490 487 3608 546 Non
3633 531 3651 560 ,

3547 370 3657 431 570

2056 587 2306 658 opinior;
2337 585 2470 641 satis
2497 585 2641 642 enim
2681 592 2766 640 est
2812 583 2967 638 nobis
3014 582 3125 637 sola
3164 581 3394 638 veritate
3418 596 3446 636 a
3475 591 3655 639 vestra

2057 680 2326 751 positione
2346 677 2596 734 discerni.
2616 677 2855 733 Tertium
2876 691 3045 746 genus
3057 675 3307 741 dicimur,
3323 689 3654 747 cynopennae

2058 771 2139 842 (Il)
2159 771 2233 843 (a)
2255 769 2440 841 aliqui,
2469 770 2552 826 vel
2579 768 2880 840 sciapodes,
2910 767 2993 823 vel
3019 765 3282 838 aliqui-de
3304 765 3654 822 subterranea

2057 864 2339 935 antipodes
2372 862 2481 936 (b).

2128 1043 2182 1098 8.
2214 1040 2273 1098 Si
2300 1056 2405 1112 qua
2444 1040 2564 1096 istic
2583 1082 2599 1108 ,
2642 1039 2784 1112 apud
2812 1055 2907 1096 vos
2934 1041 3124 1098 saltem
3166 1042 3304 1097 ratio
3333 1050 3451 1112 est,
3481 1041 3655 1100 edatis

2055 1134 2215 1190 velim
2248 1134 2477 1204 primum
2507 1142 2559 1190 et
2602 1133 2893 1189 secundum
2923 1149 3126 1206 genus,
3161 1142 3219 1189 ut
3260 1135 3333 1190 ita
3381 1135 3447 1191 de
3496 1137 3656 1193 tertio

2058 1235 2290 1284 constet.
2324 1227 2751 1283 Psammetichus
2780 1228 2993 1297 quidem
3023 1229 3234 1298 putavit
3275 1229 3366 1284 tibi
3412 1244 3473 1285 se
3503 1210 3657 1299 inge-

2059 1322 2151 1376 nio
2200 1321 2540 1391 exploratus,
2570 1321 2614 1375 si
2667 1320 2736 1376 de
2791 1322 2958 1390 prima
2995 1321 3210 1391 generis
3242 1341 3254 1377 :
3285 1320 3483 1376 dicitur
3513 1322 3655 1376 enim

2058 1411 2290 1467 infantes
2326 1413 2526 1467 recenti
2554 1427 2585 1467 e
2612 1424 2765 1481 partu
2792 1427 3034 1468 seorsum
3065 1428 3094 1467 a
3125 1415 3449 1469 commercio
3480 1412 3654 1468 homi-

2059 1520 2185 1559 num
2208 1504 2429 1559 alendos
2454 1505 2734 1560 tradidisse
2757 1504 2970 1568 nutrici,
3001 1521 3158 1576 quam
3186 1516 3240 1560 et
3286 1507 3454 1577 ipsam
3498 1522 3658 1577 prop-

2061 1608 2203 1654 terea
2234 1598 2634 1669 elinguaverat‘,
2665 1607 2722 1653 ut
2750 1598 2802 1652 in
2847 1608 3016 1654 totum
3044 1601 3256 1655 exsules
3286 1601 3432 1655 vocis
3473 1600 3659 1655 huma-

2056 1706 2144 1745 na:
2189 1705 2293 1745 non
2324 1691 2505 1744 auditu
2553 1688 2849 1746 formarent
2893 1690 3195 1760 loquelam,
3252 1691 3345 1747 sed
3386 1706 3484 1747 suo
3535 1707 3659 1761 pro.

2060 1791 2268 1837 mentes
2320 1797 2439 1837 eam
2485 1781 2707 1851 primam
2754 1782 3023 1836 nationem
3072 1781 3458 1852 designarent,
3505 1783 3659 1851 cujus

2063 1966 2359 2021 renuntiata
2390 1964 2907 2034 est;.inter'pretatio
2937 1966 3052 2033 ejus
3098 1965 3257 2020 Panis
3304 1965 3443 2036 apud
3490 1966 3661 2039 Phry-

2064 2072 2157 2126 gas
2181 2071 2375 2111 nomen
2406 2067 2515 2121 est;
2551 2057 2790 2129 Phryges
2824 2058 2977 2126 primi
2998 2072 3176 2139 genus
3217 2057 3412 2112 exinde
3453 2058 3681 2114 haben-'

2066 2160 2170 2206 tur.
2213 2150 2317 2206 Sed
2366 2149 2466 2205 hoc
2518 2166 2682 2205 unum
2719 2154 2823 2205 erit
2865 2150 2931 2205 de
2972 2150 3310 2203 vanitatibus
3360 2159 3659 2205 vestrarum

2065 2242 2363 2298 fabularum
2415 2257 2523 2297 non
2578 2242 2749 2297 otiose
2814 2242 2969 2296 nobis
3038 2242 3472 2309 retractandum,
3554 2260 3661 2313 quo

2069 2336 2228 2390 fidem
2257 2345 2486 2390 vestram
2514 2335 2842 2390 vanitatibus
2865 2351 3024 2406 quam
3054 2337 3371 2391 veritatibus
3403 2335 3480 2407 (6)
3511 2338 3661 2394 dedi-

2068 2437 2173 2481 tam
2203 2427 2574 2482 demonstrare
2600 2430 2873 2496 gestimus.
2905 2429 2983 2481 An
3024 2430 3244 2482 omnino
3270 2430 3531 2485 credibile
3552 2432 3655 2498 sit,

2066 2521 2159 2575 tali
2188 2521 2430 2576 membro
2455 2519 2704 2582 desecto.
2731 2531 2940 2575 vosmto
2969 2522 3135 2591 ipsius
3165 2523 3358 2577 animm
3383 2538 3583 2595 organo
3610 2534 3665 2580 et

2070 2614 2252 2684 utique
2278 2612 2531 2668 radicitus
2562 2627 2702 2667 emso
2724 2654 2738 2677 ,
2768 2613 3014 2667 castratis
3056 2615 3294 2669 faucibus
3313 2656 3329 2680 ,
3363 2631 3481 2685 qtae
3502 2616 3664 2671 etiam

2070 2707 2402 2761 extrinsecus
2433 2706 2733 2775 periculose
2776 2705 3157 2772 vulnerantur,
3202 2707 3397 2763 exinde
3446 2708 3569 2763 tabo
3611 2709 3663 2763 in

2073 2796 2365 2866 praecordia
2391 2794 2670 2863 refluente,
2690 2806 2962 2866 postremo
2983 2797 3308 2868 aliquamdiu
3332 2798 3664 2854 cessantibus

2072 2888 2339 2942 alimentis
2360 2928 2375 2953 ,
2405 2887 2566 2942 vitam
2598 2888 2789 2943 nutrici
2823 2886 3184 2958 perdurasse?
3212 2892 3322 2959 Age
3349 2905 3519 2957 nunc,
3547 2905 3666 2961 per-

2071 2987 2399 3040 severaverit
2443 2983 2749 3039 Philomelae
2796 2984 3289 3039 ntedicamcntis....
3320 3000 3478 3054 quam
3508 2996 3559 3040 et
3589 2985 3668 3053 ip-

2071 3091 2185 3131 sam
2232 3076 2644 3146 prudentiorcs,
2678 3090 2783 3129 non
2828 3077 3023 3146 linguae
3074 3075 3257 3142 caede,
3302 3076 3395 3131 sed
3450 3078 3666 3146 pudoris

2070 3168 2265 3223 rubore
2315 3178 2516 3222 mulam
2562 3168 3001 3237 interpretantur.
3048 3168 3103 3223 Si
3150 3183 3279 3239 ergo
3308 3168 3469 3235 vixit,
3500 3171 3670 3238 potuit

2072 3263 2281 3318 effutire
2310 3261 2509 3333 aliquid
2540 3263 2787 3317 obtunsum
2830 3272 2882 3317 et
2908 3261 3318 3317 eﬂirticulatum
3349 3276 3538 3315 sonum
3566 3263 3669 3316 tin-

2071 3355 2380 3424 nitnmque,
2427 3352 2544 3407 sine
2590 3351 2863 3407 modulatu
2893 3351 3235 3417 labellorum,
3267 3367 3504 3423 expanso
3534 3368 3630 3407 ore
3651 3393 3666 3417 ,

2071 3445 2251 3517 lingua
2295 3453 2545 3514 stupente
2565 3485 2579 3509 ,
2619 3440 2688 3498 de
2718 3442 2849 3499 solis
2880 3442 3119 3499 faucibus
3146 3444 3263 3514 cogi
3286 3442 3411 3497 licet
3437 3461 3448 3497 :
3481 3443 3532 3498 id
3562 3444 3669 3499 fors

2070 3546 2197 3593 tunc
2242 3535 2507 3602 infantes,
2559 3537 2681 3605 quia
2732 3536 2988 3602 unicum,
3046 3534 3253 3589 facilius
3282 3536 3665 3601 commentati,

2069 3626 2228 3701 paufo
2272 3627 2630 3696 modulatius,
2660 3638 2843 3698 utpote
2891 3628 3200 3699 liuguatuli,
3237 3629 3289 3683 in
3331 3640 3549 3682 ventum
3584 3627 3666 3699 (tl)

2069 3722 2295 3792 alienius
2336 3720 2804 3793 interpretationis
2839 3722 3178 3791 impegerint.
3212 3720 3331 3776 Sint
3376 3733 3517 3774 nunc
3559 3720 3669 3788 pri-

2070 3816 2142 3872 mi
2185 3815 2457 3887 Phryges,
2505 3830 2614 3869 non
2669 3825 2845 3869 tamen
2897 3814 3036 3879 tertii
3087 3811 3407 3876 Christiani;
3458 3819 3673 3882 quanta:

2070 3908 2214 3965 enim
2241 3909 2360 3985 alite
2389 3908 2624 3979 gentium
2647 3907 2815 3962 series
2841 3915 2962 3976 post
2985 3904 3262 3976 Phrygas?
3294 3903 3491 3959 Verum
3522 3917 3676 3957 reco-

2069 4005 2271 4074 gitate,
2321 4018 2389 4059 ne
2441 4016 2577 4071 quos
2618 4001 2834 4055 tertium
2883 4014 3053 4070 genus
3109 3997 3322 4064 dicitis,
3373 3996 3671 4068 principem

2070 4096 2249 4151 locum
2275 4094 2588 4161 obtineant,
2619 4093 2881 4165 siquidem
2900 4107 3015 4145 .nun
3047 4090 3154 4145 ulla
3192 4104 3324 4159 gens
3352 4102 3457 4143 non
3486 4087 3672 4142 Chris-

2069 4188 2249 4254 tiana;
2296 4188 2479 4258 itaque
2521 4201 2873 4256 quiecumqne
2912 4198 3045 4254 gens
3084 4184 3274 4254 prima,
3326 4180 3672 4236 nihilominus

2071 4279 2396 4337 Christiana.
2431 4279 2673 4334 Ridicula
2714 4277 2985 4333 dementia
3006 4317 3020 4337 ,
3072 4275 3394 4329 novissimos
3418 4274 3595 4330 dicitis
3620 4281 3676 4327 et

2072 4373 2261 4427 tertios
2300 4370 2611 4425 nominatis.
2636 4368 2740 4425 Sed
2763 4368 2832 4424 de
2857 4367 3236 4438 superstitione
3260 4367 3475 4420 tertium
3504 4348 3674 4434 genus

2071 4456 2414 4533 deputamur,
2448 4478 2553 4518 non
2585 4462 2652 4518 de
2684 4462 2916 4528 ratione,
2946 4470 3003 4514 nt
3025 4461 3130 4514 sint
3161 4457 3424 4521 Romani,
3465 4456 3634 4511 Judaei
3654 4496 3670 4521 ,

369 4547 452 4601 An
483 4546 567 4602 ha:
612 4549 766 4604 nobis
792 4552 938 4605 omni
988 4540 1149 4607 modo
1191 4553 1516 4608 redimenda:
1564 4553 1852 4609 videntur?
1894 4571 1961 4611 an
1992 4583 2045 4647 Β
2071 4556 2264 4612 dehinc
2288 4554 2598 4611 Christiani.
2633 4553 2731 4611 Ubi
2762 4565 2940 4609 autent
2973 4552 3187 4608 Cra-ci?
3215 4549 3299 4605 vel
3321 4540 3366 4602 si
3397 4549 3448 4601 in
3476 4547 3674 4601 Roma-

369 4640 461 4695 alii
485 4641 701 4699 ordines
739 4644 978 4699 dentium
1022 4646 1491 4723 Christianorum,
1536 4648 1608 4701 et‘
1634 4646 1727 4701 alii
1774 4662 1967 4717 specus

2074 4669 2265 4707 norum
2329 4649 2798 4722 superstitionibus
2855 4656 3183 4711 censentur,
3239 4640 3671 4715 quandoquidem

1595 4761 1974 4821 LECTIONES
2011 4764 2419 4822 VARIANTES.

453 4873 505 5009 ἐξ
535 4873 1146 5009 ῗρίέΐὸὶῗῗοῖζῗιῗὲυξῖιω
1179 4938 1287 5009 illos
1309 4937 1367 5009 ad
1392 4939 1706 5009 eversionem
1717 4938 1962 5009 luminum

380 4999 716 5070 extenuantis.
752 4999 891 5070 Quod
929 5015 1032 5052 roc.
1055 4999 1349 5051 'extendant
1386 5000 1465 5050 hic
1488 5008 1571 5053 aut
1610 5001 1962 5054 restituendum

372 5066 455 5110 aut
475 5060 933 5128 suﬁntdﬁgendum
949 5076 1053 5116 esse
1075 5071 1235 5116 censet
1253 5072 1458 5114 Haverc.

2162 4884 2215 4944 5)
2250 4878 2355 4944 Rig.
2401 4879 2665 4944 Diversum
2690 4892 2836 4944 opus._
2855 4875 3215 4944 N9n_est_seire
3234 4872 3360 4933 illos,
3387 4875 3483 4922 etc.

2160 4932 2210 5008 4)’
2254 4932 2371 5008 mir),
2387 4932 2836 5008 Cynapgnntefsed
2859 4937 2927 5002 cf.
2948 4937 3086 5008 Apol‘
3096 4938 3163 5008 ‘8‘.

2154 4998 2205 5069 ὅ)
2232 4998 2387 5057 Codd.
2406 4998 2735 5069 Mss.'l’actos.
2757 5004 2829 5065 Cf.
2859 4998 3041 5050 Heroa.
3058 5000 3110 5060 2,
3127 4999 3177 5048 2.

2154 5067 2205 5131 6)
2241 5068 2401 5120 Scrib.
2431 5081 2525 5118 van
2546 5067 2861 5131 potiusquatu
2881 5077 2989 5112 rev.

1747 5177 2302 5238 COMMENTARIUS.

444 5272 521 5344 (a)
545 5272 872 5344 Cynopenna:
895 5271 1088 5344 aliqui,
1116 5269 1194 5344 vel
1225 5269 1546 5344 Sgiapodes?
1573 5270 1724 5340 Legit
1772 5271 1964 5328 Parne-

366 5340 684 5416 lius,'qu'em
713 5344 954 5413 sequitur
980 5340 1241 5416 Laeerda,
1261 5340 1603 5412 Cynaphane.
1635 5343 1818 5416 sicque
1846 5359 1969 5416 sen-

364 5430 460 5471 sus
480 5412 562 5470 est
606 5431 619 5467 :
650 5428 909 5469 sumasne
925 5412 1116 5467 canino
1137 5413 1281 5465 vultu
1305 5423 1395 5465 aut
1417 5417 1606 5466 canina
1637 5412 1965 5480 impudentia

367 5498 425 5538 nt
443 5485 786 5540 homicidium
806 5494 914 5538 tam
935 5481 1088 5537 facile
1104 5493 1409 5549 Spectetnus
1429 5498 1523 5536 seu
1542 5481 1955 5536 infanticidium?

367 5556 726 5611 Vowerenins
741 5625 749 5626 ί
765 5553 1010 5626 Cyclopes
1036 5554 1200 5624 legit,
1219 5554 1289 5610 At
1307 5552 1486 5608 Desid.
1515 5552 1773 5607 Heraldus
1796 5552 1957 5608 habet

367 5627 713 5698 Cynapenme.
735 5625 816 5681 ιε
837 5641 923 5680 Ρη.

439 5698 522 5769 (b)
556 5697 631 5751 De
664 5697 991 5769 subterranea
1021 5696 1317 5764 Antipodes.
1352 5695 1468 5750 Lib.
1502 5694 1569 5751 de
1596 5695 1807 5769 Anima,
1832 5710 1948 5767 pag.

356 5768 490 5831 35L
523 5769 686 5833 dixit,
718 5768 972 5823 Animalia
999 5769 1380 5825 subterraneum
1411 5768 1641 5821 viventia.
1690 5768 1806 5824 lita.

436 5841 512 5917 (c)
553 5839 732 5895 Prima
786 5854 884 5896 vox
925 5839 1109 5897 Becco:
1136 5841 1422 5899 renuntiata
1467 5848 1559 5897 est.
1592 5839 1954 5914 Depravatttm

2028 5333 2043 5341 _
2071 5284 2152 5329 est
2222 5273 2323 5328 uod
2363 5274 2412 5328 in
2441 5273 2628 5329 codice
2680 5270 2943 5341 Agohardi
3005 5269 3236 5339 legitur,
3288 5266 3497 5322 Pnctas.
3543 5265 3675 5321 Nam

2072 5291 2212 5399 θυυὲ
2248 5345 2573 5399 llerodotum
2606 5353 2659 5398 et
2690 5344 2859 5399 alios.
2894 5342 2981 5399 oui
3021 5340 3155 5393 hanc
3184 5339 3461 5393 historiam
3494 5338 3675 5399 Septi-

2072 5338 2212 5415 apud
2248 5345 2573 5400 llerodotum
2602 5353 2659 5415 et
2690 5338 2859 5405 alios,
2894 5342 2981 5411 qni
3008 5338 3155 5415 hanc
3180 5339 3461 5415 historiatn
3494 5338 3677 5408 Septi-

2073 5409 2183 5469 mio
2206 5416 2492 5478 tradidere,
2508 5414 2777 5472 scribitur.
2798 5409 2964 5471 Βέκκὸς
2994 5410 3143 5475 Apud
3170 5409 3430 5465 Calenum
3463 5423 3676 5478 quoque

2059 5486 2133 5540 Ιώ
2183 5503 2241 5540 ll.
2274 5488 2346 5541 De
2374 5487 2486 5540 dilf.
2508 5486 2613 5540 ἀλλ’
2639 5490 2679 5538 αὶ
2700 5490 2780 5540 καὶ
2812 5492 2982 5543 Bima;
3022 5489 3192 5542 £09.":
3217 5490 3296 5536 τὸν
3320 5486 3464 5551 ἄρτον
3487 5488 3669 5545 κηλεῖν,

2060 5564 2210 5629 ὥσπερ
2236 5566 2285 5629 ei
2308 5566 2495 5629 Φρῦγες,
2529 5561 2656 5613 οὐδὲν
2683 5561 2796 5624 ἡμῖν
2824 5560 3055 5629 ὂιςιρὶρυ.
3091 5551 3262 5629 Idem.

2133 5621 2212 5702 (ἄ)
2263 5621 2553 5702 ln'tg'ntnm
2592 5621 2811 5702 aficztjtts
2873 5621 3300 5702 interpretationis
3338 5621 3659 5702 impegerint.

2058 5694 2171 5755 Hoc
2195 5694 2324 5765 est,
2365 5699 2678 5754 Temeraria
2729 5699 2923 5767 lingua:
2962 5696 3014 5750 in
3044 5694 3375 5748 contrarium
3430 5701 3653 5767 ventum

2055 5772 2170 5826 sive
2207 5764 2370 5826 mm
2424 5770 2652 5838 appulsu
2688 5764 2882 5831 sonum
2917 5767 3144 5838 alicujus
3181 5764 3640 5838 interpretationis

2056 5841 2343 5902 ediderint.
2376 5840 2543 5906 Idem.
