4252 6270
586 351 696 414 571

1912 425 1923 430 _
1994 347 2459 408 mammam

3784 359 3902 422 δτι

586 426 754 526 etiam
786 466 919 526 deos
943 466 1167 524 Graeciae
1188 464 1244 538 (ο
1273 465 1332 537 6)
1358 464 1527 522 Roma
1567 425 1923 530 sollicitavit,
1951 463 2041 520 ubi
2084 464 2193 519 sal-
2218 464 2273 525 Α
2296 475 2480 520 nostra
2500 424 2861 525 eradicatione
2890 467 3156 542 negligitis
3175 511 3190 539 ,
3225 470 3530 529 absolutum
3553 469 3638 531 eét
3660 473 3730 532 de
3750 474 3901 533 inﬁr-

594 558 703 619 iem
728 556 963 631 Egyptii
983 601 996 625 ,
1029 568 1083 615 et
1110 559 1249 629 ipsi,
1278 559 1421 631 quod
1455 559 1624 615 sciam
1644 594 1665 627 ,
1690 559 1910 630 privata:
1934 557 2191 615 curiosae-

592 647 697 728 que
726 646 1036 722 religionis?
1058 651 1264 721 Porro,
1305 653 1352 709 si
1397 662 1502 708 tam
1544 652 1873 708 monstruosi
1893 694 1908 720 ,
1931 653 2022 724 qui
2053 652 2192 708 tertii

591 742 696 799 loci
715 785 730 809 ,
773 743 962 815 quales
989 742 1260 815 habendi,
1305 746 1396 818 qui
1433 746 1608 818 primo
1633 755 1695 803 et
1713 745 1952 805 secundo
1979 756 2193 804 antece-

592 832 725 893 dunt
739 828 771 892 ?’
1000 828 1001 831 “
1120 842 1125 845 “
1538 840 1545 845 ’

663 932 718 989 9.
748 930 856 988 Sed
881 932 1008 1004 quid
1036 947 1137 1004 ego
1163 935 1328 989 mirer
1354 948 1489 989 vana
1519 944 1697 990 vestra
1719 975 1733 1001 ,
1767 949 1888 989 cum
1916 949 1983 990 ex
2021 933 2193 990 forma

593 1024 821 1082 naturali
851 1034 1241 1097 concorporata
1286 1035 1340 1081 et
1379 1036 1628 1082 concreta
1652 1025 1963 1099 intercessit
1991 1025 2194 1080 malitia

598 1110 656 1174 et
705 1115 931 1172 stultitia
976 1118 1081 1175 sub
1129 1118 1319 1175 eodem
1360 1119 1609 1189 mancipe
1639 1116 1714 1190 (a)
1755 1117 1992 1174 erroris?
2019 1117 2193 1185 Sane,

596 1207 721 1279 quia
747 1221 853 1262 non
882 1208 1065 1276 miror,
1095 1223 1404 1264 enumerem
1434 1224 1657 1265 necesse
1683 1219 1794 1275 est,
1828 1219 1882 1265 et
1919 1225 2015 1264 vos
2038 1224 2196 1265 reco-

597 1300 905 1373 gnoscendo
935 1301 1227 1366 miremini,
1259 1303 1312 1355 in
1340 1313 1592 1373 quantam
1624 1302 1899 1357 stultitiam
1928 1301 2195 1369 incidatis,

600 1394 688 1464 qui
716 1394 890 1448 omnis
918 1394 1086 1449 cladis
1111 1393 1338 1465 publicae
1368 1395 1445 1449 vel
1470 1394 1678 1464 injuriae
1710 1407 1809 1448 nos
1832 1406 2053 1448 caussas
2081 1405 2201 1448 esse

596 1486 783 1563 vultis.
824 1485 880 1542 Si
909 1485 1117 1542 Tiberis
1144 1486 1523 1542 redundaverit
1546 1528 1561 1553 ,
1591 1486 1635 1540 si
1679 1485 1831 1541 Nilus
1868 1500 1973 1540 non
1999 1484 2201 1540 redun-

598 1578 769 1655 davit,
795 1581 839 1634 si
865 1579 1067 1635 coelum
1094 1581 1264 1645 stetit,
1295 1581 1338 1634 si
1371 1588 1511 1634 terra
1534 1579 1793 1634 movit....
1823 1579 1928 1633 tiva
1956 1577 2200 1647 vastavit,

602 1671 646 1725 si
690 1669 856 1727 fames
893 1670 1123 1737 afﬂixit,
1169 1671 1348 1725 statim
1393 1670 1633 1726 omnium
1680 1685 1782 1725 vox
1840 1687 1853 1723 :
1908 1668 2202 1725 Christi....

606 1773 741 1819 tum.
801 1763 968 1832 Quasi
1012 1763 1283 1819 modicum
1333 1763 1566 1818 habeant
1598 1771 1690 1817 aut
1719 1761 1881 1818 aliud
1932 1762 2201 1817 metuere!

2296 559 2485 614 mitate
2508 569 2563 617 et
2589 561 2957 619 mediocritate
2985 578 3172 620 eorum
3201 582 3214 618 :
3242 580 3363 621 nam
3396 582 3504 622 non
3535 568 3898 627 irascerentur

2298 652 2450 707 vobis
2481 653 2533 707 in
2562 654 3026 712 animadversione
3051 657 3409 723 cessantibus,
3456 659 3503 713 si
3535 659 3637 730 ipsi
3674 661 3898 733 exsequi

2298 754 2548 816 possent;
2600 761 2904 818 quanquam
2949 757 3004 803 et
3064 749 3196 805 alias
3248 750 3581 807 confitemini
3626 739 3802 819 istud,
3850 753 3897 809 si

2297 837 2510 907 quando
2540 838 2661 894 illos
2686 839 3181 910 suppliciO'nostro
3210 841 3467 899 videmini
3505 843 3711 902 ulcisci.
3748 844 3894 902 Aha-

2298 927 2409 984 liud
2438 943 2468 982 a
2495 928 2699 998 majore
2727 930 3030 986 defenditur
3057 932 3156 1006 (e).
3878 986 3881 995 .

2376 1021 2461 1075 10.
2490 1020 2692 1078 Pudeat
2718 1022 2879 1094 igitur
2896 1022 3030 1079 deos
3048 1024 3117 1079 ab
3135 1024 3353 1083 homine
3364 1025 3605 1083 defendi.
3628 1026 3900 1100 Effundite

2295 1111 2405 1183 jam
2433 1115 2613 1168 omnia
2637 1129 2863 1183 venena,
2882 1116 3061 1171 omnia
3087 1117 3369 1173 calumnia:
3395 1118 3745 1191 tela’iniligite
3773 1120 3895 1179 huic

2303 1207 2526 1271 nomini,
2574 1222 2683 1271 non
2717 1208 2941 1264 cessabo
2985 1209 3123 1266 ultra
3152 1211 3444 1280 repellere;
3477 1220 3533 1266 at
3559 1214 3900 1283 postmodum

2299 1298 2664 1355 obtundentur
2725 1300 3060 1370 expositione
3106 1302 3269 1357 totius
3314 1312 3514 1359 nostra:
3566 1304 3899 1376 disciplinas;

2303 1407 2445 1447 nunc
2470 1408 2600 1448 vero
2623 1393 2812 1449 eadem
2844 1394 3056 1465 ipsa'de
3085 1404 3273 1451 nostro
3295 1398 3694 1467 corpore.‘vulsa
3725 1399 3783 1454 in
3802 1414 3902 1456 vos

2305 1486 2648 1556 retorquebo,
2672 1487 2858 1543 eadem
2880 1488 3106 1544 vulnera
3118 1489 3405 1545 criminum
3432 1491 3489 1545 in
3506 1490 3658 1547 vobis
3679 1490 3900 1548 defossa

2306 1579 2647 1646 monstrabo,
2687 1595 2795 1651 quo
2829 1580 3116 1639 machaeris
3154 1584 3351 1639 vestris
3379 1583 3899 1641 admentationibus-

2307 1680 2412 1740 que
2441 1670 2520 1741 (2)
2542 1669 2764 1727 eadatis.
2795 1671 2912 1727 Jam
2945 1674 3141 1742 primo,
3167 1673 3314 1745 quod
3344 1675 3397 1730 in
3426 1689 3525 1735 nos
3552 1675 3793 1747 generali
3811 1690 3901 1732 ac»

2311 1763 2587 1820 cusatione
2611 1763 2860 1836 dirigitis,
2895 1765 3184 1821 divortium
3217 1768 3286 1822 ab
3316 1766 3572 1837 institutis
3602 1767 3862 1837 majorum
3883 1806 3902 1835 ,

607 1848 759 1926 Quid.
790 1827 989 1928 igitur?
1032 1855 1256 1927 Opinor,
1314 1867 1372 1911 ut
1396 1864 1793 1926 contemptores
1835 1854 2060 1911 deorum
2090 1869 2206 1910 ves-
2234 1827 2284 1890 Β
2311 1855 2649 1912 considerate
2683 1827 2843 1912 etiam
2876 1866 3034 1926 atque
3055 1856 3239 1923 etiam,
3271 1873 3339 1913 ne
3364 1834 3641 1913 vobiscum
3667 1827 3907 1913 commu-

610 1962 821 2009 trorum
847 1952 966 2009 haec
985 1952 1161 2023 jacula
1186 1967 1373 2009 eorum
1406 1968 1778 2025 provocamus.
1807 1953 1874 2009 Ut
1902 1967 2063 2023 supra
2089 1951 2206 2007 edi-

610 2043 822 2110 dimus,
873 2045 1047 2100 anatis
1106 2054 1304 2100 nostrae
1339 2043 1448 2117 (b)
1489 2044 1724 2123 nondum
1776 2045 1903 2099 anni
1952 2044 2205 2115 trecenti,

609 2147 822 2208 quantae
863 2137 1043 2193 clades
1079 2147 1204 2193 ante
1245 2138 1297 2192 id
1327 2139 1555 2209 Spatium
1584 2124 1744 2209 supra
1773 2140 2086 2195 universum
2115 2153 2204 2193 or-

610 2230 735 2286 bem
788 2229 855 2286 ad
902 2230 1137 2303 singulas
1187 2230 1348 2286 urbes
1406 2240 1458 2286 et
1507 2231 1810 2303 provincias
1863 2230 2209 2287 ceciderunt?

611 2329 808 2392 quanta
835 2320 973 2376 bella
999 2336 1221 2377 ettterna
1253 2333 1308 2376 et
1334 2321 1613 2377 intestina?
1632 2330 1765 2392 quot
1793 2329 1993 2391 pestes,
2016 2320 2208 2387 fames,

611 2414 760 2485 ignes
780 2456 796 2482 ,
824 2414 1002 2470 hiatus
1051 2424 1337 2486 motusque
1398 2424 1657 2470 terrarum
1685 2415 1924 2470 seculum
1951 2414 2210 2486 digessit?

612 2506 711 2562 Ubi
742 2516 870 2564 tunc
915 2506 1239 2574 Christiani,
1280 2522 1401 2564 cum
1428 2521 1518 2563 res
1563 2507 1800 2563 Romana
1842 2515 1920 2561 tot
1962 2508 2209 2562 historias

613 2601 854 2656 laborum
885 2616 1105 2655 suorum
1132 2600 1602 2657 subministravit?
1630 2601 1718 2656 ubi
1748 2610 1877 2656 tunc
1895 2600 2208 2667 Christiani,

612 2708 733 2747 eum
786 2692 1122 2763 Hierenappe
1159 2693 1232 2764 (ε)
1285 2704 1340 2748 et
1396 2693 1631 2763 Delphos
1659 2702 1715 2749 et
1764 2693 1984 2748 Rhodos
2038 2692 2120 2764 (ά)
2158 2702 2214 2748 et

613 2784 770 2839 Creta
802 2785 987 2839 insula:
1014 2785 1197 2840 multis
1235 2799 1358 2839 cum
1386 2784 1621 2840 millibus
1650 2784 1927 2841 hominum
1964 2798 2210 2853 pessum-

613 2876 825 2942 ierunt;
867 2878 953 2932 vel
997 2860 1366 2948 quam'Plato
1415 2886 1681 2933 memorat
1728 2878 1987 2949 majorem
2028 2877 2212 2934 Asiam

613 2978 705 3024 aut
754 2969 987 3025 Africam
1034 2971 1087 3025 in
1128 2972 1399 3028 Atlantico
1425 2972 1560 3027 mari
1586 2987 1855 3038 mersam;
1883 2988 2005 3029 cum
2036 2973 2214 3029 Vulsi-

614 3061 735 3116 nios
762 3060 830 3117 de
859 3061 998 3117 coelo
1015 3101 1031 3130 ,
1073 3061 1331 3133 Tarpeios
1352 3063 1420 3118 de
1444 3077 1542 3119 suo
1568 3074 1752 3119 monte
1777 3063 2009 3134 pertudit
2037 3064 2174 3135 ignis
2190 3105 2207 3132 ,

613 3167 735 3209 cum
764 3162 922 3213 terrae
943 3162 1090 3210 motu
1117 3170 1267 3211 mare
1295 3156 1633 3229 Corinthium
1660 3167 1906 3228 ereptum
1929 3167 2042 3226 est,
2086 3174 2210 3215 cum
2238 3183 2284 3249 ρ

617 3258 786 3303 totum
816 3251 1000 3305 orbem
1050 3251 1411 3322 cataclysmus
1452 3251 1723 3308 abolevit?
1753 3253 1853 3310 Ubi
1898 3261 2058 3319 tunc,
2100 3267 2216 3309 non

606 3341 787 3425 dicam
813 3331 1211 3415 contemptores
1231 3343 1457 3401 deorum
1486 3344 1774 3401 Christiani
1801 3386 1817 3413 ,
1873 3351 1969 3401 sed
1998 3346 2100 3417 ipsi
2127 3346 2215 3401 dei

617 3437 804 3503 vestri,
832 3453 967 3506 quos
995 3438 1147 3493 clade
1171 3437 1254 3493 illa
1285 3440 1614 3508 posteriores
1635 3440 1772 3507 loca,
1801 3440 1995 3511 oppida
2022 3454 2216 3511 appro-

615 3529 765 3593 bant,
796 3529 847 3582 in
880 3530 1074 3600 quibus
1104 3531 1235 3595 nati,
1269 3532 1486 3598 morati,
1518 3531 1713 3600 sepulti
1741 3540 1885 3597 sunt,
1909 3532 2070 3586 etiam
2095 3546 2216 3601 qua:

615 3620 1008 3677 condiderunt?
1039 3619 1145 3677 nan
1174 3622 1308 3679 alias
1354 3623 1500 3678 enim
1546 3622 1943 3695 superfuissent
1988 3624 2056 3678 ad
2108 3622 2209 3678 ho-

614 3713 896 3782 diernum,
939 3716 1042 3771 nisi
1071 3718 1360 3786 posthuma
1387 3717 1557 3773 cladis
1604 3718 1770 3774 illius.
1821 3717 1928 3773 Sed
1968 3718 2209 3788 relegere

614 3814 671 3863 et
713 3805 995 3861 revolvere
1034 3821 1140 3862 non
1167 3808 1366 3862 curatis
1394 3807 1699 3864 testimonia
1726 3817 2025 3878 temporum
2054 3809 2210 3868 aliter

615 3897 769 3952 vobis
799 3897 1122 3965 renuntiata,
1151 3898 1417 3968 imprimis
1442 3914 1511 3955 ne
1535 3899 1667 3955 deos
1686 3909 1895 3955 vestros
1920 3900 2208 3970 injustissi-

616 4004 737 4046 mos
783 3990 1176 4061 pronuntietis,
1209 3992 1298 4062 qui
1350 3976 1569 4063 propter
1604 4000 2004 4063 contemptores
2046 3994 2207 4050 etiam

614 4082 853 4138 cultores
878 4098 1006 4161 suos
1040 4083 1272 4155 laedunt;
1304 4092 1431 4167 tunc
1464 4084 1609 4139 enim
1644 4085 2004 4155 vosmetipsos
2030 4099 2213 4142 errare

616 4176 856 4249 probatis
877 4218 893 4243 ,
919 4177 962 4233 si
994 4176 1129 4232 deos
1158 4176 1388 4245 traditis,
1421 4177 1511 4249 qui
1542 4192 1638 4234 vos
1662 4194 1696 4234 a
1726 4178 1931 4235 meritis
1954 4178 2210 4249 profanos

616 4285 738 4326 rum
765 4284 873 4327 non
904 4271 1238 4327 discernunt.
1267 4271 1421 4340 Quod
1447 4272 1516 4337 si,
1539 4280 1600 4326 ut
1624 4286 1762 4328 unus
1777 4280 1939 4345 atque
1958 4275 2209 4331 alius.....

615 4378 744 4421 mus
770 4364 865 4430 ait,
898 4363 1099 4421 idcirco
1125 4364 1274 4422 vobis
1300 4378 1515 4437 quoque
1531 4365 1853 4437 irascuntur,
1876 4369 2128 4439 quoniam
2141 4370 2212 4427 de

2312 1951 2554 2006 nicemus
2582 1949 2788 2009 crimen
2827 1947 2992 2004 istud.
3024 1949 3165 2005 Ecce
3189 1950 3335 2005 enim
3364 1965 3460 2020 per
3486 1951 3669 2005 omnia
3698 1950 3820 2004 vitae
3843 1964 3906 2005 ac

2310 2041 2609 2112 disciplinae
2633 2050 2967 2113 corruptam,
3000 2042 3108 2097 imo
3137 2042 3371 2098 delatam
3402 2044 3455 2098 in
3481 2042 3636 2098 vobis
3663 2042 3898 2115 antiquis

2314 2144 2474 2190 tatem
2503 2149 2853 2207 recognosco.
2886 2135 2963 2191 De
2992 2135 3201 2207 legibus
3221 2137 3439 2208 quidem
3464 2137 3576 2207 jam
3608 2151 3770 2207 supra
3791 2136 3907 2194 dic-

2313 2238 2424 2282 tum
2452 2235 2555 2291 est,
2584 2228 2725 2297 quod
2748 2243 2841 2284 eas
2870 2228 3023 2284 novis
3063 2227 3133 2284 de
3159 2227 3247 2284 die
3271 2228 3531 2284 consultis
3573 2228 3909 2284 constitutis-

2313 2334 2418 2391 que
2447 2318 2722 2376 obruistis.
2752 2320 2828 2376 De
2856 2320 3059 2391 reliqua
3103 2335 3231 2377 vero
3269 2321 3693 2376 conversationis
3724 2322 3912 2377 huma-

2313 2424 2399 2465 nm
2434 2409 2788 2480 diSpositione
2816 2412 2989 2481 palam
3028 2411 3292 2481 subiacet,
3320 2422 3520 2483 quanto
3556 2427 3586 2466 a
3618 2412 3912 2481 majoribus

2317 2500 2676 2565 mutaveritis,
2707 2499 2876 2567 cultu,
2911 2500 3119 2567 habitu,
3161 2514 3441 2573 apparatu,
3475 2484 3873 2575 immanem
3894 2546 3911 2574 ,

2316 2591 2543 2674 ipsoque
2576 2606 2846 2661 sermone.
2880 2592 3011 2649 Nam
3040 2594 3323 2664 pristinum
3360 2605 3421 2650 ut
3464 2596 3740 2650 rancidum
3773 2597 3917 2653 rele—

2316 2685 2473 2752 gatis,
2502 2685 2716 2739 exclusa
2745 2684 2943 2754 ubique
2963 2687 3319 2756 antiquitasin
3341 2686 3589 2757 negotiis,
3616 2687 3667 2741 in
3681 2687 3911 2756 officiis;

2319 2785 2485 2831 totam
2519 2778 2894 2833 auctoritatem
2937 2778 3200 2847 majorum
3231 2789 3411 2833 vestra
3438 2781 3733 2834 auctoritas
3758 2780 3913 2850 deje-

2316 2868 2409 2921 cit.
2436 2866 2597 2932 Sane,
2623 2866 2768 2937 quod
2790 2868 2942 2923 vobis
2958 2869 3128 2937 magis
3148 2868 3349 2938 probro
3378 2878 3482 2935 est,
3514 2868 3743 2924 laudatis
3767 2884 3915 2925 sem-

2320 2971 2415 3027 per
2443 2966 2761 3024 vetustates,
2784 2967 2839 3013 et
2869 2958 3216 3014 nihilominus
3242 2960 3528 3015 recusatis.
3550 2959 3665 3028 Qua
3691 2965 3914 3031 perveh-

2318 3050 2476 3106 sitate
2508 3059 2761 3105 tant......
2787 3052 3051 3119 majorum
3076 3051 3219 3122 apud
3238 3066 3335 3107 vos
3360 3066 3678 3122 permanere
3706 3054 3918 3123 probari

2317 3142 2639 3207 debuerunt,
2678 3156 2804 3197 cum
2832 3156 2898 3197 ea
2924 3157 3044 3213 quae
3082 3142 3320 3213 probatis
3363 3144 3667 3199 recusetis?
3702 3144 3807 3201 Sed
3859 3155 3917 3201 et

2318 3234 2491 3305 ipsum
2513 3232 2656 3305 quod
2671 3233 2926 3289 videmini
2948 3250 2979 3288 a
2998 3234 3291 3307 majoribus
3320 3234 3578 3291 traditum
3600 3235 3912 3293 ﬁdelissime
4008 3275 4017 3282 -

2317 3329 2588 3385 custodire
2638 3339 2693 3385 et
2735 3328 3046 3396 defendere,
3099 3329 3184 3384 vel
3229 3343 3335 3398 quo
3374 3329 3608 3385 maxime
3636 3342 3759 3385 reos
3802 3343 3908 3384 non

2320 3421 2760 3490 transgressionis
2788 3420 3091 3490 postulatis,
3111 3420 3179 3474 de
3198 3434 3306 3491 quo
3331 3428 3507 3474 totum
3529 3419 3709 3475 odium
3744 3418 3914 3476 chris-

2321 3514 2447 3568 tiani
2476 3513 2708 3569 nominis
2737 3512 3028 3579 animatur,
3070 3511 3292 3567 deorum
3333 3511 3457 3568 dico
3497 3512 3795 3579 culturam,
3820 3520 3917 3583 pe-

2318 3607 2472 3662 rinde
2494 3622 2528 3661 a
2554 3605 2706 3661 vobis
2735 3604 2940 3661 destrui
2960 3617 3025 3660 ac
3047 3603 3255 3674 despici
3280 3604 3565 3660 ostendam
3582 3644 3599 3672 ,
3628 3605 3731 3659 nisi
3773 3603 3916 3674 quod

2316 3717 2421 3757 non
2455 3701 2712 3773 perinde;
2740 3715 2842 3763 nos
2869 3701 3013 3756 enim
3042 3707 3444 3769 contemptores
3469 3698 3691 3754 deorum
3719 3697 3910 3754 haberi

2316 3795 2460 3851 nulla
2490 3797 2626 3850 ratio
2664 3806 2777 3861 est,
2805 3795 2928 3864 quia
2968 3807 3131 3849 nemo
3152 3793 3451 3849 contemnit
3474 3791 3615 3862 quod
3635 3792 3773 3847 sciat
3797 3807 3923 3848 om»

2315 3890 2444 3945 nino
2472 3904 2579 3944 non
2601 3904 2743 3945 csse.
2774 3888 2929 3956 Quod
2957 3888 3182 3944 omnino
3206 3896 3311 3953 est,
3343 3886 3397 3942 id
3418 3886 3690 3943 contemni
3713 3894 3920 3956 potest,

2313 3982 2457 4055 quod
2478 3982 2611 4038 nihil
2638 3992 2742 4051 est,
2774 3982 2907 4038 nihil
2936 3984 3156 4053 patitur.
3206 3982 3373 4053 Igitur
3398 3981 3593 4053 quibus
3615 3984 3721 4047 est,
3752 3980 3823 4035 ab
3842 3980 3924 4039 eis

2316 4080 2556 4152 patiatur
2581 4092 2804 4134 necesse
2821 4091 2967 4145 esse,
2994 4077 3113 4145 Quo
3140 4077 3307 4146 magis
3338 4068 3663 4139 oneramini,
3695 4073 3922 4131 creden-

2318 4184 2396 4230 tes
2425 4184 2548 4228 esse
2565 4180 2623 4228 et
2646 4177 3076 4235 contemnentes,
3104 4168 3343 4224 colentes
3367 4172 3423 4223 et
3445 4166 3801 4237 despuentes,
3826 4164 3925 4220 bo-

2317 4244 2573 4325 norantes
2589 4274 2645 4322 et
2655 4265 2984 4321 lacessentes
3002 4264 3015 4318 l
3032 4262 3180 4319 Licet
3192 4262 3354 4318 etiam
3377 4261 3503 4316 hinc
3516 4271 3926 4330 recognoscere,

2314 4361 2580 4434 inprimis,
2598 4373 2720 4415 cum
2737 4357 2829 4413 alii
2841 4357 2973 4412 alios
2987 4346 3326 4421 deoscolitis’,
3341 4368 3435 4411 eos
3447 4367 3581 4425 quos
3592 4366 3696 4408 non
3711 4349 3911 4414 colitis,

1274 4532 1277 4535 -
1854 4482 2238 4543 LECTIONFS
2273 4474 2689 4541 VARIANTES.

680 4593 749 4692 Ω)
787 4592 947 4692 Ξενία
973 4592 1145 4656 Hiera,
1182 4596 1386 4660 Anaphe
1416 4594 1515 4662 (vel
1535 4594 1725 4661 Napea)
1749 4603 1802 4649 et
1821 4597 1963 4650 delos
1994 4604 2112 4664 etc.,
2139 4601 2211 4668 Cf.
2240 4630 2295 4692 Β
2381 4594 2453 4657 (2)
2490 4591 2593 4659 Rig.
2619 4583 2885 4641 adment.i.
2904 4599 2946 4638 e.
2960 4582 3150 4651 jaculis.

617 4660 763 4711 Αυοι.
786 4660 866 4710 40.

1993 4745 2551 4811 COMMENTARIUS.

698 4856 774 4941 (a)
800 4856 935 4941 Deos
949 4856 1165 4941 Gracia
1186 4858 1353 4941 Roma
1380 4855 1762 4941 εοιιὶεὶιαυξιιῐη
1790 4860 2038 4918 omnibus
2066 4863 2214 4941 Crte-

623 4927 718 4985 cos
747 4927 935 4983 imitati
972 4937 1099 4984 sunt
1128 4927 1352 4984 Romani
1378 4970 1391 4992 ,
1437 4944 1604 4999 usque
1628 4928 1695 4984 ad
1721 4944 1934 4987 errores
1958 4942 2013 4988 et
2049 4935 2205 4992 vitia:

623 5002 666 5057 si
693 5000 894 5073 qurejn
941 5000 1296 5073 Gratcia'nata
1332 5001 1689 5073 aut-exculta
1716 4999 1816 5055 fuit
1858 5006 2171 5073 superstitio
2194 5020 2235 5073 ,‘

621 5067 800 5145 statim
819 5071 1042 5145 Romam
1065 5070 1388 5145 convolavit,
1415 5067 1503 5124 ubi
1528 5067 2010 5145 magnohominum
2027 5067 2215 5145 plausu

623 5142 1010 5211 excipiebatur.
1060 5140 1434 5196 Sollicitabant
1487 5140 1682 5205 etiam,
1729 5142 1831 5196 hoc
1873 5155 1954 5198 est
1998 5140 2215 5202 numina

624 5213 710 5267 illa
752 5222 806 5267 et
848 5213 1108 5290 vanitates
1136 5213 1482 5290 barbarorum
1516 5212 1845 5290 advocabant
1867 5254 1882 5279 ,
1915 5217 1993 5290 sic
2017 5218 2216 5290 Cybele

625 5292 797 5339 mater
851 5284 1079 5339 Deorum
1118 5285 1261 5339 ultro
1292 5284 1610 5339 l’eSsinuntc
1659 5284 1886 5339 Romam
1923 5284 2212 5345 advolavit.

622 5355 701 5410 La
739 5370 824 5409 Pa.

694 5425 779 5496 (b)
808 5424 916 5481 Sub
945 5425 1121 5480 eodem
1174 5425 1408 5495 mancipe
1450 5425 1655 5479 erroris.
1696 5424 1887 5480 Malum
1918 5429 2031 5485 sive
2061 5429 2218 5487 Sata-

623 5513 747 5554 nam
775 5497 1059 5567 intelligit,
1092 5499 1423 5567 magnarium
1452 5497 1599 5552 illum
1652 5496 1852 5553 fraudis
1899 5512 1955 5556 et
2002 5504 2220 5559 malitiae

623 5569 1032 5640 negotiatorem.
1065 5568 1188 5625 Βία.

694 5637 772 5709 (ε)
800 5637 995 5710 [Elatia
1032 5649 1219 5695 nostra
1240 5640 1466 5694 nondum
1486 5678 1501 5703 ,
1526 5649 1628 5695 etc.
1652 5639 1771 5695 Mox
1796 5642 2043 5710 dixerat,
2077 5661 2206 5699 non-

624 5708 895 5763 dum'anni
915 5708 1063 5764 CCL.
1085 5710 1181 5765 llic
1205 5725 1331 5765 vere
1356 5711 1589 5765 nondum
1617 5712 1741 5765 anui
1770 5708 2037 5770 trecenti.'
2060 5714 2117 5770 ln
2143 5730 2209 5771 eo

626 5788 806 5833 tamen
831 5788 937 5850 tam
976 5780 1123 5850 brevi
1145 5782 1339 5850 spatio,
1370 5790 1448 5835 tot
1476 5782 1658 5836 clades
1677 5785 2024 5850 exstiterunt,
2056 5795 2205 5841 tanta

626 5855 831 5915 strages
855 5847 997 5904 edita
1026 5847 1449 5904 Christianorum
1482 5851 1532 5904 in
1585 5852 1835 5909 omnibus
1862 5847 2021 5912 orbis
2039 5858 2199 5926 parti-

2317 4867 2437 4931 bus,
2456 4871 2515 4918 ut
2548 4856 2864 4931 incredibile
2892 4853 3114 4910 omnino
3139 4849 3193 4906 id
3220 4849 3491 4907 habeatur
3512 4860 3700 4921 parum
3723 4855 3935 4906 attente

2319 4926 2804 4994 considerantibus.
2833 4926 2909 4981 Ls
2935 4940 3024 4980 pa.
3480 4980 3487 4981 ί

2388 5007 2470 5078 (d)
2500 5004 2841 5078 Hieremiam.
2876 4997 2980 5052 Pro
2993 4994 3327 5078 “Hierenape
3351 5035 3366 5060 ,
3420 5001 3483 5048 ut
3522 5005 3715 5062 supra,
3746 4991 3935 5065 Gym-

2320 5066 3133 5151 pendermﬁy'iOPeW-ﬁlex
3258 5138 3273 5151 .
3788 5134 3800 5145 .

2390 5150 2466 5219 (e)
2512 5133 2578 5200 Et
2610 5133 2847 5219 Delphos
2880 5149 2941 5219 et_
2982 5136 3211 5219 B/todos.
3247 5134 3581 5219 Apologetici
3625 5148 3743 5219 cap.
3788 5133 3924 5219 illud

2320 5204 2603 5280 tra‘ct'avit;
2634 5204 2753 5279 vide
2783 5216 2904 5280 qtize
2931 5209 3089 5264 habet
3110 5217 3164 5262 et
3191 5223 3308 5280 quas
3331 5214 3765 5280 annotatasunt.
3793 5204 3934 5259 Nes-

2321 5275 2406 5348 cio
2452 5305 2519 5345 an
2560 5275 2933 5354 corrigetidtnn
2981 5288 3178 5354 esse_t,_
3211 5275 3419 5354 Hiera,
3474 5284 3530 5331 et
3555 5275 3929 5354 _Aimplie_pro

2330 5345 2679 5431 ilierenappe,
2708 5345 2762 5431 et
2781 5352 3058 5431 ‘Delgs‘pro
3082 5349 3351 5431 De!p_hos._
3394 5345 3930 5431 Antmiantts‘quippe

2284 5453 2289 5457 '
2322 5434 2413 5489 lib.
2446 5432 2533 5487 l7.
2559 5417 2613 5484 'u't
2640 5417 2693 5511 in
2721 5426 2841 5487 Asia
2858 5417 3014 5477 Delos
3040 5417 3239 5478 emersit
3259 5463 3273 5489 ,
3309 5428 3352 5474 et
3374 5417 3549 5511 .Ht'em
3567 5460 3581 5483 ,
3615 5429 3660 5472 et
3688 5418 3929 5487 Anaphe,

2325 5515 2373 5560 et
2395 5502 2629 5561 Rhodus.
2664 5498 2738 5552 Ls:
2759 5513 2846 5551 an.

2394 5557 2459 5645 ff)
2489 5557 2565 5627 llb
2599 5569 2741 5645 aliud
2760 5585 2801 5633 ια
2832 5566 3026 5645 majore
3048 5564 3362 5645 defenditur.
3397 5563 3499 5645 Sic
3542 5557 3931 5645 omninolqgif

2327 5629 2412 5702 tur
2443 5629 2494 5699 in
2517 5629 2785 5717 vetustiss.
2808 5629 3025 5717 codice.
3053 5629 3199 5717 Dixit
3224 5644 3406 5717 autem
3438 5631 3712 5717 Abaliu‘d_,
3741 5629 3935 5717 eadem

2313 5699 2483 5772 forma
2514 5730 2617 5787 qua
2647 5710 2820 5771 (ξυνειξοὶ
2865 5699 3102 5787 ligatam.
3136 5706 3365 5787 Abaliud
3388 5747 3402 5772 ,
3428 5702 3577 5787 qugd
3605 5702 3839 5787 refertur
3861 5699 3937 5787 ad

2313 5789 2458 5842 aliud
2481 5829 2494 5852 ,
2533 5772 2565 5839 Ξι
2595 5797 2701 5854 quo
2731 5790 2812 5854 est
2859 5772 3035 5854 aliud;
3088 5788 3145 5834 ut
3177 5778 3315 5835 Deus
3346 5819 3361 5846 ,
3395 5774 3541 5831 aliud
3572 5775 3639 5829 ab
3688 5772 3873 5829 homin

2314 5850 2524 5926 llomo,
2554 5850 2698 5912 aliud
2728 5869 2758 5909 a
2790 5852 2920 5909 Deo.
2949 5850 3075 5907 lite.
3850 5850 3903 5926 ᾖ
3936 5894 3945 5907 .
