4252 6270
359 348 473 413 573

1644 308 2116 423 summam
2151 348 2280 407 LiB.
2318 348 2362 408 ι.

3557 350 3674 420 δτι

359 440 546 539 utique
562 460 937 529 contemnitis;
960 460 1204 535 praelatio
1224 460 1810 520 alteriussinealterius
1829 477 1963 519 con-
1990 464 2043 543 Α
2068 464 2368 536 publicanis
2412 464 2616 523 subd...
2663 466 2732 525 tis
2784 463 2885 543 (2),
2932 466 3081 525 omni
3117 469 3483 543 quinquennio
3524 473 3669 535 inter

360 552 576 615 tumelia
595 570 719 613 esse
738 568 847 610 non
870 562 1065 625 potest,
1089 569 1188 610 nec
1204 553 1311 608 ulla
1330 552 1523 611 electio
1547 570 1655 610 non
1674 554 1754 629 (l)
1774 570 1962 627 repro-
2066 559 2347 629 vectigalia
2379 568 2556 616 vestra
2589 560 2920 630 proscriptos
2942 560 3209 617 addicitis.
3235 562 3323 619 Sic
3340 566 3660 637 Serapeum,

358 649 573 707 batione
597 640 959 719 Componitur.
978 648 1080 714 Qui
1104 647 1170 704 de
1194 647 1435 719 pluribus
1454 648 1680 720 suscipit
1700 649 1956 720 aliquem,

358 756 479 797 eum
510 755 670 812 quem
699 754 805 810 non
833 738 1061 810 suscipit
1089 738 1499 810 despexituSed
1532 748 1611 795 tot
1637 755 1701 796 ac
1730 741 1858 796 tanti
1890 740 1959 796 ab

356 833 604 890 omnibus
633 834 736 890 coli
769 849 877 890 non
908 842 1152 905 possunt.
1181 832 1299 889 Jam
1321 848 1449 906 ergo
1478 842 1605 890 tunc
1629 834 1804 904 primo
1829 849 1958 890 con-

2065 650 2142 707 slc
2167 650 2492 723 Capitolium
2522 654 2743 719 petitur,
2775 652 3066 719 addicitur,
3112 655 3427 712 conducitur
3457 658 3661 729 (5).....

2063 742 2164 803 sub
2191 743 2379 798 eadem
2412 759 2543 799 voce
2574 747 2856 814 praeconis,
2881 744 3068 801 eadem
3107 749 3389 805 exactione
3429 761 3665 820 quantum

2063 836 2159 891 ris.
2192 837 2300 892 Sed
2329 839 2474 892 enim
2515 839 2631 909 agri
2667 839 2867 895 tributo
2896 841 3074 895 onusti
3106 842 3344 910 viliores,
3380 844 3663 903 hominum

357 926 676 998 tempsistis,
712 941 818 983 non
849 926 1006 981 veriti
1032 926 1240 981 scilicet
1264 925 1334 981 ita
1357 925 1664 993 instituere,
1687 935 1747 981 ut
1770 941 1967 983 omnes
2064 927 2237 1006 capita
2267 928 2538 999 stipendio
2566 945 2731 986 censa
2758 932 3102 1003 ignobiliora;
3136 949 3262 989 nam
3283 936 3365 991 hac
3391 946 3515 993 sunt
3534 950 3670 1011 cap“
3702 958 3713 971 ι

355 1019 457 1075 coli
488 1034 596 1076 non
645 1027 888 1098 possent.
925 1020 994 1075 At
1021 1019 1165 1074 enim
1201 1017 1279 1073 illi
1309 1019 1693 1089 sapientissimi
1732 1034 1796 1074 ac
1827 1035 1955 1089 pru.

359 1110 661 1183 dentissimi
688 1113 944 1184 majores,
966 1126 1196 1183 quorum
1222 1109 1484 1166 institutis
1511 1112 1819 1167 renuntiare
1848 1126 1957 1168 non

357 1203 550 1271 nostis,
584 1204 818 1260 maxime
861 1203 916 1259 in
961 1217 1192 1274 persona
1235 1201 1458 1257 deorum
1495 1211 1821 1271 vestrorum,
1854 1202 1954 1273 ipsi

355 1311 568 1369 quoque
607 1298 759 1370 impii
784 1296 1286 1369 deprehenduntur.
1320 1295 1568 1363 Mentior,
1600 1296 1647 1353 si
1678 1311 1952 1367 nunquam

2064 1017 2286 1095 tivitatis
2316 1028 2538 1078 notae-et
2565 1023 2975 1093 panas(4).Dei
3003 1039 3152 1093 vero,
3178 1026 3269 1096 qui
3289 1030 3458 1100 magis
3485 1028 3662 1087 tribu-

2063 1111 2206 1186 tarii,
2230 1113 2399 1184 magis
2422 1114 2613 1180 sancti,
2647 1116 2756 1170 imo
2780 1115 2870 1186 qui
2899 1118 3067 1187 inagis
3090 1118 3262 1174 sancti
3292 1120 3464 1191 magis
3487 1124 3663 1180 tribu-

2063 1204 2202 1259 tarii.
2235 1204 2485 1275 Maiestas
2505 1207 2848 1263 constituitur
2870 1208 2926 1263 in
2952 1219 3237 1279 quaestum,
3266 1214 3554 1283 negotiatio
3571 1215 3659 1287 (ά)

2061 1296 2322 1383 religione
2370 1298 2743 1367 proscribitur,
2777 1301 3030 1356 sanctitas
3083 1302 3401 1359 locationem
3444 1307 3661 1361 mendi-

356 1399 703 1457 censuerant,
729 1405 797 1446 ne
826 1390 915 1463 qui
944 1390 1235 1460 imperator
1261 1388 1465 1453 fanum,
1494 1388 1639 1460 quod
1678 1389 1733 1443 in
1766 1390 1959 1460 proelio
2063 1400 2186 1457 cat;
2217 1390 2429 1461 exigitis
2475 1391 2778 1448 mercedem
2811 1407 2911 1461 pro
2944 1392 3062 1448 solo
3107 1395 3311 1465 templi,
3367 1410 3464 1466 pro
3511 1398 3659 1454 aditu

353 1482 611 1549 vovisset,
643 1482 791 1552 prius
824 1480 1126 1537 dedicasset
1152 1495 1313 1552 quam
1360 1488 1579 1535 senatus
1626 1481 1910 1549 probasset
1938 1520 1958 1549 ,
2061 1482 2221 1549 sacri,
2261 1497 2356 1551 pro
2401 1482 2694 1565 stipitibus,
2724 1499 2820 1553 pro
2849 1485 3036 1550 ostiis;
3070 1488 3300 1542 venditis
3323 1497 3488 1543 totam
3516 1489 3657 1545 divi-

350 1581 409 1653 ut
457 1574 683 1645 contigit
735 1573 802 1628 Μ.
849 1573 1104 1641 Ᾱίτηὶιίο,
1154 1573 1244 1644 qui
1292 1580 1514 1627 voverat
1552 1572 1794 1628 Alburno
1828 1573 1955 1630 deo.
2061 1572 2305 1639 nitatem,
2336 1588 2441 1629 non
2473 1574 2597 1630 licet
2639 1590 2758 1642 eam
2798 1578 2962 1646 gratis
2986 1578 3123 1642 coli;
3154 1580 3273 1648 plus
3292 1579 3524 1651 denique
3552 1594 3659 1653 pu-

347 1652 548 1741 Utique
598 1667 741 1723 enim
792 1667 1174 1737 impiisimum,
1210 1665 1324 1720 imo
1352 1665 1957 1723 contumeliosissimum
2060 1664 2287 1727 blicanis
2318 1666 2573 1731 relicitur,
2611 1682 2772 1737 quam
2806 1669 3198 1725 sacerdotibus.
3231 1671 3348 1726 Non
3372 1672 3658 1731 sullecerat

348 1758 643 1835 admissum
669 1770 774 1826 est,
799 1761 852 1814 in
878 1759 1104 1813 arbitrio
1127 1767 1182 1813 et
1204 1756 1428 1814 libidine
1446 1757 1730 1814 sententiae
1757 1757 1953 1823 huma-
1982 1828 2025 1835 _
2062 1757 2398 1827 vectigalium
2420 1757 2644 1813 deorum
2665 1759 3011 1825 contumelia,
3030 1760 3099 1815 de
3116 1771 3427 1833 contemptu
3452 1766 3659 1824 scilicet

350 1830 434 1927 na:
462 1852 642 1909 locare
673 1853 936 1908 honorem
971 1851 1293 1915 divinitatis,
1325 1861 1381 1906 ut
1426 1852 1561 1906 deus
1589 1866 1696 1907 non
1725 1852 1815 1918 sit,
1848 1853 1951 1909 nisi
1982 1828 2033 1889 Β
2060 1849 2396 1919 aestimanda,
2428 1866 2529 1907 nec
2556 1848 2797 1908 contenti
2824 1853 2954 1908 estis
2994 1853 3112 1910 deis
3134 1856 3393 1912 honorem
3420 1874 3529 1928 non
3559 1860 3658 1915 ha-

351 1948 436 2002 cui
454 1960 574 2002 esse
595 1945 909 2017 permiserit
928 1955 1171 2001 senatus.
1195 1944 1348 2013 Szepe
1370 1957 1623 1999 censores
1650 1944 1988 2026 inconsulto‘
2059 1938 2238 1996 buisse
2258 1982 2274 2008 ,
2305 1943 2408 1996 nisi
2435 1943 2628 2009 etiam,
2661 1959 3062 2015 quemcumque
3082 1945 3311 2016 habetis,
3343 1948 3673 2027 depretietis

348 2036 543 2109 populo
567 2035 979 2102 adsolaverunt;
1031 2044 1176 2091 certe
1215 2034 1469 2091 Liberum
1512 2044 1715 2105 patrem
1737 2036 1804 2109 (e)
1831 2051 1955 2093 cum
2059 2033 2236 2104 aliqua
2263 2034 2596 2105 indignitate.
2629 2037 2768 2104 Quid
2793 2038 2936 2093 enim
2962 2040 3184 2094 omnino
3213 2041 3278 2096 ad
3309 2041 3661 2102 honorandos

351 2142 507 2186 sacro
548 2143 648 2186 suo
673 2130 924 2186 consules
967 2138 1185 2185 senatus
1213 2129 1536 2186 auctoritate
1570 2129 1707 2186 urbe
1733 2145 1841 2185 non
1867 2146 1954 2187 so-

348 2222 641 2301 lummodo,
672 2239 861 2279 verum
891 2232 1000 2278 tota
1038 2223 1186 2278 Italia
1216 2223 1651 2280 eliminaverunt.
1677 2225 1946 2281 Caeterum

348 2315 609 2386 Serapem
654 2325 709 2372 et
737 2315 931 2373 lsidem
969 2317 1049 2386 (b)
1099 2326 1154 2375 et
1184 2316 1567 2387 Harpocratem
1602 2325 1661 2373 et
1699 2319 1945 2374 Anubem

349 2409 653 2482 prohibitos
679 2410 944 2482 Capitolio
985 2410 1159 2467 Varro
1187 2418 1608 2477 commemorat,
1650 2426 1947 2483 eorumque

346 2510 557 2567 statuas
601 2516 631 2556 a
661 2512 853 2559 senatu
895 2503 1132 2574 deiectas
1152 2538 1167 2567 ,
1216 2503 1430 2558 nonnisi
1463 2514 1560 2572 per
1585 2503 1689 2557 vim
1722 2504 1948 2574 pepula-

344 2592 483 2663 rium
522 2601 833 2649 restructas.
869 2593 979 2649 Sed
1011 2602 1188 2649 tamen
1232 2602 1288 2648 et
1328 2593 1589 2660 Gabinius
1616 2594 1805 2663 consul
1836 2594 1947 2649 Ka-

346 2684 522 2740 lendis
544 2683 835 2752 Ianuariis,
859 2701 984 2742 cum
1005 2687 1090 2740 vix
1114 2685 1318 2741 hostias
1346 2685 1613 2756 probaret,
1637 2701 1748 2756 prae
1779 2701 1949 2757 popu-

347 2776 545 2857 larium
563 2787 726 2845 cestu,
762 2779 886 2849 quia
914 2778 1045 2833 nihil
1072 2778 1139 2833 de
1157 2777 1359 2847 Serape
1385 2788 1439 2834 et
1465 2777 1606 2834 Iside
1633 2780 1946 2835 constituis-

346 2879 446 2938 set,
466 2871 730 2942 potiorem
749 2870 937 2927 habuit
951 2881 1171 2929 senatus
1185 2886 1490 2938 censuram,
1509 2886 1670 2943 quam
1688 2873 1945 2943 impetum

345 2963 509 3034 vulgi,
539 2973 594 3020 et
621 2979 743 3020 aras
765 2964 969 3019 inetitui
993 2964 1284 3034 prohibuit.
1320 2963 1541 3019 Habetis
1567 2964 1728 3035 igitur
1750 2965 1802 3020 in
1833 2979 1947 3021 ma-

342 3054 547 3125 ioribus
602 3055 822 3122 vestris,
879 3055 983 3112 etsi
1028 3069 1132 3110 non
1184 3069 1403 3123 nomen,
1456 3063 1692 3112 attamen
1743 3065 1944 3113 sectam

347 3148 711 3217 christianam,
747 3164 867 3221 qua:
889 3150 1022 3206 deos
1040 3149 1281 3221 negligit.
1309 3149 1534 3214 Horum,
1558 3150 1601 3205 si
1625 3165 1721 3206 vos
1749 3150 1941 3206 saltem

346 3238 610 3310 integrum
641 3240 936 3296 honoribus
963 3240 1158 3297 vestris
1199 3240 1277 3295 rei
1307 3254 1428 3296 esse
1454 3240 1596 3296 laesae
1627 3241 1937 3312 religionis:

344 3329 443 3385 sed
483 3331 698 3387 invenio
742 3332 1085 3402 conspirasse
1126 3346 1157 3385 a
1203 3331 1356 3387 vobis
1401 3342 1506 3387 tam
1545 3331 1942 3401 superstitionis

345 3437 506 3496 quam
526 3422 823 3493 .impietatis
850 3423 1169 3494 profectum.
1192 3423 1407 3491 Quanto
1432 3422 1575 3480 enim
1597 3425 1942 3496 irreligiosio-

342 3528 434 3578 res
450 3513 945 3586 deprehendimini?
987 3516 1231 3572 Privatos
1257 3516 1400 3572 enim
1428 3516 1579 3582 deos,
1614 3532 1747 3588 quos
1772 3517 1940 3575 Lares

343 3616 399 3663 et
445 3607 674 3664 Penates
697 3608 1007 3679 jdomestica
1036 3609 1447 3665 consecratione
1473 3610 1769 3680 perhibetis
1789 3650 1804 3676 ,
1836 3610 1938 3666 do-

341 3701 565 3758 mestica
581 3701 791 3758 licentia
827 3702 897 3774 (ε)
919 3702 1219 3766 inculcatis.
1238 3703 1589 3769 venditando,
1606 3705 1937 3775 pignerando

340 3804 440 3861 pro
466 3793 787 3849 necessitate
810 3808 874 3848 ac
904 3795 1198 3850 voluntate.
1216 3794 1412 3851 Essent
1436 3796 1651 3867 quidem
1680 3798 1934 3854 tolerabi-

341 3882 476 3940 liora
525 3884 790 3955 ejusmodi
840 3887 1192 3943 contumaciae
1220 3888 1523 3958 sacrilegla,
1563 3889 1664 3945 nisi
1695 3889 1836 3960 quod
1868 3905 1934 3947 eo

334 3976 451 4047 iam
475 3978 968 4048 contumeliosiora,
1001 3978 1143 4051 quod
1170 3964 1400 4037 modica.
1425 3976 1534 4037 Sed
1572 3982 1753 4053 aliquo
1787 3981 1930 4039 sola-

338 4069 416 4126 tio
443 4071 769 4141 privatorum
799 4080 853 4127 et
876 4071 1295 4129 domesticorum
1322 4074 1545 4129 deorum
1582 4076 1818 4145 querelae
1840 4076 1932 4146 iu-

337 4170 551 4230 vantur,
578 4163 719 4235 quod
745 4163 986 4234 publicos
1008 4167 1213 4236 turpius
1230 4168 1776 4240 contumeliosiusque
1796 4178 1928 4227 trac-

335 4256 484 4325 tetis.
513 4255 628 4315 Jam
664 4258 918 4329 primum,
947 4275 1083 4333 quos
1138 4263 1192 4317 in
1242 4262 1534 4319 hastarium
1584 4265 1921 4336 regessistis,

2059 2142 2153 2190 eos
2182 2126 2358 2182 facitis
2376 2168 2392 2194 ,
2424 2129 2567 2199 quod
2594 2131 2754 2185 etiam
2785 2146 2892 2186 non
2915 2124 3142 2189 mortuis
3171 2136 3363 2190 vestris
3393 2150 3465 2191 ex
3495 2148 3653 2209 aequo

2060 2219 2384 2296 praebeatis?
2442 2220 2730 2276 Exstruitis
2777 2221 2894 2277 deis
2946 2224 3174 2295 templa,
3221 2240 3377 2296 teque
3428 2230 3657 2286 mortuis
3721 2260 3724 2263 -

2050 2311 2281 2389 templa;
2315 2313 2594 2368 exs'truitis
2622 2328 2741 2367 aras
2768 2313 2903 2381 deis,
2934 2331 3086 2385 asque
3113 2317 3337 2372 mortuis
3360 2333 3507 2387 aras,
3536 2320 3650 2376 eis-

2048 2409 2171 2464 dem
2201 2408 2365 2462 titulis
2401 2407 2801 2479 superscribitis
2842 2409 3049 2465 litteras
3083 2409 3182 2483 (5),
3212 2411 3428 2467 easdem
3459 2416 3652 2471 statuis

2050 2500 2303 2571 inducitis
2333 2499 2533 2554 formas
2552 2540 2566 2566 ,
2589 2509 2646 2554 ut
2670 2501 2864 2571 cuique
2889 2516 2977 2556 ars
2996 2511 3088 2556 aut
3113 2504 3384 2574 negotium
3411 2515 3504 2560 aut
3522 2504 3652 2562 aetas

2051 2593 2182 2648 fuit:
2208 2607 2373 2648 senex
2400 2582 2746 2657 de‘Saturno,
2780 2593 3035 2648 imberbis
3080 2593 3148 2649 de
3175 2595 3426 2665 Apolline
3447 2637 3460 2661 ,
3502 2597 3654 2668 virgo

2051 2683 2119 2741 de
2142 2683 2305 2738 Diana
2334 2685 2610 2754 ﬁguratur,
2644 2694 2696 2738 et
2724 2676 2878 2741 miles
2905 2685 2956 2739 in
2985 2685 3154 2742 Marte
3174 2728 3189 2750 ,
3220 2695 3275 2741 et
3303 2686 3543 2742 Vulcano
3570 2689 3651 2743 t'a-

2053 2778 2149 2837 ber
2176 2777 2305 2832 ferri
2332 2786 2698 2834 consecratur.
2729 2776 2873 2832 Nihil
2905 2779 3083 2848 itaque
3112 2779 3329 2846 mirum,
3375 2780 3420 2834 si
3449 2781 3650 2836 hostias

2051 2869 2267 2927 easdem
2308 2869 2567 2936 mortuis,
2619 2884 2753 2939 quas
2797 2877 2853 2923 et
2896 2868 3012 2925 deis
3058 2869 3285 2937 CleiliS,
3317 2870 3647 2942 eosdemque

2050 2964 2244 3019 odores
2272 2964 2541 3019 crematis.
2591 2963 2721 3030 Quis
2756 2963 2913 3017 istam
2952 2963 3337 3019 contumeliam
3383 2976 3641 3033 excuset,

2050 3071 2169 3125 quae
2212 3062 2269 3109 ut
2314 3063 2405 3109 aut
2433 3054 2510 3125 (6)
2558 3063 2796 3109 mortuos
2820 3069 2943 3109 cum
2969 3040 3085 3109 deis
3124 3055 3379 3125 deputet?
3406 3058 3646 3126 Regibus

2047 3147 2265 3220 quidem
2293 3146 2455 3201 etiam
2478 3146 2773 3201 sacerdotia
2791 3144 3058 3216 adscripta
3082 3154 3207 3200 sunt
3225 3187 3240 3210 ,
3271 3149 3519 3218 sacrique
3543 3161 3641 3216 ap-

2048 3249 2267 3311 paratus
2284 3278 2302 3307 ,
2327 3245 2383 3291 ut
2412 3246 2582 3292 tensas
2610 3244 2664 3291 et
2685 3250 2877 3292 currus
2899 3233 2955 3291 ei
2973 3235 3277 3291 solistcrnia
3307 3246 3360 3292 et
3382 3238 3647 3293 lectister—

2050 3333 2227 3403 nium.
2258 3331 2329 3386 tie
2357 3330 2437 3403 (7)
2467 3338 2522 3386 et
2542 3328 2649 3384 ludi
2676 3329 2772 3402 (a).
2808 3329 2973 3385 Plane
2993 3368 3008 3396 ,
3039 3328 3289 3400 quaniam
3321 3330 3425 3385 illis
3444 3332 3643 3388 caelum

2048 3433 2227 3497 patet,
2278 3424 2381 3479 hoc
2416 3438 2633 3494 quoque
2674 3437 2781 3477 non
2828 3422 2947 3478 sine
2998 3422 3322 3480 centumelia
3371 3423 3639 3479 deorum:

2020 3517 2220 3589 primo
2241 3515 2489 3587 quidem,
2519 3514 2663 3584 quod
2695 3528 2801 3569 non
2837 3512 3077 3573 decuerit
3104 3514 3241 3569 alios
3278 3514 3359 3570 eis
3384 3530 3649 3571 annumed

2044 3610 2148 3684 rari
2166 3650 2181 3676 ,
2210 3606 2404 3679 quibus
2424 3605 2607 3661 datum
2637 3605 2708 3660 sit
2731 3613 2854 3675 post
2883 3613 3110 3661 mortem
3131 3604 3262 3661 deos
3284 3604 3396 3660 ﬁeri
3413 3622 3428 3670 ;
3446 3618 3643 3662 secun-

2043 3703 2167 3767 dum
2189 3742 2217 3771 ,,
2236 3700 2378 3772 quod
2408 3708 2513 3753 tam
2546 3698 2715 3754 libere
2742 3706 2901 3768 atque
2927 3696 3211 3752 manifeste
3235 3713 3418 3752 coram
3445 3699 3643 3768 pupula

2042 3795 2311 3867 peieraret
2337 3792 2726 3863 contemplator
2764 3789 3023 3845 Proculus
3072 3790 3122 3843 in
3168 3790 3361 3845 coelum
3391 3791 3597 3860 recepti
3621 3832 3638 3859 ,

2041 3882 2141 3943 nisi
2157 3893 2526 3942 contemneret
2550 3898 2684 3953 quos
2706 3881 2995 3952 deieraret,
3019 3897 3177 3951 quam
3206 3882 3339 3952 ipse,
3377 3897 3534 3952 quam
3566 3882 3636 3949 ii,

2038 3981 2127 4052 qui
2154 3981 2201 4035 ei
2221 3978 2469 4051 peierare
2505 3977 2845 4048 permittant;
2876 3976 3222 4032 consentiunt
3242 3974 3387 4047 enim
3419 3976 3519 4047 ipsi
3547 3972 3630 4032 ni-

2040 4075 2117 4130 hil
2141 4089 2262 4130 esse
2291 4071 2433 4144 quod
2461 4070 2707 4141 deierant
2728 4110 2743 4136 ,
2772 4069 2887 4123 imo
2918 4068 3140 4138 insuper
3169 4075 3225 4123 et
3260 4067 3484 4137 praemio
3513 4066 3638 4122 al‘ﬂ-

2037 4168 2221 4234 ciunt,
2266 4165 2392 4236 quia
2433 4162 2646 4234 publice
2674 4159 3064 4229 contempserit
3109 4159 3327 4228 periurii
3360 4159 3633 4226 vindices;

2032 4274 2334 4333 quanquam
2404 4254 2624 4327 periurii
2680 4251 2821 4322 apud
2859 4264 2954 4305 vos
3004 4249 3081 4322 (8)
3113 4249 3476 4321 unusquisque
3532 4264 3635 4321 pu-

1544 4376 1926 4440 LECTIONES
1963 4375 2371 4437 VARIANTES.

399 4462 474 4648 Il)
504 4460 581 4516 Et
603 4450 746 4532 apol.
772 4460 850 4520 13.
876 4468 927 4524 iit
950 4480 1134 4538 corr‘rg.
1160 4473 1267 4523 sine
1290 4475 1657 4546 reprobatione.

422 4528 452 4577 2
508 4539 713 4582 Haverc.
739 4545 804 4583 ea:
828 4533 969 4597 Apol.
992 4536 1066 4585 15.
1094 4535 1285 4585 emend.
1312 4537 1583 4587 subditatis.

421 4591 474 4648 3)
508 4593 627 4642 ηαυ.
652 4598 719 4645 ec
740 4594 905 4648 Αυοι..
930 4596 1007 4647 15.
1034 4596 1223 4648 emend.
1250 4599 1537 4648 cenducitur
1566 4600 1657 4648 divi

350 4594 359 4601 1
405 4528 472 4601 ig)
508 4528 713 4601 gerere.
739 4545 804 4601 ea:
828 4533 1066 4601 4120515.
1085 4528 1285 4601 Emend.
1312 4528 1583 4601 subditatis.

402 4591 474 4652 l3)
508 4593 627 4663 nati}.
652 4598 719 4645 ec
740 4591 905 4659 Αροιξ,
930 4596 1007 4647 ts.
1034 4596 1223 4648 emend.
1250 4599 1537 4649 cenducitur
1566 4600 1797 4651 divinitas
1840 4602 1933 4651 sub

369 4651 513 4702 adem
539 4656 796 4707 mpetu.

337 4664 513 4702 eadem
539 4664 796 4716 γεωργεῖς.

401 4714 475 4787 (4)
507 4716 625 4787 Gott.
651 4731 742 4771 me.
764 4722 1046 4784 captivitate
1079 4728 1397 4787 notgeposna.
1422 4722 1595 4787 Rigalt.
1638 4726 1934 4787 captivitatis

331 4783 488 4843 notas;
507 4780 599 4831 sed
620 4792 725 4833 voc.
753 4780 914 4846 plina:
933 4794 1032 4835 non
1055 4792 1133 4836 est
1148 4780 1433 4837 delendum.
1461 4780 1536 4849 Cf.
1554 4780 1712 4850 Apul:
1730 4788 1806 4838 15.

2109 4472 2183 4536 (5)
2220 4471 2302 4536 Ita
2326 4466 2499 4536 Rigalt.
2527 4482 2539 4516 :
2569 4465 2759 4517 Semler
2791 4463 2886 4529 (vel
2911 4460 3112 4527 Schutz)
3139 4475 3151 4512 :
3179 4474 3288 4512 aras
3346 4461 3535 4512 eisdem
3559 4464 3637 4514 tit.

1958 4537 2012 4596 D
2044 4531 2400 4597 supe'rscriptis'
2414 4531 2506 4597 litt.

2124 4598 2171 4659 6)
2204 4590 2405 4659 Hav'erc.
2432 4591 2673 4659 gd_.4pol._
2690 4590 2768 4659 2i.
2794 4590 2985 4641 cmend.
3008 4593 3117 4638 utut
3140 4592 3373 4637 mortuos.

2112 4652 2181 4724 ξεῖ)
2216 4655 2319 4724 δίη..
2345 4664 2395 4706 et
2428 4652 2778 4704 feriaeetludi.
2877 4711 2885 4717 ,
2954 4711 2982 4721 ..
3025 4722 3033 4724 .
3128 4711 3177 4724 -ν

2100 4708 2177 4785 (8)
2211 4708 2328 4772 Coit.
2347 4730 2436 4769 ms.
2456 4728 2733 4781 quanquam
2780 4711 2985 4777 periurii
3017 4711 3143 4774 apud
3161 4711 3285 4776 ivos,
3310 4708 3441 4772 quod
3462 4722 3547 4760 un.
3566 4708 3634 4773 fpi

1708 4894 2273 4957 COMMENTARIUS.

404 5002 485 5077 (a)
540 5006 682 5062 Certe
721 5007 959 5063 Liberum
988 5020 1207 5079 patrem.
1256 5011 1443 5067 Ablata
1489 5012 1655 5070 fuisse
1700 5015 1825 5069 olim
1871 5024 1925 5071 et

332 5074 1924 5169 ablPsi‘lﬂﬁtlmiias'.”lateam???{caesumcaesu-

373 5185 387 5199 .
413 5149 740 5220 Augustinus
758 5148 945 5205 lib.Vl.
978 5151 1044 5207 de
1064 5152 1183 5208 Civ.
1211 5151 1394 5207 Livius
1412 5154 1449 5208 l.
1473 5148 1922 5213 XXXIX.'etalii.

373 5232 536 5297 ccum
560 5219 864 5297 hic_addam
887 5220 1163 5297 Ciceronis
1184 5239 1254 5297 εδ
1274 5224 1367 5277 lib.
1389 5225 1425 5279 l.
1446 5226 1513 5281 de
1541 5227 1763 5297 legibus.
1794 5228 1928 5294 Quid

2154 5008 2511 5070 Semideosque
2535 5015 2706 5065 mnes,
2735 5005 2789 5051 et
2808 5002 2951 5052 sistra
2963 4999 3184 5064 iubentia
3202 4998 3382 5048 luctus.

2100 5093 2306 5163 Quibus
2324 5104 2391 5147 ex
2438 5090 2571 5145 locis
2599 5087 2755 5158 huius
2780 5085 2884 5141 loci
2915 5085 3183 5155 expositio
3205 5083 3385 5154 colligi
3432 5091 3631 5154 potest.

2029 5166 2198 5221 Idem.

2102 5236 2176 5311 (ο)
2206 5234 2494 5311 Domestica
2515 5231 2724 5311 [iceittia
2747 5238 2894 5311 ,__etc.
2928 5227 3086 5311 Quod
3112 5227 3402 5311 vanitatem
3449 5225 3629 5279 maxi—

331 5303 453 5379 {:90
475 5291 727 5379 :‘inﬁlﬂii.
762 5303 877 5379 09¢?
904 5293 1131 5377 αεείιᾳε
1157 5336 1179 5376 ι
1206 5291 1633 5379 βυηιοιρὶάωίμὶἐ
1662 5291 1928 5379 nomine!
2030 5291 2120 5363 me
2139 5291 2319 5379 a'r'guit
2338 5308 2389 5379 in
2423 5304 2560 5359 lictis
2610 5302 2713 5355 illis
2738 5291 2843 5355 diis
2862 5342 2876 5366 ,
2908 5291 3157 5379 solebant
3208 5306 3446 5379 veteres),
3497 5311 3629 5379 veri-

330 5361 680 5487 mufliga
725 5361 966 5435 mysteria
985 5407 1000 5432 ,
1050 5366 1299 5437 siquidem
1326 5361 1476 5422 sacra
1506 5361 1756 5423 nocturna
1787 5361 1926 5423 tolli-

330 5438 465 5487 nm.
489 5438 568 5489 Ls
593 5448 679 5487 en.

398 5501 483 5580 (b)
509 5502 759 5580 Carteiam
779 5505 1028 5580 §ernpem
1041 5512 1084 5561 et
1108 5505 1319 5580 Isidem.
1337 5507 1482 5564 Idem
1506 5510 1617 5564 fere
1639 5510 1941 5580 obiicitflib.~

333 5572 701 5649 I_l.'A'rnobius
721 5619 735 5639 ,
762 5577 902 5649 Quid
915 5572 948 5632 ’2
969 5582 1080 5641 vasi
1098 5576 1417 5649 Egyptian;
1453 5581 1662 5649 numina
1683 5572 1722 5645 ,⁷
1751 5572 1931 5649 quibus

332 5645 547 5721 Serapis
574 5658 725 5721 atque
751 5648 852 5702 Isis
876 5658 951 5703 est
975 5665 1157 5703 nomen
1177 5645 1194 5716 ξ
1211 5645 1458 5721 ’ἠοηοροει
1484 5647 1726 5721 Pisonem
1746 5645 1794 5705 et
1821 5651 1929 5706 Ga-

330 5716 524 5772 binium
543 5716 676 5773 coss.
706 5720 762 5773 in
789 5734 1055 5775 numerum
1080 5716 1360 5776 vestrorum
1401 5720 1645 5777 rettulistis
1670 5722 1880 5778 deorum
1902 5724 1929 5778 ?

330 5786 548 5844 Dixerat
572 5786 735 5844 etiam
753 5790 1001 5847 Lucanus
1022 5808 1035 5845 :

455 5876 555 5930 Nos
578 5880 627 5930 in
652 5881 835 5944 templa
856 5889 990 5935 tuam
1011 5879 1226 5934 Romana
1251 5883 1527 5947 accepimus
1554 5881 1688 5944 istm,

2035 5381 2162 5434 dere
2183 5366 2229 5444 ,ν
2243 5377 2560 5433 subhastarc
2586 5415 2598 5438 ,
2649 5383 2703 5427 et
2733 5381 2940 5426 mutare
2978 5371 3109 5444 deus
3140 5384 3267 5423 suos
3296 5369 3431 5444 sicut
3488 5366 3625 5422 dixit

2036 5439 2263 5520 Apolog.
2312 5449 2398 5520 l5.
2429 5453 2700 5520 mutantes
2752 5441 3038 5520 aliquando
3075 5440 3361 5520 Saturnum
3393 5439 3445 5492 in
3468 5452 3625 5493 caca-

2034 5510 2252 5585 bulutn“,
2283 5519 2578 5574 Minervam
2603 5515 2660 5570 in
2689 5513 2933 5578 trullam,
2965 5527 3061 5583 pro
3082 5510 3273 5567 allectat
3315 5519 3404 5565 aut
3431 5524 3627 5565 neces-

2035 5593 2210 5647 sitate.
2244 5589 2412 5647 Idem.
3277 5598 3291 5607 -

2105 5662 2187 5737 (d)
2206 5660 2509 5737 _Nego_tiati_o
2535 5657 2777 5728 religione
2802 5654 3151 5726 proscribitur.
3177 5652 3283 5707 Aut
3303 5693 3317 5718 ,
3366 5648 3619 5723 Negotia-

2031 5728 2179 5807 tione'
2206 5728 2587 5807 Bel'igioJlte.
3122 5796 3135 5807 .
3234 5805 3241 5807 Α
3300 5795 3314 5807 ¹
3544 5764 3568 5806 ,.

2102 5804 2177 5875 (e)
2206 5803 2277 5859 Ut
2304 5795 2481 5858 tinue-
2503 5810 2551 5855 et
2578 5812 2758 5875 curru}
2808 5807 2856 5854 et
2879 5796 3167 5875 solisteruia
3198 5805 3243 5849 et
3294 5795 3621 5875 lectisternia.

2032 5869 2338 5947 Legendum
2376 5882 2434 5929 et
2476 5869 2835 5943 supplendum
2891 5887 2903 5927 :
2968 5886 2987 5921 ι
3023 5874 3080 5925 ut
3126 5875 3291 5924 tensa:
3339 5874 3394 5924 et
3435 5875 3627 5923 currus
