4252 6264
542 322 653 401 B75

1878 314 1887 315 ί
1965 321 2424 382 TERTULLIANI

3736 284 3839 376 576

547 463 645 508 rus
680 457 765 506 est
794 448 892 521 (a).
936 447 1047 503 lmo
1088 444 1198 515 jam
1249 456 1345 514 per
1386 441 1518 498 deos
1545 441 2142 512 dejerandipericulum
2169 438 2329 500 Asui
2352 440 2405 494 in
2452 437 2584 494 deos
2638 437 2897 503 insolens,
2927 434 3033 491 'aut
3062 448 3190 492 vera
3243 433 3525 505 prodendo
3545 431 3667 491 .‘aut
3712 435 3846 492 falsa

550 542 771 601 evanuit
788 540 883 612 (ὁ),
916 538 1122 610 potiore
1148 534 1324 590 habita
1356 535 1614 606 religione
1641 535 2016 605 perJCtesarem
2044 532 2140 589 de-

547 629 936 705 jerandi,quod
966 639 1022 684 et
1044 629 1216 699 ipsum
1244 626 1310 683 ad
1339 626 1744 683 oll‘uscationem
1770 627 2146 705 pertinetdeo-

551 704 671 780 rum
709 730 1048 787 vestrorum;
1083 720 1294 779 facilius
1315 720 1455 775 enim
1481 735 1576 790 per
1595 704 1860 775 Cmsarein
1893 720 2143 792 pejeran-

553 823 634 870 tes
658 812 995 883 punirentur,
1034 827 1192 883 quam
1221 827 1319 882 per
1341 812 1505 866 ullmn
1534 813 1721 868 Jovem
1748 812 1851 883 (1).
1875 811 1980 868 Sed
2011 828 2111 868 con
2135 839 2149 856 -

555 913 788 976 temptas
826 904 1103 961 honestior
1140 912 1252 972 est,
1310 903 1513 960 habens
1542 905 1843 974 ;quamdam
1883 905 2147 975 superbia:

555 998 815 1071 gloriam:
848 997 997 1052 venit
1039 997 1183 1052 enim
1204 996 1517 1066 ‘aliquando
1545 998 1703 1051 etiam
1733 996 1803 1053 de
1846 997 2033 1053 ﬁducia
2062 997 2149 1053 vel

557 1089 901 1147 conscientia:
931 1090 1220 1145 securitate
1251 1088 1336 1144 vel
1357 1089 1583 1144 naturali
1610 1090 1937 1144 sublimitate
1961 1090 2148 1146 animi.

561 1180 778 1237 Derisus
830 1194 957 1235 vero
1008 1190 1210 1251 quanto
1254 1179 1522 1244 lascivior,
1568 1189 1715 1235 tanto
1752 1180 2056 1237 denotatior
2085 1180 2152 1237 ad

562 1273 904 1331 contumeliae
935 1287 1192 1328 morsum.
1226 1273 1614 1343 Recognoscite
1643 1274 1819 1345 igitur,
1853 1290 2013 1344 quam
2054 1275 2154 1331 de-

566 1367 767 1422 risores
797 1347 1447 1419 inveniamininmninum
1498 1376 1836 1430 vestrorum,
1884 1380 1991 1419 non
2038 1365 2159 1421 dico

566 1455 756 1527 quales
804 1457 922 1510 sitis
977 1456 1028 1510 in
1084 1454 1456 1521 sacriﬁcando,
1491 1455 1633 1526 quod
1678 1464 1864 1511 enecta
1901 1465 1955 1511 et
1983 1456 2159 1511 tabida

568 1565 795 1620 qumque
814 1549 1091 1615 mactatis;
1119 1549 1189 1603 de
1213 1550 1407 1618 opimis
1435 1558 1612 1605 autem
1639 1559 1693 1604 et
1722 1550 1942 1620 integris
1968 1565 2159 1620 super-

571 1657 734 1697 vacna
776 1640 854 1712 (2)
884 1641 1001 1696 esui
1027 1640 1254 1710 capitula
1281 1648 1335 1696 et
1361 1642 1585 1711 ungulas
1614 1651 1667 1696 et
1694 1642 1992 1711 plumarum
2024 1652 2164 1698 sela-

571 1750 802 1805 rumque
852 1735 1135 1802 prmvulsa,
1178 1745 1233 1790 et
1281 1736 1324 1790 si
1358 1736 1480 1805 quid
1516 1735 1661 1790 domi
1690 1744 1900 1808 quoque
1932 1736 2159 1793 habituri

2248 529 2494 603 ﬁngendo
2514 528 2538 582 ?
2559 527 2625 584 Et
2643 529 2822 600 tragici
2853 527 3071 599 quidem
3098 535 3191 583 aut
3236 527 3431 583 comici
3465 536 3842 597 pepercerunt,

2248 632 2308 679 ut
2332 637 2437 677 non
2487 635 2752 676 mrumnas
2780 624 2842 674 a'c
2883 634 3070 690 poenas
3107 618 3192 675 dei
3243 617 3643 689 praefarentur?
3671 618 3846 675 Taceo

2249 716 2315 771 de
2347 714 2705 786 pliil0$0pbis,
2752 728 2887 784 quos
2921 710 3169 782 superbia
3214 711 3523 767 severitatis
3542 719 3599 767 et
3648 710 3844 766 duritia

2251 807 2546 878 disciplina:
2572 805 2640 860 ab
2691 805 2837 859 omni
2866 804 3059 859 timore
3100 815 3343 870 securos,
3375 800 3666 856 nonnullus
3685 801 3847 857 etiam

2252 899 2464 972 afﬂatus
2514 898 2753 954 veritatis
2799 896 3058 952 adversus
3103 895 3233 951 deos
3277 894 3432 965 erigit
3470 912 3484 950 :
3521 894 3751 964 denique
3796 902 3854 948 et

2253 991 2507 1048 Socrates
2536 991 2588 1044 in
2635 987 3018 1044 contumeliam
3053 1001 3240 1041 eorum
3289 1001 3541 1063 quercum
3572 982 3634 1056 (l)
3678 993 3735 1040 et
3763 999 3854 1040 ca-

2255 1100 2376 1141 nem
2407 1093 2462 1140 et
2493 1084 2696 1138 hircum
2725 1081 2793 1154 ([)
2814 1082 2984 1151 jurat.
3022 1079 3154 1134 Nam
3184 1089 3238 1134 et
3266 1079 3311 1134 si
3351 1062 3549 1133 ideirco
3569 1077 3858 1132 damnatus

2256 1158 2511 1242 δείξασα,
2541 1173 2849 1244 [εωηίιυθτὶὶ
2870 1172 3225 1227 Athenienses
3261 1167 3640 1234 damnationis.
3671 1167 3859 1223 discri-

2262 1268 2554 1322 minatores
2599 1279 2811 1335 quoque
2861 1261 3202 1332 impenderit,
3258 1261 3571 1316 restituitur
3620 1258 3863 1312 testimo-

2262 1358 2409 1414 nium
2438 1357 2666 1420 Socrati,
2696 1366 2749 1411 et
2780 1370 2993 1426 possum
3046 1366 3381 1425 retorquere,
3421 1354 3699 1422 probatum
3735 1364 3861 1407 esse

2266 1451 2318 1504 in
2338 1449 2453 1514 illo,
2485 1447 2625 1518 quod
2654 1460 2796 1501 nunc
2836 1440 3155 1516 reprobatur
3202 1444 3251 1498 in
3295 1442 3471 1497 nobis.
3498 1440 3604 1498 Sed
3633 1432 3707 1496 ct‘
3733 1441 3864 1496 Dio-

2269 1557 2435 1613 genes
2463 1541 2646 1596 nescio
2666 1538 2794 1611 quid
2823 1540 2877 1593 in
2925 1538 3206 1613 Herculem
3237 1536 3383 1605 lusit,
3411 1544 3467 1591 et
3497 1533 3727 1590 Romani
3759 1533 3870 1590 stili

2271 1634 2532 1705 Diogenes
2562 1676 2577 1701 ,
2641 1630 2810 1687 Varro
2863 1608 3134 1687 trecentos
3212 1629 3408 1692 leves,
3460 1643 3556 1684 seu
3598 1626 3866 1697 Jupiteres

2284 1726 2571 1782 dicendum
2600 1735 2702 1791 est,
2728 1726 2845 1781 sine
2871 1723 3137 1795 capitibus
3165 1721 3385 1776 inducit.
3415 1719 3621 1783 Caetera,
3642 1717 3874 1773 lascivia:

574 1841 680 1882 non
710 1826 961 1882 fuissetis.
1009 1827 1210 1881 Omitto
1239 1802 1568 1898 qumvvulgae
1603 1837 1694 1883 aut
1709 1802 1993 1901 sacrilega:
2023 1832 2160 1901 gulae

2292 1819 2481 1890 ngenia
2502 1818 2662 1873 etiam
2686 1817 2987 1886 voluptates
3013 1826 3219 1871 vestras
3259 1827 3352 1882 per
3372 1809 3612 1866 dedecus
3642 1809 3872 1865 deorum

577 1916 906 1973 videbuntur
952 1918 1213 1987 majorum
1267 1935 1430 1989 prope
1482 1920 1795 1989 religionem
1847 1924 2169 1990 convenire;

577 2012 760 2080 atquin
788 2009 1080 2064 doctissimi
1113 2010 1439 2080 gravissimi,
1468 2023 1731 2081 quatenus
1756 2015 1987 2083 gravitas
2012 2026 2174 2086 atque

579 2101 858 2174 prudentia
907 2100 974 2156 de
1018 2101 1259 2157 doctrina
1300 2102 1845 2172 proficerecredunt,
1875 2114 1931 2161 et
1976 2107 2177 2163 irreve-

582 2194 875 2252 rentissimi
901 2211 1024 2265 erga
1052 2194 1184 2251 deos
1212 2205 1418 2251 vestros
1446 2212 1663 2266 semper
1686 2198 1951 2264 existunt,
1977 2215 2075 2255 nec
2097 2201 2177 2256 eis

574 2284 748 2343 cessit
777 2288 1075 2342 litteratura
1096 2329 1111 2352 ,
1163 2302 1320 2358 quam
1367 2298 1424 2342 ut
1468 2297 1560 2343 aut
1600 2289 1776 2358 turpia
1809 2298 1899 2345 aut
1924 2306 2058 2346 vana
2089 2300 2181 2347 aut

586 2379 717 2435 falsa
753 2381 822 2436 de
861 2379 978 2435 deis
1022 2379 1235 2435 inferat.
1265 2381 1346 2437 Ab
1384 2380 1501 2452 ipso
1544 2381 1794 2438 exordiar
1838 2382 2071 2439 Homero
2103 2383 2178 2456 (c)

588 2479 793 2538 vestro,
851 2472 967 2541 ejus
1020 2472 1158 2526 unda
1214 2474 1390 2527 omnis
1430 2483 1484 2528 et
1529 2489 1689 2529 omne
1736 2489 1921 2544 mqttor
1963 2476 2064 2548 (ά),
2096 2476 2184 2532 cui

526 2627 529 2630 ἠ
590 2576 849 2636 quantum
874 2565 1131 2621 honorem
1163 2565 1355 2620 additis
1377 2608 1390 2631 ,
1424 2574 1628 2621 tantum
1657 2568 1773 2622 deis
1803 2568 1997 2623 vestris
2022 2569 2184 2624 dero.

591 2658 758 2728 gastis
784 2699 800 2723 ,
833 2658 1224 2728 magnilieando
1251 2661 1338 2727 qui
1366 2659 1434 2714 de
1481 2641 1559 2714 eis
1589 2661 1734 2715 lusit.
1770 2660 1958 2716 Adhuc
1997 2663 2188 2717 memi-

591 2750 771 2805 nimus
796 2748 1390 2820 Honteri;ille,opinor,
1424 2763 1526 2817 est,
1546 2753 1634 2821 qui
1665 2752 1900 2808 divinam
1935 2754 2184 2824 majesta-

596 2852 702 2898 tem
729 2841 955 2896 humana
988 2843 1297 2897 eomlitione
1330 2845 1607 2909 tractavit,
1651 2846 1865 2900 casibus
1894 2853 1949 2900 et
1973 2848 2185 2917 passio-

596 2934 753 2998 niltus
782 2933 1028 2988 lnnnanis
1076 2934 1207 2989 deos
1250 2937 1533 3001 imbuens,
1584 2937 1675 3007 qui
1729 2937 1795 2991 de
1844 2937 1950 2992 illis
2008 2940 2189 2994 favore

598 3024 824 3083 diversis
838 3024 1152 3096 gladiatoria
1180 3027 1575 3099 quodammodo
1598 3028 1741 3097 paria
1760 3029 2063 3085 commisit:
2092 3030 2191 3086 γε.

602 3133 788 3174 nerem
819 3117 1226 3188 sauciatsagitta
1249 3119 1499 3180 humana.
1520 3119 1741 3174 Martem
1763 3120 2017 3175 tredecim
2043 3136 2196 3178 men-

2273 1917 2669 1972 administrant.
2736 1909 2988 1978 Dispicite
3042 1905 3183 1975 apud
3251 1918 3347 1959 vos
3407 1903 3757 1958 Lentulorum
3817 1908 3877 1955 et

2282 2013 2591 2070 Hostiorum
2638 1998 2925 2074 sacrilegas
2968 2009 3296 2064 venustates,
3345 2008 3525 2052 utrum
3564 1997 3758 2052 mimos
3804 2010 3874 2050 an

2278 2098 2409 2154 deos
2437 2104 2642 2151 vestros
2675 2094 2726 2145 in
2777 2088 3012 2159 Sll’OplliS
3042 2097 3097 2142 et
3116 2086 3255 2157 jocis
3281 2083 3520 2150 rideatis;
3554 2081 3649 2138 sed
3677 2090 3735 2138 et
3762 2082 3874 2136 bis-

2280 2188 2794 2256 trionicas,litteras
2834 2196 3023 2252 magna
3070 2194 3192 2236 cum
3247 2178 3522 2247 voluptate
3567 2173 3877 2247 suscipitis,

2282 2298 2400 2355 qum
2430 2292 2646 2335 onmem
2699 2274 2989 2343 foeditatem
3040 2270 3322 2341 designant
3349 2266 3595 2323 deorum.
3647 2265 3881 2322 Consta-

2286 2382 2506 2445 prantur
2545 2383 2726 2425 coram
2755 2366 2906 2421 vobis
2950 2364 3255 2433 majestates
3299 2360 3352 2416 in
3379 2360 3606 2431 corpore
3642 2358 3878 2428 impuro.

2287 2467 2574 2522 Famosum
2613 2470 2667 2516 et
2700 2459 3020 2514 diminutum
3056 2467 3217 2525 caput
3258 2453 3431 2524 imago
3468 2451 3756 2521 cujuslibet
3792 2448 3883 2505 dei

2287 2562 2467 2617 vestit.
2495 2558 2664 2627 Luget
2685 2554 2775 2609 Sol
2814 2553 2979 2606 lilium
3004 2549 3226 2603 fulmine
3255 2548 3539 2602 extinctum
3574 2541 3884 2597 betantibus

2292 2652 2484 2717 vobis,
2530 2648 2723 2721 Cybele
2761 2654 3030 2717 pastorem
3098 2639 3331 2710 suspirat
3384 2634 3715 2691 fastidiosum
3772 2647 3887 2687 non

2291 2739 2734 2801 erubescentibus
2762 2736 2937 2801 vobis,
2966 2743 3020 2788 et
3039 2730 3314 2788 sustinetis
3337 2728 3485 2784 Jovis
3503 2724 3676 2796 elogia
3695 2723 3891 2779 modu-

2293 2839 2414 2894 lari.
2448 2836 2611 2891 Plane
2660 2831 3026 2901 religiosiores
3046 2828 3178 2882 estis
3216 2828 3269 2880 in
3296 2824 3651 2896 gladiatorum
3701 2835 3886 2883 cavea,

2294 2930 2386 2986 ubi
2415 2944 2576 2999 super
2600 2924 2912 2996 sanguinem
2945 2921 3256 2983 humanum,
3281 2931 3452 2986 super”
3489 2914 3890 2984 inquinamenta

2295 3035 2594 3095 pinnarum,
2642 3015 2866 3088 proinde
2894 3012 3091 3066 saltant
3130 3009 3215 3064 dei
3245 3008 3449 3074 vestri,
3480 3014 3789 3076 argumenta
3830 3011 3886 3057 et

2299 3113 2552 3170 historias
2598 3107 2914 3164 nocentibus
2941 3098 3243 3174 erogandis,
3300 3109 3391 3154 aut
3440 3100 3493 3155 in
3522 3099 3651 3169 ipsis
3679 3096 3761 3151 dei
3793 3108 3893 3150 no-

607 3211 757 3268 sibus
782 3211 836 3287 ip
860 3206 1539 3268 vinculisdetineti'ortasse
1556 3213 1869 3284 periturum,
1892 3214 2078 3270 eadem
2096 3215 2196 3270 Jo.
2224 3189 2270 3252 C
2303 3219 2489 3268 centes
2538 3207 2852 3278 puniuntur.
2908 3198 3148 3255 Vidimus
3203 3210 3349 3266 saepe
3388 3203 3681 3249 castratum
3742 3189 3893 3246 Attin

602 3324 722 3366 vem
748 3322 908 3379 ptene
944 3321 1258 3378 perpessum
1295 3323 1323 3362 a
1364 3309 1602 3365 caelitum
1645 3307 1799 3377 plebe
1830 3308 2075 3375 traducit,
2109 3317 2202 3365 aut

604 3403 869 3475 laerymas
887 3394 1004 3470 ejus
1029 3416 1189 3471 super
1209 3400 1572 3469 Sarpedonem
1591 3398 1665 3473 (e)
1676 3401 1878 3456 excutit
1897 3443 1911 3467 ,
1934 3411 2025 3457 aut
2053 3404 2205 3457 luitu-

607 3497 834 3554 riantem
860 3496 1208 3553 cumJunouc
1231 3491 1562 3573 lmadissime
1583 3493 1802 3558 inducit,
1830 3493 2205 3549 commendato

614 3589 854 3644 libidinis
879 3589 1150 3644 desiderio
1180 3601 1277 3656 per
1295 3586 1864 3641 commemorationem
1886 3587 2202 3641 amicarum.

611 3679 820 3737 Exinde
844 3681 964 3753 quis
1004 3695 1111 3737 non
1162 3687 1442 3749 poetarum
1487 3693 1552 3733 ex
1584 3678 1905 3733 auctoritate
1950 3677 2210 3747 principis

2304 3306 2461 3361 deum
2486 3317 2515 3356 a
2538 3300 2877 3361 Pessinunte,
2895 3292 3052 3364 etqui
3073 3291 3225 3345 vivus
3249 3288 3593 3343 cremabatur
3608 3283 3897 3339 Herculem

2310 3397 2577 3453 induerat.
2605 3391 2846 3446 Risimus
2883 3397 2939 3441 et
2967 3382 3247 3440 meridiani
3277 3378 3389 3436 ludi
3434 3378 3504 3434 de
3559 3378 3675 3433 deis
3705 3376 3900 3441 lusum,

2309 3506 2417 3563 quo
2467 3488 2555 3543 Dis
2590 3486 2778 3545 Pater,
2810 3480 2958 3557 Jovis
3013 3477 3196 3542 frater,
3235 3472 3594 3544 gladiatorum
3623 3466 3905 3538 exsequias

2313 3561 2434 3638 cum
2471 3578 2666 3634 malleo
2693 3573 2928 3636 deducit,
2952 3585 3058 3641 quo
3087 3566 3384 3624 Mercurius
3407 3607 3422 3632 ,
3455 3565 3510 3618 in
3530 3561 3745 3619 calvitio
3776 3575 3907 3631 pen-

2316 3675 2526 3731 natulus
2550 3669 2673 3743 (in),
2716 3669 2769 3723 in
2809 3666 3045 3722 caduceo
3089 3660 3345 3734 iguitulus
3398 3659 3509 3730 (g),
3550 3667 3775 3726 corpora
3807 3668 3910 3708 ex-

1830 3789 2124 3847 LECTION
2132 3791 2213 3850 ES
2250 3785 2660 3848 VARIENTES.

615 3919 713 4025 sit.
739 3908 951 4024 argutari
975 3906 1117 3974 Apol.
1155 3905 1232 3958 25.
1259 3911 1483 3971 tanquam
1508 3905 1754 3969 pericuria
1778 3904 1904 3969 apud
1940 3918 2043 3969 vos,
2077 3905 2208 3970 quod

689 4008 702 4022 .
727 3989 774 4025 n.
886 4011 898 4022 .

681 4028 883 4099 (Quae.
907 4046 1039 4085 corr.
1087 4046 1178 4096 per
1200 4028 1455 4096 parvulum
1471 4029 1664 4081 Jovem.

2374 3904 2448 3968 (2)
2474 3900 2643 3968 Rigalt.
2665 3895 2959 3968 supervacui
2974 3890 3070 3968 ςίεί.

2665 3939 3237 4020 'ﬁéFéxhj‘EéTnii-e’nm
3269 3944 3575 4001 scribendum
3616 3955 3721 3995 esse
3773 3939 3917 3993 docet

2315 4038 2415 4092 Αρο
2437 4063 2450 4075 .
2544 4060 2554 4072 .

1988 4122 2545 4195 COMMENTARlUS.

622 4263 924 4320 solisternia
969 4270 1024 4317 et
1059 4258 1382 4314 lectisternia
1432 4265 1487 4312 et
1537 4254 1682 4311 feriae
1711 4264 1765 4310 et
1791 4252 1920 4309 ludi.
1952 4275 1970 4307 ι
2006 4254 2046 4308 Α
2079 4253 2215 4308 solio

624 4334 917 4390 sternendo
941 4331 1302 4387 solisternium
1332 4328 1438 4383 dici
1471 4327 1645 4382 innuit
1675 4326 1886 4380 Festus.
1931 4325 2134 4380 Solitnn
2165 4334 2223 4380 et

625 4406 799 4464 Soliar
824 4405 1017 4459 dixere
1048 4411 1277 4457 veteres.
1317 4400 1385 4457 Et
1430 4400 1481 4453 iu
1528 4398 1733 4455 Glossis
1766 4396 2050 4453 l’hiloxeoi
2095 4395 2223 4467 legi-

629 4493 748 4559 mus
772 4520 786 4544 ,
827 4476 1025 4601 ﬁliam
1060 4479 1245 4546 δίρραξ.
1275 4471 1334 4526 In
1366 4469 1508 4539 aliis,
1541 4475 1915 4541 Σελλάστρωσις,
1946 4467 2222 4524 Scllister—

629 4564 799 4601 mum.
901 4563 997 4601 em.

629 4549 799 4604 nium.
833 4548 997 4602 Idem.

705 4619 779 4690 (a)
847 4620 1155 4696 Quanquam
1232 4608 1443 4696 periurii
1504 4615 1645 4696 apud
1682 4684 1693 4695 .
1730 4626 1820 4694 vos
1884 4610 2231 4696 unnsgnisqtte

634 4680 796 4761 puras
841 4680 931 4744 est.
987 4680 1117 4761 Nam
1169 4680 1286 4761 quis
1312 4680 1549 4761 'ltaberi
1582 4682 1807 4761 perjttrii
1847 4696 1972 4736 reus
1997 4680 2225 4761 debeat,

636 4751 726 4815 ubi
781 4761 926 4814 falsa:
973 4751 1268 4815 divinitatis
1313 4754 1500 4823 religio
1551 4751 1740 4810 nulla?
1786 4751 1845 4806 In
1910 4752 2043 4807 cod.-
2091 4752 2230 4823 Ago:

638 4831 789 4885 bardi
841 4830 1033 4897 legitur
1082 4848 1095 4883 :
1149 4821 1463 4899 quamquam
1523 4825 1737 4899 perjurii
1782 4823 2051 4899 apt‘td‘vos
2094 4821 2230 4891 quod

638 4893 982 4971 unusquisque
1027 4893 1178 4969 put-es
1224 4893 1326 4953 est;
1349 4893 1728 4971 Uude'aliquis
1756 4893 2006 4963 conjiciat
2037 4893 2220 4971 legen-

640 4968 914 5044 gemlutn,
952 4968 1254 5043 Quanquam
1291 4969 1511 5044 periurii
1540 4968 2231 5044 almd_vos_qnotnsquisq_ue

643 5036 802 5116 purus
824 5036 1299 5116 est?uAugusti_n_us
1323 5040 1418 5094 lib.
1449 5038 1512 5116 lli
1555 5036 1624 5094 de
1652 5037 1767 5116 (liv.
1794 5036 2232 5116 Dei._Corruptis-

644 5106 797 5170 simis
820 5106 1192 5174 moribus‘.ad
1219 5111 1321 5166 hoc
1351 5124 1466 5164 mos
1488 5108 1703 5177 jurandi
1749 5106 2064 5164 servabatur
2092 5107 2232 5161 anti-

647 5202 807 5257 quus,
841 5200 945 5257 non
976 5181 1389 5257 utaseeleribus
1412 5191 1557 5235 metu
1589 5179 1861 5257 religionis
1890 5178 2239 5257 prohiberen-

649 5249 735 5313 t'ur
754 5298 768 5321 ,
813 5254 988 5380 setllgn
1010 5253 1251 5325 perjurit
1279 5266 1493 5325 quoque
1512 5251 1805 5308 sceleribus
1834 5250 2046 5306 czeteris
2077 5249 2241 5304 adde.

649 5339 855 5380 I‘CIIIUI‘.
955 5340 1022 5380 IG-

646 5339 855 5391 reptur.
907 5339 1022 5380 lttc.

724 5398 805 5467 (b)
836 5396 937 5451 Per
956 5397 1083 5467 deos
1108 5394 1373 5467 dejerandi
1398 5393 1676 5467 periculum
1713 5393 1935 5448 evanuit.
1968 5391 2246 5467 Tolerabi-

651 5464 756 5525 lius
788 5464 919 5521 'crat
943 5464 1081 5537 apud
1110 5464 1383 5532 Gentiles,
1412 5464 1457 5519 si
1499 5466 1617 5534 quis
1656 5465 1707 5519 in
1736 5479 1956 5519 suorum
1986 5464 2235 5537 Deorum

653 5554 761 5594 non
787 5538 896 5607 jam
927 5533 1115 5594 eorum
1149 5552 1345 5592 numen
1385 5533 1617 5606 jurasset
1639 5577 1653 5600 ,
1685 5551 1845 5605 quam
1880 5536 1931 5607 isi
1964 5533 2242 5607 Principis

655 5603 854 5668 nomen
881 5619 973 5662 aut
1002 5608 1286 5663 fortunam
1320 5603 1428 5662 non
1461 5603 1730 5675 jurasset’;
1785 5606 1923 5661 unde
1954 5603 2243 5661 Christiani

657 5679 945 5745 aliquando
974 5680 1398 5733 sollicitabantur
1437 5687 1495 5730 nt
1539 5694 1646 5733 non
1695 5678 1861 5741 deos,
1898 5691 2002 5732 non
2055 5677 2246 5731 Jovem

657 5750 923 5819 lapidem,
954 5750 1047 5806 sed
1076 5748 1303 5804 Cmsaris
1331 5748 1594 5805 fortunam
1617 5749 1895 5819 jurarent,
1925 5748 2065 5819 quod
2089 5747 2250 5806 etiam

663 5817 728 5876 ex
762 5817 994 5876 Eusebio
1014 5819 1356 5891 probavimus
1402 5819 1456 5879 in
1486 5819 1711 5891 Apolog.
1746 5818 1820 5876 Ls
1842 5834 1927 5876 rn.

2252 4555 2306 4614 D

2390 4249 2463 4320 lc)
2499 4246 2699 4320 Abipso
2729 4236 3235 4320 exordiarnﬂontero.
3263 4231 3405 4320 [:l‘ibil

2325 4339 2383 4379 se
2408 4303 2698 4376 ciedebant
2727 4313 2929 4382 antiqui
2950 4308 3193 4366 Gentiles
3216 4347 3230 4370 .
3276 4303 3515 4359 Homero
3542 4313 3668 4382 sup.
3697 4303 3788 4382 qui
3815 4303 3921 4382 Λιξξῖ

2327 4362 2984 4476 Bisi;faiiﬁéiiaiiini'iini
3038 4362 3125 4434 “ut
3150 4362 3229 4434 ret'
3265 4389 3406 4462 vana
3457 4384 3513 4427 et
3539 4368 3668 4425 falsa
3696 4362 3765 4420 de
3809 4362 3920 4418 diis

2327 4463 2532 4520 scribit.
2556 4457 2723 4515 Idem.
3348 4457 3361 4462 '

2406 4535 2485 4608 (d)
2515 4531 2646 4608 Ejus
2659 4525 2988 4608 unda-omnis
3009 4532 3056 4577 et
3085 4522 3752 4608 ontnelrzq‘uorLa-quonee‘u
3775 4507 3927 4561 fonte

2335 4581 2775 4678 pcieurﬁ'iiatum
2806 4595 2995 4652 Pieriis
3023 4606 3116 4649 ora
3144 4581 3389 4660 rigantur
3416 4584 3590 4656 aquis.
3624 4581 3747 4636 th.

2406 4675 2482 4721 (ei
2507 4674 2676 4721 Suner
2704 4665 3074 4721 Sarpedonem.
3102 4663 3228 4717 Haec
3261 4658 3528 4713 habentur
3555 4650 3694 4721 apud
3726 4648 3927 4721 Home-

2336 4665 2350 4678 ’
2406 4675 2482 4749 (e)
2507 4674 2676 4743 Super
2704 4665 3074 4738 Sarpedonem.
3102 4665 3228 4717 Htec
3261 4665 3528 4741 habentur
3555 4665 3694 4733 apud
3711 4665 3927 4733 nome-

2334 4765 2456 4804 rum
2485 4745 2678 4801 Iliados
2696 4740 2784 4796 16.
2811 4739 2902 4793 ubi
2920 4733 3288 4805 Sarpedonem
3317 4736 3541 4784 intuitus
3565 4723 3775 4805 Jupiter
3794 4758 3810 4783 ,
3840 4717 3936 4805 lu:-

2337 4797 2855 4881 alloquitur
2879 4851 2895 4875 ,
2925 4797 3304 4881 sutt'imumqtte
3330 4814 3491 4869 quem
3520 4810 3586 4851 ex
3616 4797 3733 4862 ejus
3754 4797 3933 4848 murto

2333 4890 2511 4946 futura
2545 4874 2824 4942 hauriebat
2850 4879 3090 4935 dolorem
3116 4917 3131 4941 ,
3156 4874 3357 4928 indicat
3386 4888 3400 4923 :

2583 4976 2679 5038 όμοι
2702 4988 2801 5037 tvm,
2824 4983 2889 5023 ὅτι
2908 4983 2971 5032 μοι
2989 4974 3199 5032 Euplth
3230 4977 3401 5028 φίλτατον
3423 4967 3579 5023 ἄνδρων,

2587 5076 2696 5126 Μοῖρ’
2715 5072 2783 5111 ὕπὸ
2804 5060 3031 5122 Πατρόκὶοῐο
3052 5056 3294 5105 Μινοιτιάδαι
3316 5056 3489 5109 διμήναι.

2414 5148 2564 5221 Quod
2595 5117 2996 5221 utaliaiulinita
3025 5139 3126 5221 deo
3154 5149 3261 5221 non
3290 5131 3464 5196 solum
3486 5134 3579 5183 aut
3606 5123 3775 5179 heroe
3795 5160 3813 5187 ,
3844 5117 3950 5175 sed

2344 5207 2460 5279 vir;
2492 5220 2613 5276 forti
2645 5217 2860 5288 indigna
2889 5220 3033 5268 sunt.
3054 5209 3132 5263 Le
3165 5207 3259 5262 Pa.

2421 5313 2488 5385 (ι’)
2520 5282 2784 5385 ριιεηευῃί
2816 5315 2869 5385 _et
2898 5318 3094 5385 canem.
3123 5308 3170 5354 et
3188 5370 3199 5385 ι
3219 5282 3957 5385 [erantllga'liennf

2352 5362 2701 5449 ιιίιθὲἷηιῗζέίέ
2726 5377 2954 5448 legimus
2987 5375 3040 5428 in
3069 5362 3294 5449 oppleti;
3345 5362 3737 5449 solebate'im"
3766 5362 3957 5449 ζητεῖτέ

2676 5433 2982 5522 mirionum.
3034 5451 3064 5503 ἧ
3093 5433 3217 5512 (sic)
3243 5433 3518 5519 "Serapa/rgo
3546 5433 3710 5555 66sec»
3733 5435 3813 5479 τὸν
3836 5433 3959 5477 κίονα.

2384 5534 2427 5555 ~‘
2496 5538 2537 5555 L-
2564 5539 2681 5555 --ε-ιμ
2711 5524 2790 5555 αμὲ
2816 5525 3076 5555 -Ὶέοηαηιμ
3101 5504 3547 5555 ’l‘lmnnhllusllb.
3613 5498 3654 5554 ι.
3684 5495 3752 5553 ad
3777 5494 3959 5550 Auto-

2346 5494 3654 5594 £23231?“:23‘:3.2‘..;...'.insophu'uslib-“l-
3684 5495 3752 5553 οίι
3777 5494 3961 5550 ωο-

2350 5603 2556 5673 lycum.
2571 5595 2741 5673 Ideni.

2423 5649 2806 5740 ἰέῩὶ-ηοάιυξιῖο
2836 5657 3161 5740 ρερυιςιωέείδ·
3189 5651 3398 5740 ἐθιὲτξῖ
3412 5649 3746 5740 ΨἾΞῙΞ·.-;

2429 5707 2509 5813 δῖ)
2533 5707 3155 5813 i'n'ZifJn'g'nS'igniin'ins}
3198 5707 3493 5813 Serpentes
3532 5708 3751 5785 implexi
3793 5707 3970 5781 virga

2355 5793 2564 5887 linguas
2590 5807 2848 5883 ignitulas
2879 5793 3177 5861 vibrabant.
3211 5793 3348 5854 BIG.
