4252 6264
342 310 452 367 δτι

1632 315 1725 372 AD
1761 313 2100 375 NATIONES
2135 316 2264 377 LIB.
2303 320 2344 376 l.

3541 323 3651 387 578

345 423 580 480 animata
620 423 732 496 jam
759 430 1061 482 mortemve
1090 425 1395 483 simulantia
1434 443 1466 485 e
1491 430 1729 487 cauterio
1767 432 1973 502 prohat.
2003 432 2061 493 Α
2082 430 2186 489 hoc
2232 433 2532 491 differentia
2583 435 2906 505 intercedit,
2956 444 3154 510 quanto
3217 440 3563 513 distinguitur
3613 460 3645 502 a

345 518 564 589 Singula
595 519 694 575 ista
724 534 952 590 qumque
994 519 1538 592 adhuc-investigare
1582 523 1702 593 quis
1728 524 1898 593 possit
1925 524 1948 578 ἱ)

349 611 407 667 Si
436 611 693 669 honorem
724 612 1022 683 inquietant
1060 614 1357 671 divinitatis
1378 656 1393 683 ,
1445 616 1489 671 si
1519 614 1814 686 majestatis
1836 614 1948 670 fas-

354 703 542 774 tigium
588 703 860 769 adsolant,
910 704 980 760 de
1019 715 1331 779 contemptu
1380 708 1564 777 utique
1613 714 1905 762 censentur
1933 748 1947 771 ,

350 813 511 869 quam
539 793 725 854 eorum
750 799 839 869 qui
861 799 1127 870 ejusmodi
1151 800 1411 867 factitant,
1443 816 1603 872 quam
1644 816 1830 857 eorum
1858 800 1947 870 qui

350 891 422 946 ita
453 891 766 957 suscipiunt.
809 891 986 959 Quare
1026 894 1229 954 nescio.
1277 911 1344 948 ne
1388 894 1508 964 plus
1554 894 1621 950 de
1664 893 1816 948 vobis
1862 893 1948 948 dei

348 988 514 1039 vestri
556 999 717 1054 quam
770 984 1048 1061 de‘nohis
1094 997 1508 1056 qucrantur.....
1565 987 1756 1043 exalia
1800 995 1949 1056 parte

349 1077 637 1133 adulamini
662 1120 676 1144 ,
718 1077 981 1134 redimitis
1006 1079 1049 1133 si
1094 1095 1200 1152 qua
1245 1079 1577 1150 delinquitis,
1605 1091 1657 1137 et
1680 1089 1950 1151 postremo

350 1169 477 1224 licet
504 1169 655 1225 vobis
683 1169 734 1224 in
780 1185 877 1225 eos
920 1186 1057 1242 quos
1108 1186 1231 1229 esse
1279 1172 1565 1239 voluistis;
1611 1187 1711 1229 nos
1739 1188 1869 1229 vero
1898 1173 1950 1227 in

351 1268 522 1317 tetum
545 1277 875 1317 aversamur.

429 1356 488 1409 11
503 1396 517 1409 .
561 1354 670 1411 Nec
697 1364 901 1410 tantum
943 1356 994 1411 in
1039 1357 1143 1413 hoc
1177 1359 1398 1415 nomine
1429 1359 1506 1415 rei
1552 1358 1782 1416 desertae
1799 1374 1950 1416 com.

353 1447 530 1504 munis
547 1447 842 1518 religionis,
863 1447 957 1503 sed
971 1449 1308 1520 superducta:
1323 1461 1679 1507 monstruosa:
1699 1453 1959 1523 supersti-

369 1540 549 1595 tionis.
579 1538 735 1604 Nam,
792 1550 849 1594 ut
902 1540 1141 1610 quidam,
1187 1542 1496 1597 somniastis
1534 1540 1693 1616 caput
1727 1542 1956 1609 asinium

367 1647 485 1689 esse
515 1632 671 1687 deum
706 1641 971 1709 nostrum;
1018 1633 1165 1688 Hane
1200 1618 1487 1709 Cornelqu
1528 1634 1744 1690 Tacitus
1784 1636 1959 1705 suspi-

365 1727 573 1783 cionem
605 1725 748 1783 fecit.
792 1725 844 1780 Is
870 1698 1012 1782 enim
1044 1726 1096 1780 iu
1126 1735 1314 1797 quarta
1346 1708 1689 1783 hisToriarum
1710 1742 1950 1796 suarum,

359 1818 450 1873 ubi
480 1818 547 1873 de
575 1818 715 1874 bello
734 1816 948 1889 judaico
970 1817 1182 1888 digerit,
1216 1818 1285 1872 ab
1318 1818 1524 1890 origine
1540 1817 1715 1889 gentis
1730 1833 1962 1901 exorsus.
1983 1801 2031 1861 Β

369 1919 426 1967 el
452 1921 557 1966 tam
586 1910 653 1964 de
683 1910 795 1980 ipsa
822 1909 1028 1980 origine
1063 1925 1226 1980 quam
1264 1909 1332 1966 de
1360 1912 1579 1966 nomine
1607 1910 1884 1981 religionis
1902 1920 1960 1966 ut

359 2004 529 2060 voluit
569 2004 1260 2075 argmneutatusgludaeos
1305 2005 1479 2062 refert
1520 2006 1574 2060 in
1618 2004 1962 2077 expeditione

368 2099 535 2173 vastis
558 2098 611 2153 in
641 2096 778 2154 locis
802 2113 954 2167 aqua:
978 2097 1152 2168 inopia
1186 2098 1755 2169 laborantes,onagris,
1779 2098 1868 2167 qui
1894 2098 1962 2154 de

360 2201 516 2264 pastu
530 2207 724 2263 aquam
737 2192 955 2263 petituri
988 2191 1413 2259 aestimabantur,
1430 2193 1692 2248 indicibus
1705 2191 1869 2248 fontis
1883 2194 1961 2267 (1)

362 2299 493 2341 usos
520 2285 752 2340 evasisse
780 2300 794 2350 ;
838 2285 907 2339 ita
932 2284 1002 2340 ob
1031 2300 1147 2340 eam
1178 2286 1403 2356 gratiam
1449 2286 1746 2342 consimilis
1777 2286 1963 2341 bestia:

363 2375 702 2446 superficiem
740 2391 770 2430 a
795 2375 995 2432 Juda-is
1018 2376 1144 2443 coli,
1176 2377 1298 2433 inde
1339 2377 1529 2448 opinor
1555 2387 1959 2448 prmsumptum,

367 2484 474 2525 nos
505 2484 712 2540 quoque
749 2480 806 2525 ut
845 2470 1082 2526 Judaicm
1117 2471 1391 2541 religionis
1426 2470 1755 2542 propinquus
1787 2471 1963 2527 eidem

364 2561 660 2618 simulacro
688 2563 906 2618 initiari.
941 2564 1009 2619 At
1037 2564 1179 2619 enim
1211 2564 1352 2618 idem
1405 2565 1687 2620 Cornelius
1711 2550 1963 2632 Tacitus,

364 2667 499 2709 sane
532 2653 619 2708 ille
635 2653 1042 2711 mendaciorum
1057 2655 1487 2727 loquacissimus,
1513 2656 1711 2712 oblitus
1732 2657 1966 2712 affirma-

370 2745 534 2801 tiunis
558 2760 672 2800 sua:
699 2746 749 2799 iu
775 2745 1164 2816 posterioribus
1184 2746 1370 2809 refert,
1389 2748 1684 2817 Ponpeium
1712 2763 1963 2823 maguum

278 2863 295 2873 ι
367 2835 571 2894 Iuda-is
614 2836 901 2893 debellatis
952 2838 1232 2909 captisque
1272 2824 1963 2911 Hierosolymis/templmn

367 2927 549 2986 adisse
576 2938 628 2985 et
659 2939 1049 3000 perscrutatunt
1075 2930 1517 3005 tiilLtlﬂsitnulacri
1546 2932 1829 3002 reperisse.
1864 2930 1965 2987 Ubi

368 3039 499 3095 ergo
524 3025 569 3081 is
591 3024 720 3081 deus
739 3023 939 3080 fuerit?
968 3026 1147 3096 utique
1197 3041 1462 3096 nusquam
1508 3027 1676 3097 magis
1703 3042 1861 3097 quam
1913 3026 1965 3080 in

374 3117 575 3186 templo
604 3128 709 3171 tam
744 3118 1102 3181 memorabili,
1152 3125 1451 3188 prtesertim
1480 3118 1729 3174 omnibus
1774 3129 1970 3190 praeter

369 3211 971 3274 sacerdotibusclausu,
991 3225 1096 3281 quo
1126 3227 1234 3265 non
1263 3220 1577 3267 vererentur
1628 3219 1964 3267 extraneum.

373 3303 485 3360 Sed
538 3305 662 3375 quid
702 3320 802 3376 ego
850 3304 1155 3368 defendam,
1189 3303 1464 3375 professus
1521 3303 1731 3360 interim
1761 3303 1973 3359 confes-

373 3396 584 3452 sionem
618 3398 971 3467 temporalem
1023 3396 1261 3453 nmnium
1291 3398 1341 3451 in
1372 3396 1524 3452 vobis
1549 3390 1615 3452 ei
1657 3398 1767 3466 pari
1802 3405 1972 3451 trans-

374 3486 766 3541 ferendorum?
807 3488 1071 3543 Credatur
1125 3488 1258 3544 deus
1319 3496 1502 3543 noster
1550 3488 1756 3543 asinina
1795 3487 1972 3558 aliqua

378 3595 635 3653 persona;
664 3592 805 3638 certe
822 3582 1085 3652 negabitis
1112 3596 1207 3637 vos
1233 3581 1419 3637 eadem
1440 3581 1639 3637 habere
1662 3579 1968 3638 nobiscum?

372 3675 523 3731 Sane
553 3690 646 3729 vos
679 3682 815 3731 totos
840 3676 1021 3730 asinos
1058 3673 1235 3730 colitis
1290 3682 1361 3729 et,
1389 3688 1511 3731 cum
1557 3688 1653 3730 sua
1680 3674 1886 3745 Epona,
1918 3681 1975 3728 et

376 3767 560 3823 omnia
592 3764 834 3836 iumenta
884 3775 941 3822 et
989 3781 1181 3837 pecora
1232 3773 1288 3820 et
1316 3765 1539 3831 bestias,
1592 3782 1711 3837 quae
1757 3764 1976 3836 perinde

377 3874 503 3915 cum
549 3860 660 3914 suis
716 3859 1053 3930 praesepibus
1107 3860 1458 3916 consecratis.
1505 3860 1572 3914 Et
1615 3859 1719 3915 hoc
1757 3860 1977 3917 forsitan

379 3952 594 4008 crimini
629 3950 789 4018 datis,
828 3951 969 4021 quod
1019 3952 1158 4006 inter
1209 3951 1445 4008 cultores
1486 3952 1723 4007 omnium
1771 3963 1977 4009 tantum

378 4034 604 4103 asinarii
629 4059 833 4100 sumus.
864 4044 971 4101 Sed
999 4053 1054 4100 et
1081 4046 1290 4116 quinos
1329 4045 1504 4101 crucis
1530 4047 1800 4122 antistites
1834 4047 1983 4102 afﬁr-

379 4150 522 4209 mat,
554 4154 949 4196 consecraneus
974 4139 1076 4194 erit
1108 4148 1311 4195 noster.
1426 4207 1435 4218 ‘

464 4233 546 4292 19.
579 4233 765 4291 Crucis
792 4235 1042 4305 qualitas,
1092 4234 1299 4305 signum
1328 4244 1411 4289 est
1432 4233 1500 4289 de
1525 4233 1690 4303 ligno;
1716 4233 1876 4288 etiam
1916 4233 1984 4290 de

379 4327 611 4384 materia
642 4328 818 4384 colitis
840 4343 1005 4399 penes
1028 4342 1121 4383 vos
1141 4342 1263 4381 cum
1279 4326 1477 4398 effigie;
1513 4342 1817 4397 quanquam
1848 4330 1986 4383 sicut

380 4420 887 4509 vatrumltttmana
911 4419 1076 4490 figura
1122 4429 1207 4475 est
1229 4460 1244 4487 ,
1277 4418 1352 4474 ita
1403 4428 1455 4475 et
1483 4428 1725 4475 nostrum
1748 4419 1981 4491 propria.

575 4494 717 4513 κῇ..-

380 4516 634 4574 Viderint
672 4536 815 4576 nunc
844 4520 1175 4587 liniamenta,
1205 4519 1331 4575 dum
1357 4536 1464 4575 una
1518 4521 1586 4575 sit
1614 4522 1868 4591 qualitas;
1900 4523 1982 4578 vi-

2056 530 2234 587 crucis
2255 528 2435 598 stipite
2461 527 2642 583 Pallas
2669 528 2844 586 Attica
2870 538 2925 585 et
2952 529 3115 585 Ceres
3141 529 3354 595 Pharia,
3386 549 3505 603 quae
3526 535 3644 592 sine

2056 621 2233 677 forma
2258 620 2376 675 rudi
2410 620 2529 691 palo
2560 629 2614 676 et
2653 622 2769 676 solo
2814 622 3059 678 staticulo
3105 623 3232 694 ligni
3284 624 3530 683 informis
3557 644 3644 684 re-

2053 714 2531 788 prtesentatur(a)?
2561 714 2691 772 Pars
2750 716 2948 779 crucis.
2974 725 3029 772 et
3057 717 3272 787 quidem
3318 719 3514 789 majus,
3561 728 3646 777 est

2054 822 2217 864 omne
2254 808 2438 875 robur,
2470 808 2613 878 quod
2662 807 2730 863 de
2780 816 2923 863 recta
2968 808 3198 864 statione
3226 809 3494 880 defigitur.
3535 811 3641 868 Sed

2054 901 2210 956 nobis
2238 909 2345 955 tota
2381 916 2513 955 crux
2546 901 2858 970 imputatur,
2887 916 3008 955 cum
3040 912 3291 958 antemna
3320 903 3530 959 scilicet
3553 919 3650 961 sua

2056 1004 2289 1051 etcum
2337 994 2429 1049 illo
2478 993 2665 1051 sedilis
2708 1008 2933 1049 exceSSu
2973 993 3069 1065 (b).
3120 994 3233 1050 Hoc
3291 996 3508 1065 quidem
3551 1011 3650 1054 vos

2058 1085 2490 1153 iucuSabiliores,
2509 1085 2598 1156 qui
2618 1086 2862 1139 mutilum
2882 1085 3425 1143 cttruncumdicastis
3445 1088 3647 1159 lignum

2056 1179 2197 1251 quod
2220 1178 2309 1233 alii
2340 1179 2555 1249 plenum
2584 1186 2638 1233 et
2663 1186 2923 1233 structum
2953 1187 3428 1233 consecraverunt.
3462 1178 3644 1235 Enim-

2056 1287 2186 1333 vero
2231 1270 2298 1326 de
2346 1270 2552 1340 reliquo
2591 1267 2798 1340 integra
2843 1277 2927 1323 est
2975 1268 3164 1339 religio
3216 1269 3371 1324 vobis
3404 1270 3647 1342 integra:

2058 1364 2252 1430 crucis,
2276 1363 2433 1418 sicut
2461 1353 2766 1418 ostendam.
2799 1360 3057 1431 Ignoratis
3105 1371 3282 1418 autem
3335 1362 3499 1418 etiam
3544 1363 3654 1420 ori-

2057 1460 2238 1531 ginem
2270 1458 2424 1513 istam
2454 1456 2570 1512 deis
2597 1457 2788 1512 vestris
2827 1455 2895 1510 de
2922 1456 3023 1510 isto
3050 1455 3287 1526 patibulo
3318 1457 3651 1526 provenisse.

2060 1551 2192 1608 Nam
2217 1565 2378 1606 omne
2403 1548 2771 1614 simulacrum,
2799 1562 2893 1603 seu
2921 1548 3064 1618 ligno
3088 1563 3183 1603 seu
3214 1548 3391 1619 lapide
3437 1548 3655 1605 descul-

2061 1646 2223 1717 pitur.
2242 1660 2334 1699 seu
2352 1658 2458 1698 tere
2471 1641 2801 1707 defunditur,
2823 1656 2915 1695 seu
2933 1656 3034 1710 qua
3044 1656 3273 1711 erratque
3294 1628 3395 1697 alia
3416 1642 3655 1715 locuple-

2059 1739 2197 1795 tiore
2224 1739 2445 1807 materia
2468 1736 2779 1807 producitur
2796 1776 2810 1800 ,
2845 1735 3082 1805 plasticae
3107 1750 3296 1790 manus
3349 1736 3658 1806 prtecedent

2063 1846 2286 1889 necesse
2311 1840 2414 1897 est;
2466 1831 2636 1901 plasta
2685 1838 2863 1884 autem
2918 1829 3120 1900 lignum
3170 1830 3346 1886 crucis
3401 1829 3452 1884 in
3479 1831 3657 1901 primo

2065 1924 2271 1987 statuit,
2294 1925 2547 1994 quoniam
2576 1926 2674 1996 ipsi
2703 1939 2917 1997 quoque
2945 1922 3157 1993 corpori
3205 1932 3392 1978 nostro
3417 1923 3576 1978 tacita
3604 1932 3660 1980 et

2063 2028 2269 2074 secreta
2302 2017 2438 2073 linea
2468 2018 2646 2073 crucis
2689 2018 2825 2073 situs
2851 2025 2950 2072 est.
3010 2015 3163 2084 Quod
3218 2024 3379 2086 caput
3419 2016 3659 2085 emicat,

2064 2109 2208 2181 quod
2254 2109 2404 2181 spina
2436 2107 2681 2181 dirigitur
2703 2149 2716 2173 ,
2749 2109 2891 2179 quod
2920 2108 3266 2163 humerorum
3297 2107 3660 2178 obliquatio...

2064 2204 2121 2259 Si
2148 2203 2401 2258 statueris
2441 2203 2710 2258 hominem
2760 2202 3006 2256 manibus
3044 2202 3317 2272 expansis,
3374 2202 3660 2272 imaginem

2068 2297 2243 2354 crucis
2264 2296 2479 2352 feceris.
2508 2295 2643 2351 lluic
2671 2296 2829 2366 igitur
2852 2294 3094 2361 exordio,
3134 2303 3190 2365 et
3213 2294 3360 2349 velut
3387 2294 3664 2349 statumini

2069 2389 2254 2459 argilla
2274 2387 2506 2458 desuper
2530 2388 2731 2442 intexta
2763 2386 3016 2457 paulatim
3048 2386 3290 2441 membra
3318 2385 3578 2458 complet,
3610 2395 3665 2442 et

2069 2474 2268 2553 corpus
2292 2484 2476 2549 struit,
2504 2491 2560 2537 et
2578 2482 2836 2546 habitum,
2856 2497 3012 2552 quem
3033 2481 3232 2551 placuit
3265 2481 3489 2551 argillze,
3515 2481 3659 2537 intus

2071 2569 2214 2623 cruci
2247 2567 2478 2638 ingerit;
2517 2566 2639 2621 inde
2664 2566 2867 2622 circino
2888 2577 2940 2622 et
2972 2565 3234 2637 plumbeis
3265 2566 3498 2620 modulis
3526 2581 3665 2636 pra:-

2073 2658 2278 2729 paratio
2299 2657 2572 2713 simulacri
2621 2658 2671 2713 in
2724 2673 2982 2723 marmor,
3016 2658 3066 2711 in
3099 2657 3290 2722 lutum,
3319 2657 3401 2711 vel
3448 2672 3556 2723 ars,
3582 2657 3666 2713 vel

2072 2750 2427 2821 quodcunque
2481 2751 2679 2819 placuit
2725 2748 2886 2805 deum
2935 2748 3087 2815 fieri,
3136 2748 3564 2818 transmigralur.
3621 2749 3666 2804 Α

2073 2859 2236 2900 cruce
2260 2844 2468 2914 argilla,
2501 2842 2569 2897 ab
2615 2842 2802 2913 argilla
2829 2841 2983 2907 deus;
3031 2840 3426 2911 quodammodo
3478 2841 3669 2896 transit

2073 2953 2203 2993 crux
2234 2938 2286 2990 in
2307 2935 2463 2991 deum
2495 2950 2586 3004 per
2610 2933 2876 3004 argillam.
2901 2933 3126 2988 Crucem
3158 2932 3322 3002 igitur
3341 2933 3668 2989 consecratis

2072 3047 2102 3087 a
2130 3046 2234 3102 qua
2265 3029 2518 3098 incipitur
2572 3035 2939 3082 consecratus.
2984 3025 3227 3094 Exempli
3260 3027 3426 3095 gratia
3465 3026 3669 3081 dictum

2075 3125 2197 3192 erit,
2218 3127 2422 3191 nempe
2441 3121 2509 3176 de
2535 3120 2689 3198 olivae
2718 3120 2909 3175 nucleo
2935 3128 2991 3174 et
3033 3133 3168 3191 nuce
3198 3120 3389 3190 persici
3411 3130 3466 3174 et
3499 3133 3670 3189 grano

2077 3214 2277 3288 piperis
2307 3214 2406 3268 sub
2436 3221 2577 3267 terra
2607 3220 2901 3280 temperato
2926 3209 3088 3264 arbor
3105 3210 3347 3280 exsurgit
3374 3211 3427 3264 in
3455 3225 3659 3279 ramos,

2077 3309 2130 3363 iu
2152 3320 2385 3371 comam,-
2416 3304 2465 3358 iu
2496 3303 2732 3373 speciem
2760 3301 2839 3356 sui
2862 3301 3095 3371 generis.
3124 3299 3259 3355 Eam
3281 3301 3325 3354 si
3351 3299 3665 3370 transferas,

2076 3400 2159 3455 vel
2182 3397 2252 3453 de
2277 3395 2507 3451 brachiis
2535 3397 2651 3465 ejus
2677 3394 2728 3448 in
2768 3394 2925 3471 aliam
2954 3378 3197 3449 subolem
3227 3393 3412 3459 utaris,
3458 3394 3544 3449 cui
3573 3394 3673 3450 de-

2080 3489 2354 3564 putabitur
2379 3488 2519 3558 quod
2561 3486 2628 3543 de
2664 3484 2881 3542 traduce
2914 3486 3193 3558 provenit?
3231 3500 3337 3541 non
3379 3485 3455 3540 illi
3502 3499 3673 3558 grano

2079 3594 2171 3641 aut
2208 3582 2332 3639 nuci
2382 3591 2476 3636 aut
2521 3581 2750 3635 nucleo?
2779 3578 2921 3635 Nam
2959 3594 3079 3634 cum
3112 3579 3300 3635 tertius
3349 3579 3547 3650 gradus
3586 3594 3675 3636 se-

2079 3675 2257 3732 cundo
2282 3673 2681 3739 adscribibitur,
2703 3687 2853 3744 atque
2870 3672 3043 3742 primo
3062 3670 3350 3739 secundus,
3369 3673 3449 3727 sic
3488 3670 3677 3728 tertius

2080 3768 2341 3840 redigitur
2366 3767 2432 3822 ad
2461 3766 2689 3837 primum
2717 3764 3066 3820 transmissus
3087 3779 3183 3835 per
3211 3764 3531 3821 secundum.
3562 3763 3674 3821 Nec

2081 3862 2280 3918 diutius
2305 3875 2468 3931 super
2499 3859 2601 3915 isto
2633 3856 3118 3929 argumentandum
3145 3866 3247 3923 est,
3272 3856 3486 3928 quando
3515 3868 3674 3912 natu-

2083 3957 2181 4013 rali
2212 3952 2620 4026 praescriptione
2670 3966 2830 4007 omne
2881 3950 3102 4006 omnino
3149 3964 3319 4020 genus
3365 3965 3583 4007 censum
3610 3949 3681 4006 ad

2085 4051 2345 4122 originem
2391 4046 2602 4113 refert,
2656 4057 2963 4116 quantoque
2996 4059 3165 4115 genus
3199 4053 3489 4112 censetur,
3535 4052 3682 4100 tanto

2087 4142 2241 4213 origo
2262 4140 2583 4198 convenitur
2611 4137 2665 4192 in
2695 4135 2987 4207 genere,Si
3020 4137 3180 4208 igitur
3208 4137 3262 4191 in
3308 4152 3508 4208 genere
3551 4137 3685 4193 deo-

2089 4253 2205 4292 rum
2258 4249 2475 4291 crucum
2526 4231 2787 4303 originem
2837 4230 3034 4297 colitis,
3088 4229 3177 4285 hic
3230 4230 3333 4286 erit
3369 4231 3591 4287 nucleus
3631 4239 3687 4286 et

2087 4346 2314 4404 granum
2344 4325 2712 4400 primordiale,
2744 4323 3022 4393 exquibus
3052 4323 3191 4393 apud
3226 4338 3322 4378 vos
3369 4324 3685 4379 simulacro-

2088 4439 2206 4479 rum
2229 4423 2378 4477 silvae.
2404 4426 2785 4491 prepagantur.
2821 4416 2899 4469 Ad
2947 4414 3232 4492 manifesta
3280 4414 3385 4484 iam
3427 4412 3687 4487 (2):Vic-

2090 4515 2257 4572 torius
2276 4522 2330 4566 ut
2356 4510 2595 4575 numina,
2615 4506 2894 4578 etquidem
2912 4508 3214 4577 augustiora
3232 4515 3435 4575 quanto
3455 4503 3683 4572 laetiora,

382 4609 537 4668 derit
563 4609 756 4677 forma,
805 4612 932 4668 dtuu
978 4611 1152 4684 ipsum
1180 4613 1250 4668 sit
1299 4612 1383 4669 dei
1424 4627 1642 4682 corpus.
1673 4614 1825 4681 Quod
1849 4615 1892 4669 si
1919 4614 1986 4670 de
2009 4603 2064 4663 D
2091 4604 2442 4667 veneratnini.
2472 4601 2772 4659 Con........
2795 4616 2897 4656 one
2927 4598 3009 4669 (5)
3031 4598 3156 4669 quid
3188 4596 3380 4653 melius
3406 4595 3688 4666 extollant,

1348 4694 1353 4700 1
1600 4704 1984 4764 LECTIONES
2022 4696 2433 4763 VARIANTES.

379 4798 537 4926 A32
670 4804 800 4852 recte
822 4798 963 4864 iussit
986 4760 1201 4855 Haverc.‘
1218 4798 1366 4854 scribi
1382 4811 1473 4867 pro
1493 4797 1641 4865 tmfg.:
1657 4760 1874 4851 fontibus

2181 4798 2230 4859 Ξ)
2273 4788 2443 4859 Rigalt.
2470 4789 2713 4859 Atinam;
2747 4784 2912 4838 ferias
2932 4792 3052 4836 Hau.
3078 4785 3143 4836 ad
3160 4797 3293 4836 man.

2181 4798 2230 4859 Ξ)
2273 4797 2443 4856 Rigalt.
2470 4797 2534 4839 At
2551 4799 2713 4850 mam;
2747 4797 2798 4837 rt

2159 4797 2230 4925 i3)
2257 4857 2383 4908 Hav.
2417 4852 2798 4917 contignatione.

1771 4940 2324 5004 COMMENTARIUS.

467 5060 547 5135 (a)
567 5061 700 5118 Pars
724 5064 910 5131 crucis,
932 5072 979 5119 et
1003 5063 1206 5135 quidem
1227 5063 1395 5135 majus
1424 5071 1517 5128 est,
1542 5072 1646 5118 etc.
1666 5060 1867 5118 Cruces
1890 5077 1987 5135 no-

382 5132 486 5191 bis
508 5136 862 5205 reliquuutur,
896 5132 1052 5192 nobis
1079 5132 1405 5205 figuntur,at
1445 5149 1508 5189 ex
1538 5148 1605 5189 eo
1644 5134 1904 5205 maximus
1936 5134 1987 5188 iu

382 5217 499 5262 nos
539 5205 708 5260 honos
752 5205 1035 5262 redundat.
1078 5204 1235 5276 Apud
1274 5214 1481 5261 veteres
1510 5206 1705 5275 quippe
1729 5204 1989 5276 Christia-

384 5289 503 5333 nos
528 5289 661 5332 crux
685 5291 899 5348 semper
928 5278 1088 5333 rebus
1130 5274 1189 5332 in
1219 5278 1470 5348 omnibus
1496 5274 1883 5343 adhibebatur,
1913 5274 1990 5331 si-

354 5360 671 5417 ‘gtumque
708 5347 849 5404 illius
875 5360 1001 5404 ante
1042 5363 1135 5404 res
1164 5361 1352 5403 omnes
1398 5347 1819 5416 imprimebatur.
1873 5348 1991 5415 Ipse

448 5418 604 5473 ‘ertul.
636 5419 704 5475 de
727 5434 925 5475 corona
955 5421 1065 5475 mil.
1107 5417 1343 5491 Cyrillus
1379 5417 1586 5472 catech.
1626 5419 1662 5473 4
1724 5434 1737 5470 :
1789 5422 1927 5471 nm?
1943 5421 1991 5471 δὴ

386 5495 546 5546 αἴτει
568 5499 625 5544 τὸ
650 5496 861 5561 σημεῖον,
881 5499 1040 5548 ἐσθίων
1066 5490 1336 5551 καὶγπῖνων,
1359 5496 1634 5557 adiri/avoc,
1652 5492 2000 5557 κοιταςᾶμενοξ,

389 5565 779 5633 “munitm”
797 5571 1281 5633 λαλῶνμπεριτατῶν,
1301 5568 1594 5627 ἁπαξαπλῶς
1617 5568 1661 5615 ἰν
1682 5563 1828 5614 παντὶ
1850 5567 2004 5631 πράη-

382 5653 551 5704 μη.
566 5630 675 5687 Fac
687 5635 817 5689 illud
828 5630 1056 5704 signant,
1069 5634 1333 5688 comedens
1349 5643 1393 5687 et
1415 5632 1585 5704 bibens
1604 5673 1619 5696 ,
1631 5636 1836 5704 sedens,
1852 5630 1998 5684 recu-

388 5702 554 5767 ιω,
571 5714 786 5767 erectus,
803 5702 1033 5772 loquens,
1045 5705 1333 5769 ambulans,
1348 5718 1449 5757 uno
1461 5702 1610 5756 verba
1621 5703 1676 5755 in
1698 5702 1837 5756 omni
1858 5717 2005 5756 occa-

384 5775 568 5848 εἰσιν.
592 5772 822 5848 Basilius
838 5772 976 5848 ﬂag.
1002 5777 1038 5830 Ι.
1072 5776 1142 5831 de
1165 5777 1224 5831 S.
1251 5774 1395 5845 Spir.
1427 5773 1599 5848 e._27,
1635 5772 1764 5848 illud
1793 5775 2031 5848 reponit'

390 5843 552 5903 inter
576 5843 895 5905 traditiones
921 5843 1242 5921 apostolicae
1265 5843 1372 5903 n'on
1402 5845 1653 5918 scriptas.
1679 5843 1758 5903 La
1796 5844 1892 5902 Pa.

2164 5056 2242 5131 (b)
2274 5054 2401 5111 Cum
2423 5050 2718 5131 inauditis
2736 5064 2964 5131 excessu.
3191 5046 3380 5105 Crucis
3410 5045 3565 5118 palus
3594 5044 3692 5103 fuit

2094 5120 2325 5191 brevior,
2384 5125 2561 5180 medio
2599 5122 2764 5191 stipiti
2811 5123 3092 5192 impactus.
3124 5120 3421 5192 Excessum
3454 5131 3583 5192 vero
3607 5133 3693 5192 se-

2095 5201 2218 5256 dilis
2243 5190 2372 5253 dicit
2392 5239 2406 5262 ,
2437 5196 2564 5266 quia
2596 5190 2754 5269 palus
2777 5190 2961 5269 iste'in
2993 5207 3099 5263 quo
3124 5191 3385 5269 sedebant
3409 5190 3692 5269 ‘cruciarii,

2095 5271 2363 5327 eminebat
2396 5262 2470 5322 in'
2488 5262 2665 5321 medio
2690 5265 2870 5336 stipite
2898 5264 2962 5318 ad
2992 5262 3145 5317 usum
3176 5262 3379 5336 sedilis.
3394 5262 3458 5317 Εν
3482 5274 3551 5332 vra}
3568 5269 3697 5331 μέσῳ

2095 5349 2379 5414 πνηνὺμενον
2394 5344 2523 5405 ξὺλον
2541 5345 2613 5414 Δὡς
2642 5334 2798 5414 stipata,
2822 5345 2902 5414 κᾳί
2930 5340 3242 5414 ιῦνξριῐξεχον,
3273 5334 3342 5414 ξεί
3358 5337 3392 5387 ὦ
3413 5340 3721 5414 ἔρχοῦεται-

2108 5403 2522 5485 οἱίᾶτιὲυροὺιλενοι,
2540 5403 2709 5485 inquit
2731 5403 3697 5485 Jus_t_i_nu§:llialogqadversfl‘rypbo-

2110 5503 2232 5542 nem
2259 5475 2525 5540 J'udieum.
2557 5475 2792 5534 [renatus
2822 5479 2913 5533 lib.
2944 5476 3017 5542 ll,
3049 5475 3174 5548 cap.
3199 5476 3289 5531 42.
3322 5475 3440 5546 Ipse
3488 5477 3700 5548 habitus

2106 5573 2155 5612 et
2171 5556 2284 5611 ucis
2311 5558 2442 5610 lines
2468 5562 2521 5608 et
2541 5551 2876 5607 summitates
2900 5549 3060 5603 habet
3080 5546 3337 5618 quinque,
3357 5548 3493 5600 duos
3509 5547 3559 5618 iu
3581 5546 3700 5618 lonf

2104 5627 2385 5700 gitudine,
2413 5624 2629 5700 duosin
2659 5621 2939 5700 latitudine
2963 5628 3059 5700 ,_et
3098 5616 3260 5700 unum
3302 5620 3376 5700 in.
3404 5617 3583 5673 medio
3610 5616 3703 5700 tibi

2105 5688 2431 5770 requiescit,
2483 5697 2571 5770 qui
2610 5692 2813 5770 _elavis_
2852 5690 3107 5770 affigitur.
3166 5690 3333 5770 Pal_us_
3362 5688 3464 5745 iste
3503 5689 3706 5770 media-

2106 5759 2209 5826 nus
2251 5769 2341 5825 lib.
2369 5759 2739 5825 advaudteos
2761 5759 2977 5831 dicitur,
3007 5760 3293 5820 Unicornis
3319 5761 3373 5817 in
3397 5760 3578 5818 medio
3602 5759 3702 5818 sti-

2103 5850 2228 5916 pata
2254 5839 2393 5899 me.
2544 5832 2555 5845 ‘
