4252 6264
576 355 687 419 579

1920 344 2384 407 TERTULLIANI

3770 323 3883 408 ssi)

585 488 783 535 Cruces
846 479 1003 529 erunt
1055 470 1303 526 intestina
1379 466 1772 540 quodammodo
1819 475 2171 538 trepaeorum.
2201 464 2454 535 Acapite
2490 470 2546 519 et
2588 461 2803 519 leonino
2851 470 2905 521 et
2931 462 2999 520 de
3029 462 3168 522 bove
3214 472 3271 522 et
3321 463 3392 520 de
3416 440 3591 524 ariete
3646 474 3702 525 et
3728 467 3878 545 hirco

590 565 775 637 ltaque
799 567 851 621 in
880 562 1129 620 Victoriis
1167 570 1223 617 et
1247 574 1435 616 cruces
1469 559 1598 615 colit
1639 559 1931 615 castrensis
1954 559 2170 628 religio,

579 660 735 728 signa
763 657 970 721 adorat,
999 653 1148 726 signa
1184 651 1418 723 deierat,
1451 653 1598 724 signa
1630 652 1749 722 ipsi'
1771 651 1890 708 Iovi
1922 650 2167 722 praefert.

578 748 683 809 Sed
736 748 827 807 ille
878 748 1169 819 imaginum
1226 754 1509 816 suggestus
1550 752 1606 802 et
1644 746 1809 803 totius
1859 745 1975 800 auri
2003 745 2180 805 cultus

579 840 799 901 monilia
844 854 1066 899 crucum
1107 847 1251 894 sunt.
1277 837 1366 895 Sic
1389 838 1554 895 etiam
1605 838 1658 892 in
1699 836 1972 893 eantabris
2020 844 2180 907 atque

579 934 811 1000 vexillis,
843 949 964 1004 quas
990 948 1098 990 non
1127 936 1338 989 minore
1376 932 1660 992 sanctitate
1691 931 1879 986 militia
1919 929 2175 996 custodit,

578 1026 799 1096 siphara
819 1025 914 1082 illa
942 1034 1123 1082 vestes
1143 1039 1363 1082 crucum
1395 1033 1538 1080 sunt.
1567 1022 1923 1091 Erubescitis,
1956 1023 2172 1093 opinor,

578 1116 809 1179 incultas
833 1126 888 1174 et
907 1115 1077 1172 nudas
1099 1131 1292 1172 cruces
1317 1116 1545 1172 colere.

653 1209 743 1267 l5.
776 1208 878 1266 Alii
906 1209 1066 1279 plane
1096 1209 1379 1264 humanius
1406 1208 1576 1263 solem
1602 1206 1967 1263 Christianum
2013 1207 2174 1265 deum

580 1304 891 1375 etstimant,
940 1303 1083 1373 quod
1132 1303 1424 1357 innotuerit
1464 1302 1530 1359 ad
1575 1301 1796 1373 orientis
1839 1310 2043 1370 partem
2096 1299 2177 1371 (ιι)

578 1393 760 1451 facere
796 1409 897 1451 nos
920 1394 1284 1467 precationem
1310 1394 1395 1448 vel
1423 1392 1514 1449 die
1532 1383 1672 1448 solis
1702 1393 1942 1448 laititiam
1966 1407 2176 1448 curare.

582 1472 843 1554 Quid/vos
897 1488 1078 1543 minus
1124 1486 1328 1542 facitis?
1377 1485 1493 1541 Non
1546 1484 1788 1556 plerique
1845 1484 2183 1545 affectatione

579 1576 839 1637 adorandi
881 1577 1170 1647 aliquando
1197 1579 1358 1633 etiam
1399 1577 1641 1633 cmlcstia
1686 1576 1753 1632 ad
1795 1577 1926 1632 solis
1972 1577 2181 1632 initium

580 1668 1005 1732 labravibratis?
1032 1668 1136 1724 Vos
1153 1677 1302 1725 certe
1323 1671 1476 1736 estis,
1509 1670 1598 1739 qui
1613 1668 1772 1724 etiam
1793 1670 1845 1722 in
1865 1669 2181 1725 laterculum

583 1771 790 1831 septem
820 1760 1029 1817 dierum
1057 1761 1229 1818 solem
1266 1762 1569 1832 recepistis,
1601 1772 1654 1817 et
1674 1776 1745 1817 ex
1772 1761 1961 1817 diebus
2008 1762 2180 1831 ipsum

580 1857 925 1928 praelegistis,
972 1871 1080 1926 quo
1127 1855 1215 1913 die
1252 1856 1525 1911 lavacrum
1569 1854 1945 1922 substrahatis,
1993 1865 2085 1909 aut
2131 1857 2180 1910 in
2215 1887 2262 1946 Β

582 1966 866 2022 vesperam
913 1951 1192 2021 dilferatis,
1217 1961 1308 2006 aut
1343 1952 1510 2009 otium
1547 1959 1602 2007 et
1650 1952 1930 2021 prandium
1959 1952 2181 2008 ‘curetis.

584 2046 741 2119 Quod
765 2046 979 2117 quidem
1009 2044 1184 2103 facitis
1205 2046 1570 2101 exorbitantes
1595 2054 1651 2102 et
1692 2045 1793 2115 ipsi
1838 2060 1867 2099 a
1891 2046 2091 2101 vestris
2119 2045 2183 2100 ad

580 2138 794 2197 alienas
859 2137 1164 2207 religiones.
1219 2135 1393 2192 Judaei
1440 2138 1586 2194 enim
1637 2138 1794 2200 festi,
1844 2136 2064 2193 sabbata
2093 2138 2187 2205 let

579 2243 738 2289 cinna
781 2244 934 2300 pura,
981 2237 1035 2284 et
1083 2227 1283 2297 judaici
1329 2228 1465 2284 ritus
1517 2228 1858 2284 lucernarum
1888 2238 1942 2283 et
1979 2226 2181 2297 jejunia

582 2337 706 2379 eum
728 2323 928 2394 azymis
953 2322 1295 2379 etoratioues
1322 2322 1579 2389 litorales,
1604 2337 1724 2392 quae
1764 2321 1948 2392 utique
2001 2321 2179 2377 aliena

582 2425 712 2474 sunt
740 2432 770 2470 a
798 2416 902 2472 diis
926 2415 1136 2471 vestris.
1160 2416 1360 2481 Quare,
1414 2424 1471 2469 ut
1515 2414 1585 2471 ab
1631 2428 1883 2481 excessu,
1918 2422 2179 2480 revertar,

583 2507 677 2578 qui
698 2507 938 2576 solemet
984 2505 1126 2563 diem
1165 2508 1283 2577 ejus
1312 2505 1467 2561 nobis
1490 2505 1852 2576 exprobratis,
1905 2507 2186 2575 agnoscite

587 2600 937 2666 vicinitatem;
977 2614 1084 2655 non
1111 2599 1270 2670 longe
1290 2613 1321 2654 a
1352 2598 1589 2655 Saturno
1634 2609 1690 2655 et
1714 2599 1953 2655 sabbatis
1982 2599 2179 2655 vestris

584 2706 793 2749 sumus.

674 2787 760 2841 l4.
785 2785 934 2841 Nova
954 2788 1064 2856 jam
1092 2785 1163 2840 de
1187 2785 1298 2840 Deo
1337 2792 1523 2840 nostro
1552 2784 1693 2839 fama
1722 2784 2009 2857 suggessit.
2043 2782 2191 2839 Adeo

596 2893 769 2949 nuper
800 2877 1013 2948 quidam
1054 2876 1449 2947 perditissimus
1502 2876 1554 2931 in
1605 2876 1705 2932 ista
1760 2875 1994 2944 civitate,
2025 2877 2189 2931 ctiam

591 2986 707 3027 sua:
756 2970 1028 3040 religionis
1080 2970 1344 3038 desertor,
1396 2970 1513 3025 solo
1558 2969 1884 3025 detrimento
1911 2971 2051 3024 cutis
2088 2968 2191 3025 Ju-

588 3062 867 3136 dzcus(b),
909 3064 1097 3133 utique
1122 3062 1293 3133 magis
1324 3044 1444 3131 post
1491 3061 1782 3118 bestiarum
1832 3076 2064 3128 morsus,
2115 3062 2181 3117 ad

596 3172 729 3229 quas
758 3172 816 3212 se
854 3156 1081 3219 locando
1101 3154 1344 3226 quotidie
1376 3163 1492 3209 toto
1537 3154 1645 3224 iam
1693 3168 1922 3224 corpore
1963 3153 2186 3221 decutit,

609 3264 731 3304 cum
762 3248 977 3315 incedit,
1009 3248 1270 3318 picturam
1300 3246 1353 3300 in
1384 3261 1484 3302 nos
1513 3246 1792 3317 proposuit
1805 3244 2018 3301 subista
2041 3259 2191 3315 pros-

606 3341 908 3412 criptione:
937 3336 1148 3393 ONOK
1156 3336 1384 3392 01THZ
1408 3336 1511 3408 (5).
1569 3336 1618 3391 is
1658 3346 1776 3392 erat
1818 3337 2037 3393 auribus
2061 3350 2192 3391 ean-

591 3435 873 3500 teriorum,
893 3441 950 3488 et
969 3431 1021 3486 in
1048 3416 1206 3501 toga,
1236 3445 1359 3485 cum
1378 3429 1537 3495 libro,
1566 3430 1736 3484 altero
1756 3427 1891 3498 pede
1911 3428 2189 3499 ungulato.

587 3524 657 3582 Et
692 3523 921 3581 credidit
974 3522 1161 3592 vulgus
1185 3520 1386 3591 judaeo.
1435 3519 1589 3588 Quod
1636 3520 1781 3574 enim
1820 3519 1967 3574 aliud
2021 3534 2191 3589 genus

2280 557 2492 614 cornuti
2519 556 2614 624 dii,
2659 558 2959 629 caprigente
2979 558 3066 614 vel
3105 557 3322 631 anguini
3351 567 3409 614 et
3454 557 3613 617 alites
3666 563 3871 631 planta,

2280 649 2457 706 fronte
2510 660 2566 705 et
2602 658 2752 722 tergo
2788 646 2883 723 (ο).
2932 648 3071 719 Quid
3118 648 3327 723 itaque'
3355 658 3599 708 nostrum
3651 653 3875 710 unicum

2280 740 2553 797 denotatis
2573 741 2599 795 ἲ

2358 835 2447 891 15.
2478 835 2666 891 Plures
2694 834 2968 892 Onocteta:
3012 849 3178 906 penes
3225 851 3324 893 vos
3348 835 3873 910 ,deprehenduntur.

2283 927 2341 984 Si
2372 929 2423 985 in
2454 927 2573 984 deis
2598 927 2911 999 aequalitate
2930 928 3323 996 concurrimus,
3353 931 3687 1007 sequitur,ut
3711 933 3877 989 sacri-

2287 1021 2394 1077 ficii
2429 1022 2514 1078 vel
2560 1022 2700 1079 sacri
2737 1038 2950 1094 quoque
2998 1022 3138 1079 inter
3167 1038 3266 1079 nos
3299 1023 3584 1082 diversitas
3605 1027 3751 1083 nulla
3778 1016 3874 1095 sit,

2284 1121 2347 1169 ut
2368 1130 2433 1170 ex
2463 1114 2568 1169 alia
2596 1114 2778 1185 specie
2802 1116 3218 1185 comparationis
3238 1117 3366 1173 satis
3383 1115 3491 1174 ﬂat.
3517 1117 3625 1176 Nos
3654 1119 3874 1176 infanti-

2284 1207 2427 1262 cidio
2478 1208 2693 1262 litamus
2731 1206 2847 1264 sive
2892 1208 3209 1265 initiamus?
3235 1206 3343 1266 Vos
3375 1252 3391 1278 ,
3424 1213 3470 1267 si
3521 1210 3597 1267 de
3618 1214 3881 1271 memoria

2286 1298 2554 1364 abierunt,
2611 1314 2730 1370 quae
2769 1299 2917 1356 c:ede
2948 1298 3213 1370 hominis,
3260 1318 3490 1379 quaeque
3534 1304 3879 1363 infanticidiis

2284 1390 2627 1460 transegisse,
2670 1392 3067 1462 recognoscetis
3120 1407 3219 1447 suo
3260 1392 3488 1462 ordine;
3543 1412 3682 1452 nunc
3730 1399 3875 1454 enim

2284 1479 2582 1541 diﬂerinius
2629 1481 2904 1553 pleraque,
2934 1498 3002 1540 ne
3038 1484 3227 1540 eadem
3261 1484 3538 1543 videamur
3561 1489 3756 1560 ubique
3779 1474 3872 1546 re;

2287 1582 2536 1629 tractare.
2588 1573 2840 1640 Interim,
2903 1584 2963 1630 ut
2985 1574 3118 1643 dixi,
3150 1592 3216 1631 ex
3270 1577 3374 1633 alia
3417 1586 3569 1650 parte
3594 1596 3700 1636 non
3726 1581 3878 1639 deest

2286 1663 2762 1736 aquuatio.Nam
2793 1667 2893 1721 etsi
2922 1682 3020 1723 nos
3056 1667 3210 1724 aliter
3252 1668 3352 1747 ω),
3397 1685 3554 1727 amen
3582 1684 3690 1728 non
3731 1674 3884 1730 aliter

2288 1772 2384 1813 vos
2414 1757 2486 1827 (ε)
2511 1773 2729 1829 quoque
2756 1758 3103 1828 infanticidio,
3153 1760 3240 1831 qui
3280 1760 3510 1819 infantes
3555 1762 3727 1821 editos
3750 1781 3881 1821 enc-

2287 1859 2473 1905 cantes
2490 1849 2715 1922 legibus
2739 1850 2954 1921 quidem
2982 1851 3359 1922 prohibemini,
3399 1854 3493 1910 sed
3521 1855 3682 1911 nullae
3708 1857 3879 1930 magis

2292 1942 2437 2014 leges
2475 1951 2580 1997 tam
2627 1943 2866 2014 impune,
2923 1953 3030 1999 tam
3066 1959 3256 2001 secure
3312 1946 3413 2002 sub
3460 1948 3701 2004 omnium
3727 1964 3887 2006 cons-

2290 2032 2505 2090 cientiae
2530 2033 2688 2093 unius
2711 2050 2758 2089 ω
2977 2035 3185 2093 tabellis
3206 2037 3513 2093 eluduntur.
3557 2038 3665 2095 Sed
3694 2056 3793 2097 nec
3818 2056 3885 2098 eo

2290 2127 2518 2200 distant,
2558 2126 2607 2185 si
2644 2141 2737 2182 vos
2773 2118 2879 2183 no'n
2914 2128 3019 2183 ritu
3057 2128 3231 2194 sacri,
3273 2143 3449 2200 neque
3499 2128 3603 2187 deo
3644 2133 3870 2188 necatis.

2292 2220 2489 2291 Atquin
2519 2219 2573 2274 in
2604 2218 2707 2275 hoc
2750 2219 3012 2289 asperius,
3062 2220 3206 2291 quod
3250 2220 3449 2294 frigore
3477 2231 3531 2279 et
3568 2222 3729 2291 fame,
3782 2233 3876 2281 aut

2292 2311 2739 2368 bestiis...........
2774 2314 2860 2380 tis,
2893 2322 2987 2368 aut
3015 2312 3261 2384 longiore
3294 2315 3345 2369 in
3394 2316 3546 2386 aquis
3574 2325 3746 2372 morte
3789 2316 3889 2375 de-

2294 2404 2553 2474 mergitis.
2588 2408 2656 2459 At
2701 2413 2756 2458 et
2792 2404 2838 2459 si
2886 2419 3178 2476 quo........
3207 2404 3518 2463 dissimilius
3573 2424 3738 2479 penes
3764 2425 3861 2467 vos

2295 2495 2371 2562 fit,
2400 2510 2466 2549 eo
2493 2494 2742 2562 addicite,
2792 2510 2898 2565 quo
2939 2504 3116 2552 vestra
3148 2497 3367 2568 pignora
3387 2513 3471 2553 ex.
3498 2540 3510 2553 .
3535 2540 3548 2554 .
3574 2538 3587 2552 .
3607 2537 3621 2554 .
3644 2540 3657 2553 .
3679 2537 3721 2554 ..
3743 2538 3758 2555 .
3782 2539 3795 2554 .
3818 2516 3845 2556 s
3866 2541 3885 2571 ,

2294 2598 2351 2645 et
2393 2588 2746 2659 supplebitur.
2776 2587 2888 2644 lmo
2927 2590 3423 2659 superacervabitur
3458 2591 3510 2645 in
3541 2590 3691 2648 vobis
3717 2592 3884 2664 quid-

2293 2681 2540 2752 quid....
2574 2720 2587 2734 .
2626 2681 2834 2737 ratione
2884 2679 3164 2737 defecerit.
3217 2682 3324 2738 Sed
3367 2683 3433 2738 de
3479 2697 3543 2739 ea
3589 2683 3891 2754 impietatis

2295 2775 2470 2832 hostia
2520 2776 2768 2833 dicimur.
2791 2815 2805 2829 .
2824 2814 2838 2830 .
2858 2816 2872 2829 .
2893 2816 2907 2830 .
2931 2775 3058 2832 dum
3090 2778 3160 2833 ita
3187 2793 3398 2850 quoque
3426 2778 3480 2834 in
3505 2779 3655 2837 vobis
3681 2792 3875 2852 rec0g-

2292 2871 2552 2937 noscitur,
2602 2870 2689 2925 ubi
2726 2870 3080 2943 opportunius
3129 2872 3359 2942 positum
3415 2881 3536 2941 est,
3569 2888 3677 2929 non
3715 2874 3886 2932 multo

2293 2962 2623 3018 secernimur
2646 2978 2677 3017 a
2700 2972 2872 3017 vestra
2917 2963 3227 3029 voracitate,
3256 2964 3301 3018 si
3348 2963 3439 3018 illa
3468 2962 3734 3036 impudica
3761 2973 3865 3034 est,

2294 3063 2473 3110 nostra
2510 3069 2639 3110 vero
2662 3054 2916 3119 crudelis,
2968 3056 3342 3128 conjungimur
3387 3056 3435 3112 si
3485 3055 3623 3114 forte
3664 3069 3871 3128 natura,

2297 3164 2399 3219 qua
2423 3162 2641 3218 semper
2667 3150 2869 3204 saevitia
2897 3165 3018 3205 cum
3041 3149 3367 3220 impudicitia
3388 3151 3697 3207 concordat.
3740 3144 3743 3147 ¹

2369 3240 2458 3295 16.
2494 3240 2804 3311 Quanquam
2825 3243 2951 3314 quid
2979 3243 3175 3313 minus,
3207 3244 3315 3299 imo
3338 3238 3467 3314 quid
3509 3258 3616 3300 non
3646 3243 3879 3315 amplius

2297 3331 2494 3388 facitis?
2516 3350 2700 3405 parum
2751 3336 2963 3391 scilicet
3005 3334 3251 3392 humanis
3302 3335 3595 3392 visceribus
3640 3335 3886 3402 inhiatis,

2297 3426 2420 3496 quia
2465 3427 2615 3483 vivos
2660 3434 2714 3483 et
2758 3427 2988 3498 puberes
3017 3428 3313 3484 devoratis?
3360 3444 3547 3500 parum
3592 3412 3885 3486 humanum

2299 3519 2610 3588 sanguinem
2659 3518 2894 3575 lambitis
2924 3562 2937 3584 ,
2985 3520 3236 3591 quoniam
3290 3503 3528 3576 futurum
3568 3521 3879 3594 sanguinem

576 3615 934 3673 seminarium
958 3623 1046 3670 est
1063 3613 1291 3668 infamiae
1308 3613 1533 3668 nostrae?
1550 3613 1735 3682 itaque
1761 3612 1814 3667 in
1840 3620 1951 3666 tota
1970 3611 2186 3667 civitate
2215 3611 2260 3674 C
2289 3611 2529 3668 elicitis?
2577 3627 2766 3683 parum
2811 3613 3014 3671 infante
3072 3615 3353 3671 vesc‘imini
3378 3656 3393 3681 ,
3451 3615 3574 3685 quia
3621 3613 3881 3671 infantem

586 3709 829 3766 ὀνοκοίτησ
862 3705 1200 3774 praedicatur.
1224 3704 1331 3761 Sed
1363 3715 1415 3760 et
1446 3705 1548 3763 hoc
1574 3714 1789 3776 tamque
1828 3714 2113 3760 externum
2136 3715 2191 3761 et

506 3786 513 3791 ’
589 3799 904 3855 auctoritate
931 3798 1188 3866 temporis
1215 3797 1583 3852 destitututum
1614 3799 1924 3869 etqualitate
1947 3802 2186 3859 auctoris

592 3889 861 3947 inﬁrmum
887 3931 902 3956 ,
954 3889 1201 3968 libenter
1244 3891 1505 3961 excipiam
1560 3892 1737 3948 studio
1803 3894 2173 3965 retorquendi.

592 3981 884 4039 Videamus
912 3980 1094 4051 igitur,
1121 3996 1186 4036 an
1217 3981 1305 4036 hic
1329 3997 1542 4052 quoque
1567 3983 1845 4040 nobiseum
1874 3984 2184 4053 deprehen-

487 4098 493 4103 υ
590 4074 813 4132 damini.
842 4075 1028 4145 Neque
1056 4076 1200 4130 enim
1226 4076 1448 4132 interest
1470 4092 1573 4148 qua
1605 4076 1793 4144 forma,
1838 4077 1966 4134 dum
1993 4078 2187 4137 defor-

596 4170 704 4228 mia
734 4154 1026 4231 (simulacra
1072 4171 1350 4229 curemus?
1403 4170 1540 4228 Sunt
1590 4187 1754 4258 penes
1794 4188 1892 4229 vos
1911 4185 1969 4229 et
1995 4173 2190 4233 canino

2299 3715 2466 3760 totum
2493 3720 2832 3778 praecoquum
2863 3707 3207 3778 perhaur‘itis’?
3230 3707 3454 3764 Ventum
3484 3718 3566 3764 est
3593 3708 3662 3763 ad
3690 3709 3885 3769 horam

2291 3799 2631 3855 lucernarum
2666 3811 2721 3855 et
2748 3802 2999 3856 caninum
3025 3802 3374 3858 ministerium
3404 3809 3456 3856 et
3483 3800 3694 3869 ingenia
3719 3809 3880 3859 tene-

2292 3890 2536 3946 brarum.
2564 3891 2685 3959 Quo
2732 3893 2785 3948 in
2834 3892 2952 3949 loco
2994 3904 3174 3950 metuo
3218 3911 3284 3950 ne
3325 3892 3530 3950 cedam.
3558 3892 3698 3961 Quid
3730 3895 3886 3952 enim

2296 3984 2403 4039 tale
2426 3987 2476 4040 in
2519 3986 2667 4042 vobis
2683 3986 2960 4042 detinebo?
2992 3985 3187 4043 Verum
3199 3988 3308 4058 jam
3336 3987 3549 4044 laudate
3580 3987 3809 4043 consilio
3830 4004 3891 4045 m

2293 4080 2482 4135 incesti
2513 4079 2821 4147 verecundi,
2850 4079 2992 4151 quod
3018 4080 3315 4137 adulteram
3353 4092 3563 4137 noctem
3586 4082 3891 4138 commenti

2297 4187 2498 4237 sumus,
2529 4188 2598 4228 ne
2632 4182 2720 4228 aut
2746 4174 2916 4230 lucem
2935 4215 2950 4241 ,
2980 4184 3072 4230 aut
3100 4191 3280 4233 veram
3308 4184 3523 4233 noctem
3553 4166 3893 4255 contamina-

1826 4286 2114 4344 LECTION
2121 4286 2201 4346 ES
2239 4285 2652 4344 VARIANTES.

679 4401 727 4464 l)
757 4409 873 4452 Hau.
902 4402 1281 4463 contignatione.

654 4402 725 4530 ὃ)
752 4463 1073 4516 Scribcndum
1096 4476 1198 4517 esse
1235 4478 1281 4515 6w

673 4459 725 4532 Ξ)
752 4459 1073 4516 Scribenduﬁt
1096 4476 1198 4517 esse
1235 4478 1422 4526 ὀνοιιοὶτης
1474 4476 1539 4517 ea:
1561 4459 2184 4533 Apol.16.apparet;nig.
2228 4502 2243 4513 ,

2290 4399 2443 4453 ethoc
2464 4399 2515 4452 in
2548 4398 2581 4450 ι.
2616 4401 2729 4454 etin
2749 4398 2996 4471 Apologet.
3021 4416 3120 4456 scr.
3163 4402 3499 4461 Onochoetes.

912 4660 921 4665 ν
1965 4595 2524 4663 COMMENTARIUS.

662 4713 740 4785 (τι)
764 4713 840 4767 Ad
861 4711 1081 4789 Orientis
1101 4722 1296 4782 partem
1319 4716 1483 4789 facere
1506 4727 1599 4789 nos
1627 4712 1978 4789 precationem.
2008 4713 2184 4773 V'eris—
2209 4719 2432 4789 Dipsas
2457 4720 2797 4779 affectatione
2825 4718 3191 4789 descendunt,
3224 4731 3280 4779 et
3315 4724 3385 4781 de
3415 4724 3680 4783 morsibus
3722 4725 3874 4783 etde

592 4782 785 4839 simum
816 4784 1282 4854 certissimumque
1307 4793 1390 4839 est
1416 4782 1735 4843 christianos
1770 4784 2032 4840 orientem
2057 4801 2180 4840 ver—

590 4869 681 4910 sus
707 4870 893 4925 preces
920 4869 1044 4910 suas
1069 4869 1373 4925 nuncupare
1400 4854 1624 4925 solitos;
1654 4854 1795 4911 illius
1828 4858 2005 4911 autem
2045 4870 2171 4913 con-

590 4926 886 4981 suetudinis
916 4926 1031 4980 [nec
1070 4935 1186 4981 erat
1212 4924 1368 4980 ratio.
1393 4924 1638 4980 Christus
1663 4925 1913 4980 dominus
1934 4926 1986 4980 in
2015 4941 2173 4987 cruce

590 4997 923 5051 eonstitutns.
952 4996 1016 5050 ad
1040 4996 1319 5067 Occasum
1361 4996 1716 5067 respiciebat,
1744 4995 1869 5051 inde
1897 4997 2173 5054 christiani

592 5076 843 5139 tanquam
890 5066 1081 5125 delixis
1102 5068 1159 5139 in
1186 5065 1468 5139 Christum
1496 5067 1666 5123 oculis
1695 5083 1885 5125 versus
1908 5069 2170 5125 orientem

589 5152 651 5195 se
679 5138 1057 5200 obvertcbant.
1093 5138 1151 5193 S.
1200 5138 1560 5209 Hieronymus
1587 5139 1655 5192 ad
1686 5154 1783 5209 cap
1812 5139 1865 5195 6.
1901 5141 2172 5209 propheta

590 5212 784 5265 Amos:
811 5209 875 5263 lu
901 5209 1148 5280 mysteriis
1172 5209 1394 5279 primum
1422 5211 1768 5267 renuntiamus
1792 5211 1836 5264 ei
1860 5252 1875 5278 ,
1899 5212 1990 5279 qui
2012 5213 2066 5266 in
2087 5229 2172 5267 oc-

588 5282 786 5341 cidente
808 5290 883 5343 est
907 5324 922 5345 ,
952 5282 1192 5352 nobisque
1213 5283 1429 5335 moritur
1454 5296 1570 5352 cum
1593 5282 1809 5349 peccatis
1829 5324 1843 5347 ,
1873 5291 1919 5336 et
1944 5285 2017 5338 sic
2043 5284 2171 5340 versi

588 5353 658 5407 ad
688 5352 942 5409 Orientem
965 5351 1167 5422 pactum
1186 5353 1372 5407 inimus
1390 5368 1508 5410 cum
1534 5351 1658 5407 Sole
1680 5354 1921 5420 iustitiw,
1942 5363 1993 5408 et
2018 5355 2062 5411 ei
2080 5371 2172 5413 nos

588 5424 859 5495 seruiturus
899 5440 1007 5495 esse
1053 5424 1412 5493 promittimus.
1457 5423 1667 5478 Profuni
1711 5433 1767 5479 et
1790 5425 2052 5495 gentiles,
2081 5426 2171 5495 qui

594 5494 841 5567 veritatis
863 5494 1082 5551 omnino
1110 5503 1264 5567 erant
1290 5504 1542 5565 expertes
1594 5494 2007 5552 obvertebantur
2042 5494 2174 5567 quo-

589 5580 692 5635 que
717 5566 782 5621 ad
808 5564 1237 5625 Orientem.sed
1281 5564 1552 5625 Orientem
1595 5567 1765 5627 solem
1811 5567 1970 5623 deum
2015 5564 2172 5625 suum

588 5637 723 5693 falso
750 5638 1032 5695 credentes
1089 5635 1165 5701 Ls
1203 5638 1299 5697 Pa.

661 5706 741 5779 (b)
767 5708 962 5782 Utique
980 5711 1140 5782 magis
1161 5722 1273 5782 post
1310 5711 1583 5782 bestiarum
1612 5726 1809 5767 morsus
1838 5752 1852 5778 ,
1879 5710 1947 5767 ad
1964 5727 2093 5781 quas
2121 5727 2176 5782 se

590 5776 825 5852 iocando.
873 5776 990 5850 Ipse
1033 5776 1172 5841 libro
1214 5782 1280 5852 ad
1334 5781 1628 5852 Hartyras:
1676 5776 2064 5852 Quot'otiosos
2088 5780 2171 5836 af—

589 5841 805 5904 fectatio
850 5841 1125 5906 armorum
1167 5841 1246 5907 ad.
1272 5841 1506 5923 gladium
1546 5841 1913 5915 lceat—‘lGerte
1935 5841 2005 5915 ad
2030 5851 2172 5918 (ms

2282 4791 2623 4855 cicatricibus
2653 4793 2999 4857 formosieres
3021 4794 3124 4853 sibi
3153 4794 3421 4861 videntur.
3450 4796 3570 4861 Bia,

2350 4863 2824 4943 (c)‘{llites_plan‘ta
2854 4865 3022 4935 fronte
3059 4874 3105 4919 et
3125 4875 3284 4936 tergo.
3315 4865 3373 4943 in
3411 4868 3872 4943 exemplarilegl-

2279 4935 2571 5012 tit-mellitas
2584 4935 2739 5006 plana
2752 4935 2988 5012 {remeet
3015 4944 3153 5012 (ergo
3173 4976 3187 5002 ,
3205 4935 3504 5012 mendose;
3538 4935 3819 5012 legendum
3849 4960 3865 4997 :

2273 5002 2478 5082 Planta
2486 5002 2660 5082 fronte
2675 5017 2719 5082 et
2736 5002 2900 5082 tergo.
2912 5002 3235 5082 Mercurium
3252 5011 3394 5082 enim
3409 5002 3670 5082 designat.
3687 5011 3861 5069 Idem.

2343 5074 2707 5153 (d)_Naitt_etst'
2730 5074 2826 5137 nos
2850 5078 3017 5133 aliter.
3046 5077 3158 5153 llos
3184 5074 3682 5153 infanticitlmIcnm
3710 5082 3864 5153 infert

2274 5152 2354 5219 tes
2381 5148 2447 5203 ad
2476 5149 2735 5205 sacriﬁcia
2764 5160 2947 5205 nostra
2977 5148 3185 5206 credere
3211 5151 3473 5219 dicimur;
3508 5168 3602 5209 vos
3639 5148 3861 5211 infanti-4

2273 5217 2406 5272 οἰάευ
2426 5261 2444 5296 ,
2468 5220 2580 5296 qui_
2590 5221 2823 5296 infantes
2866 5235 3058 5277 recens
3102 5221 3279 5283 editos
3307 5240 3407 5296 pro
3435 5217 3658 5282 arbitrio
3684 5233 3872 5284 vestro

2274 5292 2527 5369 necatis_:_
2559 5290 2670 5369 eius
2707 5306 2805 5361 pro
2842 5302 3024 5369 nostra
3046 5333 3062 5359 ,
3091 5303 3149 5369 ut
3392 5340 3405 5358 .
3436 5298 3714 5369 religione.
3770 5296 3886 5355 Vos

2276 5375 2372 5427 pro
2406 5363 2638 5439 arbitrio
2677 5374 2879 5439 vestro.
2912 5364 3021 5421 Vos
3060 5366 3293 5436 quidem
3324 5363 3590 5439 infantes,
3622 5370 3781 5425 aliter
3806 5380 3878 5435 ne

2274 5447 2391 5507 nos,
2416 5434 2624 5491 caedere
2663 5436 2912 5500 dicimur,
2949 5434 3193 5507 ceditis;
3226 5434 3594 5500 verumtamen
3639 5434 3867 5500 czeditis.

2274 5502 2354 5561 Β)
2380 5504 2394 5559 i
2434 5506 2543 5563 itur
2564 5508 2708 5576 quod
2734 5510 2941 5567 ceditis
2959 5552 2975 5577 ,
3007 5527 3159 5583 neque
3180 5502 3314 5569 estis
3354 5514 3697 5572 infanticidre.
3726 5512 3875 5585 316,

2353 5520 2431 5648 (εξ
2467 5576 2658 5635 Tantm
2676 5597 2779 5636 non
2799 5582 2949 5638 aliter
2969 5599 3074 5639 vos.
3119 5582 3436 5642 lnfautieidii
3461 5589 3667 5645 crimen
3686 5596 3745 5643 et
3768 5582 3875 5645 eti!-

2353 5576 2441 5649 (e),
2467 5576 2658 5635 Tantm
2676 5597 2779 5636 non
2799 5582 2949 5638 aliter
2963 5576 3088 5639 m5
3119 5582 3436 5642 lnfauticidii
3461 5589 3667 5645 crimen
3686 5596 3745 5643 et

2281 5647 2392 5704 tera
2410 5647 2616 5720 ﬂagitia
2648 5652 2702 5707 in
2719 5655 2947 5729 gentiles
2974 5665 3271 5727 retorquet,
3296 5658 3387 5729 qui
3423 5658 3746 5715 diristianos
3766 5670 3872 5715 eno

2278 5734 2396 5811 59:."
2418 5736 2596 5811 terra
2606 5726 2957 5811 ξοεξυιαὲεηι
2973 5726 3198 5811 «vitae
3214 5726 3370 5811 eam
3386 5730 3590 5811 φθεεῆ
3614 5771 3629 5797 ι
3652 5739 3707 5793 αι
3726 5738 3869 5811 φωρ

2272 5790 2377 5849 soli
2418 5790 2642 5865 gnostiei
2678 5790 3018 5869 perpetrasse
3044 5798 3378 5859 dicebantur.
3406 5794 3485 5858 Ls
3514 5790 3628 5865 re."
3658 5790 3663 5793 ’
3742 5790 3764 5811 ’
3844 5800 3855 5813 ’

3792 5952 4185 6128 λι
