4252 6264
631 287 738 346 585

2054 274 2516 334 TERTULLIANI
3479 277 3506 310 '3

3833 275 3938 338 584

632 407 720 460 litt:
749 401 1013 474 ejusmodi
1039 399 1298 457 scelerum
1331 395 1761 453 delitescentium
1795 395 1846 450 in
1875 394 2048 451 vobis.
2080 392 2221 448 Nihil
2249 396 2300 454 Λ
2330 393 2429 461 lis,
2463 392 2604 465 quod
2635 406 2808 465 neque
2831 393 3040 466 gladios
3075 408 3250 466 neque
3288 409 3478 452 cruces
3509 410 3689 469 neque
3726 396 3928 454 bestias

633 494 995 553 semelevenit
1045 494 1096 546 in
1147 491 1306 546 rebus
1348 489 1620 554 humanis,
1680 488 1847 542 semel
1904 487 2059 556 plane
2108 486 2224 540 erui

634 598 827 661 potest.
854 589 930 643 De
951 583 1304 639 sacramentis
1331 593 1528 636 nostra:
1548 580 1821 650 religionis
1845 579 2223 649 opiuoriuteno

635 684 776 745 tatis,
809 691 862 738 et
889 691 1012 734 sunt
1045 679 1187 748 paria
1221 677 1414 732 veStris
1440 676 1600 731 etiam
1632 692 1736 729 non
1768 673 2138 728 sacramentis.

705 819 792 876 t7.
825 818 899 872 De
924 815 1384 872 Obstinationilms
1411 830 1539 869 vero
1568 812 1651 868 vel
1683 807 2187 881 prmsumptionibus
2209 849 2222 871 ,

634 911 678 967 si
710 925 811 981 qua
851 909 1153 979 proponitis
1173 949 1186 973 ,
1224 923 1289 963 ne
1317 909 1432 961 ista:
1459 906 1672 977 quidem
1702 903 1766 957 ad
1796 902 2226 958 comnnmionem

639 1001 1056 1072 comparationis
1099 1001 1366 1054 absistunt
1412 997 1510 1069 (a).
1537 997 1734 1070 ‘Prima
1779 994 2066 1050 obstinatio
2104 1002 2225 1059 est,

635 1111 754 1166 qum
803 1093 1034 1148 secunda
1083 1092 1151 1146 ab
1183 1093 1260 1146 eis
1303 1090 1489 1160 religio
1529 1088 1870 1143 constituitur
1911 1085 2228 1140 Czcsariana:

636 1187 954 1258 majestatis,
985 1187 1124 1256 quod
1156 1185 1437 1255 irreligiosi
1464 1182 1707 1237 dicamur
1733 1186 1784 1237 in
1813 1181 2085 1245 Cmsares,
2121 1195 2230 1235 ne—

637 1295 741 1352 que
771 1281 1028 1350 imagines
1053 1295 1239 1335 eorum
1272 1277 1692 1348 repropitiando,
1727 1292 1896 1346 neque
1923 1274 2108 1344 genios
2135 1273 2231 1328 de-

631 1375 856 1446 jerando
889 1376 1068 1429 hostes
1097 1373 1273 1442 populi
1306 1386 1693 1439 nuncupantur.
1725 1368 1800 1421 Ita
1832 1382 1960 1422 vero
1991 1367 2080 1434 sit,
2111 1380 2230 1420 cum

637 1483 704 1524 ex
733 1469 884 1524 vobis
915 1465 1218 1522 natiooibus
1250 1462 1488 1534 quotidie
1517 1462 1777 1527 Cmsares,
1807 1469 1859 1514 ει
1895 1457 2147 1522 Parthici,
2180 1467 2233 1512 et

636 1560 848 1627 Medici,
873 1569 926 1615 et
951 1558 1276 1616 Germanici.
1310 1556 1422 1610 Hoc
1452 1555 1570 1609 loco
1597 1553 1833 1608 Romana
1859 1566 1992 1622 gens
2017 1550 2229 1617 viderit,

637 1655 692 1710 in
723 1651 1212 1725 quibus‘indomitze
1241 1659 1296 1704 et
1320 1660 1586 1703 extraneae
1621 1646 1881 1700 nationes.
1919 1643 2024 1699 Vos
2054 1651 2232 1696 tamen

637 1745 706 1801 de
733 1745 929 1800 nostris
957 1743 1212 1796 adversus
1257 1750 1469 1794 nostros
1506 1737 1846 1807 conSpiratis.
1879 1736 2234 1806 Agnoscimus

638 1853 768 1895 sane
831 1851 1106 1892 romanam
1169 1835 1222 1888 in
1280 1833 1520 1889 Caesares
1573 1831 1754 1885 fidem.
1808 1829 1961 1885 Nulla
2009 1844 2238 1899 unquam
2271 1792 2487 1872 ΒίωνΙι

640 1931 936 2003 conjuratio
964 1929 1162 2000 erupit,
1189 1927 1363 1981 nullus
1391 1926 1440 1980 in
1474 1934 1659 1980 senatu
1684 1923 1765 1979 vel
1795 1922 1846 1976 in
1881 1922 2087 1992 palatiis
2110 1921 2241 1990 ipsis

639 2025 856 2096 sanguis
895 2023 975 2096 (l)
1013 2022 1242 2077 Caesaris
1272 2031 1453 2074 notam
1489 2019 1600 2072 lixit
1628 2017 1737 2089 (b);
1769 2016 1910 2070 nulla
1943 2016 1995 2069 in
2025 2016 2240 2084 provin-

638 2118 735 2173 ciis
766 2115 1008 2170 allectata
1039 2113 1309 2182 majestas.
1343 2110 1528 2165 Adhuc
1563 2109 1731 2181 Syriae
1762 2107 2078 2162 cadaverum
2107 2106 2239 2160 odo-

640 2208 784 2263 ribus
811 2207 1043 2274 spirant;
1074 2204 1248 2259 adhnc
1272 2203 1457 2259 Gallia:
1491 2202 1753 2256 Rhodano
1779 2215 1879 2256 suo
1906 2216 2010 2255 non
2038 2199 2234 2254 lavant.

641 2298 746 2356 Sed
780 2300 968 2352 omitto
995 2297 1226 2353 vesania:
1253 2296 1494 2359 erimina,
1532 2295 1653 2365 quia
1684 2307 1784 2347 nec
1811 2293 1909 2346 ista
1939 2291 2238 2347 Romanum

637 2406 833 2446 nomen
863 2390 1170 2449 admittunt.
1203 2387 1464 2442 Vanitatis
1489 2385 1771 2454 sacrilegia
1803 2385 2116 2438 conveniam
2143 2426 2156 2448 ,
2186 2391 2240 2436 et

638 2482 807 2554 ipsius
839 2481 1135 2537 vernacohe
1166 2481 1341 2550 gentis
1373 2479 1782 2534 irreverentiam
1818 2490 2197 2547 recognoscam
2221 2517 2236 2542 ,

638 2587 695 2632 et
737 2576 956 2631 festivos
1000 2574 1208 2630 libellos
1233 2617 1248 2640 ,
1280 2587 1415 2644 quos
1458 2582 1649 2627 statua:
1697 2573 1871 2626 sciunt
1911 2570 2017 2642 (c),
2051 2578 2104 2625 et
2151 2567 2238 2623 illa

637 2670 853 2738 obliqua
882 2683 1260 2738 nonnunquam
1283 2666 1421 2721 dicta
1451 2682 1480 2720 a
1502 2665 1730 2720 cencilio
1751 2674 1909 2736 atque
1928 2662 2229 2725 maledicta,

637 2778 756 2832 qum
800 2761 926 2816 circi
957 2768 1168 2815 sonant.
1199 2759 1252 2812 Si
1287 2749 1402 2812 non'
1425 2759 1620 2825 armis,
1653 2759 1838 2811 saltem
1869 2755 2046 2825 lingua
2091 2769 2232 2808 sem-

639 2869 741 2924 per
771 2854 999 2908 rebelles
1025 2853 1173 2907 estis.
1200 2850 1304 2906 Sed
1333 2850 1500 2916 aliud,
1532 2850 1744 2920 Opinor,
1773 2857 1879 2916 est,
1911 2864 2014 2902 non
2048 2847 2231 2919 jurare

638 2962 734 3019 per
758 2948 969 3018 genium
989 2945 1236 3000 Ctesaris.
1280 2945 1560 2999 Dubitatur
1583 2945 1725 2998 enim
1750 2944 1814 2998 de
1832 2943 2061 3013 perjuris
2082 2943 2226 3012 jure,

637 3055 758 3096 cum
806 3055 871 3095 ne
921 3055 1014 3110 per
1061 3039 1191 3094 deos
1234 3037 1448 3109 quidem
1475 3046 1683 3091 vestros
1712 3053 1776 3091 ex
1821 3035 1926 3091 fide
1956 3035 2228 3106 dejeretis.

635 3132 744 3189 Sed
768 3149 870 3188 non
891 3132 1119 3188 dicimus
1139 3132 1296 3187 deum
1323 3132 1699 3201 imperatorem
1721 3149 1734 3194 ;
1755 3146 1915 3202 super
1940 3129 2043 3186 hoc
2063 3131 2229 3200 enim,
2260 3125 2304 3188 C

636 3227 779 3298 quod
809 3227 965 3298 vulgo
992 3226 1157 3290 aiunt,
1191 3240 1413 3281 sannam
1445 3223 1666 3279 facimus
1687 3223 1790 3296 (ά).

710 3363 797 3417 18.
833 3363 944 3418 lmo
984 3363 1075 3432 qui
1116 3362 1276 3418 deum
1319 3363 1584 3418 Caesarem
1614 3362 1812 3428 dicitis,
1848 3372 1901 3418 et
1939 3363 2232 3430 deridetis,

637 3453 865 3510 dicendo
888 3457 1030 3524 quod
1061 3469 1165 3509 non
1195 3465 1275 3509 est
1300 3496 1315 3520 ,
1344 3465 1398 3510 et
1430 3455 1568 3510 male
1594 3455 1772 3510 dicitis
1791 3497 1806 3520 ,
1832 3457 1953 3526 quia
1985 3473 2090 3511 non
2124 3457 2236 3511 vult.

637 3563 757 3603 esse
800 3548 941 3616 quod
984 3548 1193 3613 dicitis;
1239 3549 1438 3602 mavult
1481 3549 1624 3602 enim
1663 3550 1878 3616 vivere,
1907 3565 2068 3620 quam
2100 3551 2232 3605 deus

637 3639 775 3694 fieri.
805 3639 1088 3710 Reliquum
1120 3639 1497 3696 obstinationis
1533 3643 1584 3695 in
1615 3641 1704 3696 illo
1733 3642 1963 3712 capitulo
1992 3643 2226 3698 colloca-

2331 497 2541 544 vestras
2561 529 2575 555 ,
2609 503 2712 543 non
2750 488 2921 559 ignem
2943 532 2958 557 ,
2994 506 3098 544 non
3129 500 3394 545 tormenta
3415 532 3430 556 ,
3460 491 3529 546 ob
3555 491 3840 547 duritatem
3871 505 3933 547 ac

2331 590 2695 652 contemptum
2735 583 2953 649 mortis,
2981 584 3163 638 animo
3189 597 3520 638 recusemus.
3556 585 3625 638 At
3650 584 3792 638 enim
3821 583 3932 639 hate

2331 677 2508 732 omnia
2533 676 2672 746 apud
2707 678 2911 746 priores
2937 676 3275 747 majoresque
3301 687 3510 732 vestros
3531 689 3638 732 non
3659 676 3931 732 contemni

2332 771 2514 835 modo,
2545 771 2638 826 sed
2667 773 2825 826 etiam
2853 759 3040 842 magna
3067 771 3224 826 laude
3249 771 3464 841 pensari
3494 786 3557 826 ac
3586 771 3777 825 virtute
3797 770 3938 825 didi-

2333 877 2542 922 cerunt.
2585 865 2808 920 Gladius
2853 877 2983 934 quot
3031 876 3085 920 et
3127 874 3358 934 quantos
3390 865 3532 919 viros
3563 862 3932 919 voluntarios!

2334 962 2477 1032 piget
2526 961 2801 1031 prosequi.
2853 959 3040 1014 Crucis
3097 975 3226 1014 vero
3275 959 3562 1014 novitatem
3628 972 3935 1012 numerosae

2333 1055 2594 1110 obstrusae
2638 1053 2876 1123 Regulus
2919 1060 3096 1108 vester
3137 1051 3366 1106 libenter
3407 1050 3688 1106 dedicavit.
3730 1047 3939 1119 Regina

2335 1145 2553 1218 Egypti
2585 1147 2772 1202 bestiis
2800 1146 2912 1200 suis
2942 1161 3036 1200 usa
3065 1156 3166 1200 est.
3196 1143 3351 1215 ignes
3396 1153 3518 1216 post
3545 1143 3940 1212 Carthaginen-

2337 1255 2452 1296 sem
2504 1239 2754 1294 feminam
2802 1237 3101 1293 Asdrubale
3147 1238 3339 1292 marito
3382 1236 3437 1291 in
3469 1234 3728 1291 extremis
3760 1234 3942 1304 patriae

2338 1333 2755 1390 constantiorem
2793 1331 3050 1386 docuerat
3093 1329 3344 1385 invadere
3389 1327 3694 1408 ipsag‘Dido.
3739 1326 3845 1383 Sed
3887 1336 3942 1383 ct

2339 1433 2604 1480 tormenta
2635 1422 2828 1479 mulier
2857 1408 3031 1477 Attica
3062 1419 3297 1492 fatigavit
3329 1429 3558 1492 tyranno
3589 1433 3806 1490 negans,
3845 1431 3943 1489 po-

2337 1526 2573 1582 stremo,
2599 1531 2666 1571 ne
2712 1513 2928 1570 cederet
2956 1528 3153 1584 corpus
3189 1523 3243 1567 et
3283 1527 3447 1567 sexus
3471 1553 3486 1578 ,
3518 1511 3751 1581 linguam
3785 1524 3940 1565 suam

2338 1618 2542 1679 pastam
2579 1607 2830 1678 exspuit,
2865 1615 3034 1661 totum
3061 1605 3348 1660 eradicata:
3377 1602 3735 1660 confessionis
3780 1602 3942 1657 mini-

2339 1701 2582 1755 sterium.
2627 1699 2732 1754 Sed
2782 1701 2978 1754 vestris
3036 1698 3135 1751 ista
3183 1696 3248 1751 ad
3293 1695 3558 1766 gloriam,
3616 1693 3813 1749 nostris
3873 1692 3940 1748 ad

2491 1794 2593 1847 iam
2620 1793 2906 1862 deputatis.
2932 1791 3199 1846 Destruite
3229 1805 3369 1844 nunc
3399 1789 3622 1861 gloriam
3650 1788 3938 1857 majorum,

2346 1902 2453 1957 quo
2480 1901 2579 1940 nos
2602 1899 2816 1955 quoque
2840 1884 3150 1938 destruatis.
3177 1881 3430 1937 Contenti
3461 1890 3636 1936 estate
3656 1878 3942 1935 detrahere

2344 1979 2505 2034 etiam
2551 1978 2694 2032 laudi
2727 1988 3006 2047 parentum
3033 1975 3098 2031 ad
3134 1989 3370 2044 praesens
3397 2017 3411 2042 ,
3457 1989 3526 2030 ne
3567 1974 3720 2029 nobis
3767 1973 3940 2028 locum

2343 2069 2501 2126 detis.
2532 2071 2604 2125 De
2644 2070 2726 2124 his
2758 2070 2975 2125 forsitan
3004 2078 3058 2122 et
3084 2079 3379 2137 temporum
3410 2067 3641 2137 qualitas
3670 2065 3944 2120 robustio-

2344 2163 2418 2217 ris
2463 2161 2794 2232 antiquitatis
2844 2163 3084 2231 exegerit
3133 2161 3344 2230 ingenia
3395 2160 3656 2224 duriora,
3690 2170 3744 2213 at
3800 2173 3941 2214 nunc

2344 2254 2705 2324 tranquillitas
2738 2254 2882 2324 pacis
2922 2263 2976 2307 et
3013 2253 3222 2322 ingenia
3267 2253 3478 2306 mitiora
3519 2261 3574 2306 et
3603 2261 3808 2306 mentes
3841 2250 3940 2306 ho-

2343 2345 2546 2399 minum
2573 2346 2732 2400 etiam
2761 2345 2813 2398 in
2851 2353 3136 2399 extraneos
3165 2341 3306 2411 (e)...
3340 2342 3499 2413 Ergo,
3532 2342 3770 2411 inquitis,
3800 2349 3945 2396 vete-

2342 2439 2491 2494 ribus
2515 2453 2612 2494 vos
2646 2447 2990 2508 comparate;
3021 2439 3173 2492 nobis
3200 2452 3418 2493 necesse
3448 2447 3528 2492 est
3556 2438 3606 2491 in
3636 2437 3788 2491 vobis
3815 2436 3942 2491 odio

2344 2533 2594 2603 prosequi
2638 2531 2780 2601 quod
2814 2547 2842 2584 a
2879 2533 3034 2586 nobis
3061 2547 3166 2585 non
3195 2531 3479 2600 probatur.
3507 2529 3624 2599 quia
3655 2543 3754 2584 nec
3785 2529 3944 2584 inve-

2344 2627 2488 2681 nitur
2513 2627 2563 2680 in
2593 2627 2765 2680 nobis.
2796 2625 3135 2693 ReSpOndete
3164 2627 3325 2694 igitur
3350 2624 3414 2679 ad
3443 2625 3676 2694 singulas
3698 2623 3940 2693 species.

2337 2720 2452 2776 Non
2497 2721 2683 2776 eadem
2734 2735 2866 2776 voce
2913 2721 3158 2789 exempla
3208 2719 3462 2788 deposco.
3517 2718 3572 2772 Si
3624 2726 3940 2787 contemptu

2339 2816 2542 2870 scilicet
2571 2814 2760 2869 mortis
2790 2813 2996 2884 gladius
3021 2812 3088 2867 de
3115 2812 3408 2882 majoribus
3442 2810 3645 2864 fabulas
3667 2810 3811 2875 fecit,
3841 2809 3945 2864 uti-

2336 2921 2440 2976 que
2471 2921 2575 2960 non
2604 2905 2724 2958 vitae
2751 2918 2932 2958 amore
2963 2903 3142 2972 gladio
3169 2917 3262 2956 vos
3283 2902 3348 2955 ad
3373 2902 3593 2955 lanistas
3619 2899 3932 2965 auctoratis,

2337 2997 2429 3053 sed
2471 2998 2657 3052 mortis
2687 3011 2880 3051 nomen
2923 2996 3125 3051 militia:
3151 2995 3290 3049 datis
3327 2994 3429 3065 (f).
3462 2995 3517 3048 Si
3550 2993 3762 3048 femina:
3789 2993 3944 3047 alicui

2339 3089 2405 3145 de
2453 3088 2639 3143 bestiis
2686 3087 2887 3142 famosa
2933 3102 3078 3142 mors
3125 3097 3241 3150 est,
3289 3085 3466 3141 medio
3512 3087 3750 3156 quotidie
3792 3085 3938 3156 pacis

2339 3190 2531 3252 sponte
2575 3181 2738 3235 libera
2781 3179 2847 3234 ad
2884 3179 3085 3234 bestias
3130 3179 3238 3232 itis.
3269 3177 3324 3232 Si
3352 3192 3566 3233 crucem
3594 3219 3609 3244 ,
3641 3176 3940 3246 conligendi

2340 3273 2581 3342 corporis
2621 3271 2920 3326 machinam
2943 3311 2959 3336 ,
2995 3270 3173 3324 nullus
3219 3268 3392 3322 adhuc
3419 3285 3484 3324 ex
3515 3269 3666 3323 vobis
3704 3266 3940 3339 Regulus

2341 3366 2565 3436 pepigit,
2596 3373 2832 3419 attamen
2855 3364 2966 3434 jam
3001 3364 3137 3434 ignis
3167 3371 3506 3432 contemptus
3533 3363 3702 3416 evasit
3731 3362 3840 3432 (g),
3873 3377 3943 3417 ex

2339 3474 2447 3529 quo
2477 3475 2536 3513 se
2563 3457 2775 3526 quidam
2810 3456 3052 3526 proxime
3079 3455 3410 3510 vestiendum
3441 3455 3724 3509 inecndiali
3757 3453 3934 3510 tunica

2340 3553 2405 3607 ad
2437 3561 2643 3607 certum
2677 3564 3058 3621 usquequaque
3105 3550 3280 3604 locum
3312 3549 3626 3603 auctoravit.
3672 3547 3727 3602 Si
3759 3547 3936 3617 ﬂagris

2306 3683 2310 3687 -
2341 3645 2536 3700 mulier
2566 3643 2836 3699 insultavit
2865 3684 2880 3711 ,
2917 3642 3018 3696 hoc
3045 3657 3255 3713 quoque
3286 3643 3524 3712 proxime
3555 3641 3694 3695 inter
3718 3647 3938 3694 venato-

1875 3756 2257 3817 LECTIONES
2296 3759 2710 3816 VARIANTES.

699 3869 773 3936 (ι)
811 3877 882 3922 tta
905 3879 1050 3931 Hau;
1079 3872 1190 3920 cod.
1216 3881 1307 3920 ms.
1326 3870 1593 3933 sanguinis.

2004 3976 2564 4038 COMMENTARIUS.

639 4094 970 4151 naliciarium
1015 4109 1120 4149 non
1164 4108 1285 4149 esse
1323 4102 1674 4148 mercatorem
1696 4133 1710 4156 ,
1744 4090 1836 4148 sed
1868 4107 2182 4163 mangonem
2211 4111 2225 4159 ;

641 4183 930 4236 mangones
945 4166 1087 4221 enim
1111 4166 1324 4235 proprie
1345 4181 1448 4219 non
1467 4163 1719 4219 dicuntur
1735 4160 2080 4226 mercatorias.
2106 4160 2226 4234 quia

643 4235 847 4292 venalia
876 4237 1137 4306 mancipia
1167 4252 1272 4291 non
1301 4246 1425 4290 sunt
1453 4236 1504 4289 in
1540 4251 1718 4290 merce
1747 4235 2230 4305 diseerrnmturque

640 4325 850 4363 merces
869 4327 896 4361 a
924 4309 1199 4362 venalibus
1219 4350 1232 4371 ,
1256 4319 1307 4361 et
1339 4317 1605 4362 mercatus
1623 4323 1652 4360 a
1678 4307 1942 4362 venalitiis
1967 4309 2004 4363 ι.
2031 4309 2070 4361 l.
2098 4306 2226 4363 Cod.

640 4379 703 4432 de
734 4379 916 4434 Nund.
949 4391 995 4435 et
1021 4389 1230 4433 mereat.
1265 4379 1524 4446 Mancipia
1552 4379 1760 4433 venalia
1793 4395 1896 4434 non
1928 4381 2229 4434 referuntur

639 4450 704 4505 ad
738 4467 824 4506 res
863 4452 1085 4509 mobiles
1117 4451 1328 4520 prOprie
1354 4492 1368 4512 ,
1393 4465 1514 4504 nam
1557 4451 1682 4505 licet
1723 4466 1811 4506 res
1841 4451 2098 4504 vendatur
2124 4467 2229 4505 non

642 4531 819 4577 tamen
859 4523 1085 4577 traditur
1126 4523 1216 4592 qui
1258 4522 1502 4590 exceptio
1531 4521 1668 4588 apud
1701 4521 2116 4577 .Iurisconsultos
2147 4538 2234 4576 5o—

642 4593 853 4648 leinnis.
898 4593 1090 4649 Mercis
1127 4602 1302 4648 autem
1335 4593 1620 4663 appellatio
1648 4593 1714 4646 ad
1757 4610 1842 4647 res
1883 4605 2085 4648 tantum
2119 4610 2231 4648 mo-

641 4665 799 4791 Ili‘iilzesP
804 4668 1033 4736 pertinet
1063 4673 1120 4719 ut
1169 4665 1392 4720 habetur
1434 4663 1493 4734 (Ι.
1528 4662 1618 4736 69.
1649 4663 1716 4717 D.
1749 4664 1812 4718 de
1854 4663 2002 4720 Verb.
2031 4666 2234 4736 signif.)

802 4753 853 4789 rt.

688 4751 719 4790 Ε
757 4751 853 4790 I’R.

715 4852 793 4924 (a)
835 4853 917 4910 Ne
959 4855 1070 4910 ista:
1095 4855 1298 4925 quidem
1322 4855 1390 4908 ad
1413 4855 1817 4909 communionem
1843 4853 2237 4923 comparationis

641 4923 908 4980 absistunt.
941 4923 1256 4980 Emen‘datio
1287 4926 1339 4980 in
1367 4937 1616 4996 promptu
1640 4925 1898 4980 videatur.
1926 4930 1968 4980 A
1991 4941 2232 4980 commu-

643 4997 804 5068 nione
834 4999 1266 5068 comparationis
1292 4997 1557 5052 absistunt
1585 5016 1596 5050 :
1624 4997 1824 5052 Verum
1857 4997 1926 5050 ita
1954 4997 2234 5064 scripsisse

644 5067 1030 5123 Tertullianuin
1050 5069 1320 5133 existimo,
1355 5068 1846 5122 adcommunionem.
1866 5068 2074 5122 Etenim
2096 5079 2237 5120 amat

644 5139 1009 5206 hujuscemodi
1032 5141 1450 5207 compositiones
1475 5182 1489 5202 ,
1523 5140 1926 5194 Adstudendum
1951 5181 1964 5200 ,
1987 5139 2236 5192 Adsacri-

645 5209 822 5264 lirium
847 5251 862 5275 ,
898 5210 1320 5271 Adlzrderentur.
1353 5209 1449 5263 llic
1481 5211 1637 5280 igitur
1666 5211 1767 5272 ait,
1799 5225 1866 5264 ne
1892 5210 1991 5264 ista
2020 5208 2234 5279 quidem

641 5295 762 5349 qua:
801 5282 1065 5350 ohjicitis,
1093 5283 1359 5335 absistunt
1398 5281 1898 5336 adi-ommunionem
1954 5295 2237 5349 compara-

645 5359 822 5407 tionis.
853 5356 953 5406 lioc
998 5363 1119 5418 est,
1152 5367 1256 5407 n0n
1313 5351 1610 5423 impediunt
1650 5369 1756 5423 quo
1786 5354 1962 5407 minus
1999 5353 2153 5405 sistat
2181 5365 2240 5404 se

641 5423 1016 5478 adeommunio
1045 5423 1480 5492 comparationis.
1510 5422 1648 5478 lllG.

715 5516 794 5588 (h)
810 5514 896 5570 Vel
915 5519 965 5571 in
989 5518 1194 5583 palatiis
1210 5518 1354 5587 ipsis.
1384 5517 1750 5573 Romanorum
1779 5517 2152 5572 crudelitatem
2176 5516 2228 5570 in

642 5601 769 5660 suos
799 5589 1146 5660 imperatores
1172 5591 1348 5658 arguit
1371 5631 1386 5653 ,
1417 5589 1504 5659 qui
1530 5591 1580 5643 in
1613 5589 1753 5659 regia
1775 5631 1789 5655 ,
1823 5589 1873 5643 in
1906 5589 2114 5660 palatiis
2134 5631 2148 5654 ,
2177 5588 2230 5642 in

643 5658 760 5726 ipso
814 5660 1013 5714 Senatu
1069 5659 1347 5730 Principes
1397 5658 1826 5716 coiifodiebant:
1877 5658 1999 5715 cum
2052 5670 2230 5713 tamen

642 5729 784 5808 nulla
816 5745 985 5800 neque
1010 5731 1202 5808 seditio
1227 5729 1267 5784 a7
1292 5731 1610 5808 christian‘is
1639 5733 2046 5808 εοηείιεηειρν,Δ
2059 5745 2234 5808 neque

642 5801 800 5853 novis
828 5816 1059 5872 unquam
1088 5803 1250 5859 rebus
1277 5803 1494 5860 studere
1516 5803 1614 5858 visi
1640 5802 1856 5859 fuerint.
1886 5801 1975 5858 LE
2013 5801 2124 5858 PR.

2404 4093 2481 4165 (ε)
2525 4093 2663 4162 Quas
2692 4102 2874 4150 statua?
2897 4095 3082 4150 sciunt.
3116 4094 3323 4151 Adlixis
3362 4092 3724 4165 antappensis
3741 4092 3808 4149 ad
3834 4101 3947 4149 sta-

2338 4177 2456 4222 tuas
2488 4166 2714 4220 tabellis.
2752 4165 2885 4222 RIG.

2407 4238 2485 4307 (d)
2529 4236 2680 4304 Quod
2707 4237 2855 4308 vulgo
2899 4239 3312 4309 aittnt,sannam
3339 4239 3578 4309 facimus.
3602 4236 3778 4292 Sanna
3803 4235 3946 4291 deri-

2334 4310 2501 4364 sionis
2546 4309 2754 4376 species
2800 4321 2882 4363 est
2923 4325 3042 4378 qme
3070 4308 3228 4362 [iebat
3257 4308 3352 4363 ore
3381 4309 3614 4363 distorto
3640 4310 3898 4374 vultuque
3923 4349 3941 4372 ,

2335 4391 2422 4434 aut
2464 4390 2610 4433 certa
2661 4379 2947 4450 digitorum
3000 4395 3322 4434 manunmve
3362 4381 3819 4441 conformatione,
3846 4386 3943 4431 aut

2335 4451 2496 4506 ductu
2526 4451 2787 4505 lahiorum
2817 4452 2934 4505 sine
2963 4451 3071 4504 ullo
3098 4452 3293 4521 verbo,
3323 4452 3503 4506 Sanna
3536 4465 3705 4521 graece
3737 4458 3900 4515 pr;va
3923 4489 3940 4521 ε

2337 4521 2620 4576 Adhibitas
2649 4523 2811 4577 fuisse
2857 4523 2972 4575 illas
3017 4521 3228 4576 Sannas
3252 4520 3305 4576 et
3334 4522 3445 4576 oris
3488 4519 3836 4576 distorsiones
3873 4519 3942 4573 ad

2339 4593 2756 4647 terrefaciendos
2784 4594 3056 4661 plorantes
3086 4608 3278 4660 pueros
3312 4601 3458 4662 pati-t
3484 4608 3547 4647 ex
3579 4592 3814 4646 Arnohio
3841 4588 3940 4644 lib.

2339 4663 2404 4718 ν.
2440 4664 2609 4731 Usque
2635 4664 2829 4718 adeone
2849 4665 3083 4718 mortales
3099 4665 3274 4717 steculi
3295 4661 3434 4717 illius
3454 4680 3516 4716 ac
3539 4662 3778 4729 temporis
3791 4661 3947 4715 corde

2342 4736 2541 4805 fuerant
2588 4737 2730 4788 vacui
2771 4776 2785 4800 ,
2817 4735 3124 4804 rationisque
3189 4751 3466 4804 sensusque
3515 4736 3710 4788 nullius
3738 4773 3754 4796 .
3780 4743 3832 4785 ut
3880 4731 3946 4784 ab

2342 4805 2580 4860 actionib.
2614 4807 2855 4875 improbis
2895 4817 3137 4876 tanquam
3182 4806 3383 4875 parvuli
3407 4847 3422 4871 ,
3457 4807 3696 4873 pusiones
3720 4845 3736 4870 ,
3763 4818 3943 4876 perso-

2342 4894 2523 4931 narum
2549 4873 3010 4931 ritattslranissiiita
3035 4873 3266 4931 torvitate
3297 4878 3471 4931 sumtis
3498 4880 3650 4929 etiam
3682 4873 3942 4927 constrin-

2339 4959 2595 5018 gerentur,
2627 4959 2671 5001 et
2701 4949 2882 5002 maniis
2907 4949 2935 5018 _?
2967 4948 3118 5003 Unde
3147 4947 3451 5002 Szmniones
3495 4947 3620 5001 dicti
3648 4945 3893 5018 homines
3925 4985 3942 5009 ,

2340 5014 2486 5073 vultu
2517 5020 2684 5088 magis
2710 5035 2867 5088 quam
2895 5015 3099 5074 facetiis
3121 5030 3212 5073 aut
3237 5018 3477 5073 dicteriis
3501 5018 3731 5072 ridiculi.
3762 5014 3944 5088 Genus

2341 5093 2502 5146 etiam
2532 5087 3023 5160 Sannaarquoddam
3050 5100 3167 5144 erat
3186 5132 3200 5154 ,
3233 5089 3374 5160 quod
3402 5090 3609 5144 ciconia
3638 5087 3942 5160 dicebatur,

2340 5177 2462 5216 cum
2498 5177 2688 5230 nempe
2714 5156 2936 5216 ciconim
2983 5162 3178 5216 collum
3229 5156 3475 5216 manibus
3525 5159 3846 5230 ﬁngebatur,
3873 5156 3946 5211 de

2347 5232 2542 5287 Sannis
2569 5228 3008 5287 et'derisionibus
3054 5232 3191 5302 apud
3239 5233 3525 5302 plerosque
3562 5228 3726 5285 multa
3751 5228 3898 5296 legas
3924 5267 3942 5294 ,

2344 5303 2483 5374 apud
2518 5304 2758 5374 Persium
2790 5304 2903 5358 Sat.
2942 5304 2965 5357 1
2993 5343 3007 5369 ,
3040 5313 3092 5357 ει
3122 5303 3176 5358 5.
3208 5303 3295 5357 LE
3329 5302 3436 5356 PR.
3526 5373 3532 5374 ί
3657 5347 3666 5353 ι

2416 5375 2493 5444 (e)
2535 5373 2707 5427 Etiam
2745 5375 2796 5427 in
2838 5367 3120 5428 extraneos.
3174 5374 3292 5445 Ipse
3317 5367 3946 5445 iti_Apologetieo\C|tri-

2416 5385 2493 5444 (te)
2535 5385 2707 5427 ltttam
2745 5391 2796 5427 m
2838 5385 3120 5428 extraneos.
3174 5385 3292 5445 Ipse
3317 5385 3368 5427 itt
3400 5385 3686 5444 Apologclt
3781 5385 3880 5423 hltl

2340 5447 2546 5501 stianus
2571 5455 2624 5498 et
2655 5453 2802 5499 extra
2831 5445 3001 5499 lidelis
3031 5456 3267 5498 vocatur.
3305 5442 3439 5500 RIG.
3691 5385 3880 5506 ΚΧ

2415 5518 2479 5585 (f)
2521 5516 2626 5570 Sed
2653 5517 2824 5569 mortis
2851 5533 3031 5570 nomen
3070 5515 3264 5570 militia:
3293 5517 3448 5570 datis.
3485 5515 3688 5586 Nempe
3711 5516 3948 5571 armido-

2337 5599 2514 5643 etores
2547 5597 2600 5641 et
2643 5595 2668 5642 ὁ
2719 5593 3117 5647 αλοδιδισκειλοις
3172 5590 3460 5658 appellatis
3491 5587 3751 5653 lanistas,
3784 5589 3948 5642 ducto

2339 5659 2405 5714 de
2433 5660 2640 5712 laniena
2668 5659 2949 5713 vocabulo.
2982 5658 3150 5714 Idem.

2412 5730 2487 5800 (g)
2532 5729 2726 5786 Evasit.
2749 5730 2971 5802 Exarsit
2996 5772 3009 5799 ,
3041 5745 3246 5802 perque
3271 5731 3448 5788 omnia
3479 5730 3725 5788 membra
3775 5722 3957 5802 evasit

2339 5793 2702 5858 concremata.
2736 5800 2907 5858 Idem.
2958 5867 2961 5870 _
2996 5793 3008 5799 ⁷
3041 5793 3058 5802 ’
3156 5793 3172 5802 ’
3889 5793 3926 5862 ’Χ

3819 5875 3922 6134 1
