4252 6270
375 303 486 362 585

1683 296 1776 352 AD
1814 295 2158 355 NATIONES
2186 295 2318 354 LIB.
2357 296 2425 352 II.

3566 302 3678 360 586

376 421 488 476 rios
511 417 584 492 (a)
605 395 795 474 ordine
820 422 1128 472 transcurso
1155 425 1436 471 remensus
1461 418 1568 481 est,
1594 418 1652 468 ut
1681 419 1888 468 taceam
1910 412 1978 468 de
2005 417 2061 475 Α
2083 412 2321 468 Iaesimus
2340 453 2354 479 ,
2387 411 2588 484 pariter
2621 411 3040 485 indignationem
3077 427 3264 470 eorum
3306 429 3683 486 provocamus.

376 511 640 573 Laconica
669 510 836 583 gloria
859 508 957 581 (b).

391 652 394 655 _
457 605 542 663 I9.
593 605 914 674 Hucusque,
961 601 1190 674 opinor,
1243 601 1514 658 horrenda
1561 602 1985 658 obstinationum

379 697 833 762 christianarum;
884 710 1005 767 qua:
1052 697 1096 750 si
1148 694 1423 752 vobiscum
1485 696 1980 764 communicamus,

379 797 626 859 superest
650 785 944 844 deridenda
982 801 1335 858 personarum
1378 785 1751 854 conferamus;
1788 784 1981 859 quam-

379 896 538 952 quam
567 880 636 937 de
662 879 1097 952 persuasionibus
1124 879 1299 935 omnis
1318 879 1608 936 obstinatio
1638 889 1819 936 nostra
1848 897 1985 951 pra:-

380 974 606 1030 struitur
630 989 646 1030 :
676 981 1010 1030 mortuorum
1038 973 1180 1028 enim
1210 974 1588 1045 praesumimus
1614 975 1984 1030 resurrectio-

381 1082 527 1123 nem.
558 1066 696 1138 Spes
718 1067 1130 1123 resurrectionis
1156 1065 1427 1122 fastidium
1453 1075 1538 1123 est
1557 1068 1768 1124 mortis.
1792 1067 1984 1124 Ridete

379 1161 542 1231 igitur
569 1159 963 1232 quantumlibet
1003 1159 1400 1230 stupidissimas
1437 1170 1646 1217 mentes
1669 1202 1684 1228 ,
1719 1176 1836 1233 quae
1863 1176 1983 1216 mo-

382 1255 590 1309 riuntur
615 1262 676 1308 ut
704 1253 885 1309 vivant
909 1269 924 1320 ;
953 1251 1048 1308 sed
1079 1267 1185 1323 quo
1212 1250 1426 1308 facilius
1447 1252 1665 1308 rideatis
1693 1259 1750 1307 et
1779 1252 1986 1308 resolu-

385 1347 488 1402 tius
514 1346 942 1413 decachinnetis,
966 1355 1179 1417 arrepta
1207 1346 1430 1417 spongia
1459 1345 1544 1402 vel
1570 1347 1781 1402 interim
1803 1347 1981 1417 lingua

381 1441 556 1496 delete
586 1441 794 1496 litteras
835 1440 1048 1496 interim
1096 1447 1318 1507 vestras,
1350 1455 1469 1510 quae
1497 1440 1747 1496 similiter
1769 1455 1986 1497 asseve-

380 1542 506 1587 rant
549 1533 760 1612 anim_as
803 1532 856 1587 in
903 1516 1134 1604 corpora
1173 1531 1458 1586 redituras.
1489 1533 1741 1587 Attamen
1783 1541 1985 1604 quanto

377 1624 763 1695 acceptabilior
791 1632 976 1679 nostra
1005 1623 1353 1693 praesumptio
1379 1630 1464 1678 est
1484 1663 1500 1690 ,
1542 1638 1668 1703 quae
1693 1623 1747 1678 in
1793 1623 1982 1680 eadem

379 1729 608 1786 corpora
670 1715 936 1771 redituras
998 1713 1274 1770 defendit?
1320 1713 1473 1770 vobis
1533 1722 1712 1770 autem
1778 1725 1982 1785 quanto

381 1811 569 1866 vanius
617 1808 870 1864 traditum
916 1815 1037 1874 est,
1072 1808 1306 1863 hominis
1352 1807 1598 1878 spiritum
1639 1807 1693 1862 in
1733 1823 1867 1864 cane
1895 1809 1982 1864 vel
2010 1787 2058 1847 Β

381 1903 526 1960 mulo
550 1912 643 1959 aut
669 1917 877 1974 pavone
905 1901 1241 1958 rediturum?
1263 1901 1394 1958 Item
1415 1902 1675 1974 judicium
1698 1904 1983 1959 annuntia-

383 2013 502 2054 mus
532 2011 563 2052 a
590 1995 702 2052 Deo
727 2010 826 2066 pro
847 1995 1108 2067 cujusque
1133 1995 1342 2051 meritis
1367 2003 1487 2065 post
1511 1995 1784 2051 interitum
1812 1995 1982 2051 desti—

387 2097 590 2144 natum.
644 2087 703 2143 Id
749 2101 846 2143 vos
892 2086 1056 2143 Minoi
1105 2097 1162 2143 et
1214 2085 1589 2142 Radamantho
1635 2085 1980 2155 adscribitis,

391 2181 621 2252 justiore
666 2179 880 2236 interim
923 2179 1159 2235 Aristide
1200 2187 1472 2236 recusato.
1521 2178 1601 2235 Eo
1636 2179 1838 2250 judicio
1878 2180 1983 2235 ini-

386 2287 524 2343 quos
566 2280 766 2328 teterno
813 2271 954 2344 igni,
993 2271 1111 2343 pios
1155 2279 1210 2327 et
1247 2272 1488 2328 insontes
1527 2286 1742 2328 ammno
1779 2271 1986 2328 inloco

388 2361 616 2418 dicimus
638 2364 1044 2433 perpetuitatem
1070 2370 1454 2418 transacturos.
1476 2363 1630 2434 Apud
1657 2377 1821 2420 vos...
1844 2378 1982 2435 quo-

387 2471 494 2523 que
538 2455 1060 2528 Pyriphlegethontis
1106 2466 1162 2513 et
1209 2456 1380 2530 Elysii
1437 2471 1547 2514 non
1595 2459 1699 2514 alia
1741 2459 1984 2515 conditio

385 2546 706 2618 disponitur.
744 2548 858 2604 Nec
896 2550 1117 2622 mythici
1144 2564 1206 2605 ac
1237 2549 1430 2620 poetici
1459 2550 1560 2606 soli
1589 2551 1714 2605 talia
1740 2562 1940 2607 canunt
1963 2593 1980 2619 ,

383 2639 480 2697 sed
508 2649 564 2696 et
602 2640 910 2714 phiIOSOphi
944 2642 1020 2713 (c)
1046 2642 1115 2698 de
1145 2643 1449 2698 animorum
1475 2643 1900 2714 reciprocatione
1928 2655 1984 2700 et

382 2733 566 2804 judicii
626 2734 1005 2793 distributione
1069 2736 1408 2793 conﬁrmant.
1489 2736 1754 2804 Quoniam
1819 2737 1981 2808 igitur

386 2842 589 2898 usque,
632 2829 983 2900 iniquissimae
1031 2831 1314 2900 nationes,
1356 2846 1465 2887 non
1512 2831 1839 2902 agnoscitis,
1871 2831 1982 2887 imo

386 2919 605 2992 insuper
630 2923 985 2978 exsecramini
1008 2932 1235 2990 vestros,
1267 2924 1312 2980 si
1338 2923 1472 2980 nihil
1504 2925 1644 2981 inter
1672 2939 1771 2982 vos
1795 2925 1977 2981 diver-

383 3013 512 3069 sitas
554 3013 755 3083 habet,
796 3015 841 3070 si
887 3031 1051 3070 unum
1105 3025 1162 3072 et
1207 3015 1382 3073 eidem
1431 3017 1822 3092 sumus;.lquia
1867 3032 1974 3072 non

384 3104 574 3162 odistis
617 3107 761 3178 quod
799 3107 1113 3165 eStiszdate
1155 3109 1374 3166 dextras
1413 3111 1621 3181 potius,
1649 3111 1976 3182 compingite

384 3198 600 3265 oscula,
643 3199 870 3257 miscete
910 3201 1260 3272 complexus,
1301 3203 1508 3259 cruenti
1549 3219 1672 3258 cum
1714 3203 1971 3271 cruentis,

385 3287 574 3345 incesti
604 3304 726 3345 cum
766 3291 1019 3362 incestis,
1046 3293 1311 3364 conjurati
1339 3308 1462 3350 cum
1501 3295 1796 3367 conjuratis
1817 3337 1832 3363 ,
1873 3296 1974 3351 ob-

384 3383 568 3441 stinati
590 3392 646 3441 et
669 3385 790 3442 vani
805 3399 924 3445 cum
945 3387 1260 3460 aequalibus.
1282 3387 1492 3447 Pariter
1511 3387 1735 3447 deorum
1755 3388 1975 3446 numina

2090 505 2311 561 Habetis
2343 515 2397 561 et
2425 520 2521 561 vos
2546 507 2759 562 tertium
2787 522 2977 578 genus,
3002 508 3102 562 etsi
3127 523 3232 563 non
3259 508 3324 564 dc
3354 512 3511 566 tertio
3537 512 3642 566 ritu
3668 554 3686 578 ,

2088 609 2326 668 attamen
2367 597 2436 654 de
2483 599 2640 654 tertio
2678 614 2810 655 sexu
2847 600 2948 669 (ά).
2976 599 3108 654 Illud
3152 601 3326 670 aptius
3363 601 3430 657 de
3475 603 3590 657 viro
3633 613 3690 660 et

2085 690 2326 761 fcemina,
2355 692 2815 749 viris-etfceminis
2848 693 3112 763 junctum.
3148 696 3254 749 Aut
3288 695 3542 765 numquid
3569 697 3688 766 ipso

2085 798 2183 838 vos
2213 783 2440 854 collegio
2466 783 2826 840 offendimus?
2849 783 3000 840 Solet
3027 785 3302 856 aequalitas
3328 787 3688 842 mmulationis

2087 878 2366 933 materiam
2396 878 2823 934 subministrare.
2850 877 2941 935 Sic
2973 878 3169 949 figulus
3198 880 3360 950 figulo
3385 921 3399 946 ,
3425 879 3573 936 faber
3603 881 3684 937 fa-

2087 968 2184 1024 bro
2211 969 2434 1025 invidet.
2467 968 2582 1026 Imo
2605 970 2718 1041 jam
2743 971 2810 1027 de
2841 970 2948 1026 line
2977 971 3224 1027 simulata
3249 971 3521 1028 confessio
3546 973 3690 1029 redi-

2086 1065 2163 1136 git
2209 1065 2594 1120 conscientiam
2645 1065 2712 1121 ad
2772 1066 3053 1122 veritatem
3104 1072 3161 1120 et
3211 1065 3278 1121 ad
3331 1068 3692 1123 constantiam

2089 1157 2331 1214 veritatis
2355 1199 2369 1226 ,
2398 1159 2545 1228 (nam
2573 1157 2753 1213 omnia
2806 1159 2904 1214 ista
2948 1159 3000 1213 in
3047 1158 3202 1214 nobis
3253 1159 3384 1215 solis
3419 1169 3605 1228 erunt,
3639 1170 3696 1218 et

2089 1269 2119 1308 a
2169 1252 2322 1308 nobis
2360 1253 2489 1309 solis
2519 1254 2870 1309 revincuntur
2892 1295 2908 1321 ,
2936 1254 3130 1325 quibus
3160 1253 3305 1309 illata
3339 1256 3520 1326 sunt;)
3543 1256 3694 1326 agni-

2087 1346 2235 1403 tione
2264 1347 2470 1403 scilicet
2497 1345 2725 1402 diversaa
2771 1347 2971 1418 partis,
3006 1347 3148 1402 unde
3183 1347 3404 1403 scientia
3436 1348 3696 1404 instructa

2089 1451 2145 1498 et
2194 1441 2481 1497 consilium
2526 1442 2755 1513 inspirat
2797 1453 2853 1498 et
2887 1440 3148 1512 judicium
3189 1442 3472 1513 gubernat.
3504 1441 3696 1497 Vestra

2088 1532 2320 1602 denique
2359 1533 2623 1587 sententia
2669 1541 2754 1588 est
2779 1573 2795 1599 ,
2825 1547 2892 1588 ne
2932 1547 3178 1588 caussam
3219 1533 3339 1602 quis
3365 1533 3568 1603 judicet
3597 1535 3695 1604 (c),

2088 1624 2208 1702 nisi
2232 1623 2442 1679 duobus
2484 1623 2703 1679 auditis.
2750 1622 2903 1692 Quod
2945 1624 3000 1678 in
3029 1624 3184 1679 nobis
3213 1624 3343 1679 solis
3375 1624 3647 1695 negligitis
3671 1667 3690 1694 ,

2087 1725 2291 1771 natura:
2309 1716 2438 1770 vitio
2459 1715 2867 1785 satisfacitisgut
2887 1730 3004 1786 qua:
3030 1715 3084 1769 in
3113 1714 3394 1785 nobis;non
3416 1715 3686 1782 refutetis,

2087 1808 2143 1865 in
2169 1810 2287 1864 aliis
2428 1809 2515 1874 tis,
2549 1819 2643 1864 aut
2673 1824 2903 1880 quorum
2927 1816 3134 1863 reatum
3162 1809 3214 1862 in
3241 1807 3394 1863 vobis
3421 1808 3689 1863 memine~

2085 1900 2225 1967 ritis,
2249 1915 2310 1954 ea
2333 1899 2386 1953 in
2411 1899 2547 1954 alios
2568 1902 2780 1970 jactetis
2927 1913 3094 1970 opere
3121 1898 3491 1969 occupatiores
3519 1899 3696 1969 eritis,

2086 1993 2139 2049 in
2171 2001 2458 2048 extraneos
2485 1993 2638 2061 casti,
2659 1993 2713 2048 in
2745 1994 3102 2062 vosmetipsos
3129 1991 3340 2058 incesti,
3365 1994 3696 2049 exsertiores

2084 2089 2235 2155 foris,
2266 2086 2492 2158 subjecti
2539 2086 2704 2143 domi.
2733 2086 2860 2143 Ilaec
2903 2094 2988 2142 est
3023 2086 3276 2157 iniquitas
3300 2127 3316 2153 ,
3342 2095 3400 2140 ut
3435 2087 3588 2157 gnari
3624 2086 3696 2141 ab

2088 2182 2310 2254 ignaris,
2340 2181 2570 2236 absoluti
2597 2195 2628 2235 a
2665 2180 2772 2236 reis
2807 2180 3130 2251 judicemur.
3173 2179 3395 2235 Auferte
3438 2180 3693 2250 stipulam

2088 2275 2154 2332 de
2180 2274 2337 2330 oculo
2364 2282 2544 2329 vestro
2565 2314 2580 2341 ,
2607 2283 2698 2328 aut
2729 2272 2938 2328 trabem
2968 2271 3036 2328 de
3066 2271 3224 2327 oculo
3265 2280 3445 2327 vestro
3463 2311 3479 2338 ,
3507 2279 3564 2326 ut
3593 2272 3694 2327 sti-

2087 2370 2268 2442 pulam
2309 2367 2377 2424 de
2425 2368 2604 2424 alieno
2643 2367 2938 2424 extrahatis
2968 2365 3069 2437 (I).
3105 2365 3406 2422 Emendate
3437 2367 3692 2421 vosmeti-

2087 2480 2216 2536 psos
2242 2466 2412 2538 prius,
2446 2471 2504 2520 ut
2529 2462 2854 2518 christianos
2884 2458 3115 2531 puniatis
3143 2475 3157 2525 ;
3190 2459 3293 2514 nisi
3335 2458 3480 2530 quod
3508 2473 3694 2514 emen-

2086 2559 2372 2628 daveritis,
2403 2573 2511 2613 non
2541 2555 2771 2627 punietis
2793 2596 2809 2622 ,
2839 2554 2947 2609 imo
2972 2553 3124 2609 eritis
3161 2551 3474 2619 christiani,
3499 2550 3608 2606 imo
3647 2554 3696 2608 si

2085 2652 2296 2710 fueritis
2342 2648 2660 2716 christiani,
2721 2647 2872 2703 eritis
2933 2643 3224 2701 emendati.
3290 2643 3490 2698 Discite
3547 2643 3693 2713 quod

2086 2747 2141 2804 in
2180 2748 2336 2803 nobis
2374 2743 2660 2808 accusetis,
2691 2749 2747 2798 et
2778 2755 2886 2796 non
2913 2738 3256 2796 accusabitis.
3301 2736 3693 2807 Recognoscite

2084 2837 2213 2910 quid
2257 2839 2311 2893 in
2354 2837 2508 2893 vobis
2557 2849 2666 2890 non
2703 2833 2968 2888 accusatis
2993 2871 3008 2898 ,
3049 2839 3104 2886 et
3143 2829 3481 2884 accusabitis.
3538 2829 3698 2886 Patet

2083 2930 2249 2986 etiam
2283 2928 2410 2984 hinc
2462 2925 2636 2992 vobis,
2695 2932 2951 2996 quantum
2993 2921 3204 2992 aperire
3249 2922 3580 2992 potuerimus
3615 2922 3695 2992 (e

2082 3021 2267 3093 paucis
2298 3022 2415 3077 istis
2449 3018 2704 3076 libellulis
2729 3017 2772 3089 ),
2805 3015 3006 3072 erroris
3046 3015 3312 3086 inspectio
3357 3025 3412 3070 et
3451 3015 3694 3072 veritatis

2081 3112 2685 3186 recognitiorDamnate
2721 3110 3029 3174 veritatem,
3052 3108 3146 3163 sed
3178 3109 3472 3177 inspectam
3515 3107 3562 3162 si
3598 3121 3694 3177 po-

2081 3207 2234 3263 testis
2258 3246 2274 3272 ,
2301 3214 2357 3261 et
2384 3203 2608 3275 probate
2636 3216 2879 3259 errorem
2899 3243 2914 3268 ,
2953 3200 3048 3255 sed
3085 3207 3356 3268 repertum
3381 3200 3424 3253 si
3464 3199 3686 3268 putatis.

2078 3296 2282 3368 Quodsi
2310 3295 2677 3368 praescribitur
2702 3291 2863 3362 vobis
2905 3304 3145 3348 errorem
3187 3303 3370 3344 amare
3417 3297 3472 3344 et
3510 3288 3692 3346 odisse

2078 3389 2400 3456 veritatem;
2427 3403 2523 3444 cur
2549 3385 2692 3458 quod
2719 3385 2913 3442 amatis
2939 3390 2995 3440 et
3017 3380 3228 3451 odistis,
3253 3395 3360 3438 non
3386 3380 3687 3438 noveritis?

1621 3591 1646 3649 Ι
1652 3593 2004 3656 .ECTIONES
2038 3593 2452 3656 VARIANTES.

446 3704 520 3773 (1)
552 3706 762 3759 Havete.
788 3705 856 3758 ad
879 3707 1088 3774 Apolog.
1130 3707 1211 3760 39.
1247 3709 1437 3760 emend.
1459 3708 1669 3763 Auferte
1699 3713 1893 3764 trabem
1918 3713 1982 3765 de

2092 3713 2237 3765 oculo
2259 3717 2444 3774 vestro,
2463 3714 2518 3762 ut
2537 3707 2766 3775 stipulam
2785 3708 2850 3759 de
2869 3705 3032 3760 alieno
3056 3705 3346 3758 extrahatis.

1741 3818 2308 3878 COMMENTARIUS.

451 3931 529 4005 (a)
556 3931 584 3987 1
590 3942 698 3988 nter
721 3934 1025 4008 amatorios.
1055 3933 1217 3991 Libro
1239 3933 1307 3992 ad
1327 3934 1608 4008 Martyras.
1641 3936 1789 3992 Inter
1809 3950 1971 3993 vena-

380 4011 553 4059 torum
591 4013 824 4061 taureas.
867 4005 1092 4061 BIGAL'I'.

451 4075 530 4146 (b)
576 4074 643 4152 [λι
673 4086 866 4152 taceam
893 4077 955 4131 de
983 4075 1254 4152 Laconica?
1273 4079 1458 4152 gloria.
1486 4079 1575 4152 Sic
1604 4079 1746 4150 apud
1776 4080 1970 4138 Petro-

377 4145 562 4224 nium,
593 4146 917 4224 Eumolpus,
941 4157 990 4224 _et
1015 4164 1106 4224 eg‘o
1134 4145 1336 4220 quidam
1366 4161 1465 4207 tres
1495 4145 1677 4223 plagas
1709 4153 1974 4224 Spartana

377 4217 638 4272 nobilitate
674 4219 906 4274 concoxi.
939 4219 1017 4274 LE
1046 4217 1156 4276 PR.

416 4307 520 4389 .(c)
563 4308 738 4389 Sed_et_
761 4311 1077 4389 philosophi.
1094 4311 1210 4369 Non
1227 4314 1400 4389 solum
1419 4324 1595 4388 poetae
1619 4317 1815 4388 quibus
1845 4332 1966 4373 om-

375 4381 461 4433 nia
483 4381 930 4454 comminiscendi
957 4393 1193 4453 potestas
1217 4385 1338 4442 data
1361 4381 1474 4454 est,
1494 4381 1735 4443 vana'illa
1758 4390 1966 4444 somnia

2075 3938 2106 3996 ε·
2153 3933 2235 4007 (d)
2277 3933 2492 4007 Habetis
2507 3943 2659 4007 etuas
2675 3933 2874 4007 tertium
2894 3948 3070 4004 genus.
3089 3931 3396 4007 Alexander
3418 3933 3678 4002 Severus,

2075 4005 2327 4062 narrante
2356 4005 2665 4076 Lampridio
2689 4047 2704 4071 ,
2737 4005 3149 4076 tertiumgenus
3181 4005 3455 4060 hominum
3485 4007 3670 4062 Eunu-

2074 4079 2206 4133 chos
2231 4092 2351 4133 esse
2375 4074 2619 4140 dicebat,
2651 4091 2751 4132 nec
2778 4074 3065 4129 videndum
3085 4117 3100 4138 ,
3130 4090 3230 4130 nec
3258 4077 3311 4130 in
3343 4092 3440 4131 nsn
3472 4078 3677 4134 haben-

2076 4148 2204 4205 dum
2231 4164 2260 4202 a
2289 4147 2417 4202 viris
2437 4189 2452 4212 ,
2475 4148 2569 4202 sed
2600 4147 2685 4202 vix
2715 4161 2744 4200 a
2772 4146 2986 4201 feminis
3026 4147 3312 4200 nobilibus.
3346 4147 3467 4203 Βία.

2151 4220 2227 4292 (e)
2269 4219 2352 4274 Ne
2364 4235 2579 4292 causam
2598 4219 2708 4288 quis
2723 4216 2942 4292 judicet.
2967 4215 3195 4292 Justitiae
3213 4218 3357 4292 leges
3369 4220 3666 4292 postulant,

2075 4301 2133 4346 ut
2157 4288 2332 4345 causa:
2353 4289 2444 4344 ﬁat
2463 4289 2782 4358 disceptatio
2799 4329 2814 4352 ,
2844 4296 3132 4358 antequam
3153 4288 3410 4356 judicium
3441 4290 3666 4354 feratur,

2075 4362 2216 4417 unde
2233 4361 2370 4430 apud
2389 4357 2669 4426 Senecam,
2689 4357 2892 4424 Medea,
2908 4367 3012 4413 act.
3042 4357 3108 4428 II,
3124 4373 3201 4414 sc.
3214 4360 3269 4414 2.
3286 4363 3362 4416 sic
3378 4360 3670 4419 Creontem

374 4460 428 4541 εε
450 4433 1966 4541 agriagri-3"scissim;3;;ggaragg;'gaagtag.'a
1991 4480 2046 4541 Β
2073 4433 2400 4504 alloquitur:

375 4521 698 4600 philosophi,
718 4523 870 4600 iique
895 4525 1154 4600 majorum
1184 4529 1426 4600 gentium
1457 4541 1514 4586 ut
1542 4521 1718 4600 Plato,
1737 4531 1829 4600 qui
1849 4546 1968 4587 me-

375 4593 768 4665 tcmpsychosin
799 4593 1091 4653 tuitus'est.
1121 4593 1210 4654 Li
1225 4599 1323 4655 Pa.

2265 4546 2356 4609 Qui
2380 4545 2548 4596 statuit
2571 4544 2771 4609 aliquid,
2786 4548 2926 4608 parte
2949 4545 3160 4596 inaudita
3185 4543 3360 4608 altera,

2267 4608 2473 4672 Equum
2491 4609 2614 4658 licet
2631 4607 2881 4668 statuerit,
2901 4609 3029 4657 haud
3047 4621 3221 4671 aequus
3243 4607 3352 4658 fuit.
3396 4608 3465 4657 Le
3486 4607 3579 4658 Pa.

1251 4810 1725 4922 LIBER
1808 4808 2704 4921 SECUNDUS.

1823 5028 2206 5064 -εςει-

441 5142 493 5198 I.
517 5140 669 5199 Nunc
695 5143 764 5199 de
788 5142 906 5201 deis
929 5143 1155 5213 vestris,
1184 5144 1503 5202 miseranda:
1535 5147 1798 5214 nationes,
1831 5159 1966 5202 con-

369 5234 521 5304 gredi
547 5237 821 5292 vobiscum
849 5235 1092 5293 defensio
1118 5244 1302 5294 nostra
1330 5239 1641 5308 desiderat,
1667 5252 1965 5311 provocans

368 5325 540 5395 ipsam
569 5329 954 5385 conscientiam
982 5339 1237 5396 vestram,
1267 5329 1333 5384 ad
1360 5331 1711 5396 censendum,
1742 5347 1809 5386 an
1837 5347 1964 5385 vere

369 5415 481 5484 dei,
508 5428 565 5472 ut
599 5418 782 5488 vultis,
801 5435 869 5475 an
899 5419 1057 5488 falso,
1075 5429 1136 5475 ut
1162 5420 1302 5476 scire
1328 5437 1433 5477 non
1465 5422 1646 5477 vultis.
1670 5422 1796 5476 Haec
1820 5421 1964 5477 enim

368 5514 592 5569 materia
636 5524 720 5572 est
770 5516 970 5573 erroris
1007 5514 1226 5572 humani
1269 5531 1363 5586 per
1407 5516 1672 5572 artiticem
1716 5516 1864 5585 ejus,
1894 5529 1964 5570 ne

2071 5143 2370 5216 ignorantia
2409 5143 2609 5200 erroris
2635 5143 2712 5219 (a)
2849 5159 2956 5215 quo
2990 5145 3161 5225 magis
3201 5146 3278 5203 rei
3309 5147 3446 5204 sitis.
3475 5147 3666 5206 Patent

2069 5237 2207 5292 oculi
2233 5278 2248 5305 ,
2302 5251 2404 5293 nec
2443 5236 2658 5304 vident;
2710 5236 2860 5292 hiant
2901 5253 3058 5294 aures
3083 5281 3098 5306 ,
3145 5255 3244 5296 nec
3283 5241 3537 5307 audiunt;
3574 5257 3669 5307 cor

2069 5338 2249 5400 stupet
2285 5329 2518 5394 saliens,
2548 5329 2720 5384 nescit
2759 5329 2968 5384 animus
3006 5331 3148 5402 quod
3201 5334 3460 5402 agnoscit.
3503 5334 3666 5389 Deni-

2069 5437 2219 5492 que,
2266 5422 2312 5476 si
2367 5431 2567 5476 tantam
2623 5423 3031 5492 perversitatem
3095 5440 3198 5479 una
3268 5427 3670 5498 [armscriplione

2068 5515 2260 5570 discuti
2287 5517 2509 5585 liceret,
2543 5516 2595 5572 in
2621 5515 2875 5588 expedito
2901 5526 3043 5574 esset
3072 5519 3335 5576 nuntiatio
3356 5562 3370 5589 ,
3400 5537 3521 5577 cum
3549 5536 3668 5579 om-

1741 5629 2296 5687 COMMENTARIUS.

438 5748 516 5822 (a)
553 5748 852 5822 Ignorantia
894 5752 1242 5808 erroris.......
1311 5748 1676 5821 supplendum,
1711 5748 1950 5817 tollatur,

862 5865 1327 5928 TERTULLIANI.
1364 5865 1415 5927 I.

2059 5760 2146 5804 aut
2172 5749 2368 5820 aliquid
2398 5751 2579 5805 simile.
2605 5750 2726 5808 th.

3045 5871 3444 5957 (nix-neum
