4252 6270
424 336 539 397 889

1706 328 1800 387 AD
1836 324 2178 386 Μηθπε
2210 327 2346 387 LIB.
2378 328 2443 387 Il.

3630 328 3739 395 sua

430 454 591 522 item,
620 466 686 508 an
716 448 801 507 dei
820 444 1050 507 essent?
1079 444 1272 505 Nescio
1296 487 1311 513 ,
1340 445 1519 518 inquit
1540 488 1554 513 ,
1582 444 1686 501 nisi
1712 455 1772 502 ut
1794 445 1909 500 sint
1931 460 2025 503 οι-
2054 446 2108 509 Α
2126 444 2427 504 divinitatis
2446 489 2461 514 ,
2492 446 2547 503 id
2572 456 2655 503 est
2681 448 2985 505 aeternitate
3007 491 3022 517 ,
3053 464 3173 521 quin
3200 450 3317 507 sine
3346 449 3504 508 initio
3529 461 3584 509 et
3624 455 3731 512 tiae

431 548 638 620 pedire.
678 545 878 601 Thales
920 542 1158 599 Milesios
1182 584 1196 610 ,
1229 540 1420 597 Crmso
1448 538 1743 595 sciscitanti
1763 581 1777 603 ,
1802 537 1930 610 quid
1960 537 2030 593 de

429 642 548 699 deis
574 641 927 698 arbitraretur
951 680 965 704 ,
992 645 1120 709 post
1146 636 1351 707 aliquot
1385 633 1723 691 deliberandi
1752 646 2032 689 commea-

426 743 517 790 tus
541 776 556 802 ,
586 732 720 788 nihil
748 729 1102 788 renuntiavit.
1134 727 1391 813 Socrates
1418 727 1537 798 ipse
1562 725 1696 781 deos
1722 726 1854 780 istos
1876 722 2029 794 quasi

424 836 609 884 certus
638 824 902 909 negabat.
933 822 1079 879 Idem
1112 821 1423 909 Esculapio
1459 819 1813 892 gallinaceum
1856 817 2030 874 secari

419 917 580 990 quasi
608 927 788 974 certus
813 915 1059 988 iubebat.
1088 916 1151 970 Et
1194 914 1316 971 ideo
1344 928 1468 968 cum
1494 923 1605 968 tam
1630 912 1829 967 incerta
1856 918 1912 966 et
1939 909 2029 965 in-

424 1018 683 1066 constans
719 1007 1012 1065 definiendi
1039 1007 1110 1064 de
1159 1006 1269 1063 Deo
1295 1004 1630 1077 philosophia
1672 1001 2030 1075 deprehendi-

422 1113 534 1170 tur,
557 1120 717 1176 quem
740 1102 916 1175 potuit
941 1115 1139 1159 ......re
1163 1100 1302 1172 eius,
1332 1114 1493 1172 quem
1515 1113 1623 1154 non
1644 1097 1851 1168 liquido
1880 1106 2028 1155 tene-

420 1196 518 1253 bat
543 1196 911 1254 determinare
932 1194 958 1248 .9
981 1194 1059 1251 De
1083 1192 1286 1250 mundo
1434 1190 1684 1248 dicimus.
1704 1188 1862 1245 Hunc
1882 1188 2026 1244 enim

428 1288 713 1361 physicum
764 1287 1050 1359 theologia:
1104 1300 1275 1358 genus
1328 1292 1526 1355 cogunt
1573 1300 1589 1337 :
1634 1290 1850 1354 q.....ta
1896 1280 2029 1336 deos

428 1383 801 1451 tradiderunt,
852 1389 911 1438 ut
975 1379 1264 1453 Dionysius
1326 1378 1532 1434 stoicus
1579 1374 1838 1432 trifariam
1895 1373 2030 1430 deos

2124 549 2403 595 censetur.
2445 540 2501 596 Si
2540 556 2669 596 vero
2692 541 2976 598 irretitum
3012 542 3236 599 omnino
3262 557 3371 599 non
3398 554 3481 600 cst
3504 560 3570 603 ac
3607 561 3736 617 pro-

2131 644 2318 705 pterea
2352 635 2488 692 deus
2534 634 2836 704 habendus,
2862 635 3009 708 quod
3039 645 3103 693 ut
3129 636 3270 693 Deus
3306 652 3485 709 neque
3518 640 3733 697 initium

2128 744 2309 800 neque
2348 730 2511 786 finem
2548 731 2631 786 sui
2672 731 2915 802 patiutr:
2938 731 3212 804 quomado
3246 732 3464 804 quidam
3494 735 3737 808 assignat

2131 820 2433 888 clementis,
2453 838 2573 892 quae
2590 822 2722 879 deos
2742 823 2947 888 volunt,
2975 824 3401 895 generationem,
3418 842 3547 882 cum
3578 828 3735 884 stoici

2134 924 2330 987 negent
2352 916 2634 987 quicquam
2664 917 2778 974 Deo
2804 918 2999 973 nasci?
3023 917 3178 985 Item,
3200 919 3475 990 quomodo
3502 919 3734 991 volunt,

2126 1022 2268 1078 quos
2308 1008 2378 1064 de
2398 1008 2683 1066 elementis
2714 1019 2871 1067 natos
2913 1010 3123 1079 feram,
3170 1011 3304 1081 deos
3341 1012 3562 1080 haberi,
3606 1028 3735 1071 cum

2132 1100 2301 1156 Deum
2345 1111 2542 1174 negent
2587 1103 2779 1160 nasci?
2822 1104 3006 1176 Itaque
3052 1104 3195 1177 quod
3228 1106 3414 1162 mundi
3455 1108 3596 1174 erit,
3633 1108 3738 1167 hoc

2124 1193 2414 1251 elementis
2454 1195 2831 1265 adscribatur,
2869 1197 3173 1254 eualo.dico
3210 1208 3266 1256 et
3305 1210 3463 1259 terra:
3506 1210 3563 1256 ct
3597 1202 3737 1259 side-

2131 1286 2284 1343 ribus
2308 1298 2360 1345 et
2386 1288 2492 1360 igni
2522 1332 2536 1357 ,
2565 1304 2684 1361 qum
2708 1289 2842 1346 deos
2863 1300 2920 1347 et
2938 1289 3167 1347 deorum
3196 1303 3451 1363 parentes
3476 1294 3738 1353 adversus

2133 1387 2379 1449 negatam
2398 1382 2801 1452 generationem
2826 1384 2988 1440 Deict
3006 1385 3338 1443 nativitatem
3365 1386 3563 1445 frustra
3588 1388 3739 1446 credi

426 1478 669 1544 dividat,
699 1492 859 1533 unam
886 1475 1003 1531 vult
1026 1473 1261 1546 speciem
1286 1486 1445 1542 ,qua:
1471 1471 1523 1525 in
1553 1477 1802 1541 promptu
1832 1468 1940 1533 sit,
1972 1476 2033 1523 ut
2130 1472 2415 1541 proposuit
2456 1472 2644 1529 Varro.
2674 1474 2743 1529 Et
2786 1476 2877 1545 qui
2912 1475 3081 1531 Varro
3124 1476 3454 1535 indicaverat
3485 1478 3738 1537 animalia

420 1573 622 1641 soiem,
667 1572 848 1628 iunam
897 1605 1005 1626 .....
1047 1568 1229 1632 aliam,
1276 1580 1396 1637 qua:
1438 1580 1551 1621 non
1595 1571 1922 1633 compareat,
1970 1569 2033 1617 ut
2124 1577 2255 1619 esse
2283 1564 2479 1620 coelum
2506 1576 2563 1620 et
2586 1573 2750 1621 astra.
2781 1566 2934 1635 Quod
2972 1568 3018 1623 si
3045 1568 3116 1624 ita
3140 1577 3264 1637 est,
3290 1572 3450 1627 etiam
3490 1573 3739 1630 mortalia

424 1665 770 1736 Neptunum,
801 1663 1083 1734 reliquam,
1109 1675 1230 1732 qua:
1248 1659 1316 1715 de
1343 1657 1648 1714 hominibus
1686 1655 2029 1716 addivinita-

418 1767 533 1813 tem
580 1757 836 1812 transisse
886 1754 1123 1821 dicitur,
1164 1761 1223 1808 ut
1274 1751 1602 1819 Herculem,
1658 1749 2028 1821 Amphiaram.

2133 1655 2244 1710 sint
2285 1670 2508 1713 necesse
2549 1666 2671 1724 est,
2695 1658 2988 1714 secundum
3031 1661 3280 1718 animalis
3319 1664 3585 1731 formam;
3612 1680 3739 1721 nam

2133 1749 2233 1804 etsi
2259 1748 2618 1805 immortalem
2644 1751 3134 1819 constatanimam,
3158 1752 3259 1823 ipsi
3283 1753 3385 1810 hoc
3406 1756 3509 1811 soli
3537 1757 3737 1827 licebit,

427 1849 604 1921 Eque
649 1847 956 1904 Arcesilaﬁs
1002 1847 1198 1901 trinam
1240 1843 1466 1900 formam
1506 1842 1808 1898 divmitatis
1844 1841 2024 1911 ducit,
2057 1867 2106 1929 B
2135 1857 2242 1899 non
2287 1842 2448 1899 etiam
2490 1843 2566 1900 illi
2614 1845 2701 1901 cui
2729 1845 3035 1902 adnectitur
3058 1888 3073 1912 ,
3099 1845 3157 1902 id
3187 1857 3272 1907 est
3297 1850 3534 1921 corpori.
3566 1850 3737 1908 Nemo

426 1940 703 2013 Olympios
723 1982 738 2006 ,
766 1939 923 1995 Astra
950 1981 964 2005 ,
1014 1937 1307 2004 Titaneos;
1337 1937 1403 1992 de
1438 1936 1590 1992 Caelo
1633 1944 1688 1992 et
1725 1935 1890 1991 Terra
1912 1978 1927 2002 ,
1956 1951 2023 1992 ex

418 2036 538 2103 his,
562 2034 799 2090 Saturno
826 2044 880 2088 et
903 2031 1019 2104 Ope
1041 2072 1055 2097 ,
1088 2030 1414 2102 Neptunum,
1446 2029 1633 2086 Jovem
1664 2038 1719 2084 et
1741 2027 1939 2084 Orcum
1969 2038 2028 2084 et

420 2137 673 2186 caeterum
701 2124 1124 2182 successionem.
1144 2121 1482 2179 Xenocrates
1511 2121 1863 2178 Academicus
1890 2120 2022 2177 bifa-

418 2221 561 2277 riam
603 2219 768 2287 facit,
807 2216 1088 2288 Olympios
1124 2224 1185 2272 et
1222 2215 1494 2284 Titanius,
1533 2215 1624 2287 qui
1667 2214 1736 2270 de
1774 2213 1928 2271 leo
1970 2224 2026 2271 et

420 2312 619 2368 ‘l'erra.
648 2308 1021 2381 Egyptiorum
1060 2307 1303 2379 plerique
1340 2316 1570 2379 quatuor
1600 2305 1733 2363 deos
1757 2306 2023 2376 credunt,

424 2403 613 2461 Solem
652 2412 708 2458 et
732 2400 933 2457 Lunam
957 2441 974 2469 ,
1002 2400 1213 2457 Caelum
1252 2414 1321 2455 ac
1362 2398 1606 2456 Terram.
1644 2401 1779 2456 Cum
1819 2401 2028 2470 reliquo

424 2495 535 2567 igni
562 2506 795 2565 superno
814 2492 947 2549 deos
967 2500 1118 2549 ortos
1149 2490 1488 2549 Democritus
1517 2491 1843 2564 suspicatur,
1873 2490 2029 2563 cujus

422 2588 593 2644 instar
619 2585 734 2641 vult
759 2601 883 2642 esse
911 2594 1155 2641 naturam
1181 2583 1354 2641 Zeno.
1386 2582 1542 2641 Unde
1568 2592 1624 2640 et
1649 2583 1822 2640 Varro
1849 2585 2027 2656 ignem

422 2679 610 2736 mundi
631 2679 872 2735 animum
896 2669 1051 2745 facit,
1068 2687 1125 2734 ut
1145 2664 1443 2750 perindein
1467 2676 1668 2734 mundo
1692 2678 1828 2749 ignis
1848 2679 2027 2734 omnia

421 2774 721 2847 gubernet,
755 2774 899 2829 sicut
943 2773 1155 2828 animus
1204 2772 1257 2827 in
1294 2772 1473 2829 nobis.
1515 2773 1677 2844 Atqui
1715 2771 2028 2829 vanissime.

415 2866 555 2922 Nam
586 2881 710 2922 cum
753 2874 877 2933 est,
916 2865 1125 2936 inquit,
1156 2864 1210 2920 in
1255 2864 1452 2933 nobis,
1482 2864 1585 2937 ipsi
1631 2880 1855 2933 sumus;
1903 2882 2027 2923 cum

412 2958 626 3026 exivit,
657 2958 971 3014 emorimur.
1005 2956 1148 3028 Ergo
1179 2964 1235 3013 et
1277 2956 1414 3030 ignis
1438 2972 1563 3014 cum
1604 2957 1672 3015 de
1702 2958 1906 3016 mundo
1929 2975 2030 3032 per

412 3051 629 3122 fulgura
655 3049 1041 3122 proﬁciscitur,
1072 3049 1303 3106 mundus
1330 3051 1607 3107 emoritur.

2130 1945 2309 1992 autem
2338 1936 2555 2007 negabit
2582 1938 2813 1994 mortale
2839 1954 3199 2010 corpnslesse,
3225 1956 3346 1997 cum
3376 1953 3432 1997 et
3456 1944 3736 2016 continga-

2124 2042 2247 2085 mus
2272 2042 2336 2083 ea
2360 2036 2414 2084 et
2432 2030 2824 2100 contingantur
2851 2032 2920 2088 ab
2949 2033 3053 2100 eis,
3086 2042 3232 2090 certa
3258 2050 3485 2107 corpora
3516 2053 3581 2093 es
3624 2040 3732 2096 iliis

2124 2119 2381 2178 decidere
2408 2121 2710 2179 videamus.
2736 2124 2879 2198 Ergo
2907 2125 2954 2182 si
2984 2127 3234 2184 animalia
3257 2128 3502 2200 deposita
3526 2133 3739 2190 ratione

2126 2214 2322 2271 animae
2347 2258 2364 2284 ,
2391 2231 2495 2289 qua
2523 2231 2816 2289 corporum
2856 2221 3096 2278 conditio
3128 2264 3144 2291 ,
3172 2226 3417 2281 mortalia
3440 2268 3454 2293 ,
3482 2243 3590 2284 non
3635 2231 3740 2285 uti-

2124 2324 2255 2380 que,
2306 2310 2379 2365 dil
2430 2311 2725 2369 elemento.
2774 2314 2842 2370 Et
2891 2324 3068 2374 tamen
3122 2319 3269 2377 unde
3314 2322 3568 2380 animalia
3611 2325 3743 2383 Var-

2126 2403 2250 2458 roni
2272 2402 2349 2475 (fr)
2376 2404 2624 2462 videntur
2638 2408 2940 2466 elementa?
2959 2411 3223 2481 Quoniam
3241 2426 3547 2475 moventur.
3570 2419 3650 2476 Ac
3666 2435 3739 2478 ne

2124 2510 2197 2550 ex
2228 2494 2442 2553 diverso
2469 2510 2821 2572 proponatur,
2843 2505 3011 2562 multa
3031 2506 3134 2563 alia
3156 2511 3381 2578 moveri,
3406 2521 3464 2567 ut
3488 2519 3652 2582 rotas,
3676 2523 3738 2571 ut

2132 2587 2390 2659 plaustra,
2420 2600 2479 2646 ut
2502 2592 2782 2651 machinas
2803 2605 3047 2665 caeteras,
3071 2598 3211 2657 ultro
3236 2604 3497 2674 prmvenit
3520 2604 3730 2674 dicens,

2126 2695 2199 2736 en
2226 2682 2477 2740 animalia
2500 2685 2729 2756 credita,
2755 2688 2896 2759 quod
2925 2706 3021 2761 per
3042 2694 3332 2766 semetipsa
3360 2709 3728 2768 moverentur,

2132 2775 2284 2832 nullo
2330 2780 2671 2837 extrinsecus
2722 2793 3021 2853 apparente
3074 2796 3339 2847 metatore
3397 2805 3584 2847 eorum
3640 2803 3735 2850 aut

2139 2867 2403 2927 mitiatore
2428 2911 2441 2937 ,
2488 2872 2628 2928 sicut
2672 2884 2895 2945 apparet
2925 2917 2939 2943 ,
2985 2879 3073 2949 qui
3126 2889 3299 2936 rotam
3325 2883 3637 2955 compellit,
3677 2895 3736 2943 et

2139 2961 2375 3033 plaustra
2403 2964 2602 3036 volvit,
2638 2976 2696 3023 et
2739 2968 3040 3026 machinam
3093 2980 3375 3046 temperat.
3416 2978 3582 3049 Igitur
3626 2980 3732 3037 nisi

2135 3055 2419 3124 animalia,
2442 3072 2547 3113 non
2579 3060 2793 3116 mobilia
2839 3078 2932 3133 per
2955 3078 3036 3120 se.
3066 3065 3235 3123 Porro
3270 3070 3547 3140 aliegans,
3596 3075 3725 3144 quid
3825 3086 3842 3101 '

489 3147 545 3202 5.
573 3144 667 3200 llis
689 3143 763 3199 ita
789 3143 1055 3215 expeditis
1081 3142 1183 3218 (τι),
1211 3143 1459 3200 videmus
1480 3141 1761 3217 physicum
1786 3145 1928 3203 istud
1956 3146 2025 3202 ad
2130 3160 2240 3201 non
2267 3159 2521 3218 appareat
2547 3191 2562 3218 ,
2599 3152 2835 3208 ostendit
2871 3155 2997 3224 quid
3036 3159 3294 3227 quaesisse
3341 3141 3640 3233 debuerat,
3673 3167 3731 3223 id

414 3236 525 3293 hoc
550 3236 902 3293 subornatum
929 3276 944 3302 ,
977 3244 1034 3291 ut
1076 3235 1211 3292 deos
1244 3235 1509 3292 elementa
1555 3236 1875 3306 contendat,
1896 3254 2025 3295 cum
2050 3234 2097 3297 C
2128 3250 2209 3297 est
2235 3283 2249 3307 ,
2287 3242 2547 3299 artiﬁcem
2572 3253 2627 3301 et
2654 3246 2915 3303 arbitrum
2943 3259 3158 3321 motus;
3189 3269 3363 3325 neque
3387 3256 3532 3313 enim
3549 3260 3731 3317 statim

418 3330 513 3386 itis
546 3330 710 3387 etiam
752 3330 888 3386 alios
914 3328 1047 3386 deos
1073 3340 1227 3385 natos
1248 3329 1480 3401 alleget;
1512 3329 1608 3386 Dei
1642 3331 1786 3387 enim
1816 3333 2028 3388 nonnisi
2134 3352 2243 3391 non
2270 3344 2381 3403 est,
2415 3338 2556 3409 quod
2577 3380 2591 3405 ,
2639 3340 2763 3412 quia
2813 3358 2920 3399 non
2974 3345 3250 3417 videmus,
3278 3366 3281 3371 ί
3307 3366 3412 3407 non
3464 3355 3734 3414 credimus

424 3421 495 3479 de
523 3422 639 3479 deis
664 3431 1034 3479 nascerentur.
1068 3421 1217 3490 Quos
1246 3423 1503 3516 quoniam
1534 3424 1586 3480 in
1622 3424 1862 3497 mythico
1884 3426 2027 3498 apud
2130 3443 2271 3485 esse.
2300 3428 2417 3486 Iino
2450 3444 2521 3487 eo
2548 3431 2710 3488 altius
2739 3434 3168 3509 investigandum
3200 3451 3315 3512 est,
3346 3445 3487 3516 quod
3520 3461 3623 3503 non
3651 3450 3730 3506 vi-

418 3523 612 3586 poetas
653 3514 861 3585 plenius
902 3529 1000 3571 suo
1025 3515 1146 3571 loco
1173 3514 1638 3586 examinabimus,
1674 3527 1852 3575 tamen
1881 3519 2027 3591 quod

422 3605 495 3663 de
541 3606 674 3678 ipsis
714 3607 928 3663 interim
951 3604 1351 3665 retractandum
1376 3617 1461 3666 est
1480 3651 1497 3678 ,
1525 3610 1667 3681 quod
1693 3611 1759 3667 ad
1787 3627 2026 3689 praesen-

416 3710 531 3758 tiam
574 3700 809 3773 speciem
851 3698 1001 3771 facit,
1041 3702 1199 3759 simul
1243 3711 1299 3759 et
1326 3702 1411 3773 _de
1453 3705 1705 3776 praesenti
1745 3705 1926 3777 specie
1954 3706 2024 3761 ad

414 3792 567 3864 ipsos
591 3807 799 3850 ......an
822 3794 1092 3850 ostensuri
1116 3809 1324 3863 sumus,
1345 3793 1478 3852 deos
1499 3795 1649 3852 nullo
1671 3796 1833 3853 modo
1855 3797 2022 3854 videri

414 3900 613 3959 posse,
639 3886 730 3958 qui
772 3886 842 3943 de
885 3886 1167 3944 elementis
1206 3887 1319 3945 nati
1356 3888 1641 3957 dicuntur,
1665 3899 1726 3947 ut
1747 3890 1860 3962 jam
1897 3891 2021 3948 hinc

413 3978 826 4051 przejudicatum
855 3979 928 4035 sit
949 4021 964 4048 ,
991 3979 1123 4037 deos
1148 3980 1413 4039 elementa
1440 3994 1548 4038 non
1576 3998 1730 4053 esse,
1759 3998 1881 4043 cum
1923 3984 2021 4058 qui

420 4068 489 4126 de
523 4070 809 4127 elementis
830 4070 942 4126 nati
980 4071 1233 4129 dicuntur
1255 4115 1271 4142 ,
1298 4072 1533 4142 Dei-non
1559 4084 1723 4144 sunt;
1749 4092 1901 4147 asque
1925 4076 2021 4133 de-

414 4161 791 4228 monstrando,
818 4168 940 4218 orta
961 4162 1092 4220 deos
1116 4178 1224 4219 nou
1253 4178 1399 4231 esse,
1426 4166 1496 4221 ad
1522 4166 1669 4223 illam
1701 4178 2016 4239 agnatorum

419 4255 653 4325 speciem
695 4264 1080 4326 praestruemus
1124 4267 1272 4315 recte
1304 4273 1411 4314 non
1449 4273 1571 4317 esse
1607 4260 1856 4331 defendi,
1885 4278 2019 4334 quo-

414 4361 538 4403 rum
565 4357 841 4418 parentes,
869 4348 923 4404 id
940 4357 1026 4406 est
1044 4349 1331 4406 clementia
1359 4351 1445 4407 dei
1468 4367 1580 4408 non
1610 4366 1755 4410 sunt.
1784 4354 2013 4426 Scitum,

2129 3522 2321 3581 deatur
2343 3565 2357 3592 ,
2389 3533 2449 3580 ut
2474 3525 2617 3596 quod
2644 3527 2891 3584 videatur
2939 3532 3099 3602 quale
3138 3534 3209 3590 sit
3253 3536 3394 3594 scire
3431 3539 3722 3610 possimus.

2128 3616 2380 3687 Alioquin
2420 3618 2470 3673 si
2518 3626 2725 3676 tantum
2768 3636 2866 3689 ea,
2913 3639 3032 3695 qua:
3073 3640 3384 3700 comparent
3404 3643 3423 3698 ,‘
3467 3633 3570 3690 dco
3606 3651 3729 3694 esse

2124 3708 2436 3780 creduntur,
2465 3713 2587 3783 quia
2614 3726 2927 3785 comparent
2946 3718 2969 3771 Υ
2988 3718 3267 3786 Quomodo
3289 3723 3420 3780 deos
3440 3727 3600 3782 etiam
3631 3744 3728 3787 eos

2124 3804 2363 3875 recipitis
2389 3805 2478 3876 qui
2508 3820 2615 3862 non
2655 3812 3013 3881 comparent?
3038 3810 3094 3869 Si
3125 3826 3301 3873 autem
3334 3818 3581 3876 videntur
3604 3838 3727 3881 esse

2120 3895 2214 3966 qui
2242 3909 2348 3953 non
2393 3907 2553 3966 sunt,
2600 3913 2698 3955 cur
2740 3918 2846 3957 non
2887 3906 2994 3960 sint
3024 3913 3079 3961 ct
3124 3908 3214 3978 qui
3266 3926 3375 3966 non
3423 3911 3720 3971 videntur?

2122 3985 2442 4044 Motatorem
2463 3989 2585 4047 dico
2610 3992 2911 4051 caelestium
2942 4011 3145 4055 rerum.
3193 3999 3314 4057 Sint
3346 4018 3476 4074 ergo
3505 4014 3561 4062 et
3602 4009 3721 4064 ani-

2118 4080 2282 4135 malia
2307 4122 2321 4149 ,
2353 4081 2475 4152 quia
2506 4084 2722 4139 mobilia
2753 4100 2850 4157 per
2886 4101 2945 4143 se
2970 4131 2985 4156 ,
3016 4091 3178 4147 etiam
3224 4094 3437 4151 mobilia
3484 4112 3580 4169 per
3620 4114 3680 4157 se
3701 4142 3720 4170 ,

2118 4173 2244 4245 quia
2272 4189 2378 4230 non
2402 4192 2496 4247 per
2517 4178 2676 4234 alium
2702 4194 2719 4246 ;
2750 4189 2925 4237 tamen
2954 4184 3043 4239 illa
3076 4201 3182 4242 non
3224 4190 3402 4245 statim
3431 4192 3524 4250 Dei
3551 4236 3566 4261 ,
3596 4197 3718 4268 quia

2121 4266 2368 4323 animalia
2394 4308 2410 4333 ,
2465 4269 2536 4323 ita
2578 4285 2680 4327 nec
2725 4271 2848 4329 ideo
2876 4315 2891 4342 ,
2939 4277 3061 4346 quia
3101 4292 3199 4350 per
3226 4294 3287 4337 se
3329 4283 3581 4354 mobilia;
3613 4266 3721 4344 aut

2121 4361 2248 4433 quid
2275 4370 2419 4419 vetat
2439 4364 2686 4422 universa
2715 4367 2987 4438 animalia,
3023 4379 3079 4426 ut
3107 4374 3320 4431 mobilia
3352 4393 3446 4448 per
3477 4393 3556 4447 se,
3585 4380 3717 4438 deos

414 4439 580 4496 deum
614 4455 646 4497 e
671 4440 774 4497 deo
816 4442 988 4508 nasci,
1028 4442 1480 4514 quemadmodum
1518 4445 1586 4502 de
1622 4460 1732 4503 non
1764 4446 1868 4504 deo
1907 4463 2016 4505 non
2114 4453 2461 4513 haberi
2491 4456 2562 4512 lia
2593 4473 2723 4516 sane
2749 4460 2985 4518 vanitate
3036 4464 3307 4538 Egyptiis
3351 4439 3496 4527 licet.

412 4532 601 4591 deum.
629 4533 798 4606 Igitur
821 4536 965 4607 quod
1004 4536 1276 4593 elementa
1303 4539 1578 4595 contineat
1612 4541 1845 4597 mundus
1870 4543 1972 4600 iste
1994 4585 2010 4612 ,

422 4635 481 4682 ut
507 4628 843 4684 summaliter
873 4639 1095 4686 tractem
1123 4630 1190 4687 de
1215 4632 1565 4689 universitate
1586 4674 1604 4701 ,
1631 4635 1872 4707 partibus
1898 4641 2016 4708 ejus

421 4720 879 4790 praeministrans;
908 4736 1031 4777 nam
1053 4738 1174 4795 qua:
1198 4723 1435 4780 conditio
1459 4726 1598 4796 ejus,
1624 4726 1814 4784 eadem
1838 4730 2019 4802 utique

419 4813 524 4868 erit
566 4822 622 4869 et
654 4815 1042 4871 elementorum
1090 4824 1144 4872 ct
1182 4816 1568 4886 membrorum,
1597 4831 1688 4876 aut
1733 4823 1801 4877 ab
1838 4823 2019 4896 aliquo

420 4906 699 4963 institutus
720 4908 790 4964 sit
813 4924 1037 4966 necesse
1063 4917 1167 4977 est,
1191 4927 1293 4983 qua
1316 4911 1557 4993 Platonis
1579 4913 1901 4987 humanitas,
1920 4927 2022 4976 aut

419 5015 451 5055 a
478 5001 623 5058 nullo
647 5017 750 5073 qua
777 5001 992 5074 Epicuri
1031 5004 1247 5061 duritia.
1289 5005 1361 5062 Et
1398 5007 1442 5064 si
1485 5008 1755 5069 institutus
1779 5022 1864 5069 est
1882 5056 1898 5078 ,
1922 5014 2020 5070 ita-

410 5091 598 5151 bendo
647 5094 859 5151 initium
887 5094 1108 5154 habebit
1147 5105 1202 5155 et
1230 5098 1390 5155 linem
1416 5141 1433 5169 ,
1455 5101 1532 5157 ita
1560 5102 1704 5174 quod
1731 5105 2021 5178 aliquando

416 5198 529 5240 non
570 5184 669 5241 fuit
708 5197 837 5243 ante
875 5187 1122 5255 initium,
1150 5197 1205 5247 et
1246 5189 1568 5264 quandoque
1610 5209 1717 5251 non
1758 5199 1866 5254 erit
1899 5207 2024 5271 post

416 5276 583 5336 tinem
610 5296 625 5334 :
649 5293 759 5337 non
779 5279 923 5352 capit
944 5280 1129 5355 utique
1152 5281 1323 5342 videri
1346 5282 1481 5343 deus
1500 5300 1691 5345 carens
1720 5289 2022 5350 substantia

2189 4551 2244 4603 4.
2277 4548 2440 4606 Aiunt
2467 4550 2682 4621 quidam
2713 4562 2998 4625 prOpterea
3030 4557 3160 4615 deos
3200 4560 3363 4619 fuisse
3390 4566 3708 4638 appellatos,

2120 4639 2265 4713 quod
2315 4647 2431 4698 θέειν
2481 4651 2535 4698 et
2585 4653 2808 4713 σείεσθιι,
2837 4661 3154 4718 procurrere
3203 4667 3268 4708 ac
3310 4657 3501 4712 motari
3540 4658 3714 4717 inter-

2124 4736 2351 4807 pretatio
2377 4746 2482 4794 est.
2506 4738 2669 4797 'Sane
2696 4742 3013 4801 vocabulum
3051 4747 3193 4804 istud
3216 4763 3326 4805 non
3354 4762 3441 4809 est
3482 4754 3715 4828 alicujus

2123 4829 2452 4901 maiestatis;
2482 4847 2512 4887 a
2533 4847 2692 4889 cursu
2721 4835 2864 4891 enim
2895 4847 2949 4893 et
2976 4847 3123 4894 motu
3142 4882 3156 4906 ,
3188 4857 3293 4896 non
3325 4844 3393 4900 ab
3417 4844 3712 4907 divinitatis

2122 4923 2559 4983 denominatione
2577 4925 2862 4985 formatum
2886 4938 2985 4986 est.
3012 4930 3119 4987 Sed
3148 4949 3268 4989 cum
3294 4938 3454 4992 etiam
3474 4939 3565 4996 ille
3582 4957 3719 4999 unus

2122 5020 2271 5081 Deus
2297 5035 2456 5092 quem
2504 5022 3347 5098 colimus,octccognominetur,
3399 5048 3498 5090 nec
3538 5043 3720 5093 tatncn

2125 5124 2217 5169 aut
2240 5122 2417 5168 motus
2441 5112 2586 5170 ullus
2611 5124 2702 5170 aut
2743 5130 2936 5172 ctu-sus
2964 5118 3082 5188 ejus
3124 5132 3408 5192 appareat,
3453 5125 3578 5195 quia
3620 5143 3724 5184 nec

2124 5204 2354 5262 visibilis
2380 5206 2626 5280 cuiquam
2657 5209 2763 5277 sit,
2811 5210 2984 5281 palam
3016 5221 3143 5283 est,
3192 5224 3251 5271 ut
3290 5218 3607 5275 vocabulum
3652 5220 3727 5278 is-

2125 5297 2219 5355 tud
2242 5336 2257 5354 .
2280 5336 2298 5355 .
2325 5338 2338 5354 .
2370 5340 2387 5355 .
2420 5335 2435 5354 .
2462 5338 2476 5354 .
2504 5338 2519 5355 .
2550 5308 2820 5373 sumptum
2850 5305 3231 5379 prapriumque
3251 5351 3268 5379 ,
3309 5309 3432 5382 quia
3474 5326 3535 5369 se
3573 5314 3716 5372 nati-

1795 5431 2352 5495 COMMENTARIUS.
2376 5442 2383 5449 ”

494 5559 575 5631 (a)
615 5557 715 5640 His
733 5560 808 5640 ita
826 5560 1105 5640 expeditis.
1123 5561 1255 5640 Post
1275 5566 1486 5630 turbam
1504 5566 1647 5623 illam
1672 5567 2028 5640 philosupho-

421 5644 581 5715 rum,
609 5633 697 5705 qui
728 5634 797 5690 de
824 5633 936 5716 Det)
979 5648 1068 5691 aut
1114 5636 1347 5716 pessime
1396 5633 1720 5716 senserunt,
1753 5653 1844 5698 aut
1888 5633 2032 5700 Deos
2134 5661 2202 5716 qu

2205 5573 2283 5699 ςιι)
2326 5570 2390 5627 Et
2415 5581 2580 5629 tamen
2604 5574 2741 5630 unde
2764 5576 3030 5632 animalia.
3064 5574 3360 5636 Varronem
3389 5581 3493 5639 huc
3519 5583 3735 5654 attingit

2263 5646 2525 5699 elementa
2566 5648 2812 5699 animalia
2859 5649 3113 5699 docuerat
3133 5692 3147 5699 -
3180 5667 3245 5699 ex
3272 5667 3338 5699 en
3367 5655 3507 5699 mum
3539 5672 3725 5699 mmm.

2263 5646 2525 5723 elementa
2566 5648 2812 5723 animalia
2859 5649 3148 5723 docuerat,
3180 5667 3245 5709 ex
3272 5667 3338 5708 eo
3367 5655 3507 5723 quod
3539 5646 3725 5711 move

425 5703 649 5785 omnino
698 5705 1068 5790 sustulerunt,
1097 5703 1443 5790 validissimis
1487 5703 1783 5790 rationibus
1835 5724 2035 5790 pugnat
2137 5703 2343 5772 rentur.
2369 5717 2423 5770 In
2445 5731 2553 5790 quo
2577 5718 2723 5772 illum
2749 5719 2923 5790 arguit
2945 5703 3723 5790 imperitiae";vdcbuerai-en‘iin

424 5786 489 5828 ex
520 5776 729 5851 ipsare
748 5776 817 5831 de
843 5793 948 5847 qua
975 5788 1092 5851 erat
1119 5781 1345 5851 quaestio
1370 5822 1385 5846 ,
1412 5780 1480 5838 de
1500 5789 1620 5837 ortu
1651 5776 1861 5840 scilicet
1892 5776 2034 5846 Deo-

426 5857 548 5901 rum
574 5885 591 5920 ,
621 5846 688 5910 de
715 5846 1153 5926 immertaiitate,‘
1177 5852 1453 5917 creatione
1477 5892 1492 5930 ,
1519 5860 1626 5914 etc.
1668 5854 1745 5918 Ls
1790 5856 1891 5921 Pa.

2140 5797 2413 5869 rumorem.
2443 5789 2760 5872 investigare
2781 5830 2795 5855 ,
2824 5789 3077 5872 atquead
3099 5794 3333 5872 primum
3367 5797 3494 5855 illud
3522 5800 3726 5872 princi-

2140 5860 2288 5934 pium
2317 5859 2541 5921 rationis
2570 5862 2621 5918 vi
2648 5859 2960 5923 ascendere.
2989 5861 3068 5922 ιε
3099 5863 3198 5921 Pn.
