4252 6264
553 309 656 372 591

1964 305 2423 367 TERTULLIANI

3751 315 3862 373 59%

559 448 687 490 vum
717 473 733 500 ,
765 428 1056 488 divinitatis
1099 427 1394 483 inventum.
1429 459 1445 478 .
1480 461 1493 477 .
1529 463 1542 478 .
1576 465 1589 478 .
1626 465 1637 478 .
1674 465 1686 478 .
1720 464 1733 478 .
1769 423 2168 495 interpretatio-
2193 424 2247 484 A
2271 425 2380 495 quii
2406 425 2633 482 artiﬁcio
2661 425 3005 484 adornatum?
3027 427 3220 486 Merito
3248 443 3376 501 ergo
3403 429 3642 487 Milesius
3666 431 3864 494 Thales

562 527 649 582 nis
674 526 791 597 ejus
815 521 1006 581 astutia
1023 562 1040 589 ,
1064 517 1410 576 verisimilius
1441 526 1525 574 est
1551 531 1658 573 non
1687 532 1718 573 a
1744 531 1904 573 cursu
1926 525 1980 574 et
2011 527 2160 573 motu

561 629 690 680 θεοὺς
717 619 889 674 dictos
907 655 922 683 ,
949 613 1045 671 sed
1075 613 1143 670 de
1171 613 1527 685 appellatione
1552 613 1664 668 veri
1713 613 1798 669 dei
1837 622 2158 680 mutuatum,

561 713 638 767 uti
659 723 795 782 quos
820 722 974 779 teque
993 706 1126 762 deos
1145 705 1519 772 excudissetis,
1538 715 1663 768 θεοὺς
1687 707 2155 778 cognominaretis.

560 803 805 874 Denique
842 816 1002 873 quam
1026 801 1096 856 ita
1124 801 1229 869 sit,
1261 799 1508 872 probatio
1533 801 1768 870 suppetit
1793 842 1806 866 ,
1845 815 1966 856 cum
1994 800 2156 856 etiam

559 899 842 956 universos
866 897 999 952 deos
1030 905 1237 952 vestros
1259 937 1274 961 ,
1301 895 1354 950 in
1383 895 1576 966 quibus
1601 895 1794 951 nullius
1823 910 2015 951 cursus
2063 904 2156 952 aut

557 1001 736 1050 motus
753 989 988 1046 Ofﬁcium
1015 988 1318 1054 denotatur,
1333 997 1460 1048 Θεοῦς
1473 987 1829 1044 communiter
1849 989 2151 1060 appelletis.

554 1084 740 1155 Itaque
771 1084 815 1139 si
841 1097 993 1154 aeque
1021 1090 1148 1142 θεοὺς
1176 1095 1328 1152 atque
1371 1080 1677 1136 immobiles
1703 1122 1716 1145 ,
1744 1080 2038 1137 disceditur
2061 1096 2154 1137 vo-

554 1175 734 1233 cabuli
764 1173 1206 1245 interpretatione
1235 1172 1438 1244 pariter
1476 1180 1533 1227 et
1555 1171 1850 1228 divinitatis
1876 1173 2150 1244 Opinione,

554 1287 677 1343 qua:
706 1285 735 1324 a
762 1283 921 1325 cursu
969 1276 1025 1324 et
1062 1275 1210 1325 motu
1248 1264 1521 1321 modulata
1551 1265 1890 1322 rescinditur.
1923 1267 2076 1334 Quod
2107 1266 2154 1324 si

555 1377 754 1419 nomen
787 1359 928 1416 istud
961 1359 1236 1431 prOprium
1259 1356 1552 1413 divinitatis
1577 1366 1630 1413 et
1653 1357 1906 1429 simplex,
1942 1375 2041 1415 nec
2070 1359 2153 1414 iu-

552 1454 989 1526 terpretatorium
1020 1453 1075 1508 in
1106 1451 1201 1507 illo
1246 1450 1349 1508 deo
1374 1450 1779 1522 reprehensum,
1832 1453 1883 1507 in
1915 1462 2108 1509 caatera
2129 1493 2146 1522 ,

553 1566 674 1622 qua:
713 1549 845 1606 deos
876 1548 1038 1602 vultis
1063 1587 1079 1614 ,
1107 1545 1298 1602 docete
1337 1546 1500 1601 etiam
1547 1546 1819 1616 qualitatis
1848 1545 1988 1602 inter
2030 1548 2151 1604 illos

552 1657 675 1698 esse
689 1640 1058 1704 “consortium,
1090 1647 1148 1692 ut
1169 1638 1292 1708 jure
1313 1639 1572 1693 consistat
1601 1638 1885 1709 collegium
1917 1641 2150 1696 nominis

551 1732 930 1790 communione
955 1728 1286 1786 substantize.
1303 1728 1472 1784 Porro
1484 1736 1641 1783 ΘΕΟΣ
1657 1730 1744 1785 ille
1755 1730 1864 1800 jam
1887 1730 1988 1786 hoc
2009 1732 2148 1800 solo,

550 1823 696 1894 quod
724 1839 829 1878 non
860 1823 930 1878 sit
956 1821 1007 1876 in
1037 1828 1289 1892 promptu
1312 1861 1327 1885 ,
1375 1831 1530 1875 vacat
1564 1835 1591 1874 a
1630 1823 2030 1892 comparatione
2059 1839 2152 1879 eo-

548 1931 704 1983 rum,
733 1930 851 1986 qutn
877 1914 930 1969 in
975 1921 1226 1984 promptu
1271 1919 1396 1968 sunt
1435 1921 1487 1968 et
1523 1913 1659 1969 visui
1705 1923 1759 1969 et
1803 1917 2023 1983 sensui;
2056 1917 2150 1974 sed

547 2007 733 2064 sensui
759 2007 931 2072 satis,
990 2004 1133 2075 quod
1187 2013 1268 2060 est
1323 2005 1611 2060 testimonii
1663 2005 1729 2060 ad
1783 2006 2147 2065 diversitatem

547 2098 746 2155 occulti
789 2107 845 2154 et
877 2096 1146 2152 manifesti
1187 2096 1558 2162 renuntiatio;
1608 2097 1650 2151 si
1678 2097 1944 2154 elementa
1971 2101 2148 2171 palam

545 2190 822 2263 proposita
844 2189 1122 2254 omnibus,
1153 2189 1197 2244 si
1220 2196 1405 2244 contra
1433 2187 1568 2243 deus
1609 2189 1810 2254 nemini
1835 2231 1850 2256 ,
1877 2193 2149 2261 quomodo

546 2284 750 2356 poteris
773 2298 838 2339 ex
869 2297 930 2339 ea
951 2290 1104 2354 parte
1125 2323 1141 2350 ,
1185 2295 1346 2352 quam
1392 2296 1496 2335 non
1541 2280 1754 2347 vidisti,
1801 2298 1922 2354 qua:
1958 2284 2107 2342 vides
2131 2329 2147 2355 ,

547 2376 844 2450 congredi?
870 2375 1002 2433 Cum
1030 2389 1159 2447 ergo
1181 2389 1287 2430 non
1317 2373 1482 2429 habes
1502 2375 1826 2446 conjungere
1841 2390 2022 2432 sensu.
2049 2417 2063 2432 .
2090 2419 2104 2432 .
2125 2419 2141 2434 .

543 2472 783 2536 ratione,
813 2469 944 2542 quid
966 2468 1229 2526 vocabulo
1257 2467 1557 2540 conjungis,
1586 2477 1644 2524 ut
1668 2470 1962 2542 conjungas
1983 2473 2166 2532 etiam.

540 2564 858 2638 potestate?
905 2563 1046 2619 Ecce
1094 2560 1237 2617 enim
1285 2561 1430 2618 Zeno
1475 2560 1555 2634 (a)
1599 2578 1815 2634 quoque
1865 2567 2143 2621 materiam

543 2655 872 2714 mundialem
889 2669 920 2710 a
941 2655 1052 2710 Deo
1071 2661 1302 2724 separat,
1327 2653 1409 2710 vel
1437 2669 1560 2710 eum
1581 2669 1674 2724 per
1691 2653 1858 2721 illam,
1885 2664 2138 2728 tanquam

547 2750 656 2806 mel
684 2765 778 2820 per
803 2747 954 2804 favos
980 2748 1241 2803 transisse
1266 2746 1413 2802 dicit.
1463 2747 1642 2817 Itaque
1674 2748 1898 2804 materia
1920 2759 1974 2806 et
2003 2751 2144 2807 Deus

543 2843 653 2899 duo
676 2841 966 2907 vocabula,
997 2840 1118 2897 dure
1143 2855 1252 2897 res.
1283 2839 1390 2896 Pro
1419 2839 1730 2903 discrimine
1762 2843 2142 2901 vocabulorum

544 2935 709 2991 etiam
745 2948 834 2989 res
858 2941 1173 3004 separantur
1193 2975 1208 3000 ,
1254 2931 1414 2988 etiam
1442 2933 1682 2989 materia:
1710 2935 1949 2991 conditio
1978 2952 2143 2993 voca-

543 3026 732 3082 bulum
762 3025 1022 3095 sequitur.
1050 3023 1202 3093 Quod
1227 3023 1272 3079 si
1301 3024 1524 3080 materla
1554 3039 1660 3080 non
1691 3034 1796 3093 est,
1829 3027 1953 3099 quia
1985 3028 2062 3084 sic
2090 3039 2144 3085 et

543 3118 834 3190 appellatio
859 3116 1198 3213 praescribit,
1225 3115 1497 3213 quomodo
1522 3133 1642 3188 qua:
1663 3127 1789 3175 sunt
1808 3118 1860 3174 in
1891 3121 2137 3213 materia,
2168 3150 2214 3213 ρ

538 3211 598 3268 id
641 3218 728 3266 est
771 3209 1072 3276 elementa,
1102 3207 1188 3263 dei
1234 3206 1608 3274 habebuntur,
1662 3224 1782 3265 cum
1826 3212 2068 3268 membra
2110 3227 2142 3268 a

540 3316 771 3372 corpore
812 3300 939 3372 alig.
969 3341 984 3356 .
1015 3339 1030 3354 .
1057 3340 1073 3357 .
1123 3314 1245 3356 esse
1284 3314 1391 3355 non
1430 3299 1674 3371 possint?
1725 3302 1829 3359 Sed
1875 3305 2002 3376 quid
2043 3321 2143 3377 ego

541 3410 665 3451 cum
711 3393 1264 3466 argumentationibus
1306 3391 1733 3464 physiologicis?
1784 3393 1840 3451 S.
1873 3434 1887 3449 .
1916 3435 1933 3450 .
1963 3437 1977 3452 .
2011 3437 2026 3454 .
2059 3413 2144 3453 as-

542 3488 776 3546 cendere
797 3487 982 3544 debuit
1001 3485 1068 3560 de
1103 3495 1247 3542 statu
1276 3486 1498 3552 mundi,
1547 3501 1653 3542 non
1701 3489 1904 3544 incerta
1943 3491 2138 3548 descen

543 3621 562 3637 .
592 3621 606 3636 .
638 3619 653 3637 .
683 3621 700 3637 .
729 3617 744 3634 .
777 3618 793 3636 .
829 3617 843 3631 .
873 3621 888 3636 .
922 3579 977 3635 lo
1005 3579 1271 3650 platonica
1314 3578 1482 3634 forma
1523 3579 1841 3649 quadratum
1891 3596 2016 3638 eum
2045 3598 2140 3638 an-

541 3675 887 3746 gulatumque
939 3687 1080 3729 com.
1109 3710 1125 3729 .
1157 3711 1172 3726 .
1204 3710 1218 3726 .
1254 3713 1267 3728 .
1295 3709 1310 3725 .
1342 3709 1357 3726 .
1403 3671 1474 3726 do
1544 3672 1748 3728 circino
1795 3675 2020 3729 rotunda
2069 3675 2140 3731 ita

541 3767 797 3836 collegit,
831 3763 973 3836 quod
1005 3766 1120 3819 sine
1144 3763 1321 3833 capite
1365 3763 1537 3818 solum
1575 3762 1722 3820 credi
1754 3764 1984 3820 laborat.
2031 3767 2138 3824 Sed

541 3860 807 3931 Epicurus
829 3900 844 3926 ,
874 3856 963 3928 qui
990 3855 1198 3931 dixgrat
1219 3897 1234 3922 ,
1265 3870 1384 3926 qua:
1409 3869 1572 3924 super
1601 3870 1697 3910 uos
1718 3897 1733 3922 ,
1766 3856 1900 3913 nihil
1920 3859 1986 3914 ad
2015 3875 2136 3928 nos,

541 3970 667 4013 cum
697 3963 752 4010 et
779 3953 893 4024 ipse
913 3951 1107 4008 coelum
1133 3947 1397 4019 inspicere
1423 3947 1730 4015 desiderat,
1777 3950 1909 4006 solis
1951 3952 2136 4010 orbem

543 4046 620 4118 (b)
668 4043 914 4118 pedalem
963 4039 1335 4112 deprehendit.
1378 4038 1566 4095 Adhuc
1618 4040 1824 4097 scilicet
1862 4042 2140 4115 frugalitas

539 4149 597 4195 et
633 4139 685 4194 iu
714 4136 864 4194 caelis
889 4131 1444 4205 agebatur.'Deuiquc
1492 4139 1550 4186 ut
1593 4133 1817 4188 ambitio
1867 4135 2134 4205 profecit,

540 4233 705 4289 etiam
732 4229 814 4286 sol
844 4228 1014 4283 aciem
1042 4241 1191 4280 suam
1219 4225 1460 4281 extendit
1487 4265 1502 4291 ,
1536 4223 1606 4278 ita
1639 4225 1785 4280 illum
1817 4227 2000 4284 orbem
2027 4247 2141 4286 ma-

534 4327 711 4400 jorem
742 4321 1074 4396 peripatetici
1105 4321 1512 4375 denotaverunt.
1546 4318 1652 4376 0ro
1681 4336 1775 4378 vos
1799 4363 1813 4389 ,
1844 4323 1972 4395 quid
2001 4327 2143 4396 sapit

540 4418 973 4489 coujccturarum
1019 4411 1223 4468 libido?
1263 4411 1401 4480 Quid
1451 4413 1640 4482 prohat
1690 4423 1834 4470 tanta
1881 4431 2141 4486 praesum-

540 4513 728 4585 ptione
752 4504 1164 4566 asseverationis
1198 4504 1363 4560 otium
1392 4505 1651 4563 affectatae
1679 4509 2004 4567 morositatis
2028 4513 2139 4570 elo-

2263 516 2338 588 (c)
2366 517 2493 573 dum
2520 527 2688 575 totum
2718 520 2912 577 coelum
2935 522 3209 578 examinat
3239 531 3294 577 et
3317 523 3560 579 ambulat
3585 526 3775 590 oculis,
3808 527 3860 582 in

2263 619 2479 681 puteum
2507 613 2724 670 cecidit.
2757 655 2772 670 .
2800 655 2814 668 .
2849 654 2864 669 .
2898 656 2912 671 .
2941 657 2956 673 .
2982 632 3010 671 r
3031 657 3048 684 ,
3105 617 3329 672 multum
3375 618 3565 674 irrisus
3607 619 3862 692 Egyptio

2261 700 2340 756 illi
2370 718 2383 756 :
2412 701 2470 757 In
2517 712 2686 770 terra,
2720 705 2925 777 inquit,
2958 707 3090 762 nihil
3123 709 3517 779 perspiciebas,
3547 710 3743 766 coelum
3769 709 3861 767 tibi

2260 797 2647 868 speculandum
2667 800 2982 857 existimas?
3025 801 3208 873 Itaque
3245 817 3402 858 casus
3428 803 3540 873 ejus
3584 818 3682 874 per
3721 805 3861 874 ﬁgu-

2259 903 2517 945 ram......
2542 906 2567 946 s
2596 901 2782 961 notat,
2814 893 3018 950 scilicet
3043 909 3137 949 eos
3173 895 3263 966 qui
3290 895 3549 966 stupidatn
3571 907 3865 955 exerceant

2257 981 2645 1037 curiositatem.
2673 1022 2688 1037 .
2721 1024 2734 1038 .
2763 1023 2779 1039 .
2806 1023 2821 1039 .
2844 994 3052 1041 natura:
3073 1028 3088 1054 ,
3118 1000 3276 1057 quam
3305 987 3450 1057 prius
3498 988 3550 1042 in
3596 988 3860 1047 artificem

2256 1073 2375 1145 ejus
2395 1083 2448 1130 et
2474 1075 2778 1146 praesidem,
2811 1078 2863 1134 in
2912 1094 3158 1134 vacuum.
3183 1118 3196 1133 .
3221 1119 3236 1134 .
3266 1119 3278 1132 .
3309 1119 3325 1134 .
3347 1097 3381 1135 n
3407 1079 3534 1135 dum
3563 1081 3862 1143 habiturOS.

2329 1165 2382 1221 5.
2431 1167 2571 1234 Quin
2619 1183 2748 1239 ergo
2793 1169 2860 1224 ad
2905 1169 3278 1240 humaniorem
3326 1171 3600 1242 aliquanto
3627 1173 3772 1245 (d)..
3800 1213 3856 1230 ..

2256 1257 2397 1313 imur
2422 1259 2729 1329 Opinionem
2755 1301 2772 1330 ,
2799 1277 2920 1332 qua:
2945 1261 3012 1318 de
3041 1262 3311 1318 communi
3339 1263 3590 1334 {omnium
3619 1278 3780 1321 sensu
3805 1275 3862 1323 et

2257 1349 2487 1422 simplici
2517 1366 2636 1422 cog.
2664 1395 2676 1407 .
2701 1392 2716 1408 .
2743 1391 2758 1406 .
2783 1352 3014 1410 deducta
3041 1354 3284 1410 videatur
3313 1356 3434 1427 (l)?
3461 1355 3591 1411 Nam
3617 1368 3671 1413 et
3690 1357 3861 1413 Varro

2255 1443 2502 1499 meminit
2523 1445 2662 1514 ejus,
2691 1445 2950 1502 creditam
2979 1455 3238 1517 praeterea
3267 1446 3454 1504 dicens
3470 1449 3857 1506 elementorum

2254 1534 2613 1606 divinitatem,
2639 1537 2783 1609 quod
2811 1538 2943 1594 nihil
2974 1540 3196 1595 omnino
3224 1539 3342 1596 sine
3371 1540 3625 1613 suffragio
3645 1543 3856 1600 illorum

2253 1627 2396 1698 gigni
2423 1670 2438 1694 ,
2468 1627 2539 1683 ali
2569 1671 2582 1696 ,
2615 1629 2839 1699 provehi
2869 1631 3038 1701 possit
3065 1631 3130 1686 ad
3161 1633 3282 1688 vita:
3310 1631 3558 1690 humana:
3603 1646 3660 1692 et
3681 1645 3858 1706 .terrae

2255 1719 2518 1776 sationem
2545 1763 2558 1787 ,
2593 1723 2808 1794 quando
2849 1738 2918 1779 ne
2957 1724 3071 1795 ipsa
3110 1725 3328 1796 quidem
3355 1742 3578 1798 corpora
3611 1738 3705 1785 aut
3743 1731 3859 1788 ani-

2257 1827 2373 1867 mas
2419 1813 2668 1870 sufﬁcere
2707 1815 2945 1872 licuisset
2983 1817 3101 1872 sine
3144 1817 3536 1874 elementorum
3587 1829 3856 1894 tempera-

2254 1914 2439 1962 mento
2463 1949 2477 1974 ,
2508 1921 2616 1977 quo
2648 1906 2910 1962 habitatio
2942 1909 3042 1962 ista
3083 1909 3269 1964 mundi
3301 1910 3626 1968 circulorum
3664 1914 3855 1971 condi-

2254 1999 2488 2054 tionibus
2512 1999 2768 2056 foederata
2801 2009 3086 2071 prtestatur
3107 2042 3120 2068 ,
3151 2002 3252 2057 nisi
3281 2004 3424 2074 quod
3471 2006 3744 2062 hominum
3774 2010 3855 2066 in-

2253 2091 2452 2147 colatui
2483 2092 2769 2164 denegavit
2790 2094 3083 2150 enormitas
3129 2095 3342 2166 frigoris
3367 2106 3459 2153 aut
3485 2098 3700 2156 caloris.
3752 2101 3852 2156 Ita-

2252 2200 2357 2255 que
2396 2185 2527 2242 deos
2569 2187 2716 2243 credi
2750 2187 2962 2244 :solem
2991 2229 3009 2257 ,
3033 2189 3142 2260 qui
3174 2189 3279 2246 diei
3320 2190 3388 2247 de
3430 2207 3529 2247 suo
3570 2196 3849 2265 cumulet,

2251 2277 2434 2349 fruges
2460 2280 2757 2348 caloribus,
2788 2296 2842 2352 p.
2866 2321 2880 2336 .
2907 2321 2921 2336 .
2951 2319 2964 2335 .
2998 2325 3010 2336 .
3039 2322 3053 2336 .
3080 2292 3134 2337 et
3157 2297 3355 2338 annum
3386 2286 3706 2343 stationibus
3730 2302 3848 2344 ser-

2249 2381 2376 2437 vet;
2428 2372 2643 2440 lunam,
2699 2374 2950 2430 solatium
2977 2375 3253 2444 noctium,
3301 2379 3656 2447 patrocinium
3701 2397 3851 2438 men-

2249 2463 2388 2519 sium
2417 2464 2824 2535 gubernaculis,
2856 2469 2983 2522 item
3015 2467 3190 2523 sidera
3213 2509 3228 2535 ,
3281 2469 3551 2540 signacula
3600 2474 3846 2544 quaedam

2248 2567 2548 2630 temporum
2575 2559 2640 2614 ad
2673 2561 3022 2618 mutationem
3053 2561 3406 2619 notaudorum
3437 2581 3451 2628 ;
3481 2565 3652 2634 ipsum
3683 2566 3845 2622 deni-

2246 2665 2352 2722 que
2394 2651 2590 2707 etelum
2616 2693 2631 2719 ,
2678 2651 2779 2708 sub
2822 2668 2929 2724 quo
2971 2655 3180 2720 omnia;
3217 2665 3412 2710 terram
3436 2698 3450 2719 ,
3485 2671 3646 2726 super
3680 2672 3841 2728 quam

2247 2742 2424 2798 omnia
2443 2785 2458 2811 ,
2486 2751 2541 2798 et
2571 2743 2827 2814 quicquid
2861 2739 3078 2800 illorum
3099 2745 3239 2800 inter
3263 2761 3322 2801 se
3352 2747 3416 2802 ad
3444 2748 3721 2803 commoda
3746 2750 3848 2804 htt—

2247 2850 2403 2890 mana
2434 2837 2724 2907 conspirat.
2755 2835 2866 2893 Nec
2897 2846 3106 2893 tantum
3138 2837 3412 2894 beneﬁciis
3460 2839 3617 2896 fidem
3652 2841 3848 2898 divini-

2246 2928 2370 2984 tatis
2415 2921 2700 2984 elementis
2742 2930 3076 2994 convenire,
3120 2929 3214 2986 scd
3262 2931 3421 2992 etiam
3437 2930 3533 2989 .de
3582 2932 3844 3001 diversis,

2246 3036 2366 3092 qum
2395 3029 2644 3092 tanquam
2675 3020 2744 3077 de
2772 3020 2850 3076 ira
2902 3031 2958 3077 et
3005 3020 3206 3078 Offensa
3257 3038 3445 3079 eorum
3489 3023 3728 3082 incidere
3755 3041 3844 3082 so-

2247 3112 2394 3169 leant
2417 3154 2431 3178 ,
2459 3123 2520 3167 ut
2550 3113 2764 3168 fulmina
2793 3154 2809 3179 ,
2843 3121 2902 3168 ut
2925 3113 3215 3185 grandines
3238 3157 3254 3183 ,
3284 3125 3341 3170 ut
3365 3116 3588 3173 ardores
3607 3159 3620 3183 ,
3670 3130 3728 3175 ut
3755 3135 3846 3176 au-

2247 3221 2322 3262 ra:
2349 3205 2658 3279 pestilentes
2680 3247 2696 3272 ,
2728 3206 2855 3262 item
2881 3205 3078 3261 diluvia
3105 3249 3120 3276 ,
3164 3207 3289 3262 item
3341 3208 3518 3265 hiatus
3566 3220 3844 3283 motusque

2247 3310 2534 3357 terrarum.
2567 3299 2635 3356 Et
2658 3301 2780 3371 jure
2806 3299 2956 3356 credi
2986 3300 3117 3356 deos
3137 3342 3152 3366 ,
3181 3316 3409 3372 quorum
3439 3314 3629 3361 natura
3673 3305 3844 3361 hono-

2245 3393 2413 3449 randa
2445 3393 2516 3448 sit
2538 3393 2588 3447 in
2621 3392 2900 3462 secundis,
2928 3393 3212 3449 metuenda
3235 3395 3306 3450 sit
3335 3395 3388 3450 in
3424 3396 3664 3455 adversis
3694 3440 3710 3467 ,
3753 3399 3846 3455 do-

2246 3487 2388 3542 mina
2406 3486 2610 3542 scilicet
2633 3485 2856 3556 juvandi
2887 3493 2939 3541 et
2971 3487 3219 3542 nocendi.
3252 3487 3450 3555 Porro,
3508 3491 3554 3545 si
3607 3492 3678 3546 ita
3719 3505 3844 3547 sen-

2248 3577 2454 3634 tiuntur
2500 3578 2575 3633 in.
2608 3617 2622 3632 .
2647 3619 2659 3632 .
2685 3617 2699 3632 .
2729 3618 2744 3633 .
2787 3579 3195 3636 conversatione
3218 3619 3236 3646 ,
3279 3595 3384 3635 non
3431 3582 3657 3652 perinde
3685 3583 3846 3639 rebus

2244 3669 2378 3741 ipsis
2396 3711 2411 3737 ,
2441 3671 2632 3742 quibus
2653 3670 2907 3741 juvantur
2936 3671 3048 3727 sive
3076 3671 3345 3728 lzeduntur
3369 3685 3465 3728 aut
3490 3674 3689 3744 gratias
3711 3675 3845 3731 refe.

2245 3771 2372 3818 runt
2399 3771 2494 3818 aut
2518 3763 2766 3834 querelas
2807 3763 3132 3832 intendunt,
3177 3764 3276 3821 sed
3311 3765 3424 3833 his,
3467 3767 3567 3822 sub
3607 3782 3834 3836 quorum

2242 3853 2441 3910 ducatu
2470 3865 2525 3911 et
2559 3864 2828 3926 potestate
2856 3857 3098 3928 Operatio
3136 3873 3313 3914 rerum
3343 3858 3595 3914 decurrit.
3624 3859 3755 3915 Nam
3784 3861 3843 3919 in

2241 3949 2604 4020 voluptatibus
2624 3952 2816 4006 vestris
2845 3967 2950 4007 non
2977 3951 3118 4007 tibiae
3145 3961 3237 4008 aut
3264 3951 3479 4009 citharae
3495 3941 3751 4011 coronam
3775 3955 3846 4012 ad

2247 4042 2525 4112 praemium
2557 4041 2909 4112 adjudicatis,
2942 4042 3037 4116 sed
3057 4042 3247 4098 artiﬁci
3272 4085 3286 4108 ,
3332 4043 3425 4115 qui
3455 4045 3636 4101 tibiam
3678 4055 3733 4102 et
3769 4046 3847 4102 ci-

2245 4132 2454 4189 tharam
2486 4135 2766 4190 suavitatis
2797 4144 3064 4206 temperet
3089 4136 3161 4191 vi.
3186 4135 3363 4208 Eque
3388 4153 3510 4195 cum
3550 4139 3667 4211 quis
3701 4140 3845 4197 vale-

2245 4227 2430 4284 tudine
2458 4229 2598 4284 malc
2625 4237 2742 4296 est,
2777 4243 2884 4284 non
2928 4229 3064 4284 lanis
3090 4245 3190 4285 nec
3215 4230 3472 4287 antidotis
3510 4241 3603 4288 aut
3641 4233 3844 4305 malag-

2244 4324 2404 4378 matis
2431 4323 2560 4393 ipsis
2582 4323 2807 4394 gratiam
2830 4322 3179 4389 meministis,
3217 4322 3311 4378 sed
3338 4323 3584 4394 medicis,
3613 4340 3841 4396 quorum

2245 4431 2407 4488 opera
2430 4425 2590 4486 atque
2617 4415 2897 4488 prudentia
2937 4414 3176 4470 remedia
3219 4418 3562 4486 proveniunt.
3609 4418 3734 4472 ltem
3780 4417 3838 4472 in

2243 4509 2483 4567 adversis
2510 4509 2600 4581 qui
2627 4508 2767 4567 ferro
2807 4509 3109 4576 sociantur,
3140 4522 3246 4566 non
3267 4507 3502 4580 gladium
3533 4511 3701 4582 ipsum
3744 4518 3840 4566 aut

1771 4642 2157 4705 LECTIONES
2196 4641 2606 4704 VARIANTES.

608 4762 677 4828 (l)
712 4761 777 4811 Le
797 4755 959 4812 Prior.
981 4752 1217 4820 supplevit
1241 4766 1257 4806 :
1281 4756 1614 4806 convertimur
1628 4782 1680 4793 --
1701 4760 2012 4822 cognatione.

2162 4769 2216 4828 D

1909 4889 2474 4950 COMMENTARIUS.

614 5033 689 5105 (a)
717 5027 850 5085 Ecce
869 5027 1004 5105 enim
1028 5023 1167 5105 Zeno
1203 5038 1417 5105 quoque.
1451 5023 1720 5105 Zenonem
1757 5025 2004 5105 intelligit
2026 5027 2138 5105 ρει.

539 5095 730 5168 teium,
756 5099 1027 5170 egregium
1046 5096 1193 5170 illum
1212 5095 1613 5164 philosophum,
1633 5099 1720 5166 qui
1750 5098 1818 5170 ab
1843 5095 2138 5156 Athenien-

536 5175 692 5230 sibus
717 5165 1112 5240 aurea'corona
1157 5165 1388 5220 donatus
1418 5178 1500 5240 est
1521 5209 1536 5232 ,
1561 5176 1613 5240 et
1629 5165 1887 5240 sepulcro
1925 5171 2134 5240 magni-

539 5246 645 5299 fico
666 5243 734 5298 ab
760 5241 946 5296 iisdem
975 5237 1261 5311 decoratus
1283 5279 1296 5302 ,
1317 5246 1372 5311 u_l
1391 5237 1558 5311 refert
1582 5237 1844 5308 Diogenes
1866 5237 2134 5311 Laertius,

537 5317 702 5386 idque
741 5312 954 5386 publico
981 5309 1200 5386 decreto
1221 5307 1482 5386 sancitum
1512 5307 1895 5386 decretumque
1924 5307 2131 5386 c_o|um-'

533 5377 630 5443 nis'
671 5377 877 5440 duabus
907 5397 935 5435 a
966 5379 1139 5434 scriba
1171 5377 1385 5448 publico
1439 5380 1772 5447 inscriptum.
1806 5377 1904 5437 ἰε
1937 5382 2034 5438 Pa.

608 5458 689 5527 (b)
729 5456 869 5510 Solis
886 5453 1053 5507 orbem
1071 5449 1489 5527 pedalcut._lttter
1498 5451 1828 5527 problemata
1846 5469 1873 5507 a
1893 5453 2126 5526 discipu-

523 5521 859 5586 lis'Zenonis
885 5521 1155 5594 pnoposita
1182 5530 1236 5575 et
1262 5521 1434 5575 soluta
1479 5522 1603 5576 illud
1648 5533 1961 5579 reccusetur
2007 5521 2047 5579 εὶ
2101 5533 2126 5581 ὁ

527 5576 1006 5663 ξὶιὲξνζὲῐιξοίτξξῐ
1025 5601 1122 5664 ἔστι
1154 5601 1314 5664 mch
1341 5604 1558 5664 φαίνεται
1605 5609 1672 5648 au
1715 5605 1883 5650 tantus
1911 5597 1975 5650 εἱι
2013 5598 2092 5652 sol
2114 5637 2127 5662 ,

526 5682 749 5741 ηυαηηιε
775 5665 1028 5738 apparet?
1061 5663 1203 5741 Idem
1236 5663 1303 5717 de
1343 5663 1464 5741 luna
1512 5667 1923 5741 proponebant;
1959 5669 2126 5725 multa

526 5735 674 5797 énim
705 5757 733 5796 a
762 5735 1091 5811 princeptore
1111 5735 1413 5811 hauserant
1431 5737 1481 5789 in
1503 5737 1736 5811 physicis
1752 5739 1979 5810 aliisque
2000 5755 2127 5811 par-

531 5796 677 5872 tibus
705 5827 735 5869 a
765 5796 1034 5867 communi
1064 5805 1318 5877 Opinione
1348 5796 1540 5863 aliena.
1575 5796 1652 5862 Lis
1672 5808 1766 5863 Ρη.

2316 5028 2392 5100 (c)
2417 5026 2762 5105 “Meritoergo
2791 5027 3260 5105 Milesiusj‘lmles.
3289 5029 3644 5105 Physicorum
3681 5033 3835 5105 prin-

2241 5099 2379 5176 ceps
2397 5099 2592 5176 dicitur
2618 5099 2844 5176 Apolog.
2877 5115 2997 5176 cap.
3021 5101 3110 5156 46.
3138 5099 3391 5176 quoniam
3417 5099 3836 5176 de‘rebus'phy-

2239 5171 2366 5226 sicis
2393 5186 2455 5225 ac
2482 5171 2649 5233 caelo,
2682 5173 2888 5241 primus
2919 5171 3222 5241 disputas’se
3248 5172 3437 5229 fertur.
3468 5173 3620 5241 Quod
3653 5171 3830 5230 autem

2237 5243 2306 5299 ab
2335 5242 2590 5313 Egyptio
2620 5242 2806 5296 irrisus
2837 5242 2994 5297 fuerit
3035 5243 3261 5298 traditur
3301 5243 3405 5300 hoc
3443 5245 3496 5300 itt
3527 5246 3678 5313 loco,
3707 5262 3832 5302 cum

2236 5322 2414 5369 tamen
2463 5329 2492 5366 a
2527 5313 2715 5384 vetula
2771 5315 3002 5384 quadam
3045 5313 3432 5384 reprehensum
3474 5315 3640 5371 fuisse
3689 5317 3834 5373 dicat

2236 5384 2479 5441 Laertius
2526 5382 2610 5438 his
2659 5382 2884 5440 verbis:
2927 5393 2989 5438 Σὺ
3038 5382 3130 5456 7a,;
3158 5426 3172 5451 ,
3225 5389 3260 5438 ὧ
3312 5395 3470 5454 Gali,
3499 5393 3562 5443 τὰ
3603 5396 3647 5443 ἰν
3694 5395 3834 5443 ποσὶν

2235 5461 2286 5511 οὗ
2337 5461 2585 5524 δυνάμενος
2635 5459 2747 5531 ξεῖν
2787 5461 2854 5511 τὰ
2916 5460 2993 5510 ἐστὶ
3045 5464 3133 5512 τοῦ
3179 5463 3374 5528 οὗριινοῦ
3423 5469 3514 5514 ciu
3559 5469 3832 5531 γνώσεσθαι.

2234 5526 2325 5602 ΤιιΔ
2338 5530 2525 5598 quippe
2543 5569 2557 5590 ,
2581 5543 2611 5580 ο
2635 5525 2818 5583 Thales
2838 5569 2853 5594 ,
2874 5543 2988 5581 cum
3012 5530 3081 5581 ad
3106 5525 3258 5599 pedes
3277 5531 3526 5598 respicere
3539 5525 3624 5584 vix
3639 5533 3826 5602 possis,

2231 5599 2411 5652 caelum
2451 5608 2601 5668 putas
2637 5608 2684 5651 te
2723 5615 2868 5667 posse
2891 5615 3210 5670 cognoscere.
3243 5602 3492 5670 Antiquis
3521 5599 3698 5657 autem
3727 5618 3829 5657 ex-

2233 5657 2483 5744 celluisse
2506 5670 2556 5724 iu
2583 5657 2920 5744 AstrOnomia
2944 5657 3223 5744 Thaletem
3241 5657 3447 5727 certu'm
3471 5684 3556 5744 est
3575 5714 3591 5739 ,
3611 5674 3829 5744 probat-

2233 5755 2338 5810 que
2353 5742 2676 5813 epigramma
2702 5741 2840 5813 iconi
2869 5742 3034 5811 ipsius
3056 5742 3402 5813 insculptum.
3418 5743 3497 5799 Ls:
3517 5741 3614 5799 Pn.

2307 5813 2384 5883 (a)
2419 5812 2551 5879 Quin
2582 5828 2701 5884 ergo
2730 5813 2799 5868 ad
2823 5812 3176 5871 humaniorem
3196 5812 3460 5886 aliquanto
3486 5832 3581 5872 con
3696 5814 3836 5873 Ora-
