4252 6264
407 363 515 422 595

1676 385 1770 440 AD
1807 385 2150 445 NATIONES
2186 391 2316 447 LIB.
2363 394 2425 449 ll.

3609 411 3717 469 594

402 482 642 539 lanceam
670 494 946 556 accusant,
977 489 1072 545 sed
1104 489 1314 548 hostem
1343 496 1427 552 vel
1459 495 1745 555 latronem.
1773 500 1840 556 Et
1868 517 2005 573 quos
2031 503 2084 564 Α
2114 513 2220 559 tum
2255 507 2530 576 amiserit,
2560 524 2680 567 cum
2727 513 2970 570 resumit.
3013 513 3129 570 .lam
3160 516 3362 588 majora
3393 521 3510 592 ejus
3536 521 3709 580 detri-

507 577 589 648 (1)
613 578 820 648 tegulas
848 589 940 635 aut
962 581 1210 639 imbrices
1239 599 1488 657 arguunt,
1518 590 1611 645 sed
1642 600 1961 650 vetustatem
1988 610 2003 661 ;

405 666 544 722 sicut
572 679 624 724 ct
649 670 888 741 naufragi
920 688 1024 728 non
1055 676 1220 745 petris
1246 677 1566 736 ctlluctibus
1596 682 1882 753 imputant,
1911 685 2005 741 sed

402 759 670 830 procellae.
714 762 925 818 Merito.
954 765 1172 822 Certum
1201 770 1342 824 enim
1366 780 1470 840 est,
1503 773 1876 846 quodcumque
1900 788 2003 846 est,

401 850 448 906 ei
472 851 910 922 adscribendum,
938 873 1044 912 non
1074 874 1169 929 per
1190 860 1330 930 quod
1360 862 1437 931 lit,
1467 864 1561 920 sed
1589 880 1615 919 a
1640 881 1746 936 quo
1778 867 1857 934 fit,
1883 871 2005 940 quia

397 941 446 996 is
464 952 548 997 est
571 953 732 1014 caput
753 947 901 1013 facti,
923 949 1009 1019 qui
1028 960 1080 1005 et
1109 961 1165 1006 ut
1181 952 1268 1008 fiat
1289 961 1340 1008 et
1360 970 1456 1024 per
1471 957 1596 1026 quid
1619 959 1730 1022 fiat,
1750 959 1998 1017 instituit.

397 1031 467 1088 Et
487 1045 611 1090 sunt
635 1037 686 1092 in
714 1040 963 1126 omnibus
984 1042 1144 1098 rebus
1168 1054 1274 1101 tres
1302 1048 1440 1103 tituli
1471 1049 1557 1104 isti
1576 1068 1588 1104 :
1607 1053 1748 1123 quod
1779 1064 1879 1121 est,
1903 1071 2001 1126 per

396 1126 542 1196 quod
568 1139 682 1196 est,
714 1139 768 1185 et
795 1118 823 1184 ti
853 1147 960 1202 quo
989 1144 1108 1202 est;
1145 1138 1267 1206 quia
1302 1139 1449 1211 prius
1475 1150 1577 1210 est,
1610 1118 1697 1214 qui
1720 1145 1846 1215 quid
1865 1118 2002 1204 velit

397 1216 512 1273 fieri
533 1259 549 1286 ,
579 1228 634 1274 et
659 1221 801 1292 quod
832 1225 1021 1294 possit,
1052 1228 1298 1286 inveniri.
1331 1231 1399 1286 Et
1430 1233 1499 1288 ita
1530 1243 1677 1291 recte
1704 1236 1754 1291 in
1785 1241 1998 1296 caeteris

391 1310 569 1379 agitis,
599 1321 875 1370 auctorem
902 1319 1329 1377 considerantes.
1359 1323 1428 1378 At
1458 1326 1508 1380 in
1549 1325 1785 1398 physicis
1810 1343 1996 1386 contra

391 1414 638 1460 naturam
668 1409 849 1479 regula
869 1422 1070 1480 vestra,
1097 1430 1199 1485 qua
1230 1417 1282 1471 in
1317 1420 1528 1475 cmteris
1555 1422 1871 1490 sapientiam
1909 1426 1996 1495 ju-

388 1496 583 1555 dicatis
605 1540 621 1568 ,
645 1501 942 1558 auferendo
963 1520 1233 1562 summum
1272 1509 1492 1578 gradum
1535 1515 1770 1570 auctoris
1796 1525 1849 1572 et
1874 1534 1994 1587 qua:

389 1588 553 1658 liuut,
605 1608 712 1648 non
744 1611 772 1648 a
796 1612 902 1666 quo
929 1597 1078 1652 fieri.
1108 1639 1120 1652 .
1153 1639 1168 1654 .
1197 1601 1268 1655 ita
1307 1603 1529 1660 credere
1575 1608 1836 1680 contingit
1879 1612 1993 1667 ele-

391 1693 696 1739 mentorum
733 1697 1029 1755 potestates
1055 1699 1112 1745 et
1145 1706 1223 1746 ar.
1245 1731 1258 1745 .
1280 1731 1294 1747 .
1324 1709 1444 1750 esse
1465 1738 1478 1764 ,
1507 1712 1627 1767 quze
1666 1711 1788 1755 sunt
1817 1703 1993 1757 servi-

391 1785 531 1831 tutes
558 1786 613 1832 et
637 1777 832 1837 officia.
857 1781 974 1836 Non
1001 1783 1060 1839 in
1106 1785 1206 1840 ista
1253 1786 1663 1859 investigatione
1685 1794 1778 1850 ali.
1807 1837 1821 1850 .
1847 1839 1858 1851 .
1887 1835 1900 1849 .
1929 1813 1992 1853 us

2111 609 2290 655 menta
2315 602 2501 658 soletis
2530 603 2583 659 in
2614 620 2765 677 aqua:
2795 607 3016 678 speculo
3040 609 3418 681 considerare,
3467 625 3532 674 ut.
3568 617 3705 672 nihil

2108 694 2338 764 amplius
2364 696 2548 752 ullam.
2579 740 2591 753 .
2616 736 2629 751 .
2660 742 2672 754 .
2701 738 2715 752 .
2745 701 2964 757 credam
2995 703 3136 778 quod
3163 706 3304 777 magi
3337 716 3553 764 norunt.
3584 710 3705 780 Ipse

2110 788 2270 843 etiam
2292 789 2371 845 sol
2401 805 2546 860 saepe
2575 791 2881 851 defectione
2912 802 3149 854 tentatus
3176 806 3278 853 est.
3314 797 3524 871 Fingite
3545 817 3704 873 quas-

2107 879 2238 936 libet
2258 883 2493 939 rationes
2523 886 2823 942 coelcstium
2855 902 3073 944 casuum
3101 930 3115 955 ,
3148 907 3255 946 non
3281 892 3427 949 volet
3449 894 3584 952 deus
3613 907 3710 950 aut

2109 975 2284 1030 minor
2311 975 2424 1031 ﬁeri
2452 1019 2467 1043 ,
2498 989 2589 1033 aut
2619 995 2741 1036 esse
2785 980 3050 1038 desinere.
3106 983 3353 1041 Viderint
3402 987 3562 1058 igitur
3608 989 3708 1045 hu-

2107 1082 2279 1122 mana:
2305 1067 2565 1124 doctrinae
2589 1071 2882 1139 patrocinia
2909 1115 2925 1141 ,
2957 1088 3077 1143 qua:
3103 1076 3442 1146 conjectandi
3476 1080 3706 1138 artiﬁcio

2103 1159 2419 1229 sapientiam
2459 1163 2790 1218 mentiuntur
2817 1173 2870 1219 et
2895 1165 3200 1222 veritatem.
3245 1166 3380 1223 Nam
3423 1168 3558 1226 alias
3606 1188 3700 1226 na~

2103 1257 2219 1305 tura
2250 1251 2326 1306 sic
2350 1261 2470 1318 est,
2501 1262 2558 1308 ut
2587 1254 2677 1324 qui
2709 1254 2898 1311 melius
2927 1256 3143 1326 dixerit,
3176 1257 3266 1316 hic
3293 1260 3475 1318 verius
3501 1261 3702 1320 dixisse

2102 1344 2346 1400 videatur
2367 1387 2381 1410 ,
2417 1361 2521 1401 non
2544 1350 2631 1418 qui
2660 1350 2856 1416 verius,
2891 1351 2934 1404 is
2962 1351 3176 1407 melius.

2173 1436 2226 1490 7.
2269 1435 2532 1492 Czeterum
2593 1439 2680 1493 cui
2729 1455 2816 1496 res
2869 1427 3300 1508 examinabitur,
3355 1445 3700 1505 verisimilius

2101 1529 2283 1601 utique
2312 1529 2454 1586 dicet
2476 1531 2742 1589 elementa
2796 1533 2896 1590 ista
2923 1535 2990 1591 ab
3033 1536 3211 1608 aliquo
3245 1540 3390 1610 regi,
3430 1556 3588 1611 quam
3620 1544 3701 1598 ul-

2100 1630 2252 1678 tro...
2283 1621 2444 1693 igitur
2481 1639 2587 1678 non
2617 1623 2751 1680 deos
2772 1665 2788 1692 ,
2819 1641 2939 1696 quze
2967 1627 3066 1682 sub
3094 1629 3295 1700 aliquo.
3340 1631 3410 1686 At
3439 1633 3483 1688 si
3511 1634 3565 1688 in
3596 1633 3700 1688 isto

2097 1721 2334 1779 erratur,
2362 1713 2556 1770 melius
2577 1724 2658 1771 est
2681 1716 3000 1786 simpliciter
3020 1760 3035 1786 ,
3065 1734 3226 1790 quam
3256 1731 3312 1776 ut
3337 1723 3583 1794 physici,
3615 1725 3699 1780 di-

2105 1803 2352 1874 ligenter.
2378 1804 2485 1861 Sed
2509 1811 2652 1861 enim
2680 1808 2725 1862 si
2752 1807 2818 1863 ad
2851 1809 3122 1881 mythic...
3141 1820 3220 1866 tes
3243 1811 3344 1884 (5),
3376 1814 3566 1871 melius
3584 1815 3694 1884 jam

389 1870 609 1926 artiticis
637 1871 781 1928 intus
807 1883 861 1929 et
888 1875 1088 1931 domini
1114 1918 1129 1944 ,
1164 1879 1440 1936 servitutis
1466 1893 1647 1940 autem
1677 1901 1784 1942 non
1826 1889 1993 1946 tendi-
2022 1919 2070 1979 Β
2099 1870 2168 1951 in.
2185 1896 2407 1969 physico
2438 1898 2738 1953 mortalitas
2764 1909 2944 1969 errat,
3005 1902 3082 1958 eis
3125 1901 3457 1962 divinitatem
3488 1905 3691 1962 adscri-

408 1976 528 2016 mus
555 1962 943 2020 elementorum
986 2009 998 2020 .
1029 2004 1045 2021 .
1069 2007 1081 2022 .
1110 2009 1122 2022 .
1152 1973 1331 2040 operis
1361 1989 1549 2030 eorum
1578 1992 1714 2047 quas
1738 1979 1868 2037 facis
1895 1999 1994 2054 po-

393 2056 622 2112 testatis.
661 2056 765 2114 Sed
798 2060 892 2115 Dei
922 2077 1027 2116 non
1072 2065 1342 2132 serviunt;
1390 2083 1452 2123 ea
1491 2067 1686 2140 igitur,
1717 2088 1836 2143 quae
1875 2090 1992 2131 ser.

390 2147 541 2201 viunt
563 2189 577 2213 ,
609 2148 704 2204 Dei
734 2165 844 2206 non
872 2161 1014 2208 sunt.
1040 2155 1150 2210 Aut
1186 2156 1414 2213 doceant
1444 2161 1600 2234 vulgo
1641 2163 1752 2221 ﬁeri
1779 2207 1793 2233 ,
1842 2177 1899 2222 ut
1927 2169 1995 2226 de

391 2239 606 2296 licentia
640 2244 962 2313 passivitatis
985 2247 1208 2306 libertas
1227 2253 1594 2324 approbetur,
1638 2257 1706 2314 de
1747 2260 1995 2321 libertate

391 2331 684 2392 dominatio
705 2337 772 2394 de
793 2339 1160 2398 dominatione
1191 2343 1440 2402 divinitas
1482 2349 1832 2423 intelligatur.
1857 2357 1992 2415 Nam

393 2425 440 2480 si
459 2428 634 2481 omnia
656 2429 769 2484 haec
789 2446 953 2503 super
981 2433 1258 2504 nosfcertis
1280 2439 1579 2508 curriculis,
1603 2445 1852 2515 legitimis
1894 2449 1993 2506 de-

396 2518 661 2586 cursibus,
699 2525 930 2594 propriis
971 2527 1197 2596 spatiis,
1251 2531 1419 2601 aequis
1469 2533 1674 2592 vicibus
1717 2539 1818 2592 sub
1859 2539 1992 2612 legis

392 2611 563 2666 instar
601 2616 888 2671 constituta
911 2619 1190 2676 volvendis
1213 2625 1542 2694 temporibus
1580 2638 1632 2684 et
1677 2611 1992 2693 exercendis

391 2708 722 2776 temporibus
743 2721 797 2767 et
817 2715 1134 2772 exercendis
1157 2727 1452 2790 temporum
1495 2723 1776 2782 ducatihus
1796 2744 1990 2788 occur-

391 2813 511 2854 rere
540 2802 932 2872 meminerunt,
958 2823 1026 2863 ex
1054 2808 1167 2880 ipsa
1209 2811 1586 2872 observatione
1620 2819 1990 2880 conditionum

388 2905 605 2948 suarum
633 2903 688 2949 et
714 2895 818 2951 fide
842 2912 1064 2968 operum
1092 2910 1145 2957 et
1175 2904 1450 2959 instantia.
1478 2945 1524 2964 ..
1547 2950 1560 2962 .
1589 2946 1604 2962 .
1629 2947 1646 2963 .
1670 2948 1685 2964 .
1713 2950 1728 2965 .
1774 2923 1828 2967 ct
1863 2929 1989 2970 cura

387 2981 851 3057 dctnutationum,
903 2994 1162 3048 memoria
1227 2997 1714 3069 reciprocatorum,
1755 3004 1988 3076 aliquam

387 3073 810 3134 dominationem
853 3081 952 3136 sibi
995 3099 1228 3154 praeesse
1270 3090 1630 3158 persuadeant
1669 3073 1863 3163 vobis,
1902 3100 1986 3154 cui

387 3181 650 3238 apparere
680 3171 926 3229 videatur
947 3177 1196 3234 universa
1225 3182 1514 3251 negotiatio
1544 3186 1830 3244 mundialis
1861 3205 1985 3259 pcr-

2098 1991 2295 2056 bendo,
2319 2008 2436 2062 qua:
2460 2007 2622 2064 super
2638 1993 2910 2051 hominem
2943 2003 3096 2067 putat
3115 1997 3220 2052 situ
3252 2006 3308 2054 et
3332 1998 3384 2053 vi
3405 2006 3460 2055 et
3486 2000 3694 2071 magni-

2099 2085 2280 2142 tudine
2309 2097 2363 2142 et
2386 2086 2665 2143 divinitate
2693 2089 2917 2155 sentiri;
2951 2089 3099 2161 quod
3150 2090 3296 2146 enim
3327 2105 3489 2162 super
3517 2091 3696 2149 homi-

2098 2191 2220 2236 nem
2243 2219 2259 2244 ,
2292 2176 2482 2232 credas
2511 2177 2622 2234 Deo
2651 2179 2975 2248 proximum.
3005 2180 3274 2238 Cmterum
3304 2191 3361 2237 ut
3402 2182 3468 2238 ad
3497 2184 3697 2255 mythi-

2097 2281 2220 2322 cum
2262 2274 2626 2335 transeamus,
2679 2269 2822 2338 quod
2853 2269 3025 2340 poetis
3053 2273 3361 2340 deputatur,
3413 2274 3596 2329 nescio
3625 2290 3693 2329 an

2100 2368 2524 2416 tantum.........
2560 2359 2918 2417 mediocritati
2970 2371 3203 2428 nostrae,
3234 2380 3302 2419 an
3330 2365 3461 2420 tanti
3487 2365 3556 2422 de
3597 2366 3695 2422 do-

2098 2451 2363 2507 cumentis
2388 2451 2678 2508 divinitatis
2705 2453 3020 2510 conf........
3072 2464 3132 2510 ut
3159 2455 3372 2528 Mopsus
3401 2456 3690 2514 Africanus

2099 2552 2154 2598 et
2174 2543 2393 2600 Bceotus
2416 2545 2772 2614 Amphiaraus
2802 2545 2898 2616 (b).
2931 2546 3217 2603 Delihanda
3263 2548 3408 2604 enim
3437 2563 3581 2606 nunc
3608 2559 3696 2606 est

2097 2636 2307 2706 species
2337 2635 2436 2691 ista
2464 2677 2479 2703 ,
2529 2636 2681 2706 cujus
2731 2638 2965 2694 suoluco
3002 2640 3140 2695 ratio
3165 2639 3442 2698 reddetur.
3471 2641 3689 2700 Interim

2099 2725 2196 2782 hos
2223 2736 2372 2782 certe
2411 2726 2657 2782 homines
2681 2727 2849 2785 fuisse
2873 2729 2956 2784 vel
2981 2745 3046 2785 eo
3074 2731 3252 2802 palam
3280 2741 3383 2800 est,
3412 2734 3554 2804 quod
3587 2751 3690 2791 non

2095 2825 2404 2872 constanter
2445 2816 2578 2872 deos
2616 2817 2742 2873 illos
2766 2859 2780 2882 ,
2831 2818 2925 2874 sed
2961 2819 3158 2876 heroas
3199 2822 3501 2893 appellatis.
3549 2824 3686 2892 Quid

2094 2925 2223 2980 ergo
2260 2910 2675 2964 contendimus?
2726 2910 2780 2966 Si
2821 2910 3119 2966 addicenda
3160 2915 3390 2969 mortuis
3438 2915 3688 2972 divinitas

2091 3008 2228 3066 erat,
2260 3014 2366 3055 non
2395 3001 2577 3070 utique
2607 3000 2837 3056 talibus?
2867 3001 3011 3057 Ecce
3036 3018 3132 3058 vos
3158 3019 3279 3058 cum
3307 3005 3497 3062 eadem
3521 3009 3686 3064 licen-

2093 3092 2162 3145 tia
2194 3092 2631 3162 praesumptionis
2661 3092 2925 3162 sepulcris
2944 3108 3130 3165 regum
3156 3106 3458 3152 vestrorum
3493 3099 3688 3155 ccelum

2091 3184 2357 3239 infamatis
2379 3227 2393 3253 ,
2425 3199 2603 3240 nonne
2648 3185 2902 3261 probatos
2928 3189 3416 3258 quosquejuStitia,
3447 3192 3644 3248 virtute
3666 3236 3683 3261 ,

386 3264 611 3320 veniens
640 3266 706 3322 ad
738 3270 954 3324 humani
972 3275 1182 3342 generis
1204 3275 1486 3332 utilitatem
1509 3289 1563 3333 et
1592 3318 1605 3332 .
1633 3321 1645 3334 .
1671 3319 1686 3334 .
1707 3319 1721 3335 .
1746 3321 1758 3335 .
1788 3286 1984 3339 onem?

2094 3276 2288 3346 pietate
2313 3287 2366 3331 et
2394 3279 2539 3331 omni
2568 3277 2710 3332 bono
2737 3277 3003 3348 ejusmodi
3034 3283 3458 3338 consecrationis
3493 3286 3688 3342 solatio

389 3354 472 3427 (Ξ)
503 3357 618 3413 Non
645 3361 790 3416 enim
818 3371 995 3432 potest
1022 3364 1204 3423 dicere
1227 3409 1243 3435 ,
1275 3384 1335 3424 ea
1364 3370 1464 3425 sibi
1494 3387 1653 3442 agere
1680 3374 1780 3428 ista
1802 3391 1864 3431 ac
1884 3377 1986 3434 sibi

385 3464 584 3506 curare
630 3467 730 3508 nec
772 3455 1056 3527 quicquam
1103 3458 1381 3516 hominum
1421 3478 1611 3519 caussa
1655 3464 1982 3536 disponere,

387 3555 516 3596 cum
541 3554 813 3614 propterea
835 3547 1093 3605 defendas
1117 3550 1401 3607 elementis
1430 3553 1765 3612 divinitatem
1795 3601 1810 3625 ,
1841 3561 1984 3630 quod

383 3634 459 3696 ab
487 3635 605 3692 aliis
631 3649 720 3694 aut
759 3640 931 3709 juvari
981 3651 1031 3698 te
1059 3651 1152 3699 aut
1189 3644 1312 3702 laedi
1352 3647 1590 3716 sentias;
1621 3665 1744 3706 nam
1791 3653 1836 3709 si
1882 3655 1982 3712 sibi

384 3737 665 3796 prrestant,
696 3731 826 3786 nihil
857 3733 935 3788 eis
964 3734 1150 3792 debes.

458 3818 511 3872 6.
555 3820 667 3891 Age
701 3823 810 3892 jam
837 3866 851 3891 ,
878 3827 1252 3885 conceditisne
1292 3829 1625 3889 divinitatem
1674 3851 1777 3892 non
1821 3838 1983 3896 modo

385 3923 492 3964 non
521 3915 792 3970 serviliter
821 3932 1038 3974 currere
1065 3961 1077 3984 ,
1121 3921 1214 3976 sed
1247 3922 1510 3991 imprimis
1552 3927 1753 4000 integre
1793 3942 1936 3989 stare
1962 3975 1977 4002 ,

384 4018 561 4074 neque
589 4007 756 4062 minui
787 4025 960 4080 neque
988 4011 1229 4084 intercipi
1257 4031 1429 4086 neque
1469 4023 1740 4091 corrumpi
1763 4022 1979 4080 debere.

383 4097 648 4155 Cancrum
669 4102 798 4157 abiit
820 4105 998 4160 omnis
1019 4106 1248 4164 felicitas
1276 4110 1413 4179 ejus,
1445 4113 1489 4166 si
1520 4113 1644 4184 quid
1677 4115 1872 4185 patitur
1893 4135 1985 4174 un-

380 4205 564 4259 quam.
598 4191 738 4249 Ecce
777 4205 956 4252 autem
985 4209 1038 4253 et
1067 4207 1210 4255 astra
1242 4201 1566 4258 intercidunt
1599 4246 1613 4270 ,
1667 4218 1721 4262 ct
1769 4208 1985 4266 interci-

380 4280 578 4354 cidisse
604 4299 664 4342 se
693 4295 1017 4360 attestantur
1054 4328 1066 4344 .
1106 4287 1404 4364 Confitetur
1435 4302 1489 4349 et
1516 4294 1640 4364 luna
1671 4299 1778 4373 (ιι),
1809 4321 1982 4376 quan-

2092 3369 2389 3424 honestatis
2425 3370 2662 3424 contenti
2710 3385 2806 3439 pro
2834 3371 3030 3427 talibus
3069 3372 3232 3427 etiam
3280 3373 3491 3431 irrideri
3537 3378 3684 3447 peje-

2089 3472 2290 3518 rantes.
2321 3463 2392 3518 At
2413 3478 2444 3518 e
2472 3463 2743 3518 contrario
2771 3463 2966 3533 impios
2993 3505 3007 3528 ,
3045 3474 3228 3534 turpes
3253 3466 3412 3520 etiam
3445 3468 3686 3538 pristinis

2091 3555 2338 3611 humana:
2371 3557 2556 3627 gloria:
2587 3557 2822 3626 praemiis
2851 3557 3069 3613 aufertis
3098 3600 3114 3624 ,
3143 3559 3359 3616 decreta
3400 3576 3586 3616 eorum
3619 3575 3676 3618 et.

2089 3648 2270 3704 titulos
2296 3649 2597 3716 lancinatis,
2628 3649 2888 3719 imagines
2902 3649 3201 3717 detrahitis,
3224 3662 3492 3709 monetam
3507 3671 3688 3725 reper-

2085 3744 2285 3800 cutitis.
2316 3742 2410 3799 Ille
2443 3743 2514 3814 (c)
2540 3751 2717 3798 autem
2739 3752 3060 3814 conspector
3082 3745 3343 3811 omnium,
3367 3748 3686 3818 comproba-

2087 3849 2204 3906 tor,
2245 3839 2353 3894 imo
2395 3838 2618 3909 largitor
2648 3838 2912 3894 bonorum
2937 3878 2951 3905 ,
2989 3848 3148 3894 tanta:
3186 3839 3528 3912 indulgentia:
3572 3858 3685 3898 sua:

2085 3931 2475 3986 ordinationem
2508 3931 2666 4001 vulgo
2696 3931 2978 4000 prostituet
2997 3940 3050 3985 et
3067 3931 3185 4000 plus
3207 3932 3497 4003 diligentia:
3523 3943 3683 4004 atque

2081 4023 2301 4094 justitite
2332 4021 2639 4077 hominibus
2678 4021 2858 4077 licebit
2918 4022 2968 4076 in
3015 4023 3400 4079 distribuendis
3440 4025 3687 4080 divinita-

2089 4117 2229 4170 tibus
2250 4114 2483 4186 sapere?
2510 4113 2819 4170 Mundiores
2865 4123 3025 4168 crunt
3064 4130 3248 4185 regum
3299 4125 3354 4170 et
3381 4115 3680 4187 principum

2088 4209 2313 4266 comites
2331 4224 2492 4279 quam
2519 4210 2714 4262 summi
2745 4207 2872 4262 Dei?
2895 4207 3093 4277 Atquin
3125 4207 3356 4264 horretis
3381 4218 3436 4265 et
3461 4225 3650 4266 aversa
3668 4241 3682 4252 -

2090 4304 2250 4370 mini,
2270 4317 2431 4374 vagos
2451 4341 2467 4368 ,
2499 4300 2715 4358 exsules
2737 4340 2751 4366 ,
2957 4300 3163 4356 debiles
3185 4341 3201 4369 ,
3235 4303 3450 4360 sordide
3476 4313 3633 4361 natos
3663 4346 3680 4372 ,

1612 4436 1907 4503 LECTION
1913 4448 1994 4508 ES
2031 4442 2439 4507 VARIANTES.

378 4535 746 4660 lasllgmlrigall.
782 4543 942 4608 suppl.
982 4544 1044 4596 Et
1064 4558 1188 4611 quos
1225 4553 1357 4599 tecta
1387 4551 1685 4617 Opprimuut,
1704 4571 1799 4610 non
1824 4568 1973 4627 tegu-

444 4663 519 4734 (2)
556 4665 877 4733 Gothofredus
893 4670 1152 4723 utilitatem
1176 4685 1268 4724 seu
1284 4678 1616 4729 accessionem
1629 4681 1653 4730 ?
1668 4683 1882 4738 Haverc.
1909 4689 1975 4740 ad
2000 4671 2053 4731 D

2079 4561 2224 4628 Apol.
2249 4561 2307 4628 β
2335 4573 2347 4608 :
2371 4557 2478 4628 util.
2503 4561 2556 4607 et
2575 4556 2864 4628 'laesionemif

2143 4626 2216 4691 (ὅ)
2249 4625 2314 4674 Le
2333 4620 2478 4672 Prior
2494 4618 2655 4684 suppl.
2675 4620 2737 4669 ad
2751 4621 2982 4685 mythicas
2997 4628 3148 4674 artes.

1748 4815 2310 4877 COMMENTARIUS.
2389 4890 2392 4894 η

381 4945 547 5028 tionis
578 4947 749 5003 series
775 4947 1009 5028 postulat
1037 4957 1094 5004 ut
1122 4948 1225 5028 sit,
1255 4953 1642 5028 conVertimur,
1666 4966 1758 5012 aut
1783 4960 1982 5028 aliquid
2029 5001 2032 5006 -

378 5017 559 5100 simile
581 5059 596 5082 ,
619 5027 932 5100 etsequen-s
959 5021 1148 5100 lacuna
1171 5021 1250 5077 sic
1270 5021 1482 5080 videtur
1507 5017 1801 5100 supplenda
1825 5046 1837 5086 :
1861 5017 1984 5089 sitn-

379 5089 509 5158 plici
540 5090 863 5157 cognitione.
895 5089 974 5145 LE
1001 5090 1096 5146 Pa.

457 5160 534 5229 (ει)
575 5161 858 5232 confitetur
886 5171 933 5214 et
964 5159 1129 5219 Luna.
1162 5164 1414 5222 Defectus
1441 5169 1573 5224 solis
1597 5179 1648 5225 et
1669 5173 1810 5228 luna:
1831 5173 1981 5232 labo-

379 5245 473 5286 rcs
495 5231 877 5306 _hic_attingit;
911 5232 1036 5288 luna
1069 5251 1262 5306 nempe
1291 5238 1621 5296 incrementa
1650 5257 1744 5298 sua
1778 5231 1982 5302 habeta

380 5302 661 5358 novilunio
688 5315 811 5379 _seu_
845 5307 1128 5379 neomenia
1181 5302 1246 5361 ad
1290 5309 1640 5376 plenilunium
1674 5355 1689 5379 ,
1717 5325 1772 5372 et
1815 5316 1983 5373 detri-

380 5381 562 5427 menta
594 5389 620 5426 a
651 5374 945 5443 plenilunio
974 5376 1039 5430 ad
1081 5374 1429 5434 novilunium.
1465 5382 1540 5438 LE
1568 5383 1667 5439 Pa.

455 5444 541 5525 (b)_
567 5443 645 5525 fit
694 5444 898 5525 Bwotus
943 5448 1302 5525 Antp/iiarrrus.
1330 5451 1664 5525 ‘Alcmmonis
1707 5466 1856 5525 pater
1885 5457 1982 5514 fuit

381 5515 777 5585 Amphiaraus,
812 5517 964 5585 cujus
1003 5515 1156 5590 jussu
1199 5520 1489 5590 Eriphilem
1523 5515 1748 5581 matrem
1779 5527 1979 5583 intere-

381 5587 481 5640 mit
507 5629 522 5650 ,
553 5598 922 5656 conceptaque
951 5604 1016 5643 ex
1061 5589 1152 5646 illo
1193 5587 1396 5648 scelere
1437 5596 1656 5649 immani
1685 5596 1863 5654 furore
1890 5615 1978 5654 er-

381 5657 662 5732 rabu_nd_u_s
684 5667 843 5732 atque
864 5674 1052 5732 amens
1072 5663 1394 5732 vagabatur;
1419 5680 1539 5719 cum
1568 5680 1698 5721 vero
1727 5667 1793 5722 ad
1824 5686 1982 5726 unam

383 5743 453 5782 ex
504 5727 872 5802 Echinadibus
921 5730 1115 5802 insulis
1142 5727 1527 5802 pervenisset,
1555 5753 1622 5792 ex
1670 5741 1868 5795 oraculi
1900 5757 1988 5798 re-

383 5797 892 5868 sponsioneifurore
919 5797 1176 5857 liberatus
1199 5814 1300 5858 est.
1335 5804 1485 5862 Unde
1513 5797 1567 5863 S.
1599 5808 1827 5866 Basilius
1852 5797 1987 5868 scri-

387 5865 526 5924 bens
577 5867 646 5924 ad
690 5867 752 5924 B.
799 5868 1113 5940 Gregorium
1153 5873 1398 5930 Nazianz.
1452 5894 1466 5932 :
1522 5886 1704 5944 πάντως
1752 5865 1990 5954 mlta

2083 4959 2343 5034 Ᾰλκμαίων
2396 4965 2635 5031 Ἐχινάδας
2702 4964 2884 5034 ὥρων,
2916 4971 3148 5034 Agre-ri;
3203 4969 3377 5027 πλάνης
3432 4972 3682 5034 ἦνῆσχετο.

2084 5031 2210 5091 lllos
2241 5045 2419 5090 autem
2445 5035 2636 5088 heroas
2658 5047 2722 5088 ac
2750 5031 2885 5087 Deos
2909 5031 3199 5088 fabularum
3220 5035 3438 5090 audacia
3463 5031 3674 5090 deliinili

2088 5117 2317 5162 teStatur
2342 5105 2632 5176 Gregorius
2656 5103 2904 5160 Nazianz.
2931 5114 3067 5160 orat.
3098 5104 3170 5160 20
3201 5106 3250 5161 in
3281 5108 3464 5162 funere
3493 5107 3554 5162 Β.
3584 5107 3685 5162 Ba-

2085 5179 2210 5233 silii.
2240 5179 2318 5233 Lr:
2339 5177 2436 5232 Pn.

2162 5249 2236 5321 (c)
2263 5249 2523 5331 Monetam
2543 5245 3440 5332 repercutitis._§onﬂatam_scilicet,
3460 5248 3686 5332 alterius

2085 5319 2352 5392 PrinCipis
2380 5329 2506 5392 typo
2546 5319 2847 5388 percutitis.
2877 5319 3011 5392 Nam
3039 5321 3251 5392 reprobi
3286 5320 3523 5392 nummi,
3554 5321 3683 5392 quia

2088 5393 2243 5472 pretii
2273 5389 2521 5472 'nullius,
2551 5399 2607 5444 et
2647 5389 2994 5471 commerciis
3033 5391 3278 5472 inutiles2
3312 5390 3377 5472 ad
3416 5405 3510 5472 eos
3536 5389 3690 5472 defc-

2089 5461 2348 5517 rebantur
2376 5462 2567 5530 quibus
2593 5469 2711 5514 erat
2736 5461 2850 5515 auri
2873 5502 2887 5524 ,
2915 5462 3121 5530 argenti
3140 5503 3154 5524 ,
3185 5461 3309 5516 aeris
3339 5461 3498 5516 flandi
3531 5471 3585 5517 et
3611 5461 3688 5517 fc-

2073 5532 2263 5586 'riundi
2307 5547 2436 5586 cura
2470 5541 2523 5586 et
2568 5541 2824 5598 potestas.
2856 5531 3015 5586 Tales
3046 5531 3212 5587 fuisse
3237 5531 3560 5587 (Ilaudianos
3587 5533 3685 5587 Dio

2091 5604 2251 5685 t_r_adit
2273 5643 2288 5667 ,
2318 5603 2412 5685 lib.
2446 5603 2517 5656 lx.
2559 5601 2667 5683 sed
2683 5602 2752 5685 nde
2777 5602 3012 5685 con/latis
3032 5603 3203 5685 fusas
3228 5601 3524 5685 Messalina:
3541 5605 3691 5685 jussu

2092 5672 2338 5729 Mnesteri
2365 5683 2558 5728 statuas
2601 5673 2923 5744 indignatus.
2953 5673 3001 5727 Is
3030 5676 3126 5729 fuit
3154 5674 3342 5727 histrio
3366 5716 3380 5738 ,
3410 5689 3568 5744 quem
3598 5675 3689 5731 illa

2091 5743 2388 5814 deperibat.
2437 5745 2595 5800 Tales
2641 5759 2856 5812 quoque
2897 5743 3060 5800 fuisse
3109 5743 3439 5800 neronianos’
3459 5756 3691 5815 arguunt

2093 5816 2210 5871 haec
2235 5817 2444 5871 Arriani
2478 5815 2768 5887 Epictetica
2793 5827 2935 5871 Ξτίνα
2947 5825 3138 5885 ἔχειτὸν
3157 5831 3442 5887 χαρακτῆρα.
3466 5817 3690 5886 τοῦτοξτὸ

2091 5895 2429 5960 τετράσσειρον,
2445 5877 2672 5959 Νέβωνος.
2689 5877 2954 5956 [style-rigor
2971 5877 3202 5957 3.66m;an
3224 5877 3341 5958 uim,
3359 5877 3548 5959 σλιπρὸν,
3572 5877 3697 5945 Bis.
