4252 6270
559 340 666 402 835
1983 331 2443 394 TERTULLIANI
3760 329 3877 390 593

565 460 848 514 inhoneste
874 457 1180 523 institutos;
1209 463 1392 511 contra
1419 454 1656 511 incestos
1673 495 1688 523 ,
1719 448 2017 517 adulteros,
2036 467 2159 523 rap-
2184 452 2239 511 Α
2263 450 2393 505 dant
2417 446 2715 520 probationi
2742 458 2884 504 verae
2911 446 3207 504 divinitatis
3229 486 3246 515 ,
3307 452 3507 518 quanto
3536 445 3709 518 magis
3733 447 3866 515 isti,

566 563 732 618 tores,
762 550 1056 622 parricidas
1083 551 1247 606 etiam
1270 549 1481 621 legibus
1496 547 1829 605 exserendis.
1854 547 2161 604 Ridendum
2264 556 2399 612 quos
2427 556 2496 596 ne
2524 540 2627 610 ipsi
2655 539 2873 612 quidem
2897 540 3196 611 municipes
3223 539 3306 596 sui
3326 537 3562 595 norunt?
3581 537 3716 593 Nam
3744 554 3867 610 qua:

566 661 636 701 an
663 643 1002 701 irascendmn
1031 643 1104 699 sit
1123 685 1137 708 ,
1168 643 1302 699 tales
1329 642 1462 699 deos
1485 642 1669 711 credi,
1697 643 1885 714 quales
1912 641 2163 697 homines
2262 636 2455 691 idonea
2489 634 2783 690 auctoritas
2830 634 3183 705 praecucurrit
3225 630 3493 703 ejusmodi
3539 630 3867 700 tlieologire,

566 750 695 795 esse
712 746 817 793 non
839 734 1115 793 debeant?
1152 736 1257 817 Sed
1282 737 1429 793 enim
1464 736 1519 791 in
1549 738 1655 792 isto
1682 734 1925 808 mythieo
1941 748 2162 808 genere,

568 828 717 900 quod
740 829 1162 901 poetmierunt,
1221 843 1381 901 quam
1428 828 1619 884 incerti
1644 828 1802 899 agitis
1838 827 1982 883 circa
2026 840 2161 883 ωηο

565 921 806 980 scientias
843 919 1101 992 pudorem
1128 922 1184 977 et
1207 920 1428 992 pudoris
1449 918 1849 976 defensionem!
1883 918 2017 974 Nam
2037 932 2167 989 quo-

569 1013 715 1070 tiens
738 1012 993 1081 miso....,
1029 1013 1206 1085 turpia
1231 1054 1247 1082 ,
1275 1013 1360 1069 vel
1385 1014 1583 1068 atrocia
1614 1011 1847 1088 deorum
1865 1012 2163 1082 exprobras

564 1108 714 1172 mus;
741 1105 1117 1176 allegationem
1137 1105 1281 1176 poeti
1309 1120 1482 1162 ......e
1498 1112 1556 1160 ut
1581 1103 1825 1160 fabulosa
1851 1102 2160 1159 defenditis!

563 1199 821 1270 quotiens
835 1198 981 1253 ultro
1003 1197 1192 1253 siletur
1212 1197 1281 1253 de
1305 1196 1570 1267 ejusmodi
1605 1196 1837 1266 poetica,
1864 1210 1975 1250 non
1995 1194 2160 1249 modo

562 1308 670 1348 non
700 1292 950 1358 horretis,
983 1290 1078 1347 sed
1105 1291 1324 1363 insuper
1354 1289 1652 1354 honoratis,
1684 1297 1850 1360 utque
1878 1288 1930 1343 in
1960 1301 2160 1344 neces«

562 1385 719 1442 sariis
740 1382 945 1440 artibus
970 1384 1200 1440 habetis.
1254 1384 1495 1455 Denique
1525 1397 1622 1454 per
1650 1385 1787 1437 hanc
1813 1381 2157 1438 initiatrice‘m

564 1478 884 1533 litteratura:
924 1476 1272 1549 ingenuitatis
1317 1476 1493 1532 studia
1538 1474 1854 1547 producitis.
1888 1472 2159 1529 Crimina-

566 1578 717 1626 tores
744 1569 968 1625 deorum
999 1579 1184 1640 poetas
1212 1569 1478 1625 eliminari
1507 1568 1659 1623 Plato
1702 1567 1914 1623 censuit
1944 1608 1960 1634 ,
1984 1566 2159 1637 ipsum

561 1661 855 1717 Homerum
872 1674 1000 1716 sane
1020 1670 1333 1716 coronatum
1349 1658 1566 1715 civitate
1589 1658 1916 1729 pellendum.
1950 1660 2020 1713 At
2034 1672 2159 1714 cum

563 1751 846 1823 excipiatis
868 1751 990 1807 illos
1014 1761 1068 1807 et
1088 1752 1390 1819 retineatis,
1417 1766 1514 1807 cur
1542 1765 1648 1806 non
1669 1744 1900 1805 erethtis
1924 1749 2045 1804 talia
2076 1763 2162 1805 re-

562 1842 869 1899 texentibus
893 1842 961 1898 de
988 1841 1105 1898 deis
1143 1843 1381 1898 vestris?
1410 1841 1574 1913 igitur
1617 1842 1662 1896 si
1697 1841 1921 1898 creditis
1949 1842 2151 1911 poetis,

2265 743 2429 800 quam
2454 727 2615 783 etiam
2647 726 2788 782 fama
2814 726 3100 782 destituit?
3142 724 3341 794 Quanti
3364 733 3522 791 sunt,
3549 725 3643 797 qui
3687 728 3877 782 norint

2265 820 2383 878 visu
2412 820 2496 876 vel
2523 806 2709 875 auditu
2736 819 3015 895 Atagartin
3053 820 3314 891 Syrorum
3337 858 3353 884 ,
3399 817 3689 875 leestem
3710 818 3869 875 Atro-

2265 930 2422 984 rum,
2468 914 2812 970 Varsutinam
2842 913 3190 981 Maurorum,
3236 910 3462 981 Obodan
3517 922 3573 970 et
3623 912 3868 991 Dusaren

2264 1009 2527 1073 Arabum,
2560 1009 2821 1084 Bele‘num
2844 1005 3101 1064 Noricum
3120 1049 3139 1076 ,
3168 1008 3253 1064 vel
3273 1049 3291 1078 ,
3320 990 3458 1081 quos
3477 1007 3653 1065 Varro
3670 990 3866 1080 ponit,

2264 1102 2659 1159 Casiniensium
2682 1101 3085 1170 Delventinum,
3107 1101 3483 1158 Narniensium
3507 1101 3863 1171 Visidianum,

2266 1193 2681 1251 Atheniensium
2728 1193 3153 1262 Numcntinum,
3182 1193 3601 1250 Esculanorum
3648 1195 3864 1251 Ancha-

2264 1285 2401 1341 riam
2420 1325 2434 1351 ,
2465 1295 2522 1341 et
2547 1298 2707 1356 quam
2738 1285 3095 1356 praevenerim
3135 1284 3239 1358 (l),
3270 1283 3689 1343 Volsiniensium
3715 1284 3861 1342 Nor-

2266 1377 2416 1442 tiam,
2447 1391 2678 1447 quorum
2704 1393 2773 1433 ne
2802 1377 3080 1433 nominum
3104 1378 3323 1450 quidem
3342 1377 3583 1449 1dignitas
3609 1378 3858 1436 humanis

2264 1470 2677 1541 cognominibus
2700 1471 2900 1526 distat?
2951 1470 3095 1527 Satis
3144 1471 3297 1527 rideo
3334 1470 3494 1528 etiam
3541 1471 3670 1529 deos
3694 1471 3860 1529 decu-

2264 1562 2446 1618 riones
2473 1562 2735 1634 cujusque
2755 1562 3065 1633 municipii,
3094 1563 3298 1632 quibus
3316 1562 3490 1619 honor
3512 1564 3650 1619 intra
3676 1579 3862 1622 muros

2262 1669 2392 1712 suos
2414 1655 2824 1712 determinatur.
2857 1656 2987 1713 Haec
3031 1656 3252 1713 libertas
3277 1656 3707 1729 adoptandorum
3728 1659 3862 1715 deo-

2262 1766 2381 1805 rum
2409 1765 2690 1821 quousque
2710 1750 3018 1821 profecerit,
3039 1750 3417 1823 Aﬂgyptiorum
3448 1752 3860 1823 superstitiones

2188 1870 2239 1933 Β
2263 1843 2492 1910 docent,
2522 1842 2616 1915 qui
2643 1844 2803 1899 etiam
2834 1844 3037 1900 bestias
3065 1844 3300 1915 privatas
3322 1845 3536 1913 colunt,
3584 1860 3711 1916 ιλ...
3744 1860 3864 1902 cro-

561 1948 660 1989 cur
680 1934 890 1990 laudem
934 1934 1285 1990 mendacibus
1315 1933 1468 1990 fertis
1492 1974 1508 2004 ,
1553 1948 1653 1990 nec
1673 1933 1876 1989 cavetis
1898 1948 1967 1988 ne
1991 1932 2164 1989 oden-
2190 1932 2209 1933 ”
2265 1935 2475 1992 codilos
2511 1945 2568 1993 et
2586 1951 2817 2015 anguem
2846 1951 3025 1992 suum.
3079 1936 3279 1993 Parum
3302 1947 3387 1993 est
3413 1937 3459 1993 si
3498 1938 3661 1994 etiam
3690 1938 3864 1994 homi-

557 2026 700 2083 datis
715 2041 828 2095 eos,
859 2042 1083 2098 quorum
1105 2026 1492 2083 detrectatores
1511 2027 1788 2082 honoratis
1813 2025 1999 2082 ?Sane
2021 2025 2165 2083 fides
2264 2044 2391 2086 nem
2414 2040 2815 2087 consecrarunt.
2849 2031 3004 2087 Illum
3036 2031 3178 2100 dico,
3211 2047 3375 2102 quem
3402 2045 3509 2088 non
3531 2032 3644 2103 jam
3662 2031 3859 2104 Aigvp-

562 2137 593 2177 a
615 2121 791 2192 poetis
841 2135 949 2177 non
979 2119 1260 2191 exigenda.
1306 2119 1497 2178 Nonne
1537 2120 1625 2191 qui
1653 2119 1830 2175 dicitis
1858 2119 1990 2175 deos
2037 2129 2162 2190 post
2265 2129 2349 2178 tus
2378 2130 2470 2178 aut
2498 2121 2704 2179 Graecia
2726 2167 2741 2190 ,
2776 2137 2962 2179 verum
2989 2130 3136 2180 totus
3160 2123 3454 2180 orbis......
3488 2122 3605 2180 Afri
3643 2124 3858 2195 jurant;

560 2220 791 2269 mortem
839 2212 1009 2268 factos
1029 2252 1043 2278 ,
1100 2211 1348 2268 homines
1375 2211 1709 2268 confitemini
1736 2220 1862 2268 ante
1888 2212 2158 2267 mortem?
2262 2212 2332 2269 de
2361 2215 2516 2283 cujus
2534 2224 2676 2269 statu
2716 2214 2843 2285 quid
2872 2214 3063 2285 conjici
3102 2224 3277 2285 potest
3299 2215 3440 2286 apud
3469 2226 3688 2272 nostras
3713 2217 3861 2273 litte-

558 2304 696 2374 Quid
714 2318 842 2376 ergo
869 2304 1013 2370 novi,
1051 2304 1097 2359 si
1122 2344 1136 2371 ,
1161 2305 1251 2375 qui
1274 2304 1518 2360 homines
1544 2303 1761 2369 fuerint,
1791 2302 2041 2359 humanis
2062 2311 2158 2359 aut
2263 2318 2351 2359 ras
2378 2313 2435 2358 ut
2465 2303 2758 2360 verisimile
2802 2303 3014 2360 videtur
3046 2305 3275 2373 positum
3302 2314 3404 2362 est.
3458 2305 3596 2363 Nam
3644 2307 3865 2379 Serapis

558 2397 774 2453 casibus
801 2403 894 2451 aut
931 2395 1245 2451 criminibus
1283 2404 1375 2451 aut
1412 2394 1604 2450 fabulis
1646 2394 1995 2466 polluuntur?
2035 2393 2161 2449 Non
2256 2393 2362 2450 iste
2407 2393 2622 2465 quidam
2649 2394 2776 2450 olim
2818 2395 3020 2465 Joseph
3069 2394 3089 2469 (
3120 2397 3149 2451 b
3178 2395 3198 2468 )
3415 2396 3517 2453 fuit
3551 2398 3621 2455 de
3664 2415 3863 2471 genere

556 2487 778 2544 creditis
804 2487 996 2557 poetis,
1029 2501 1151 2542 cum
1180 2486 1248 2542 de
1279 2486 1634 2542 relationibus
1654 2498 1843 2542 eorum
1880 2487 2042 2543 etiam
2071 2500 2158 2542 sa-
2258 2492 2567 2542 sanctorum
2590 2525 2608 2555 ,
2632 2486 2815 2557 junior
2840 2487 2982 2544 inter
3006 2497 3236 2544 eiciet-os
3261 2487 3452 2544 fratres
3478 2528 3494 2553 ,
3533 2489 3632 2545 sed
3655 2491 3840 2547 excel-

557 2595 650 2636 cra
678 2588 923 2651 quaenam
940 2576 1357 2650 disposueritis?
1400 2579 1508 2636 Cur
1536 2580 1739 2652 rapitur
1776 2579 2032 2646 sacerdos
2053 2578 2157 2636 Ce-
2258 2579 2370 2635 sior
2401 2580 2686 2636 .........ab
2736 2579 2930 2637 iisdem
2960 2580 3222 2639 fratribus
3260 2596 3354 2652 per
3392 2582 3615 2639 livorem
3661 2598 3859 2640 venum

561 2672 720 2740 reris,
744 2672 789 2728 si
821 2678 928 2727 non
956 2671 1061 2727 tale
1089 2669 1255 2727 Ceres
1281 2684 1437 2742 passa
1457 2670 1584 2727 est?
1605 2670 1714 2728 Cur
1743 2670 1979 2727 Saturno
1993 2670 2157 2727 alieni

368 2826 373 2833 ,
476 2782 481 2785 ν
557 2766 714 2845 liberi
742 2765 1119 2841 immolantur,
1165 2766 1212 2821 si
1256 2759 1345 2822 ille
1387 2765 1976 2838 suis“pepcrcit?Cur
2014 2766 2157 2823 ideae

516 2902 519 2907 .
557 2857 833 2914 masculus
852 2865 1178 2929 amputatur,
1203 2859 1250 2914 si
1282 2858 1459 2915 nullus
1494 2858 1570 2945 illi
1601 2858 1930 2917 fastidiosior
1947 2860 2159 2918 adoles-

556 2966 690 3008 cens
742 2951 980 3009 libidinis
1047 2951 1288 3009 frustata:
1335 2951 1524 3008 dolore
1568 2962 1835 3009 castratos
1882 2955 2004 3011 eet?
2048 2954 2160 3012 Cur

560 3043 881 3102 Herculeum
935 3044 1228 3116 polluctum
1274 3044 1353 3117 (a)
1404 3044 1657 3101 mulieres
1698 3044 1990 3103 Lanuvium
2041 3062 2152 3103 non

2258 2673 2313 2728 in
2345 2672 2653 2745 [Egyptum
2683 2673 2862 2741 datus,
2894 2674 3153 2731 saeviebat
3181 2675 3236 2731 in
3255 2674 3458 2731 familia
3486 2677 3630 2748 regis
3655 2676 3862 2749 Egypo

2262 2773 2444 2821 torum
2470 2764 2546 2837 (ο)
2571 2765 2802 2834 Pharao,
2826 2782 2857 2821 a
2882 2767 3262 2838 reginajminus
3286 2767 3477 2840 pudica
3501 2768 3858 2839 desideratus,

2258 2856 2356 2913 sed
2384 2858 2507 2928 quia
2533 2872 2638 2913 non
2661 2842 3088 2928 obsequebalur,
3120 2850 3151 2914 e
3178 2862 3452 2917 contrario
3473 2861 3541 2917 ab
3559 2860 3747 2918 eadem
3774 2862 3864 2920 de

2259 2949 2401 3005 latus
2419 2964 2486 3018 ,a
2505 2964 2632 3021 rege
2662 2950 2716 3005 in
2744 2963 3017 3006 carcerem
3038 2950 3218 3007 datur.
3257 2951 3370 3007 lilio
3406 2954 3616 3009 somnia
3644 2955 3864 3024 quibus-

2259 3041 2382 3098 dum
2423 3055 2528 3097 non
2562 3056 2843 3113 perperam
2892 3042 3314 3114 interpretatus,
3365 3044 3474 3099 vim
3525 3045 3746 3116 spiritus
3773 3046 3857 3102 sui

558 3144 816 3208 gustant,
857 3137 902 3192 si
933 3151 1038 3193 non
1080 3135 1365 3193 mulierum
1393 3149 1583 3192 caussa
1828 3137 2158 3196 Mentiuntur
2259 3133 2512 3190 ostendit.
2538 3133 2747 3191 Interea
2787 3149 2886 3190 rex
2933 3149 3149 3206 quoque
3178 3135 3390 3191 somnia
3422 3136 3684 3192 terribilia
3711 3152 3861 3208 qum-

563 3243 694 3285 sane
720 3230 926 3301 poetic!
960 3227 1056 3286 sed
1089 3242 1196 3284 non
1240 3227 1361 3285 ideo
1380 3227 1523 3299 quod
1550 3229 1671 3286 talia
1698 3231 2031 3302 gesserint...
2057 3232 2159 3290 ho-
2185 3228 2232 3302 (ξ
2266 3226 2389 3282 dam
2420 3226 2537 3295 illi,
2566 3225 2818 3283 detractis
2844 3240 2980 3297 quos
3004 3235 3398 3284 convocaverat
3427 3268 3444 3296 ,
3487 3228 3657 3284 voluit
3694 3243 3859 3299 expo-

558 3323 734 3379 mines
757 3339 890 3396 quas
930 3323 1196 3380 defuerint
1222 3338 1323 3380 nec
1343 3323 1489 3395 quod
1531 3323 1747 3381 divinas
1770 3325 2157 3399 adscripserth
2260 3337 2411 3378 nere.
2452 3321 2655 3393 Joseph
2682 3320 3057 3393 expedimema
3096 3320 3165 3376 de
3193 3335 3413 3379 carcere
3440 3320 3659 3377 edocuit
3680 3365 3696 3390 ,
3717 3337 3861 3380 som-

554 3414 703 3474 fo....
737 3416 1049 3483 divinitatis,
1085 3430 1208 3472 cum
1231 3416 1445 3471 interim
1472 3414 1623 3472 vobis
1645 3416 1955 3475 credibilius
1981 3420 2153 3477 visum
2262 3418 2411 3473 nium
2440 3416 2553 3488 regi
2597 3416 2770 3487 aperit
2811 3432 2825 3470 :
2856 3414 2979 3496 illos
3005 3414 3174 3471 boves
3197 3425 3410 3486 septem
3450 3416 3818 3488 cpimissimos
3839 3456 3857 3485 ,

558 3518 642 3563 est
670 3508 802 3565 deos
827 3508 994 3565 fuisse
1014 3550 1029 3577 ,
1057 3508 1152 3565 sed
1183 3522 1288 3564 non
1318 3507 1486 3576 tales,
1533 3522 1694 3579 quam
1724 3512 1895 3579 tales,
1924 3511 2019 3568 sed
2045 3527 2154 3570 non
2260 3511 2590 3578 deﬂuentes,
2623 3509 2847 3567 tetidem
2890 3523 3156 3565 annorum
3187 3508 3492 3565 ubertatem
3523 3509 3858 3581 significare;

557 3602 708 3658 deos.

628 3691 684 3749 8.
726 3691 986 3764 Superest
1016 3695 1214 3766 gentile
1243 3693 1371 3751 illud
1414 3706 1584 3766 genus
1608 3694 1750 3751 inter
1777 3695 2004 3766 populos
2023 3695 2156 3754 deoa

556 3798 677 3841 rum
701 3826 717 3852 ,
756 3798 892 3856 quos
918 3784 1138 3841 libidine
1162 3796 1408 3857 sumptos
1435 3826 1450 3854 ,
1486 3801 1591 3841 non
1626 3800 1723 3858 pro
1743 3785 1930 3843 notitia
1957 3791 2155 3846 verita-

559 3880 630 3934 tis
648 3921 664 3947 ,
686 3878 844 3934 docet
863 3878 1068 3948 privata
1096 3878 1304 3935 notitia.
1337 3879 1507 3935 Deum
1530 3893 1660 3951 ergo
1682 3879 1938 3937 existimo
1958 3881 2154 3954 ubique

557 3979 767 4036 notum,
799 3970 997 4041 ubique
1025 3978 1368 4041 praesentem,
1398 3969 1595 4041 ubique
1627 3969 2013 4040 dominantem,
2040 3984 2154 4030 orn-

558 4060 717 4118 nibus
745 4060 1050 4127 colendum,
1072 4060 1322 4118 omnibus
1343 4060 1749 4119 demerendum.
1772 4064 1844 4119 At
1869 4066 2013 4122 enim
2031 4081 2153 4123 cum

558 4151 637 4209 illi
665 4160 900 4226 quoque,
930 4164 1067 4226 quos
1095 4162 1238 4211 totus
1254 4153 1400 4212 orbis
1426 4155 1784 4214 communiter
1810 4156 1941 4216 colit
1961 4198 1979 4227 ,
2009 4160 2157 4216 exci-

2266 3604 2596 3675 posteriores
2644 3618 2797 3675 mque
2833 3610 3039 3672 septem
3091 3602 3302 3673 'meptos
3335 3644 3355 3669 ,
3417 3601 3862 3674 subsequentium

2259 3706 2467 3766 septem
2492 3710 2756 3750 annorum
2793 3694 3055 3765 in0piam.
3091 3693 3394 3751 Praedicare
3415 3695 3592 3765 itaque
3616 3710 3761 3766 saepe
3788 3695 3859 3753 de

2259 3787 2616 3845 recondendis
2663 3786 2928 3858 prasidi-is
2972 3787 3026 3843 in
3055 3786 3295 3844 futuram
3348 3787 3539 3843 famem
3576 3787 3646 3844 de
3687 3790 3845 3860 copia

2256 3882 2436 3953 priore
2462 3922 2476 3946 ,
2520 3878 2902 3951 crediditrex;
2957 3880 3131 3935 critus
3159 3894 3339 3936 rerum
3367 3890 3421 3935 et
3440 3879 3761 3950 prudentem
3790 3888 3849 3936 et

2259 3983 2503 4031 sanctum
2531 3988 2745 4045 semper
2779 3974 3141 4031 necessarium
3181 3974 3448 4045 probavit.
3476 3974 3662 4045 Itaque
3698 3974 3851 4030 Pha-

2259 4080 2356 4123 rao
2399 4066 2663 4122 universa:
2687 4064 2923 4138 Egypto
2946 4074 3003 4122 et
3026 4065 3421 4124 frumentandas
3444 4075 3499 4122 et
3533 4065 3729 4123 exinde
3756 4082 3853 4124 cu<

2258 4160 2443 4217 randae
2462 4174 2586 4215 eum
2614 4159 2876 4231 praefecit.
2893 4158 3048 4217 Hunc
3066 4158 3378 4233 Serapidem
3398 4175 3467 4218 ex
3486 4158 3857 4233 suggestu(d),

1798 4266 2181 4333 LECTIONES
2215 4266 2625 4332 VARIANTES.

558 4421 562 4426 ,
627 4365 696 4429 (l)
735 4361 910 4429 Rigalt.
935 4363 1226 4416 Prteverim.

1924 4470 2498 4537 COMMENTARIUS.

636 4591 714 4664 (a)
753 4590 1063 4664 Herculeum
1096 4589 1397 4662 polluctum.
1445 4587 1744 4664 Polluctum
1767 4584 2012 4664 Herculis
2026 4601 2144 4648 erat

562 4660 975 4719 Esculentoruni
1020 4660 1224 4718 deeima
1274 4676 1397 4732 pars
1422 4700 1437 4727 ,
1470 4676 1591 4732 quae
1634 4660 1849 4732 Herculi
1896 4660 2143 4721 dabatur.

562 4735 716 4803 Apud
750 4735 1015 4800 Plautum,
1042 4732 1251 4788 Herculi
1276 4731 1882 4803 ’polluceredecimam
1923 4744 2152 4803 partem.

564 4801 832 4861 Putabant
871 4806 1124 4861 nimirum
1172 4803 1225 4859 id
1275 4802 1460 4859 felices
1487 4817 1552 4859 ac
1580 4801 1880 4864 fortunatos
1910 4801 2156 4863 homines

550 4875 812 4950 reddere.
844 4875 1262 4950 Apudeumdem
1290 4875 1555 4950 Plautum,
1576 4874 1841 4950 obsonare
1871 4878 2156 4950 pollucibi-

560 4947 724 5074 ἔξει-ί
745 4944 915 5074 idpest
931 4944 1214 5018 splendide
1237 4954 1292 5002 et
1317 4945 1558 5017 cpipare;
1585 4945 1664 5002 sic
1689 4961 1843 5006 coena
1872 4944 2158 5022 pollucibi-

585 5036 597 5072 ι
635 5060 648 5074 .
728 5034 759 5073 ε
832 5036 886 5074 ιι.

585 5032 648 5074 l8.
682 5032 759 5074 LE
791 5032 886 5075 ΡΒ.

639 5088 721 5163 (1))
751 5088 970 5163 Serapis
1005 5086 1331 5163 iste_quidau_t
1356 5085 1715 5163 olim‘loseph.
1744 5090 1990 5149 Rufiinus
2013 5091 2151 5149 Hist.

565 5158 657 5230 ii,
676 5158 764 5216 ubi
789 5161 859 5219 de
883 5158 1054 5217 statua
1081 5158 1376 5230 Serapidis.
1394 5158 1690 5226 Quidamin
1709 5164 1964 5221 honorem
1982 5165 2155 5221 nostri

563 5229 764 5304 JoSeph
793 5232 1102 5304 formatum
1135 5229 1418 5304 perhibent
1438 5231 1801 5304 simulacrum,
1837 5236 1909 5293 ob
1934 5236 2152 5293 divisio-

566 5302 709 5377 nem'
774 5302 1034 5377 frumenti
1065 5344 1080 5370 ,
1167 5316 1273 5377 quo
1351 5302 1507 5357 famis
1551 5312 1830 5377 _tempore
1904 5308 2152 5364 subvenit

566 5372 869 5448 AEgyptiis,
924 5372 1003 5431 Ex
1035 5389 1118 5448 eo
1160 5373 1374 5448 igitur,
1426 5374 1569 5448 quod
1622 5372 1763 5448 apud
1815 5378 2151 5435 Christianos

563 5443 783 5521 scrupis
818 5446 984 5518 ﬁgura
1028 5445 1126 5521 fuit
1151 5443 1372 5521 Iosephi
1400 5443 1467 5521 et
1494 5443 1761 5521 Iosephus
1803 5450 1967 5521 figura
1997 5449 2151 5506 Chri-

566 5518 668 5584 sti,
698 5515 751 5574 in
803 5515 1045 5574 errorem
1098 5515 1345 5573 inductus
1393 5515 1561 5574 fuisse
1623 5515 1867 5577 videtur:
1880 5521 2149 5578 Adrianus

565 5591 703 5657 Aug.
735 5590 787 5662 in
819 5588 1298 5662 epistolaquadam
1322 5588 1455 5662 ,_ul_)i
1479 5587 1547 5644 de
1571 5588 1808 5662 Egypto
1835 5591 1903 5649 ad
1933 5592 2147 5650 Servia-

566 5657 1126 5731 num'Costcripsit',
1159 5657 1251 5731 Illi
1280 5659 1366 5730 qui
1393 5658 1616 5730 Serapin
1648 5657 1825 5731 :colunt
1847 5706 1863 5731 ,
1887 5663 2150 5719 christiani

564 5736 679 5805 sunt
703 5744 721 5779 :
749 5738 803 5805 οξ
821 5729 983 5805 {leuat}
1029 5738 1145 5805 sunt
1189 5728 1383 5805 Serapi
1400 5770 1416 5795 ,
1443 5728 1535 5795 qui
1554 5748 1607 5785 se
1630 5728 1818 5788 Christi
1847 5728 2150 5805 Episcopo:

565 5795 766 5872 dicunt;
784 5795 928 5872 Ideni
950 5796 1146 5872 Jojeph
1166 5839 1178 5863 ,
1205 5795 1334 5872 quia
1352 5800 1500 5872 Sara:
1532 5816 1795 5871 pronepos
1818 5845 1834 5872 ,
1861 5795 2000 5862 Julio
2028 5795 2150 5860 Fir-

564 5864 705 5917 ιιιὶιο
728 5863 967 5934 Serapis.
998 5863 1116 5923 llic.
1149 5863 1388 5923 -—’Nam
1434 5863 1645 5939 Serapis
1700 5863 1832 5932 imi
1852 5875 2152 5933 Monuimus

2247 4593 2376 4668 alibi
2396 4596 2522 4652 Isim
2536 4594 2845 4668 etSerapim
2861 4593 3001 4651 idola
3021 4593 3187 4668 fuisse
3207 4593 3475 4668 Egyptiis
3511 4594 3813 4668 veneranda
3840 4636 3857 4664 ,

2263 4665 2351 4723 hic
2392 4676 2595 4750 tantum
2621 4664 2771 4750 addo_
2788 4664 3195 4750 delostationem
3218 4664 3539 4750 aegyptiacte
3565 4667 3858 4750 impietatis

2257 4753 2378 4810 qum
2394 4737 2620 4795 habetur
2634 4737 2775 4809 apud
2792 4736 2954 4810 Greg.
2968 4737 3097 4793 Naz.
3117 4746 3254 4793 orat.
3267 4736 3493 4810 24(hzec
3518 4736 3699 4810 omnia
3720 4752 3862 4794 com-

2259 4808 2421 4881 plecti
2457 4808 2776 4881 luculenter,
2830 4808 3055 4881 eamque
3118 4823 3268 4866 more
3314 4809 3464 4866 Beati
3519 4808 3664 4865 illius
3694 4810 3862 4881 patris

2260 4881 2640 4951 conscriptam.
2660 4880 2736 4936 Le
2766 4881 2863 4936 Pe.

2338 4950 2409 5023 (ο)
2430 4951 2453 5006 1
2461 4938 2494 5006 ἡ
2520 4951 2720 5022 familia
2739 4952 2871 5023 regis
2901 4938 3299 5023 Aigyptiorum.
3321 4949 3435 5008 Imo
3458 4949 3511 5007 in
3522 4950 3729 5023 familia
3753 4950 3861 5007 Pu-

2263 5022 2490 5095 tipharis
2518 5023 2765 5080 Eunuchi
2790 5022 3083 5095 Pharaonis
3105 5064 3120 5086 .
3145 5022 3516 5095 nisi_dicamus
3544 5022 3719 5095 ipsum
3751 5023 3860 5079 Eu—

2244 5091 2593 5166 enitchumgin
2631 5094 2831 5166 familia
2856 5093 3213 5166 regisjuisse.
3244 5091 3349 5150 Sed
3384 5093 3439 5149 in
3479 5091 3580 5149 hac
3604 5094 3861 5165 deinceps

2259 5162 2482 5237 historia
2509 5164 2728 5237 Josephi
2756 5162 2974 5237 aberrat
2997 5164 3360 5237 Tertullianus
3390 5166 3586 5222 iterum
3612 5179 3677 5221 ac
3696 5162 3858 5237 tertio

2258 5236 2326 5292 ab
2358 5236 2422 5292 iis
2448 5251 2568 5307 quas
2596 5235 2814 5293 tradidit
2838 5235 3013 5292 Moses
3053 5235 3253 5293 Genes.
3284 5237 3380 5292 xli.
3411 5244 3467 5292 et
3494 5236 3633 5307 libro
3658 5236 3858 5292 adver-

2256 5322 2350 5364 sus
2390 5306 2641 5379 Judaeos,
2672 5323 2789 5379 cap.
2823 5308 2879 5379 5,
2927 5307 3203 5379 historiam
3253 5307 3438 5365 Abelis
3465 5317 3521 5366 et
3545 5306 3700 5365 Caini
3740 5317 3852 5364 tra-

2255 5380 2421 5451 ctavit
2446 5378 2828 5451 indiligentius.
2860 5378 2936 5436 Ls
2970 5378 3068 5435 Pa.

2328 5450 2408 5524 (d)
2427 5448 2592 5524 Hunc
2602 5447 2916 5524 Serapidem
2937 5466 3002 5506 ea:
3028 5459 3296 5524 suggestu.
3314 5447 3599 5524 Cumulum
3622 5459 3859 5524 etfacer-

2254 5521 2395 5595 vum’
2424 5522 2720 5595 intelligere
2766 5521 3010 5595 videtur,
3051 5521 3429 5595 quemAGraeci
3453 5531 3603 5595 Xupda
3646 5521 3855 5590 dicunt,

2254 5592 2531 5665 Frumenti
2556 5592 2761 5651 scilicet
2780 5592 3091 5665 cumulum,
3116 5592 3277 5649 modii
3296 5593 3465 5665 ﬁgura
3486 5592 3851 5664 designatum.

2255 5664 2530 5732 Bullinus,
2561 5664 2722 5737 Cujus
2747 5673 2900 5737 caput
2942 5664 3143 5737 modius
3167 5664 3516 5737 superpositus
3538 5665 3741 5737 indicet
3768 5667 3852 5720 vi.

2254 5745 2357 5790 tam
2382 5735 2678 5808 mortalibus
2707 5735 2911 5808 frugum
2939 5735 3175 5808 largitate
3201 5735 3432 5805 prteberi.
3464 5735 3638 5808 Julius
3658 5736 3859 5792 Firmi-

2252 5820 2355 5880 cus
2377 5847 2392 5872 ,
2430 5806 2669 5880 Modius,
2699 5806 2807 5880 quo
2843 5806 3177 5880 esurientibus
3206 5818 3253 5880 e_t
3284 5809 3566 5880 ementibus
3595 5807 3856 5880 frumenta

2255 5876 2490 5932 diviserat
2513 5918 2529 5948 ,
2558 5879 2714 5948 capiti
2740 5878 3085 5951 superpositus
3112 5888 3205 5939 est.
3226 5877 3308 5939 Le
3329 5879 3427 5938 Pu.
