4252 6270
423 378 530 438 597

1723 377 1816 434 AD
1852 376 2209 442 NATIONES'
2233 383 2361 442 LIB.
2394 389 2459 446 ll.

3641 399 3749 458 598

426 511 536 568 quo
549 504 709 567 caput
729 494 852 567 ejus
878 502 1155 562 ornatum,
1186 503 1535 564 vocaverunt,
1565 495 1720 568 cujus
1742 509 2026 570 suggestus

2133 505 2181 561 si
2208 504 2424 565 Atticos
2438 517 2687 582 stupores
2712 512 2958 584 recipere
2975 513 3283 572 voluerunt.
3306 514 3450 571 ,Nam
3488 524 3545 574 et
3567 515 3741 574 Athe-

429 590 675 646 modialis
727 588 895 661 figura
924 587 1359 645 frumentationis
1397 590 1715 647 memoriam
1745 592 2028 663 obsignat,

430 695 484 743 et
507 698 699 769 curam
714 682 937 765 frugum
961 697 1122 756 super
1151 693 1314 754 caput
1340 684 1457 755 ejus
1479 683 1665 751 fuisse,
1694 685 1825 755 ipsis
1841 684 2026 769 spicis,

426 762 743 851 quibusper
772 778 1033 834 ambitum
1062 785 1276 833 notatur
1305 819 1322 842 .
1372 785 1616 847 apparet.
1642 762 2029 849 Propterea-et

428 884 642 938 canem,
658 884 820 941 quem
847 867 989 940 apud
1017 866 1217 924 inferos
1243 867 1517 939 deputant,
1545 868 1645 924 sub
1667 868 1889 926 dextera
1911 870 2028 939 ejus

424 965 759 1032 dicaverunt,
786 963 930 1035 quod
956 961 1059 1019 sub
1084 977 1244 1018 manu
1263 961 1379 1033 ejus
1401 970 1805 1034 eompressatur
1834 963 1917 1035 (i)
1948 963 2025 1035 (α)

425 1058 807 1131 Egyptiorum
828 1099 844 1125 ,
874 1066 926 1113 et
955 1054 1169 1131 Eariam
1190 1054 1487 1126 adjungunt
1513 1094 1529 1121 ,
1560 1068 1721 1125 quam
1748 1052 1913 1110 ﬁliam
1942 1069 2030 1112 τοο

431 1155 517 1227 gis
543 1153 756 1209 Pharao
789 1150 1061 1209 derivatio.
1101 1149 1333 1225 nominis
1362 1162 1483 1205 esse
1512 1147 1875 1217 demonstrat;
1904 1164 2030 1205 nam

425 1258 482 1306 et
502 1254 638 1305 tunc
655 1247 867 1304 Pharao
897 1286 914 1312 ,
946 1242 1089 1300 inter
1116 1250 1310 1300 caetera
1334 1242 1602 1299 bonorum
1631 1251 1687 1299 et
1711 1258 2030 1300 remanem-

426 1341 631 1397 tionum
658 1381 673 1409 ,
702 1340 869 1395 [illam
901 1352 1115 1409 quoque
1141 1336 1198 1391 in
1224 1335 1626 1391 matrimonium
1670 1336 1721 1393 ei
1769 1335 2022 1392 dederat.

425 1434 535 1491 Sed
585 1435 709 1505 quia
755 1442 809 1489 et
854 1431 995 1487 feras
1033 1437 1090 1486 et
1139 1429 1387 1486 homines
1413 1429 1596 1486 colere
1636 1437 2025 1500 susceperant,

424 1536 711 1598 utramque
738 1526 928 1581 faciem
955 1524 1010 1579 in
1038 1539 1204 1579 unum
1216 1522 1435 1578 Anubin
1453 1522 1823 1591 contulerunt,
1846 1524 1901 1578 in
1917 1537 2029 1595 quo

429 1629 640 1677 natura:
670 1618 1102 1688 eonditionisque
1147 1631 1259 1672 sua:
1290 1616 1467 1687 potius
1496 1626 1820 1687 argumenta
1860 1615 2030 1673 videri

423 1706 617 1786 posset
633 1725 982 1769 consecrasse
1022 1724 1174 1781 gens.
1206 1710 1383 1773 rixosa
1404 1751 1420 1777 ,
1451 1709 1564 1765 suis
1591 1710 1813 1782 regibus
1838 1726 2032 1768 recon-

424 1815 571 1863 trans
609 1804 720 1876 (b),
760 1805 813 1859 in
845 1802 1112 1858 extraneis
1155 1800 1385 1871 dejecta,
1420 1815 1553 1859 sane
1572 1810 1628 1858 et
1645 1802 1768 1874 gula
1784 1813 1839 1860 et
1858 1817 2021 1876 δραι-ο

423 1899 690 1956 citia......
713 1897 877 1954 etiam
900 1896 1046 1951 servi
1077 1896 1216 1967 ipsa.

494 1991 550 2048 9.
591 1989 717 2046 Haec
763 1988 1061 2045 secundum
1114 1987 1434 2058 tripertitam
1501 1987 2023 2057 dispositionem

426 2081 718 2140 divinitatis
746 2091 840 2137 aut
876 2083 1087 2137 notiora
1113 2088 1205 2135 aut
1230 2080 1523 2151 insigniora
1548 2080 1873 2153 digessimus
1893 2124 1909 2150 ,
1964 2094 2024 2140 ut

425 2177 597 2249 possit
618 2176 727 2246 jam
757 2174 925 2231 videri
955 2175 1089 2231 satis
1114 2188 1435 2245 responsum
1477 2173 1547 2229 de
1598 2174 1823 2247 physico
1850 2191 2017 2246 gene-

426 2284 518 2335 re,
550 2269 622 2324 de
647 2269 858 2339 poetico
877 2309 891 2332 ,
921 2267 989 2322 de
1039 2267 1310 2338 gentibus.
1360 2266 1427 2322 Et
1451 2266 1707 2337 quoniam
1734 2270 1913 2326 omnis
1936 2284 2028 2326 su.

432 2360 680 2432 perstitio
711 2358 794 2431 (2)
811 2400 826 2426 ,
853 2372 962 2420 non
988 2356 1102 2428 jam
1144 2356 1588 2428 philosophorum
1615 2373 1715 2414 nec
1741 2369 2023 2430 poetarum

440 2472 546 2514 nec
573 2454 887 2528 populorum
914 2495 930 2522 ,
978 2469 1007 2507 a
1038 2452 1228 2525 quibus
1260 2450 1453 2508 tradita
1478 2460 1561 2508 est
1582 2492 1597 2519 ,
1628 2452 1725 2509 sed
1743 2454 2028 2511 dominano

428 2550 566 2605 tium
593 2548 984 2613 Romanorum,
1018 2544 1213 2614 quibus
1229 2553 1488 2614 occupata
1514 2554 1618 2611 est,
1641 2547 2024 2603 auctoritatem

422 2642 525 2699 sibi
556 2640 875 2706 exstruxit,
916 2636 1019 2693 alia
1066 2635 1177 2708 jam
1221 2635 1377 2691 nobis
1406 2635 1636 2693 ineunda
1679 2646 1763 2693 est
1805 2637 2024 2694 humani

424 2734 627 2792 erroris
653 2732 881 2789 latitudo
907 2772 921 2796 ,
959 2731 1070 2786 imo
1096 2729 1230 2786 silva
1274 2729 1529 2785 caedenda
1561 2770 1576 2796 ,
1623 2746 1745 2802 qua:
1790 2731 2024 2804 undique

424 2826 700 2897 conceptis
720 2823 1165 2896 superstitionum
1181 2822 1475 2878 seminibus
1492 2823 1608 2879 vitii
1635 2824 1919 2894 pueritiam
1935 2825 2020 2900 (5)

425 2918 791 2976 obumbravit.
811 2916 920 2974 Sed
943 2924 999 2972 et
1023 2914 1389 2970 Romanorum
1410 2913 1542 2971 deos
1580 2915 1750 2972 Varro
1775 2914 2021 2974 bifariam

426 3012 688 3084 disposuit
712 3013 946 3069 incertos
973 3018 1027 3066 et
1041 3009 1264 3066 electos.
1285 3008 1511 3064 Tantam
1533 3009 1821 3066 vanitatem
1844 3010 1859 3066 !
1883 3010 2022 3080 Quid

425 3109 567 3166 enim
592 3115 709 3167 erat
725 3107 832 3164 illis
859 3118 984 3163 eum
1023 3103 1243 3161 incertis
1262 3143 1278 3171 ,
1310 3102 1356 3160 si
1376 3111 1554 3161 certos
1585 3105 1897 3162 habebant?
1914 3106 2017 3162 nisi

2135 597 2219 671 nis
2266 612 2357 654 ara
2386 610 2470 657 est
2513 602 2765 675 inscripta
2801 603 3046 679 :Ignoti‘s
3095 605 3233 662 deis.
3277 605 3420 663 Colit
3462 620 3593 679 ergo
3619 608 3742 681 quis

2133 689 2279 761 quod
2304 691 2553 763 ignorat?
2574 695 2710 752 Tum
2736 696 2782 752 si
2799 709 2976 754 certos
3017 698 3288 763 habebant
3305 742 3322 769 ,
3352 702 3591 757 contenti
3619 716 3745 760 esse

2133 780 2455 853 debuerunt,
2484 800 2587 843 nec
2601 786 2802 844 electos
2830 788 3165 847 desiderare.
3192 790 3253 846 In
3282 806 3390 863 quo
3410 792 3575 848 etiam
3600 792 3739 849 irre-

2132 870 2307 943 ligiosi
2321 873 2813 947 deprehenduntur.
2835 881 2894 936 Si
2924 882 3067 938 enim
3094 883 3182 939 dei
3229 893 3288 961 u_t
3327 883 3485 961 bulbi
3517 882 3591 961 (c)
3644 898 3739 941 se-

2135 962 2394 1035 liguntur,
2425 969 2515 1039 qui
2539 978 2649 1026 nun
2678 971 3011 1044 seliguntur,
3048 956 3277 1045 reprobi
3301 950 3733 1047 pronunfiantur.

2131 1055 2244 1115 Nos
2271 1074 2400 1116 vero
2420 1060 2667 1119 bifariam
2695 1064 3069 1123 Romanorum
3096 1068 3230 1125 deos
3260 1070 3702 1142 recognoscimus
3721 1111 3739 1138 ,

2133 1166 2449 1211 communes
2473 1166 2527 1213 et
2564 1158 2816 1229 proprios
2844 1202 2859 1226 ,
2906 1161 2961 1217 id
2999 1170 3086 1218 est
3112 1202 3128 1230 ,
3160 1178 3300 1234 quos
3321 1179 3444 1220 cum
3491 1165 3743 1241 omnibus

2135 1245 2366 1315 habent,
2397 1256 2453 1303 et
2478 1265 2613 1321 quos
2638 1251 2740 1322 ipsi
2767 1262 2894 1309 sunt
2937 1257 3250 1313 commenti.
3281 1258 3351 1313 Et
3374 1258 3635 1329 numquid
3668 1258 3730 1316 bi

2133 1349 2261 1394 sunt
2289 1341 2487 1411 publici
2514 1352 2570 1399 et
2588 1343 3050 1404 adventitiidicti?
3081 1349 3193 1405 Hoc
3219 1352 3364 1406 enim
3388 1366 3499 1407 erae
3517 1352 3737 1421 docent,

2130 1428 2546 1488 adventitiorum
2591 1435 2661 1491 ad
2688 1435 2870 1493 fanum
2898 1438 3125 1507 Carum,
3166 1442 3509 1512 publicorum
3538 1444 3591 1500 in
3617 1445 3734 1514 [pa-

2132 1518 2282 1576 latio.
2314 1522 2491 1591 Quare
2510 1540 2632 1581 cum
2653 1542 2969 1586 communes
2993 1530 3102 1599 dei,
3119 1547 3278 1605 quam
3309 1533 3553 1606 physico,
3573 1550 3734 1606 quam

2133 1613 2187 1668 in
2212 1615 2449 1686 mythico
2477 1620 3025 1689 comprehendantur,
3053 1632 3234 1679 aetum
3262 1634 3346 1680 est
3368 1625 3483 1695 jam
3519 1625 3588 1682 de
3617 1626 3737 1683 istis

2132 1709 2437 1778 speciebus.
2471 1712 2548 1767 De
2577 1714 2811 1783 propriis
2838 1715 3193 1773 dicere....et.
3226 1718 3307 1774 De
3329 1718 3590 1776 Romanis
3615 1731 3731 1776 stu.

2135 1816 2357 1871 peamus
2386 1845 2402 1871 ,
2454 1807 2672 1861 tertium
2702 1807 2831 1863 illud
2861 1824 3033 1879 genus
3070 1810 3349 1866 hostilium
3385 1811 3613 1869 deorum

2057 1922 2106 1984 Β
2134 1907 2200 1947 eo
2220 1894 2363 1965 quod
2389 1898 2539 1952 nulla
2577 1912 2711 1968 gens
2736 1899 2841 1955 alia
2876 1909 3089 1957 tantum.
3109 1902 3213 1958 sibi
3231 1904 3636 1974 superstitionis
3657 1907 3732 1964 in-

2135 1986 2340 2041 venerit
2481 1988 2615 2045 duas
2648 1992 2860 2061 species
2887 1993 3171 2068 dirigimus
3194 2036 3209 2064 ,
3239 1996 3374 2054 alios
3401 1997 3470 2054 de
3498 1998 3734 2054 homini-

2128 2075 2228 2132 bus
2248 2089 2578 2151 assumptus,
2607 2082 2743 2139 alios
2785 2085 2911 2141 inde
2930 2096 3244 2158 conceptos.
3285 2088 3451 2160 Igitur
3475 2092 3734 2161 quoniam

2128 2168 2273 2225 idem
2316 2170 2425 2226 illis
2450 2173 2603 2229 color
2629 2175 2870 2246 suppetit
2897 2180 3324 2236 consecrationis
3349 2192 3693 2239 mortuorum
3716 2226 3732 2254 ,

2128 2271 2378 2333 tanquam
2390 2264 2462 2320 ob
2490 2268 2677 2322 merita
2696 2266 2840 2334 vitae,
2857 2269 3102 2327 eamdem
3121 2281 3176 2327 et
3196 2285 3296 2329 nos
3316 2276 3728 2345 responsionem

2128 2370 2462 2426 opponamus
2516 2373 2744 2416 necesse
2795 2370 2914 2429 est,
2959 2365 3233 2421 neminem
3285 2381 3349 2422 ex
3399 2366 3483 2423 bis
3521 2382 3736 2441 quoque

2130 2450 2263 2504 tanti
2290 2449 2475 2505 fuisse.
2503 2450 2716 2508 Patrem
2744 2452 3056 2525 diligentem
3103 2455 3314 2513 Enean
3344 2459 3730 2530 crediderunt,

2129 2540 2358 2625 militem
2415 2554 2689 2614 nunquam
2736 2544 3035 2616 gloriosum
3061 2587 3078 2616 ,
3128 2547 3305 2620 lapide
3348 2549 3727 2618 debilitatum;

2126 2634 2268 2705 quod
2298 2635 2463 2691 telum
2492 2645 2749 2706 quantum
2782 2639 3023 2711 vulgare,
3051 2650 3213 2713 atque
3241 2644 3496 2700 caninum
3529 2685 3544 2711 ,
3576 2654 3727 2702 tanto

2127 2726 2365 2798 ignobile
2388 2727 2583 2783 vulnus
2603 2730 2618 2784 Σ
2637 2729 2744 2787 Sed
2763 2741 2817 2787 et
2842 2732 3084 2809 preditor
3111 2734 3295 2807 patriae
3321 2736 3527 2793 Eneas
3548 2739 3629 2810 (ά)
3654 2740 3735 2795 ἰη-

2127 2821 2366 2889 venitur;
2397 2831 2503 2877 tam
2523 2822 2746 2890 Encas,
2771 2840 2932 2896 quam
2961 2828 3222 2884 Antenor.
3238 2829 3317 2885 Ac
3337 2830 3382 2884 si
3412 2829 3516 2885 hoc
3541 2845 3731 2887 verum

2123 2915 2330 2982 nolunt,
2371 2914 2576 2973 Encas
2592 2926 2739 2972 certe
2763 2919 2935 2988 patria
2959 2919 3219 2990 flagrante
3244 2920 3531 2994 dereliquit
3554 2925 3732 2980 socios

2122 3006 2361 3064 [minime
2388 3008 2601 3064 Punicae
2620 3009 2981 3079 subjiciendus
3011 3011 3081 3084 (ε)
3107 3053 3121 3078 ,
3150 3028 3269 3082 quae
3309 3015 3560 3091 maritum
3589 3016 3726 3070 Has-

2123 3102 2402 3158 drubalem
2456 3099 2647 3158 Enen:
2695 3101 2980 3159 timiditate
3026 3104 3419 3175 supplicantem
3446 3106 3724 3163 bostinon

1618 3211 1633 3226 ’
1651 3221 2035 3281 LECTIONES
2068 3214 2483 3280 VARIANTES.

491 3340 566 3468 Et}
598 3338 780 3413 Mer
798 3341 887 3392 hoc
910 3354 953 3393 v.
980 3343 1047 3392 Le
1068 3343 1227 3397 Prior.
1250 3338 1449 3397 mutavit
1480 3338 1532 3390 in
1556 3344 1933 3404 compressatus.

515 3404 546 3452 2
598 3403 771 3468 Rigalt.
786 3406 1082 3459 substitutto.

515 3403 566 3466 2)
598 3403 771 3471 Rigalt.
786 3406 1082 3459 substitutio.

2056 3338 2103 3402 C

2200 3334 2275 3400 (5)
2311 3333 2430 3387 Cod.
2456 3344 2548 3385 ms.
2568 3332 2700 3384 vitiis
2723 3333 3046 3398 pueritatem,
3080 3332 3254 3399 Rigalt.
3279 3336 3387 3387 vitii
3418 3337 3735 3401 pueritatem.

1800 3506 2360 3571 COMMENTARIUS.

502 3625 762 3698 (:0.de
784 3627 874 3683 sub
900 3644 1054 3699 manu
1079 3629 1189 3699 ejus
1214 3633 1583 3695 compressam:
1624 3621 2020 3699 Egyptiorum.

430 3694 489 3753 In
513 3694 617 3753 ins.
635 3694 843 3771 ilegitnr
866 3741 879 3763 ,
911 3697 1060 3766 Quod
1085 3694 1176 3755 sub
1204 3717 1359 3755 manu
1388 3700 1503 3771 eius
1524 3694 1898 3771 cotitpr'ess'atur
1919 3695 2021 3752 /E-

429 3767 736 3842 gyptioruni.
769 3771 827 3825 In
872 3781 1125 3842 promptu
1172 3771 1274 3827 fuit
1316 3769 1656 3835 emendatio,
1688 3767 2020 3842 Compressa-

430 3839 531 3895 ἰὼ.
567 3840 706 3897 Nihil
735 3839 890 3897 enim'
906 3839 1098 3900 deesse
1137 3843 1268 3899 mibi
1299 3842 1550 3904 videtur;
1576 3847 1670 3894 aut
1696 3840 1742 3895 si
1771 3839 1898 3911 quid
1928 3840 2023 3895 ded

429 3928 609 3968 rasum
638 3913 804 3984 fuerit
832 3916 885 3969 in
915 3926 1153 3984 extrema
1188 3916 1326 3970 linea
1355 3922 1490 3984 post:
1502 3911 1828 3984 dictionem,
1864 3911 2017 3984 Eius,

431 3984 560 4038 nibil
584 3984 726 4038 aliud
743 3982 904 4040 fuerit
924 4001 1081 4056 quam
1102 3983 1228 4041 Esse
1251 4028 1267 4053 ,
1295 3982 1385 4040 aut
1406 3983 1533 4055 quid
1556 3982 1839 4056 ejusmodi.
1858 3982 2021 4037 Com-

431 4064 733 4124 pressatum
762 4056 889 4112 dicit
913 4056 1279 4112 Tertullianus
1297 4099 1313 4123 ,
1342 4070 1441 4126 pro
1460 4056 1747 4109 vexatione
1773 4067 1891 4124 quae
1920 4069 2021 4126 (ξρ-

432 4141 684 4198 pressura
730 4136 847 4181 erat
874 4127 1165 4199 Egyptum
1185 4170 1203 4193 ,
1233 4134 1291 4183 ut
1318 4124 1478 4183 habet
1519 4126 1684 4199 latina
1714 4126 1892 4179 versio
1918 4124 2028 4181 Ge-

326 4248 333 4253 ,
433 4188 549 4253 ires.
578 4212 699 4270 cap.
731 4199 822 4255 Μ.
856 4188 1031 4257 δίονῖιί
1053 4188 1243 4270 Scorp.
1276 4213 1395 4268 cap.
1424 4196 1844 4270 ὅηῆιαῃιηᾲεναι
1869 4212 2027 4268 super

431 4270 549 4341 illo;
566 4266 795 4341 injitala
815 4311 830 4335 ,
858 4278 905 4325 et
930 4266 1253 4341 compreasnti
1284 4266 1398 4323 sunt
1422 4267 1586 4323 valde.
1614 4266 1690 4323 LE
1709 4266 1805 4341 Pu.

506 4338 584 4410 (b)
618 4339 841 4413 Regibus
859 4342 967 4396 suis
996 4336 1310 4397 récoutrans.
1344 4341 1679 4413 Recontrans
1705 4337 1855 4403 dicit,
1880 4336 2024 4413 quod

433 4413 575 4483 tutati
629 4411 740 4467 sua:
791 4413 1019 4482 proximi
1070 4414 1375 4483 scriptores
1413 4411 1640 4479 dixere,
1680 4411 2021 4483 contrariam.

434 4482 588 4551 Quod
641 4480 821 4540 autem
874 4484 964 4540 hic
989 4483 1062 4540 de
1105 4480 1309 4541 Judaeis
1355 4482 1675 4552 Septimius,
1707 4480 1760 4535 id
1805 4482 2026 4552 omnino

434 4549 772 4627 Lampridius
797 4555 867 4612 de
896 4555 1187 4612 Gallicanis
1214 4549 1483 4627 mentibus
1510 4553 1564 4608 in
1595 4551 1900 4627 Alexandro
1930 4549 2026 4607 Sc-

2123 3644 2238 3685 rem
2268 3627 2459 3684 feceris
2486 3625 2812 3698 superﬂuam
2844 3635 3007 3698 atque
3033 3626 3280 3684 inutilem
3299 3670 3316 3696 ,
3337 3641 3528 3685 verum
3559 3637 3616 3686 et
3639 3629 3721 3686 di-

2123 3700 2345 3773 vinitati
2368 3697 2588 3769 prorsus
2630 3697 2960 3773 indecorant.
2993 3698 3108 3773 Hoc
3134 3700 3369 3773 primum
3397 3712 3721 3773 argumento

2126 3767 2416 3842 Septimius
2456 3778 2654 3842 noster
2689 3770 2921 3826 Deorum
2967 3767 3176 3825 turbant
3205 3767 3491 3842 profugat;
3515 3788 3641 3839 mox
3668 3780 3726 3828 et
3786 3767 3796 3777 ’

2128 3842 2424 3897 Varronem
2452 3857 2518 3897 cx
2554 3841 2710 3896 turba
2739 3841 3395 3914 seligentemprzeeipuos
3415 3886 3429 3908 ,
3461 3844 3729 3914 irreligio-

2125 3928 2245 3985 sum
2273 3929 2394 3970 esse
2418 3914 2573 3981 dicit;
2600 3914 2701 3969 hoc
2725 3913 2868 3985 enim
2898 3913 3152 3985 nonrsine
3179 3914 3508 3985 reliquorum
3533 3913 3733 3985 injuria

2126 3982 2353 4049 fecisse,
2385 4000 2521 4056 quos
2572 3999 2695 4040 esse
2737 3983 2955 4055 quidem
3003 3984 3143 4040 Deos
3180 3982 3491 4051 censuerit,
3534 3982 3726 4041 verum

2126 4055 2752 4128 dignitate’inferiores,
2782 4064 2876 4109 aut
2923 4063 3210 4128 potestate.
3261 4056 3373 4111 Hos
3422 4057 3586 4128 igitur
3616 4072 3726 4112 non

2127 4126 2335 4182 tantum
2375 4126 2657 4182 inofficiosi
2682 4168 2695 4188 .
2726 4140 2913 4199 verum
2957 4136 3016 4181 et
3052 4127 3223 4199 laete;
3245 4126 3548 4183 divinitatis
3588 4143 3727 4199 que-

2127 4200 2241 4255 rela
2265 4214 2461 4270 agere;
2491 4200 2752 4270 adversus
2797 4197 3070 4270 hominem
3100 4198 3169 4253 de
3195 4197 3308 4270 Diis
3347 4199 3592 4268 judicare
3612 4197 3721 4254 au-

2128 4267 2638 4343 sum,'quasi‘Deus
2682 4284 2808 4343 non_
2836 4268 2907 4322 sit
2926 4269 3072 4343 ,_ni_si
3121 4269 3204 4324 cui
3255 4267 3417 4324 homo
3458 4271 3719 4343 propitius

2126 4340 2312 4406 fuerit;
2331 4338 2486 4411 quod
2512 4352 2643 4411 sane
2669 4347 2752 4393 est
2776 4338 2915 4411 Deos
2942 4338 3143 4411 habere
3168 4349 3426 4411 tanquam
3458 4338 3727 4411 fungos...

2126 4357 2312 4406 tuerit;
2382 4357 2486 4394 nou
2512 4357 2643 4394 sane
2669 4357 2752 4393 εει
2778 4357 2915 4394 veos
2943 4357 3143 4395 nouere
3168 4357 3426 4411 tanquam
3458 4357 3724 4411 tnngos...

2126 4357 2467 4481 pratensibus
2529 4407 2957 4481 optima-fungis
2995 4408 3204 4481 ANatura
3251 4422 3364 4479 est,
3417 4411 3535 4465 aliis
3579 4413 3724 4466 male

2126 4479 2389 4547 creditur,
2428 4482 2505 4537 ait
2551 4480 2823 4536 Horatius.
2869 4479 3009 4547 Quid
3052 4492 3231 4537 autem
3262 4482 3406 4536 aliud
3433 4483 3573 4536 velle
3596 4495 3724 4537 cum

2128 4552 2330 4608 Electis
2356 4553 2468 4608 suis
2488 4551 2786 4607 Varronem
2803 4592 2820 4618 ,
2844 4552 2945 4607 nisi
2960 4551 3160 4617 electis
3185 4553 3292 4608 illis
3317 4552 3576 4622 optimam
3600 4566 3725 4608 esse

436 4622 584 4717 vere:
617 4624 901 4717 Gallicana:
913 4630 1158 4717 'uienles,
1185 4635 1241 4717 ut
1268 4642 1322 4681 se
1347 4625 1530 4679 habent
1555 4623 1741 4717 ,ndura:
1776 4638 1839 4677 ac
1865 4631 2027 4679 retro-
2049 4655 2106 4717 Β
2130 4624 2367 4717 numinis
2394 4632 2645 4717 natumut
2662 4622 2997 4717 animale
3026 4623 3231 4717 gredi-‘1
3257 4622 3414 4717 Quod
3444 4638 3574 4717 ﬁeri)
3596 4624 3723 4717 attli:

435 4697 712 4780 gredit,net
739 4697 1303 4780 smpenlnrperqtoijibus
1329 4711 1534 4780 graues.

508 4768 583 4841 (c)
622 4763 843 4841 Signini
870 4768 971 4825 Dei
986 4763 1052 4824 ἰιι
1092 4770 1229 4824 bulbi
1251 4763 1565 4841 seliguntur.
1586 4763 2027 4841 lloeTertulliani

437 4835 640 4914 digium
667 4840 742 4914 ab
760 4841 1061 4914 Augustino
1090 4835 1501 4914 reprelienditur
1530 4838 1581 4891 in
1616 4835 2029 4914 principielibri

436 4909 549 4966 VII.
582 4910 648 4968 de
685 4904 1010 4979 Civit.'Dei,
1034 4919 1095 4968 ut
1138 4904 1386 4971 facetius.
1415 4922 1574 4980 quam
1616 4904 1817 4980 verius.
1858 4904 2031 4980 video

438 4983 583 5038 enim
608 5024 623 5047 ,
650 4983 862 5053 inquit,
892 4977 1056 5040 etiam
1103 4998 1170 5038 ex
1209 4977 1575 5049 selectis—eligi
1605 4979 1811 5053 aliquos
1835 4977 1901 5033 ad
1933 4979 2031 5034 ali-

438 5053 565 5126 quid
604 5050 776 5126 ntajus
818 5050 979 5126 atque
1008 5054 1388 5126 prtestantius;
1421 5050 1769 5126 quamobrem
1813 5064 1921 5126 non
1960 5064 2029 5106 ex

438 5121 543 5181 hoc
564 5121 708 5192 quod
738 5125 818 5180 Dii
848 5121 913 5181 ei
950 5121 1134 5181 multis
1162 5124 1377 5194 quidam
1420 5121 1606 5179 selecti
1634 5129 1788 5187 sunt,
1818 5121 2026 5194 vitupef

437 5196 599 5253 randi
617 5205 745 5252 sunt
770 5212 785 5262 ;
809 5196 904 5253 sed
933 5192 1471 5253 animadvertendum
1492 5194 1668 5264 potius
1697 5194 1915 5264 quinam
1938 5192 2028 5250 isti

436 5266 547 5322 sint
571 5277 627 5325 et
653 5268 721 5323 ad
754 5283 914 5339 quam
958 5283 1074 5323 rem
1101 5266 1290 5339 selecti
1336 5263 2027 5339 videantur._‘Qu:e_repre-

440 5339 659 5411 liensio,
685 5339 732 5395 si
771 5331 1079 5411 diligentius
1111 5337 1490 5411 examinetur,
1522 5331 1768 5411 subtilior
1796 5331 2029 5411 fortasse

435 5408 788 5487 iudicabitur,
812 5406 948 5487 liam
987 5408 1130 5487 quod
1169 5407 1699 5487 animadvertendum
1721 5406 2026 5487 ¹ρι’ςξξρίρίι3

440 5476 657 5554 quinam
704 5482 792 5554 isti
833 5481 915 5537 Dii
956 5476 1174 5554 sint,_et
1214 5480 1280 5554 ad
1320 5495 1481 5554 quam
1521 5493 1635 5554 rem
1659 5476 1875 5554 selecti,
1905 5476 2033 5554 feeit

441 5546 547 5609 boc
589 5566 720 5610 sane
764 5546 1430 5623 luculenter'Septimius,
1460 5560 1515 5605 et
1539 5546 1910 5623 Apologeticd
1932 5547 2026 5623 illo

439 5623 716 5691 nobili,et
758 5626 908 5681 hisce
953 5623 1166 5695 quidem
1181 5617 1262 5679 'ad
1304 5621 1567 5695 Nationes
1592 5617 1762 5695 libris.
1804 5617 1912 5675 Sed
1942 5619 2026 5675 blc

442 5690 637 5751 merito
666 5695 804 5752 ridet
824 5690 1210 5752 Varronianam
1243 5694 1471 5750 Deorum
1494 5690 1839 5748 selectionem
1862 5732 1877 5757 ,
1903 5702 2026 5745 cum

445 5768 548 5845 diei
581 5767 723 5822 Deus
745 5782 849 5845 non
878 5768 1106 5833 debeat,
1128 5781 1307 5836 neque
1335 5779 1453 5845 esse
1473 5763 1680 5834 possit,
1705 5763 1813 5845 nisi
1834 5761 1931 5845 qui
1957 5762 2028 5817 sit

448 5839 595 5909 solus
633 5838 974 5909 omnipotens
998 5879 1013 5903 ,
1045 5833 1316 5906 aeternus,
1342 5833 1678 5909 immensus,
1703 5833 2024 5909 indefessus.

451 5907 587 5966 Huic
612 5924 742 5970 vero
769 5904 1021 5972 comitem
1068 5910 1113 5969 si
1161 5904 1373 5970 dederis
1420 5916 1513 5966 aut
1552 5906 1844 5975 vicarium,
1872 5904 2030 5978 plane

2132 4702 2225 4750 net
2247 4695 2313 4751 ad
2341 4693 2584 4764 exempla
2611 4706 2731 4764 qua:
2757 4694 3165 4763 reprehensioni
3190 4708 3300 4748 sum
3339 4692 3726 4748 confirmandae

2130 4766 2289 4822 affert
2336 4766 2699 4836 Augustinus,
2729 4764 3017 4820 videndum
3058 4779 3125 4819 an
3162 4765 3481 4820 conveniant
3528 4765 3723 4820 divini-

2132 4837 2224 4892 tati
2248 4881 2263 4904 ,
2296 4838 2408 4894 sive
2431 4835 2550 4892 Deo
2568 4878 2584 4904 ,
2611 4835 2697 4892 cui
2724 4838 2998 4906 proprium
3019 4845 3103 4891 est
3130 4836 3344 4891 unicum
3369 4851 3491 4891 esse
3520 4837 3722 4891 solum.

2132 4908 2316 4979 Itaque
2344 4924 2412 4965 ex
2442 4907 2701 4979 militibus
2750 4906 3281 4979 quidem_eliguntur
3318 4908 3406 4977 qui
3440 4907 3568 4962 fiant
3597 4922 3727 4964 cen-

2133 4977 2373 5049 tnriones
2398 4998 2413 5047 ;
2445 4993 2513 5034 ex
2542 4977 2821 5049 fidelibus,
2852 4977 2943 5048 qui
2974 4977 3103 5034 ﬁant
3142 4979 3414 5049 praepositi
3446 4996 3460 5033 :
3489 4995 3558 5033 ex
3588 4980 3724 5049 lapi-

2131 5048 2319 5115 dibus,
2346 5051 2434 5123 qui
2467 5051 2595 5105 fiant
2634 5048 2950 5123 angulares,
2972 5063 3082 5123 nec
3112 5048 3393 5120 propterea
3425 5048 3721 5123 tamenire-

2131 5124 2259 5194 liqui
2289 5121 2542 5178 dicuntur
2559 5121 2866 5194 reprobari,
2893 5121 3019 5188 quia
3049 5136 3241 5191 nempe
3264 5123 3452 5194 borum
3480 5122 3724 5176 omnium.

2131 5191 2413 5265 disciplina
2438 5202 2525 5250 est
2546 5235 2562 5262 ,
2588 5191 2650 5248 ut
2686 5191 2879 5265 ordine
2910 5204 2975 5248 ac
3014 5201 3275 5261 potestate
3299 5191 3721 5265 distinguantur.

2131 5267 2202 5323 At
2225 5263 2391 5322 Deum
2412 5280 2560 5332 esse,
2590 5279 2697 5320 non
2718 5263 2910 5335 recipit
2928 5273 2985 5319 τὸ
3001 5272 3181 5334 μᾶλλον
3205 5267 3293 5319 καὶ
3315 5273 3369 5319 τὸ
3390 5270 3553 5327 ἧττον.
3598 5263 3727 5319 Bne.

2203 5358 2283 5432 (ἁ)
2299 5358 2514 5432 ‘Scd___et
2553 5357 2783 5432 proditor
2806 5356 2988 5432 patriai
3007 5355 3228 5432 Encas.
3262 5356 3467 5432 Eneas
3502 5357 3593 5413 ille
3639 5357 3734 5432 qui

2133 5427 2271 5503 pius
2298 5428 2520 5501 Virgilio
2537 5427 2561 5503 ί
2584 5430 2670 5484 hic
2698 5427 2963 5503 proditor
2989 5428 3226 5503 dieitur,
3265 5427 3724 5503 Statimque_ra_tio

2135 5499 2435 5573 subjicitur,
2467 5501 2591 5571 quia
2621 5499 2899 5573 ardentem
2928 5500 3153 5573 patriam
3180 5499 3531 5573 deseruitpet
3563 5499 3725 5573 Dido-

2130 5570 2251 5629 neni
2273 5570 2497 5644 κεῖθιιωῖ
2538 5572 2691 5644 regis
2722 5570 2957 5644 viduam.
2980 5570 3190 5644 Caetera
3218 5573 3416 5644 qmein
3448 5572 3723 5644 Sequenti:-

2128 5642 2556 5771 brsudtalberggr,
2586 5640 2767 5699 multis
2804 5649 2973 5698 tracta
2998 5650 3123 5698 sunt
3150 5643 3203 5699 in
3224 5640 3451 5715 Apolog.
3497 5640 3617 5712 cap.
3647 5641 3721 5698 25

2129 5731 2158 5771 e
2286 5752 2299 5769 .
2371 5730 2404 5770 rt
2510 5751 2523 5767 .

2129 5725 2183 5772 et
2209 5725 2299 5771 50.
2326 5725 2404 5770 LI:
2426 5725 2523 5770 t’n.

2203 5806 2278 5881 (c)
2302 5806 2780 5884 FormimePunigw
2797 5805 3305 5880 subjiciendumlnft‘a
3328 5807 3608 5873 heminam
3635 5824 3738 5884 pu-

2131 5880 2306 5943 nicum
2330 5880 2652 5943 censendus.
2692 5880 2815 5944 Rts.
3144 5930 3167 5959 ι
