4252 6264
512 380 620 439 599

1816 371 1820 376 ’
1915 360 2381 425 TERTULLIANI

3713 365 3816 424 600

515 511 626 553 non
653 495 902 552 comitata
933 534 946 557 ,
980 490 1148 562 raptis
1173 502 1358 546 secum
1384 485 1529 556 ﬁliis,
1563 485 1790 542 formam
1821 491 1876 542 et
1905 491 2112 554 patrem
2139 481 2195 544 Α
2218 479 2430 537 Editus
2454 494 2664 537 coenam
2703 479 2923 538 Herculi
2962 479 3250 553 dependit,
3293 489 3533 538 scortum
3577 480 3822 540 Larentia

526 589 632 644 sibi
661 587 858 642 habere
882 597 987 639 non
1020 583 1071 638 in
1101 581 1280 652 fugam
1310 581 1468 650 sapit,
1491 580 1583 635 sed
1625 580 1676 634 in
1699 579 1850 650 ignes
1878 576 2117 632 ardentis

515 679 858 748 Carthaginis
885 685 940 731 ut
967 675 1018 729 in
1045 675 1325 745 amplexus
1353 672 1536 744 patriae
1557 671 1826 742 pereuntis
1852 669 2116 725 incubuit.

517 771 647 827 Pius
674 770 876 824 IEneas
895 768 964 824 ob
981 769 1194 822 unicum
1228 781 1449 836 puerum
1481 772 1537 820 et
1557 763 1885 834 decrepitum
1906 777 2114 829 senem,

517 862 737 918 Priamo
775 871 830 917 et
886 861 1208 932 Astyanacte
1249 859 1543 915 destitutis.
1600 858 1796 928 Atq'uin
1857 857 2115 912 Romanis

517 956 692 1027 magis
721 954 1103 1020 detestandus,
1135 953 1225 1025 qui
1254 969 1351 1024 pro
1379 953 1548 1008 salute
1588 951 1887 1023 principum
1919 960 1976 1007 et
2017 951 2114 1006 do-

515 1063 640 1104 mus
668 1057 855 1103 eorum
882 1047 1138 1102 adversus
1168 1047 1368 1102 liberos
1408 1055 1461 1100 ct
1485 1045 1741 1115 conjuges
1771 1052 1825 1099 et
1852 1059 2012 1099 omne
2039 1045 2118 1114 pi-

517 1156 657 1210 gnus
687 1156 842 1195 suum
874 1140 1134 1210 dejerant.
1157 1139 1447 1194 Consecrat
1474 1138 1643 1192 ﬁlium
1675 1136 1914 1200 Veneris,
1946 1137 2118 1194 ethoc

521 1233 794 1288 Vulcanus
821 1232 996 1286 sciens
1019 1232 1216 1301 patitur
1232 1239 1286 1286 et
1313 1229 1339 1285 J
1348 1245 1451 1284 uno
1475 1228 1740 1283 concedit.
1769 1227 2018 1283 Siveredi
2038 1228 2116 1298 (a)

517 1332 800 1395 parentum
816 1323 868 1378 in
887 1323 1027 1378 caelo
1045 1322 1254 1386 sedent,
1275 1335 1371 1376 cur
1385 1335 1491 1374 non
1512 1319 1688 1388 potius
1702 1319 1878 1390 Argivi
1889 1319 2116 1390 juvenes

521 1419 610 1474 dei
640 1416 829 1484 habiti,
859 1416 1002 1487 quod
1033 1425 1288 1480 matrem,
1319 1428 1385 1469 ne
1410 1413 1463 1468 in
1490 1413 1661 1467 sacris
1690 1412 1956 1482 piaculum
1979 1427 2122 1468 com-

520 1511 793 1577 mitteret,
818 1509 936 1580 plus
959 1523 1116 1579 quam
1143 1507 1375 1562 humano
1406 1521 1555 1560 more
1600 1504 1808 1575 jugalcs
1857 1519 2119 1573 provexe-

519 1603 684 1660 runt?
711 1619 808 1659 cur
837 1618 942 1657 non
977 1602 1145 1672 magis
1172 1601 1291 1666 dea,
1316 1615 1434 1670 qua:
1464 1599 1634 1668 magis
1653 1599 1759 1668 pia,
1785 1598 1871 1652 illa
1900 1598 2005 1652 filia
2029 1614 2121 1668 pa-

521 1697 620 1751 tris
646 1696 696 1750 in
739 1709 958 1750 carcere
989 1695 1126 1747 fame
1155 1692 1347 1748 defecti
1376 1691 1632 1746 uberibus
1657 1691 1769 1746 suis
1800 1692 2120 1746 educatrix?

519 1786 659 1855 Quid
685 1785 830 1840 aliud
863 1784 1052 1840 IEneze
1088 1785 1379 1855 gloriosum
1402 1826 1417 1850 ,
1455 1784 1558 1838 nisi
1589 1783 1730 1854 quod
1782 1783 1968 1853 prrelio
2002 1785 2117 1838 lauo

520 1878 734 1934 reutino
781 1892 1044 1947 nusquam
1083 1875 1419 1946 comparuit?
1465 1875 1673 1930 Rursus
1702 1874 1925 1930 forsitan
1957 1875 2118 1931 solito
2147 1900 2196 1960 B

520 1987 674 2029 more
704 1972 856 2042 quasi
886 1971 1132 2038 desertor
1159 1986 1191 2026 c
1218 1971 1402 2041 praclio
1433 1969 1644 2040 fugerit.
1672 1969 1938 2025 Romulus
1967 1985 2120 2041 atque

525 2073 648 2136 post
672 2073 903 2121 mortem
929 2064 1085 2131 deus,
1115 2065 1161 2118 si
1192 2063 1313 2132 quia
1336 2063 1524 2118 urbem
1563 2061 1804 2117 condidit
1829 2061 1983 2126 deus,
2027 2077 2118 2117 us-

523 2172 629 2226 que
659 2158 713 2211 in
740 2157 1010 2224 foeniinas,
1054 2155 1264 2210 urbium
1281 2164 1548 2210 auctores.
1578 2154 1720 2211 Sane
1761 2154 2023 2210 Romulus
2065 2164 2121 2211 et

521 2248 745 2305 fratrem
777 2248 1044 2304 interfecit
1071 2256 1127 2304 et
1155 2248 1360 2303 alienas
1375 2246 1606 2316 virgines
1623 2245 1748 2302 dolo
1769 2246 1961 2316 rapuit.
1984 2247 2109 2304 Ideo

519 2341 771 2408 Quirinus
811 2350 922 2404 est,
954 2339 1076 2409 quia
1099 2347 1226 2393 tunc
1254 2338 1564 2408 parentibus
1584 2337 1900 2408 quiritatum
1928 2347 2122 2409 estper

518 2430 691 2486 illum.
736 2430 875 2499 Quid
923 2430 1202 2486 Sterculus
1228 2429 1305 2499 (ὁ)
1346 2429 1544 2485 meruit
1563 2427 1631 2484 ad
1661 2428 2120 2487 divinitatem?Si

517 2539 676 2595 agros
696 2525 1028 2581 stercoribus
1051 2522 1296 2579 Juvando
1325 2522 1557 2593 diligens
1586 2522 1707 2590 fuit,
1732 2521 1853 2593 plus
1880 2522 1986 2577 fimi
2011 2525 2121 2578 Au-

511 2615 630 2684 gias
653 2613 982 2670 conferebat.
1002 2612 1059 2669 Si
1087 2612 1307 2668 Faunus
1333 2612 1446 2668 Pici
1474 2612 1616 2668 filius
1656 2611 1710 2666 in
1734 2611 1822 2681 jus
1848 2611 1918 2686 (c)
1947 2613 2119 2684 agita-

518 2705 678 2762 batur
707 2716 885 2761 mente
911 2706 1069 2771 ictus,
1092 2705 1267 2760 curari
1285 2719 1406 2760 eum
1435 2705 1606 2774 magis
1633 2719 1790 2774 quam
1813 2706 2118 2760 consecrari

517 2799 760 2855 decebat.
792 2799 848 2855 Si
876 2798 1044 2854 Fauni
1093 2798 1201 2853 ﬁlia
1248 2798 1503 2867 pudicitia
1533 2797 1908 2867 praecellebat,
1963 2807 2118 2855 utne

517 2901 931 2947 conversaretur
969 2891 1185 2962 quidem
1233 2891 1373 2946 inter
1401 2889 1576 2956 viros,
1609 2899 1703 2945 aut
1744 2889 1990 2947 barbaria
2028 2901 2120 2947 aut

518 2981 848 3043 conscientia
876 2981 1229 3036 deformitatis
1273 2992 1364 3036 aut
1389 2981 1586 3037 rubore
1609 2980 1831 3037 insaniae
1859 2993 2116 3053 paternae,

528 3083 730 3144 quanto
759 3074 972 3145 dignior
1001 3074 1140 3130 bona
1159 3062 1264 3131 dea
1293 3075 1560 3145 Penelopa
1585 3115 1600 3140 ,
1627 3089 1746 3146 quae
1772 3076 1914 3132 inter
1941 3078 2117 3133 utilis-

518 3166 686 3222 simos
707 3175 976 3222 amatores
993 3166 1283 3231 diversata,
1310 3165 1589 3222 obsessam
1607 3167 1907 3223 castitatem
1936 3179 2119 3226 tenere
2144 3207 2190 3272 Ο

517 3260 793 3328 protexit?
821 3259 919 3314 Est
968 3269 1022 3315 et
1070 3270 1289 3316 sanctus
1317 3302 1332 3328 ,
1390 3269 1608 3331 propter
1643 3259 2058 3332 hospitalitatem
2086 3278 2118 3318 a

517 3362 645 3421 rege
685 3351 862 3407 Plotio
905 3350 1088 3407 fanum
1137 3360 1492 3408 consecutus:
1533 3352 1704 3423 potuit
1741 3362 1796 3408 et
1839 3352 2024 3410 Ulixes
2049 3354 2119 3411 de

518 3441 909 3499 humanissimo
931 3444 1154 3500 Alcinoo
1177 3459 1341 3500 unum
1369 3443 1601 3514 amplius
1627 3444 1787 3499 deum
1810 3443 1962 3501 vobis
1995 3459 2120 3502 con-

515 3535 721 3591 tulisse.
1208 3609 1212 3616 ι

587 3625 679 3679 10.
705 3626 789 3680 Ad
833 3625 1054 3682 foediora
1103 3629 1318 3684 festino.
1365 3627 1481 3682 Non
1526 3628 1710 3698 puduit
1736 3637 1982 3687 auctores
2024 3647 2116 3685 vce

515 3723 659 3771 stros
678 3715 746 3772 de
766 3716 1052 3772 Larentina
1072 3719 1151 3790 (l)
1195 3720 1369 3789 palam
1398 3719 1574 3776 facere
1600 3719 1702 3792 (ά).
1731 3721 1976 3777 Scortum
2001 3723 2116 3780 haec

514 3810 849 3865 meritorinm
871 3810 992 3877 fuit,
1013 3812 1127 3868 sive
1149 3811 1275 3868 dum
1297 3813 1512 3868 Romuli
1529 3814 1728 3882 nutrix,
1749 3824 1801 3869 et
1825 3815 1946 3889 ideo
1966 3817 2111 3887 lupa,

513 3902 637 3970 quia
675 3911 948 3965 scortum;
977 3903 1091 3959 sive
1122 3904 1246 3958 dum
1287 3903 1530 3960 Herculis
1559 3905 1730 3961 amica
1770 3916 1890 3975 est,
1913 3919 1967 3963 et
2001 3909 2112 3978 jam

511 3995 712 4049 mortui
744 3995 1008 4062 Herculis,
1038 3997 1088 4052 id
1106 4006 1206 4062 est,
1227 3996 1335 4066 jam
1362 3997 1468 4052 dei.
1489 3997 1619 4052 Nam
1646 3998 1842 4068 ferunt,
1859 4001 2115 4058 mdituum

512 4087 630 4156 ejus
657 4088 830 4144 solum
863 4089 1004 4145 forte
1026 4091 1077 4145 in
1112 4091 1228 4146 aede
1251 4091 1470 4146 calculis
1492 4091 1762 4147 ludentem
1792 4103 1849 4148 ut
1877 4095 1979 4151 sibi
2002 4097 2114 4151 col-

511 4178 772 4246 lusorem,
796 4195 954 4252 quem
980 4196 1084 4237 non
1108 4181 1357 4250 habebat,
1382 4194 1929 4254 repraesentaret,una
1951 4201 2113 4243 manu

511 4269 759 4326 Herculis
785 4273 1035 4341 nomine,
1068 4274 1173 4329 alia
1199 4289 1264 4330 ex
1308 4289 1402 4329 sua
1451 4290 1682 4345 persona
1727 4276 1902 4332 lusum
1926 4278 2109 4351 inisse,

508 4365 558 4420 si
589 4365 703 4434 ipse
726 4365 938 4422 vicisset
967 4407 979 4433 ,
1007 4368 1287 4433 jeoenulam
1317 4377 1371 4423 et
1411 4369 1703 4424 scortulum
1734 4385 1800 4425 ex
1842 4371 2112 4442 stipitibus

506 4456 756 4515 Herculis
802 4470 1073 4527 sumeret;
1106 4461 1153 4515 si
1187 4477 1317 4516 vero
1366 4461 1656 4531 Hercules,
1704 4463 1758 4519 id
1793 4474 1876 4520 est
1922 4481 2112 4523 manus

2223 588 2346 628 nam
2377 573 2626 630 conducit
2651 591 2664 629 :
2695 582 2877 630 coenat
2899 574 3036 645 ignis
3055 616 3069 639 ,
3099 573 3188 646 qui
3218 572 3352 643 Sol,
3390 583 3446 630 et
3484 574 3653 646 ipsius
3681 576 3819 632 Her-

2220 667 2356 723 culis
2383 666 2709 724 co.......nia
2754 682 2846 722 ara
2875 667 3229 737 consumpsit.
3267 666 3557 723 Larentina
3606 667 3662 723 in
3701 668 3818 725 aede

2220 762 2334 816 sola
2378 759 2791 816 dormit......de
2830 759 3048 817 lenonio
3095 758 3222 814 ludo
3257 758 3463 830 jactitat
3498 775 3558 817 se
3593 762 3818 816 somniis

2223 852 2435 909 Herculi
2457 850 2718 920 functam,
2740 861 2795 908 et
2821 852 3008 923 potuit,
3040 850 3167 906 dum
3194 853 3373 908 animo
3399 853 3814 924 contemplatur,

2221 947 2432 1002 somnio
2461 946 2586 1015 pati.
2619 944 2754 1000 Eam
2783 944 2852 1000 de
2871 944 2986 1000 aede
3006 944 3438 1016 progredientem
3465 961 3623 1002 mane
3643 950 3820 1018 primo

2221 1035 2437 1107 quidam
2469 1035 2806 1104 adolescens,
2833 1035 3022 1091 tertius
3046 1036 3189 1107 quod
3228 1035 3381 1092 aiunt
3405 1035 3669 1094 Hercules
3689 1053 3820 1096 con-

2222 1130 2481 1200 cupiscit,
2511 1129 2576 1184 ad
3403 1130 3457 1186 id
3489 1130 3689 1188 dictum
3719 1133 3819 1189 sibi

2221 1223 2290 1278 ab
2329 1223 2590 1288 Hercule,
2614 1223 3101 1294 utique.............
3133 1215 3375 1280 ceaniur.
3408 1223 3524 1280 Non
3546 1226 3687 1281 enim
3715 1226 3818 1281 im-

2224 1331 2368 1388 pune
3053 1318 3176 1373 dem
3204 1332 3420 1389 quoque
3446 1317 3660 1385 scribit;
3685 1334 3813 1374 mox

2223 1408 2314 1464 illa
2341 1424 2476 1478 prop
2917 1424 3012 1480 per
3038 1409 3321 1465 Herculem
3346 1409 3520 1465 fuerat
3545 1410 3806 1475 insecuta,

2224 1515 2620 1570 agrum.........
2846 1500 3174 1556 divinitatem
3200 1508 3255 1556 et
3282 1499 3495 1556 filiabus
3520 1501 3628 1556 suis
3650 1542 3665 1568 ,
3688 1517 3822 1572 quas

2226 1603 2282 1647 ut
2310 1594 2451 1663 ipsas
3055 1594 3201 1648 dium
3233 1609 3263 1648 a
3293 1593 3674 1650 Larentiniana
3702 1595 3818 1650 Ro-

2224 1700 2506 1740 manorum
2536 1685 2750 1740 numina
2776 1685 3182 1756 digni...........
3209 1685 3323 1740 sola
3351 1685 3419 1742 de
3451 1694 3528 1741 tot
3567 1687 3822 1743 uxorilius

2226 1775 2439 1833 Herculi
2469 1792 2613 1841 cara,
2640 1776 2754 1832 sola
2780 1777 2925 1832 enim
2963 1777 3356 1833 dives..........
3387 1791 3450 1832 or
3475 1777 3675 1833 Cerere
3703 1793 3822 1846 quzc

2224 1879 2436 1926 mortuo
2457 1871 2672 1941 placuit.
2705 1870 2808 1925 Tot
2827 1869 3086 1940 exemplis
3107 1877 3162 1925 et
3191 1885 3548 1925 vo............
3574 1870 3694 1940 quis
3716 1887 3822 1927 non

2226 1965 2358 2019 deus
2384 1962 2638 2018 affirmari
2668 1963 2878 2033 potuit?
2903 1963 3034 2032 Quis
3073 1961 3307 2032 denique
3330 1962 3563 2018 Antinoo
3609 1972 3826 2019 contro-

2226 2057 2457 2113 versiam
2485 2056 2780 2112 divinitatis
2814 2055 3052 2128 agitavit,
3098 2054 3241 2126 quod
3279 2053 3531 2110 decorior
3551 2054 3823 2126 Ganyme-

2224 2151 2321 2206 des
2355 2151 2427 2222 (ε)
2456 2161 2545 2204 aut
2574 2150 2751 2206 carior
2775 2164 2873 2205 suo
2889 2147 3341 2220 amatori....(2)?
3369 2148 3526 2220 Apud
3553 2163 3648 2204 vos
3676 2165 3824 2204 mor-

2224 2243 2333 2298 tuis
2356 2243 2554 2299 caelum
2573 2285 2588 2310 ,
2619 2241 2761 2297 viam
2793 2241 2861 2296 ab
2899 2241 3080 2295 inferis
3106 2241 3173 2296 ab
3212 2249 3358 2296 astra
3383 2240 3668 2314 subigitur.
3698 2241 3826 2297 Pas-

2225 2345 2545 2392 s..........ta
2568 2334 2881 2391 ascendunt.
2901 2332 2979 2390 Ne
2992 2333 3213 2389 multum
3229 2333 3429 2405 putetis
3441 2348 3538 2392 vos
3568 2342 3826 2404 praestare

2224 2428 2440 2499 regibus
2468 2426 2681 2482 vestris.

2295 2519 2411 2574 Non
2433 2519 2666 2574 contenti
2683 2533 2777 2574 eos
2793 2517 2925 2575 deos
2943 2531 3277 2583 asseverare,
3305 2517 3394 2588 qui
3412 2516 3510 2573 visi
3538 2526 3703 2584 retro,
3728 2533 3824 2573 an-

2225 2611 2323 2667 diti
2351 2610 2778 2681 contrectatique
2802 2619 2948 2674 sunt,
2979 2624 3208 2680 quorum
3254 2608 3455 2680 efﬁgies
3494 2607 3816 2678 descripta,

2225 2703 2439 2774 negotia
2485 2703 2731 2772 digesta,
2781 2701 3042 2756 memoria
3083 2709 3405 2772 propagata,
3453 2699 3667 2755 umbras
3689 2714 3817 2755 nes-

2224 2797 2310 2852 cio
2335 2809 2466 2866 quas
2487 2793 2875 2865 incorporales,
2915 2793 3254 2859 inanimales,
3293 2802 3348 2847 et
3391 2791 3608 2847 nomina
3637 2790 3708 2846 de
3733 2807 3821 2846 rc-

2224 2888 2326 2945 hus
2350 2888 2644 2958 efflagitant
2681 2887 2921 2958 deosque
2967 2888 3252 2954 sanciunt,
3282 2886 3581 2942 dividentes
3605 2901 3820 2942 omnem

2225 2991 2422 3037 statum
2451 2981 2684 3037 hominis
2721 2980 2947 3052 singulis
2976 2979 3338 3050 potestatibus
3365 2979 3432 3035 ab
3459 2979 3576 3051 ipso
3606 2979 3818 3048 quidem

2226 3075 2364 3132 uteri
2395 3082 2777 3144 conceptu,.ut
2825 3073 2871 3127 si
2917 3072 3050 3128 deus
3089 3068 3392 3127 Conscvius
3434 3071 3682 3142 quidam,
3730 3072 3820 3140 qui

2225 3163 2629 3223 consationibus
2681 3163 3112 3220 concubitalibus
3163 3163 3388 3232 praesit,
3418 3171 3474 3216 ct
3525 3161 3814 3222 Fluviona,

2222 3274 2343 3330 qua:
2363 3257 2620 3313 infantem
2647 3256 2700 3312 in
2723 3266 2875 3312 utero
3100 3255 3227 3310 hinc
3254 3255 3544 3310 Vitumnus
3563 3294 3578 3321 ,
3601 3261 3656 3309 et
3682 3252 3813 3309 Sen-

2223 3353 2388 3417 tinus,
2413 3366 2509 3422 per
2533 3364 2692 3421 quem
2714 3349 2937 3404 viviscat
2968 3348 3144 3403 infans
3163 3357 3220 3402 et
3244 3347 3459 3403 sentiat.
3587 3364 3602 3401 :
3628 3345 3821 3401 dehinc

2222 3443 2528 3513 DieSpiter,
2575 3441 2665 3512 qui
2712 3456 2934 3511 puerum
2985 3440 3243 3511 perducat
3296 3438 3364 3494 ad
3409 3449 3644 3510 partum.
3686 3436 3817 3492 Cum

2219 3538 2604 3609 prin...........
2646 3542 2701 3590 et
2753 3534 3126 3603 Candelifera,
3181 3532 3438 3606 quoniam
3489 3530 3555 3586 ad
3583 3530 3820 3588 candela:

2218 3634 2422 3689 lumina
2455 3632 2748 3704 pariebant,
2780 3639 2834 3686 et
2881 3646 3323 3700 qum.............
3357 3641 3588 3682 .......us
3639 3624 3818 3680 dictze.

2221 3727 2481 3782 Perverse
2506 3735 2659 3780 natos
2691 3734 2984 3778 ..........to
3014 3723 3197 3777 Prosa:
3225 3719 3514 3776 carmentis
3543 3731 3666 3772 esse
3687 3731 3815 3786 pro-

2821 3818 2967 3874 etab
3003 3816 3164 3872 effatu
3197 3815 3436 3878 Farinus,
3467 3819 3522 3867 et
3560 3810 3681 3866 aliis
3706 3809 3817 3862 alo

2582 3925 2706 3965 nem
2736 3910 2802 3964 ad
2834 3908 3130 3965 cavendum
3159 3905 3544 3963 sumministrat

2218 4007 2302 4061 rix
2327 4015 2383 4062 et
2406 4005 2647 4065 Albana,
2679 4012 2735 4058 et
2773 4019 2875 4057 una
2928 4001 3175 4057 Ruciuia.
3211 4000 3399 4055 Mirum
3709 4011 3816 4050 non

2219 4113 2342 4154 esse
2381 4097 2648 4168 provisos.
2709 4094 2917 4150 Exinde
2953 4102 3007 4150 et
3040 4093 3197 4164 primi
3222 4092 3329 4147 cibi
3369 4106 3490 4146 sum

2219 4188 2407 4244 Pctina
2435 4196 2490 4243 et
2520 4187 2690 4242 Eluda
2710 4227 2724 4254 ,
2753 4195 2808 4242 et
2836 4185 3105 4241 statuendi
3156 4182 3373 4239 infantis
3401 4180 3775 4236 sta.........do
3799 4218 3814 4241 ,

2218 4281 2470 4343 Abcona,
2495 4287 2550 4334 et
2577 4277 2923 4335 Domiducam
2943 4318 2959 4343 ,
2999 4285 3053 4331 et
3097 4275 3293 4332 habent
3321 4272 3741 4328 Edeam.......:e
3765 4280 3817 4324 et

2217 4375 2434 4430 malam.
2456 4373 2590 4429 Item
2619 4373 2906 4428 voluntatis
2931 4412 2945 4434 ,
2974 4370 3324 4434 Volumnum,
3353 4367 3808 4424 Voletam.........

2217 4471 2584 4536 Paventinam,
2605 4465 2843 4533 Pavoris,
2868 4465 3014 4536 Spei,
3045 4463 3350 4530 Venilliam;
3375 4460 3678 4533 voluptatis,
3714 4459 3810 4513 Vo-

508 4548 700 4618 altera,
734 4550 922 4607 eadem
953 4551 1166 4608 Herculi
1193 4553 1494 4609 exhiberet.
1523 4553 1664 4610 Vicit
1687 4571 1876 4612 manus
1900 4557 2105 4615 Hercu-
2131 4567 2184 4627 1)
2211 4561 2660 4634 lupiam.....nti:e
2681 4602 2696 4626 ,
2725 4559 3083 4623 Prazstitiam;
3116 4572 3272 4628 aeque
3308 4555 3377 4611 ab
3404 4565 3528 4611 actu
3547 4595 3563 4622 ,
3594 4553 3812 4622 Perage-

510 4639 866 4714 lis(quoque
912 4644 1086 4715 potuit
1137 4643 1420 4700 duodecim
1447 4645 1615 4702 titulis
1667 4648 1784 4718 ejus
1810 4648 2104 4721 adscribi).

2215 4674 2404 4715 norem
2433 4674 2448 4712 :
2481 4671 2510 4710 a
2542 4654 2785 4712 consiliis
2811 4651 3083 4718 Consum;
3106 4650 3383 4723 juventam
3404 4689 3420 4717 ,
3449 4661 3709 4704 novorum
3733 4653 3810 4700 to-

1744 4760 2130 4825 LECTIONES
2169 4770 2577 4829 VARIANTES.

498 4854 515 4892 ι
566 4847 639 4916 (ῃ
677 4849 858 4916 Rigalt.
870 4848 1165 4916 Laurentia;
1181 4853 1247 4915 cf.
1267 4853 1408 4916 Apol.
1436 4855 1514 4904 13.

573 4909 665 4983 (2)_
684 4909 1000 4983 .Gotttofredus
1024 4909 1336 4983 Imsdlttc'tmas
1357 4917 1427 4983 sit;
1447 4916 1684 4981 explevit:
1703 4922 1902 4983 amatori
1923 4919 2111 4974 fuerit?

510 4995 569 5009 -
591 4973 841 5036 subigitisl
863 4975 1046 5026 Passim
1069 4977 1149 5026 alii
1168 4981 1233 5028 ita
1249 4973 1533 5031 ascendunt.
1555 4990 1757 5033 ﬂauere.
1777 4982 1843 5034 ad
1858 4983 2000 5048 Apol.
2024 4973 2101 5036 f3.

2214 4867 2413 4978 agnata?
2430 4863 2626 4977 ‘thatet
2661 4861 2789 4927 apud
2815 4874 2904 4913 vos
2931 4885 2993 4898 —
3015 4859 3265 4924 subigitis.
3283 4858 3479 4912 Passim
3517 4859 3584 4911 ita
3606 4856 3815 4911 catamiti

2214 4940 2240 4976 a
2270 4940 2362 4978 cen
2399 4941 2462 4978 un
2489 4963 2500 4975 .

2212 4940 2393 4978 ascena
2399 4940 2500 4979 unt.

1879 5069 2437 5133 COMMENTARIUS.

586 5169 666 5245 (a)
707 5168 773 5229 Si
794 5171 960 5231 veredi
1007 5186 1303 5252 p_arentum.’
1325 5178 1386 5233 In
1414 5177 1583 5252 Agob.
1612 5179 1708 5234 lib.
1730 5178 1946 5252 legitur,
1972 5185 2018 5239 si
2043 5186 2117 5241 bi-

509 5253 657 5314 septe
701 5247 1183 5321 parentumforte
1204 5264 1274 5303 an
1316 5247 1594 5319 scripserit
1639 5247 1957 5321 Septimius,
1987 5257 2116 5312 vice-

512 5323 680 5396 porttc
706 5328 992 5396 parentum.
1020 5318 1137 5378 Hoc
1163 5329 1277 5386 est,
1309 5318 1677 5396 quiparentes
1703 5318 1732 5376 a
1762 5318 1955 5392 quibus
1983 5343 2110 5396 por-

510 5389 608 5466 tati
637 5397 795 5466 sunt;
811 5389 1045 5466 vicissim
1083 5399 1290 5460 portant
1315 5389 1467 5449 Senio
1491 5407 1681 5464 graves
1704 5409 1720 5461 ;
1750 5389 1892 5465 quod
1917 5389 2110 5455 fecisse

504 5455 703 5512 dicitur
729 5457 951 5515 tEneas.
981 5455 1105 5520 lito.

577 5525 660 5604 (b)
689 5528 986 5604 Sterculus.
1021 5531 1181 5589 Vetus
1205 5536 1488 5604 scriptura,
1510 5535 1798 5594 Stercolus.
1827 5540 1942 5596 th.

576 5601 652 5680 {ei
677 5597 846 5680 Ittjus
861 5604 1167 5680 agitabatur.
1187 5597 1381 5661 Contra
1408 5597 1494 5678 jus
1515 5608 1720 5680 fasque.
1753 5610 1874 5668 th.

575 5667 663 5741 (d)
700 5667 819 5724 Non
856 5667 1035 5741 puduit
1055 5688 1283 5732 auctores
1314 5667 1500 5734 vestros
1537 5667 1965 5737 de'Laurentina.
1999 5683 2095 5739 Ea-

502 5737 904 5825 dernqluee‘erat
930 5747 1251 5825 propudiosa
1275 5750 1468 5825 mulier
1495 5766 1615 5825 cum
1634 5750 1797 5825 Flora
1828 5754 1914 5808 illa
1937 5771 1966 5810 a
1989 5737 2090 5825 qua

499 5806 874 5893 {toraliadicta
919 5806 1066 5893 sunt.
1111 5817 1330 5893 Variant
1376 5820 1464 5893 me
1515 5822 1705 5893 Critici_
1723 5841 1736 5875 ε
1770 5806 1966 5893 legas;
1996 5806 2092 5882 ΞιῙίἰ

497 5875 814 5936 Laurentina
837 5921 855 5951 ,
883 5897 978 5942 seu
1010 5884 1291 5945 Laurentia
1310 5905 1329 5961 ;
1369 5890 1460 5949 alii
1499 5875 1641 5954 vero,
1664 5875 1956 5963 Larei't’tio',’
1997 5875 2090 5954 iiii

2219 5191 2381 5247 etiam
2409 5189 2747 5261 distinguunt
2775 5192 2915 5248 inter
2941 5191 3154 5248 Floram
3183 5199 3239 5247 et
3266 5189 3569 5258 Larentiam
3595 5231 3610 5256 ,
3642 5187 3816 5261 Minu-

2171 5279 2174 5283 ·
2220 5261 2276 5317 tii
2327 5263 2494 5319 felicis
2536 5251 2860 5334 tristimonio
2902 5262 3019 5318 fulti
3067 5263 3158 5334 qui
3188 5264 3296 5318 ait:
3326 5262 3469 5319 Sane
3491 5251 3534 5315 et
3556 5251 3690 5316 A'cca
3714 5259 3821 5334 La-

2217 5335 2411 5400 rentia,
2446 5342 2495 5388 el
2524 5333 2690 5388 Flora
2739 5335 3024 5389 meretrices
3065 5332 3393 5403 propudiosa:
3415 5373 3431 5398 ,
3458 5334 3588 5388 inter
3617 5332 3820 5390 morbos

2214 5404 2567 5460 Romanorum
2588 5416 2634 5460 et
2660 5404 2797 5460 Deos
2823 5405 3196 5473 computanda}.
3230 5405 3309 5462 LE
3334 5405 3434 5460 Pa.

2285 5496 2363 5571 (ε)
2399 5497 2551 5564 Quod
2570 5498 2801 5554 decorior
2826 5497 3164 5569 Ganymedes.
3192 5498 3247 5555 Id
3279 5499 3418 5555 inter
3443 5508 3685 5571 veterum
3715 5501 3816 5558 deo

2213 5569 2494 5625 liramenta
2526 5585 2810 5626 commune
2839 5581 2921 5627 est
2945 5571 3014 5627 dc
3039 5585 3137 5627 suo
3163 5571 3324 5639 Jove,
3357 5570 3498 5627 unde
3527 5569 3686 5626 Ovid.
3716 5573 3812 5630 lib.

2200 5639 2270 5695 Χ.
2312 5640 2666 5712 Metamorph.
2690 5659 2705 5694 :

2288 5777 2656 5850 Rersuperum
2679 5779 2880 5850 Phrygii
2895 5781 3137 5850 quoniam
3160 5782 3458 5850 Ganymedis
3479 5797 3652 5834 amore

2289 5841 2450 5914 ⁸ίιινειίι,
2477 5849 2530 5890 et
2551 5841 2808 5914 inventum
2821 5841 3115 5914 estaliquid
3125 5883 3141 5909 ,
3168 5841 3299 5910 quod
3320 5846 3520 5911 Jupiter
3547 5859 3684 5914 esse,

2290 5903 2444 5964 Quam
2467 5904 2600 5967 quod
2617 5910 2743 5968 erat,
2767 5903 2957 5958 mallet.
