4252 6264
337 388 437 451 601

1621 395 1714 452 AD
1749 393 2090 456 NATiONES
2126 395 2258 459 LIB.
2298 401 2365 460 ll.

3537 407 3650 469 602

335 515 616 581 galorum;
647 504 882 565 Virorum
907 507 1016 580 iam
1037 551 1053 579 ,
1081 508 1294 566 fortuna
1338 509 1935 583 barbata.....-.nuptia-
1959 511 2014 573 A
2042 515 2245 574 incesta
2272 517 2657 590 prohiberent,
2683 535 2782 578 nec
2813 535 2931 594 qum
2950 523 3292 594 parricidium
3318 521 3641 597 plecterent.

335 601 476 658 libus
515 601 799 658 disseram.
831 601 1116 658 Afl'erenda
1153 613 1236 659 est
1279 603 1348 659 ab
1389 602 1674 660 afferendis
1723 603 1940 659 dotibus
2040 608 2226 680 Itaque
2254 611 2393 668 ﬁlios
2421 613 2559 668 virili
2586 627 2717 669 sexu
2737 613 3067 683 devorabat;
3099 617 3290 672 melius
3313 617 3449 687 ipse,
3479 631 3639 688 quam

337 696 579 753 ordinata
611 694 895 762 .......dor,
930 705 983 751 et
1029 696 1278 752 Mutunus
1325 706 1380 752 et
1418 695 1662 752 Tutuuus
1717 696 1791 766 (α)
1816 736 1832 761 ,
1884 703 1940 750 et
2042 701 2189 771 lupi,
2222 702 2267 757 si
2292 716 2622 774 exponeret;
2677 706 3155 775 timebatscilicet,
3185 724 3253 766 ne
3278 710 3397 780 quis
3424 709 3638 766 illorum

337 789 436 845 dea
462 788 719 859 pertunda
739 829 753 853 ,
802 798 856 843 et
878 788 1130 860 Subigus,
1159 797 1214 844 et
1233 789 1562 858 ,Prema..."
1595 788 1820 859 parcite,
1846 787 1933 844 dci

337 880 710 953 impudentes,
752 880 1081 939 luctantibns
1127 883 1340 955 sponsis
1371 898 1528 938 nemo
1572 881 1926 937 intervenit...

336 991 564 1047 quorum
593 985 777 1031 velum
808 987 891 1032 est
912 977 1042 1032 foris
1069 977 1366 1048 gaudentes
1390 977 1713 1033 erubescunt
1733 976 1829 1048 (l).

405 1071 494 1127 ﬂ.
537 1072 603 1126 Et
647 1086 878 1142 quonam
905 1087 1075 1142 usque
1101 1071 1234 1128 deos
1342 1072 1465 1142 quia
1514 1071 1885 1127 disserendum
1914 1114 1929 1138 ,

333 1164 518 1236 quales
537 1162 668 1219 deos
682 1164 1016 1232 receperitis,
1037 1173 1290 1234 quantum
1304 1164 1456 1220 vobis
1472 1178 1616 1220 erus.
1628 1205 1639 1218 .
1652 1205 1687 1218 ..
1708 1163 1932 1219 Rideam

331 1256 643 1322 vanitatem,
671 1270 738 1309 an
788 1255 1106 1325 exprobrem
1143 1255 1470 1322 caecitatem,
1510 1263 1595 1311 est
1645 1255 1930 1310 admodum

333 1347 639 1401 incertum"
685 1344 816 1400 Nam
864 1355 994 1417 quot
1041 1346 1173 1401 deos
1205 1389 1220 1413 ,
1277 1357 1490 1417 ctquos
1521 1346 1704 1418 utique
1731 1345 1931 1417 produ-

328 1439 487 1495 cam?
518 1437 774 1510 majores,
797 1453 865 1493 an
895 1446 950 1494 et
977 1437 1210 1495 minores
1239 1439 1315 1510 (b)
1343 1439 1367 1493 ’ἒ
1396 1448 1626 1507 veteres,
1655 1454 1721 1494 an
1752 1448 1807 1494 et
1830 1455 1929 1494 ne-

327 1534 528 1590 vitios?
560 1548 739 1589 mares
761 1574 775 1600 ,
802 1548 871 1588 an
900 1542 956 1588 et
998 1533 1282 1590 fmminas?
1331 1534 1581 1602 cmlibes,
1623 1549 1690 1588 an
1732 1542 1786 1588 et
1833 1533 1884 1590 le
1908 1576 1924 1601 ,

494 1628 751 1696 artiﬁces,
783 1643 851 1683 an
874 1639 927 1684 et
950 1627 1185 1684 inertes?
1205 1628 1454 1692 rusticos,
1482 1643 1549 1682 an
1578 1637 1633 1683 et
1659 1627 1927 1683 urbanos?

317 1721 492 1788 cives,
525 1737 594 1777 an
625 1730 680 1777 et
708 1721 1035 1792 peregrinos.
1071 1719 1174 1776 Tot
1200 1720 1341 1775 enim
1372 1721 1606 1787 familiae,
1642 1729 1720 1776 tot
1751 1720 1928 1776 natio-

319 1831 422 1871 nes
449 1828 641 1871 sensus
664 1814 802 1868 bona
829 1811 934 1868 ﬁde
959 1823 1200 1883 quaerunt
1226 1853 1242 1880 ,
1274 1823 1332 1868 ut
1359 1813 1549 1883 dispici
1591 1821 1646 1869 et
1671 1812 1928 1884 distingui

2041 792 2108 848 de
2137 804 2357 864 paterna
2389 796 2524 854 falce
2552 797 2844 854 didicisset.
2894 798 3031 856 Nato
3075 816 3200 857 mox
3242 811 3297 857 et
3336 802 3640 860 abalienato

2037 883 2189 951 Jove,
2214 900 2401 943 saxum
2427 887 2643 944 infantis
2667 891 2909 946 ementiti
2938 891 3234 963 deglutivit.
3269 893 3382 950 l-loc
3426 896 3638 966 ingenio

2037 975 2128 1031 diu
2153 993 2395 1046 securus,
2423 980 2636 1037 tandem
2666 981 2810 1050 ﬁlio,
2842 998 3001 1053 quem
3033 984 3271 1040 nondum
3298 985 3597 1058 digesserat
3619 1027 3636 1053 ,

2038 1068 2089 1122 in
2123 1069 2359 1126 tenebris
2383 1071 2565 1127 adulto
2612 1089 2903 1144 oppressus
2941 1091 3212 1147 regnoque
3256 1079 3496 1148 privatus
3527 1086 3635 1134 est.

2039 1161 2189 1218 Hunc
2218 1162 2368 1218 vobis
2410 1165 2763 1233 patriareham
2794 1166 3015 1222 deorum
3041 1207 3055 1232 ,
3098 1168 3306 1223 Caelum
3345 1178 3400 1224 et
3428 1169 3590 1225 Terra
3613 1211 3631 1236 ,

2037 1254 2210 1324 poetis
2237 1254 2724 1322 obstetricantibus,
2754 1268 3194 1326 procreaverunt.
3219 1258 3324 1314 Sed
3355 1259 3635 1328 eleganter

2033 1345 2251 1414 quidam
2297 1347 2399 1403 sibi
2442 1347 2689 1403 videntur
2742 1349 3106 1421 physiologice
3165 1366 3261 1422 per
3287 1352 3632 1422 allegoricam

2036 1440 2552 1509 argumentationem
2593 1441 2660 1497 de
2711 1443 2944 1498 Saturno
2986 1445 3361 1515 interpretari,
3424 1454 3634 1516 tempus

2031 1545 2172 1597 esse,
2200 1541 2253 1587 et
2274 1532 2394 1587 ideo
2422 1531 2626 1589 Caelum
2655 1542 2709 1588 et
2737 1533 2963 1589 Terram
2994 1547 3247 1606 parentes
3271 1579 3286 1604 ,
3317 1547 3374 1592 ut
3398 1547 3452 1594 et
3488 1540 3634 1609 ipsos

2031 1623 2224 1694 origini
2254 1625 2450 1692 nullos,
2479 1634 2532 1680 et
2560 1625 2679 1681 ideo
2705 1626 2954 1681 falcatum
2977 1669 2991 1692 ,
3031 1629 3152 1698 quia
3186 1640 3426 1700 tempore
3449 1632 3631 1687 omnia

2031 1716 2389 1785 dirimautur“,
2427 1726 2482 1772 et
2505 1717 2626 1773 ideo
2650 1727 2952 1774 voratorem
2979 1732 3227 1785 suorum,
3281 1721 3422 1791 quod
3453 1723 3632 1778 omnia

2033 1827 2098 1866 ex
2120 1826 2180 1866 se
2205 1810 2347 1866 edita
2376 1811 2429 1865 in
2476 1826 2535 1867 se
2575 1813 2750 1883 ipsum
2791 1823 3090 1869 consumat.
3135 1813 3378 1870 Nominis
3419 1831 3633 1886 quoque

320 1905 662 1977 describique
689 1920 794 1961 non
842 1905 1078 1975 possint,
1135 1912 1194 1960 ut
1227 1914 1428 1976 quanto
1457 1905 1646 1961 diffusa
1673 1921 1762 1961 res
1807 1914 1925 1976 est,
1958 1929 2006 1990 Β
2035 1903 2400 1958 testimonium
2423 1905 2746 1974 compellant
2784 1923 2796 1958 :
2827 1905 3085 1961 Cronium
3107 1905 3308 1962 dictum
3333 1922 3508 1978 graece
3527 1949 3542 1974 ,
3576 1917 3634 1963 ut

322 2008 474 2054 tanto
501 1997 911 2068 substringenda
931 1997 1083 2054 nobis
1112 1997 1235 2054 erit.
1285 1996 1354 2052 Et
1400 1997 1547 2064 ideo,
1602 1998 1721 2069 quis
1748 1998 1802 2053 in
1829 1998 1929 2053 ista

320 2093 505 2165 specie
532 2108 694 2147 unum
724 2100 938 2148 tuemur
971 2092 1300 2163 propositum
1327 2091 1733 2147 demonstrandi
1757 2133 1771 2158 ,
1809 2091 1930 2148 illos

319 2199 514 2244 omnes
543 2185 788 2241 homines
817 2184 978 2239 fuisse
1011 2203 1024 2239 :
1055 2199 1160 2240 non
1192 2183 1408 2256 quidem
1449 2192 1506 2238 ut
1553 2185 1890 2254 cognoscatis
1911 2226 1926 2252 ,

321 2299 449 2340 nam
470 2283 620 2354 quasi
645 2281 807 2337 oblita
831 2280 1008 2353 agitis,
1035 2280 1356 2350 compendio
1369 2280 1435 2336 ab
1457 2280 1570 2349 ipsa
1591 2279 1924 2349 despiciendi

318 2376 534 2432 ratione
571 2389 831 2430 summam
862 2372 1122 2443 originem
1143 2371 1360 2443 generis
1381 2371 1594 2426 illorum
1623 2379 1921 2428 retractan-

324 2467 424 2524 do.
457 2465 620 2536 Origo
648 2465 786 2520 enim
836 2465 1001 2520 totius
1031 2464 1379 2534 posteritatis.
1410 2462 1484 2516 Ea
1512 2464 1664 2533 origo
1698 2461 1921 2519 deorum

323 2568 632 2615 vestrorum
662 2558 894 2614 Saturno
917 2598 932 2623 ,
961 2564 1017 2611 ut
1040 2556 1256 2626 Opinor,
1277 2555 1534 2627 signatur.
1576 2554 1758 2626 Neque
1778 2556 1922 2611 enim

320 2653 369 2708 si
396 2650 568 2708 Varro
592 2650 995 2721 antiquissimos
1022 2647 1154 2704 deos
1191 2647 1406 2715 Jovem,
1439 2647 1704 2704 lunonem
1736 2657 1792 2704 et
1827 2647 1926 2704 Mi-

325 2757 544 2800 nervam
567 2742 753 2809 refert,
780 2739 934 2796 nobis
959 2739 1223 2795 excidisse
1249 2739 1439 2805 debet,
1475 2755 1688 2796 omnem
1717 2749 1922 2811 patrem

323 2835 444 2889 ﬁliis
469 2833 850 2903 antiquiorem,
883 2840 991 2886 tam
1020 2830 1308 2886 Saturnum
1334 2829 1495 2897 Jove,
1528 2844 1686 2901 quam
1713 2829 1920 2886 Caelum

319 2925 585 2990 Saturno;
617 2925 683 2981 de
698 2922 848 2981 Caelo
872 2924 1014 2979 enim
1042 2932 1096 2978 et
1135 2923 1300 2978 Terra
1331 2921 1614 2978 Saturnus.
1648 2921 1714 2976 Et
1745 2931 1921 2978 tamen

319 3020 449 3076 Caeli
473 3031 531 3076 et
561 3018 743 3076 Terrae
778 3018 1038 3089 originem
1079 3017 1290 3072 omitto.
1342 3016 1512 3070 Erant
1554 3014 1679 3071 inde
1707 3014 1924 3072 cmlibes

320 3113 410 3168 diu
437 3122 491 3170 et
518 3111 658 3178 orbi,
689 3109 975 3182 antequam
1023 3110 1199 3165 mariti
1231 3118 1287 3164 et
1309 3117 1576 3179 parentes.
1610 3108 1793 3180 Longo
1822 3108 1926 3164 sci-

321 3205 444 3261 licet
461 3220 577 3260 :evo
595 3203 948 3260 crescendum
980 3201 1080 3256 illis
1103 3199 1200 3256 fuit
1214 3200 1280 3254 ad
1305 3208 1500 3255 tantam
1520 3201 1925 3270 proceritatem.

2035 1994 2318 2060 Chronon;
2372 2011 2526 2066 aeque
2549 1995 2962 2066 latinivocabuli
2991 2013 3021 2052 a
3047 1999 3343 2054 sationibus
3370 1999 3631 2056 rationem

2037 2097 2233 2153 .....ut,
2264 2089 2351 2159 qui
2379 2103 2500 2144 eum
2525 2099 2917 2160 procreatorem
2939 2091 3310 2159 conjectantur
3333 2133 3346 2158 ,
3393 2107 3488 2162 per
3507 2109 3630 2148 eum

2035 2183 2311 2239 seminalia
2339 2183 2460 2240 caeli
2504 2184 2555 2238 in
2592 2192 2788 2240 terram
2836 2183 3055 2240 deferri.
3102 2184 3269 2257 Opem
3299 2185 3628 2258 adjungunt,

2034 2276 2175 2349 quod
2202 2292 2360 2348 opem
2389 2276 2602 2334 videndi
2629 2279 2832 2333 semina
2864 2278 3179 2346 conferant,
3211 2290 3264 2336 et
3289 2280 3430 2351 quod
3469 2295 3632 2351 opere

2032 2373 2237 2428 semina
2262 2371 2513 2428 evadant.
2561 2371 2691 2439 Quae
2715 2387 2812 2428 oro
2838 2413 2852 2440 ,
2906 2372 3063 2443 hujus
3095 2373 3495 2430 translationem

2026 2479 2217 2536 ponas.
2237 2466 2343 2519 Aut
2363 2465 2621 2520 Saturnus
2647 2465 2764 2532 fuit,
2781 2475 2875 2522 aut
2902 2475 3132 2537 tempus.
3149 2466 3429 2535 Quomodo
3443 2468 3633 2525 Satur-

2029 2572 2130 2613 nus
2290 2557 2560 2627 quom'odo
2586 2559 2832 2630 tempus?
2885 2559 3182 2632 Utrumque
3208 2563 3352 2617 enim
3381 2579 3486 2617 non
3531 2577 3629 2634 po-

2030 2657 2130 2715 tes,
2163 2650 2445 2720 corporale
2474 2649 2527 2704 in
2554 2665 2744 2707 eo.....
2788 2667 2956 2707 mare.
2980 2653 3114 2721 Quid
3135 2663 3314 2710 autem
3358 2655 3632 2726 prohibuit

2030 2748 2240 2809 tempus
2269 2740 2370 2795 coli
2394 2740 2447 2796 in
2472 2756 2568 2796 sua
2591 2742 2888 2812 qualitate?
3061 2744 3326 2808 hominis,
3357 2755 3449 2800 aut
3475 2746 3628 2801 fabu-

2027 2830 2131 2885 lam
2156 2831 2386 2887 hominis
2406 2875 2419 2899 ,
2440 2841 2530 2887 aut
2559 2832 2810 2889 famulam
2835 2833 3067 2891 hominis
3089 2837 3142 2892 in
3171 2853 3266 2892 sua
3289 2838 3489 2909 specie,
3522 2855 3626 2894 non

2030 2922 2082 2978 in
2113 2933 2384 2994 tempo....
2411 2924 2545 2992 Quid
2569 2925 2672 2980 sibi
2698 2926 2812 2982 vult
2837 2927 3128 2983 intellectio
3155 2929 3253 2984 ista
3276 2970 3293 2996 ,
3327 2930 3425 2984 nisi
3458 2929 3630 2986 {cedas

2029 3016 2280 3071 materias
2299 3018 2535 3071 mentitis
2561 3018 3117 3087 argumentationibus
3137 3019 3422 3074 colorare?
3445 3022 3631 3076 Satur-

2030 3122 2157 3162 num
2186 3122 2357 3177 neque
2388 3106 2508 3162 ideo
2549 3107 2687 3178 qui..
2737 3107 2866 3162 d....
2913 3116 3146 3178 tempus,
3203 3118 3295 3163 aut
3341 3110 3466 3164 dum
3505 3125 3629 3165 eum

2030 3211 2240 3272 tempus
2282 3200 2431 3269 facis,
2471 3201 2584 3272 jam
2614 3215 2715 3256 nec
2758 3199 3030 3256 hominem
3070 3201 3146 3257 vis
3195 3201 3378 3256 fuisse.
3411 3202 3630 3258 Pla....s

322 3296 559 3368 Denique
587 3294 744 3351 simul
773 3295 937 3364 cmpit
960 3302 1017 3350 et
1040 3291 1192 3348 leo
1211 3307 1310 3347 vox
1339 3291 1664 3346 insolescere
1683 3301 1737 3345 et
1755 3291 1920 3346 ubera
1947 3286 1993 3348 C
2025 3296 2246 3351 omnino
2277 3296 2540 3352 Saturnus
2592 3294 2644 3350 in
2703 3295 2862 3350 terris
2902 3293 3152 3349 humana:
3189 3294 3459 3364 qualitatis
3487 3296 3629 3364 apud

317 3397 478 3443 teme
529 3387 848 3456 lapilliscere
872 3426 888 3453 ,
939 3384 1141 3440 faciunt
1179 3383 1390 3454 nuptias
1420 3382 1561 3437 inter
1599 3396 1676 3437 se.
1706 3382 1920 3450 Credo,

314 3489 412 3535 aut
439 3478 650 3534 Caelum
669 3478 944 3534 descendit
965 3477 1032 3533 ad
1059 3490 1334 3546 sponsam,
1365 3483 1457 3529 aut
1487 3473 1653 3529 Terra
1678 3473 1925 3529 ascendit

312 3570 386 3626 ad
413 3585 670 3640 sponsum
694 3573 706 3625 !
739 3571 992 3640 Concepit
1041 3581 1218 3624 tamen
1249 3567 1413 3622 Terra
1468 3565 1538 3621 de
1563 3566 1715 3622 Caelo
1741 3575 1795 3620 et
1824 3582 1921 3637 pe-

313 3662 456 3731 perit
498 3661 586 3715 illa
613 3660 779 3716 Athos
799 3703 814 3724 ,
866 3660 1036 3715 Athos
1061 3659 1351 3715 Saturnum
1373 3658 1509 3713 mira
1539 3657 1767 3712 ratione.
1802 3656 1921 3713 Utri

316 3761 597 3823 parentum
626 3751 863 3807 similis?
910 3750 1015 3807 Sed
1051 3761 1106 3806 et
1135 3750 1379 3821 peperit,
1421 3759 1568 3804 certe
1591 3755 1716 3804 ante
1729 3748 1918 3805 Satur-

316 3861 440 3899 num
470 3845 738 3901 neminem
761 3852 1196 3914 procreaverunt,
1215 3843 1316 3896 nisi
1344 3857 1500 3896 unam
1526 3849 1707 3911 postea
1723 3841 1914 3912 Opem,

313 3937 508 3994 exinde
531 3937 600 3992 de
626 3937 815 3992 subole
835 3945 1215 3992 cessatumest.
1247 3932 1381 3988 Nam
1410 3933 1673 3988 Saturnus
1699 3931 1915 4003 quidem

311 4031 518 4086 Caelum
546 4032 804 4086 castravit
847 4029 1229 4086 dormientem.
1282 4027 1534 4097 Legimus
1579 4025 1789 4082 Caelum
1819 4040 1915 4096 ge-

311 4139 441 4179 nere
469 4124 794 4188 maseuliuo;
825 4132 1078 4179 cancrum
1111 4120 1380 4192 quomodo
1407 4127 1590 4189 pater,
1633 4119 1736 4173 nisi
1765 4133 1908 4174 mas-

310 4214 556 4269 culiuus?
579 4215 685 4272 Sed
703 4223 757 4270 et
777 4215 916 4270 unde
939 4212 1321 4270 castrandum?
1350 4211 1460 4266 falx
1482 4210 1560 4265 illi
1582 4228 1596 4268 :
1618 4211 1722 4267 hoc
1747 4211 1909 4266 s..l...

308 4308 555 4365 Nondum
578 4311 720 4364 enim
761 4308 1032 4365 Vulcanus
1060 4307 1251 4363 artifex
1299 4306 1448 4361 ferri.
1474 4305 1638 4362 Terra
1667 4320 1796 4360 vero
1823 4320 1915 4360 or-

310 4402 433 4458 bata
459 4405 694 4470 distulit,
740 4404 838 4459 etsi
868 4401 1288 4472 adhuejuvenili
1329 4409 1519 4467 :ntale,
1558 4399 1649 4454 alii
1690 4398 1911 4455 nubere.

307 4492 417 4550 Sed
462 4512 564 4552 nec
589 4495 819 4551 habebat
845 4495 1176 4551 Caium...”
1222 4505 1400 4549 tamen
1453 4492 1556 4547 nisi
1587 4492 1730 4547 illam
1771 4492 1915 4548 Mare

307 4587 670 4656 amplectitur,
700 4586 792 4642 sed
822 4587 931 4642 olet
958 4586 1281 4656 salsuginem
1303 4585 1556 4654 ....aquis
1581 4584 1906 4639 assueta.lta

304 4678 569 4736 Saturnus
590 4681 779 4736 unicus
801 4681 1068 4737 masculus
1093 4678 1224 4736 ϐωιί
1253 4689 1412 4749 atque
1432 4678 1634 4734 Terrae.
1663 4677 1770 4734 Sed
1795 4677 1907 4748 ipse

303 4771 608 4842 pubescens
637 4773 810 4830 sorori
841 4788 952 4828 sua:
976 4771 1236 4844 jungitur.
1274 4772 1520 4828 Nondum
1552 4773 1700 4844 leges
1724 4814 1740 4840 ,
1787 4789 1905 4844 quae

2028 3395 2239 3443 veteres
2289 3389 2580 3444 memorias
2622 3398 2952 3444 recensetur.
3006 3388 3193 3442 Potest
3221 3387 3631 3458 incorporaliter

2028 3478 2156 3549 litigi
2183 3479 2430 3548 quodvis,
2455 3479 2598 3549 quod
2625 3495 2732 3534 non
2761 3479 3190 3545 fueritomnino;
3219 3487 3373 3535 vacat
3395 3479 3628 3551 ﬁngendi

2029 3568 2211 3634 locus,
2247 3570 2334 3624 nbi
2372 3570 2569 3624 veritas
2589 3579 2689 3626 est.
2721 3568 2856 3626 Cum
2887 3578 3065 3627 autem
3101 3570 3389 3627 Saturnum
3420 3580 3631 3629 constat

2029 3660 2254 3725 vixisse,
2300 3659 2497 3715 frustra
2537 3661 2856 3726 demutatis;
2909 3677 3018 3717 non
3079 3663 3396 3719 conceditur
3439 3665 3625 3733 vobis,

2027 3768 2186 3824 quem
2213 3767 2317 3807 non
2358 3752 2622 3823 negabitis
2650 3753 2816 3808 fuisse
2839 3753 3112 3810 hominem
3136 3795 3150 3820 ,
3181 3754 3272 3825 qui
3293 3770 3469 3826 neque
3497 3756 3632 3813 deus

2024 3859 2198 3915 neque
2251 3851 2464 3914 tempus
2516 3843 2731 3898 defendi
2785 3851 2981 3913 potest.
3014 3844 3208 3900 Exstat
3248 3845 3388 3916 apud
3425 3846 3631 3902 litteras

2023 3949 2231 3994 vestras
2274 3951 2656 4008 uSQuequaque
2704 3937 2922 3993 Saturni
2966 3953 3195 4005 census,
3235 3939 3462 4010 legimus
3488 3939 3629 4009 apud

2020 4030 2264 4087 Cassium
2296 4029 2586 4096 Severum,
2618 4030 2759 4100 apud
2789 4030 3075 4085 Cornelios
3102 4031 3363 4102 Nepotem
3392 4041 3445 4089 et
3468 4033 3627 4088 Taci—

2021 4133 2154 4190 tum,
2187 4123 2325 4194 apud
2348 4122 2568 4180 Grmcos
2594 4139 2808 4194 quoque
2841 4123 3159 4187 Diodorum,
3191 4125 3352 4196 quive
3385 4128 3473 4180 alii
3525 4143 3626 4182 an-

2019 4216 2317 4287 tiquitatem
2335 4230 2501 4272 canos
2519 4216 2874 4285 collegerunt.
2893 4213 3004 4270 Nec
3025 4215 3261 4272 ﬁdeliora
3282 4219 3624 4290 vestigia.....

2019 4323 2180 4378 quam
2213 4308 2266 4362 in
2297 4308 2410 4378 ipsa
2433 4307 2581 4361 Italia
2627 4308 2830 4377 signata
2855 4315 2999 4361 sunt.
3033 4306 3164 4362 Nam
3209 4318 3326 4377 post
3367 4310 3627 4380 plurimas

2021 4407 2186 4453 tetras
2225 4407 2279 4454 et
2321 4398 2498 4454 Attica
2529 4396 2760 4466 hospitia
2791 4397 2976 4467 Italiae.
3008 4397 3117 4461 vel,
3151 4407 3209 4454 ut
3234 4408 3360 4455 tunc
3399 4402 3628 4456 vocaba-

2017 4501 2124 4559 tur,
2157 4491 2430 4566 OEnotriae
2448 4533 2461 4556 ,
2490 4489 2757 4557 consedit,
2790 4498 3052 4562 exceptus
3079 4491 3146 4545 ab
3172 4490 3307 4546 Jano
3330 4495 3442 4546 sive
3467 4492 3620 4558 Jaue,

2016 4598 2073 4645 ut
2094 4587 2219 4644 Salii
2252 4588 2330 4661 (2)
2369 4593 2582 4642 vocant.
2617 4586 2790 4652 Mons,
2828 4602 2988 4657 quem
3015 4587 3292 4650 coluerat,
3340 4585 3626 4644 Saturnius

2012 4681 2217 4745 dictus;
2251 4679 2399 4747 urbs,
2429 4694 2586 4750 quam
2609 4679 2971 4750 depalaverat,
2996 4677 3247 4732 Saturnia
3278 4693 3445 4748 usque
3473 4695 3616 4735 inure

2010 4783 2120 4842 est;
2155 4780 2260 4829 tota
2287 4772 2518 4845 denique
2567 4772 2712 4827 Italia
2760 4769 2831 4843 (ε)
2888 4769 2956 4826 de
3010 4768 3242 4826 Saturno
3294 4770 3621 4828 vocabatur:

1540 4889 1925 4950 LECTIONES
1965 4889 2376 4949 VARIANTES.

375 5003 448 5072 (ι)
481 5007 692 5057 Haverc.
717 5005 877 5070 suppl.
893 5003 1120 5057 Humano
1141 5003 1310 5069 pudori
1335 5005 1522 5070 parcite
1539 5031 1598 5045 —
1612 5005 1901 5072 intervenit,

295 5067 406 5132 ipsi
429 5082 652 5131 quorum,
679 5076 778 5121 etc.

2003 5003 2337 5121 vogznnigau
2358 5002 2440 5057 ed.
2481 5008 2539 5054 ut
2579 5005 2620 5055 si
2667 5004 2747 5055 alii
2793 5012 2986 5057 vocant.
3029 5003 3104 5070 Cf.
3149 5003 3292 5070 Apol.
3320 5004 3396 5057 10.
3424 5010 3478 5057 ut
3501 5006 3622 5060 Salii

1692 5175 2257 5234 COMMENTARIUS.

295 5288 447 5356 Qua:
471 5290 641 5365 hic_ut
661 5301 716 5347 et
741 5293 843 5348 alia
873 5293 1040 5349 multa
1070 5307 1177 5349 non
1208 5293 1306 5349 abs
1350 5307 1409 5350 re
1450 5293 1634 5364 objicit
1672 5293 1910 5365 scriptor

293 5369 514 5417 noster.
547 5363 624 5419 Ls
659 5365 753 5418 Pu.

384 5429 464 5500 (ει)
503 5435 749 5489 Mutunus
770 5446 816 5490 et
834 5434 1084 5490 Tuttmus.
1116 5436 1352 5491 Conficta
1372 5434 1573 5493 cheo
1602 5447 1654 5492 et
1677 5435 1796 5492 Tuo
1822 5435 1906 5491 in.

290 5502 690 5576 tcr__Yenereos
717 5509 998 5576 amplexus
1021 5507 1300 5562 vocabula.
1333 5508 1448 5563 llic.

368 5573 406 5653 _(
419 5572 466 5642 b)
488 5575 714 5646 Majores
744 5572 880 5653 anet
909 5580 1128 5653 minores
1144 5579 1169 5631 ?
1191 5578 1419 5653 Majores
1440 5587 1495 5634 et
1512 5578 1754 5653 minores
1767 5579 1905 5653 Deos

284 5644 479 5725 {uisse
525 5644 698 5725 nemo
728 5649 984 5725 ambigit_._
1020 5649 1159 5704 Deus
1182 5644 1316 5725 item
1346 5665 1585 5725 magnos
1615 5650 1903 5725 duodecim

285 5714 481 5795 fuisse
518 5714 904 5795 perspicuum?
938 5721 1024 5795 hic
1050 5721 1329 5795 nescio_an
1354 5714 1514 5795 iidem
1544 5722 1652 5776 sint
1676 5736 1740 5776 ac
1770 5721 1802 5775 ii
1831 5721 1900 5795 de

286 5784 618 5860 qttibuslil).
647 5784 716 5841 dc
733 5791 1050 5858 spectaculis
1071 5806 1191 5860 cap.
1219 5790 1271 5846 8.
1297 5791 1425 5845 Ante
1445 5793 1536 5845 has
1562 5801 1660 5846 tres
1681 5808 1785 5848 ara:
1807 5793 1896 5846 tri-

285 5855 394 5931 ᾐὶε
446 5855 792 5931 diis__paten_t',
825 5860 1026 5931 Magnis
1053 5902 1068 5927 ,
1100 5855 1380 5929 potentibus
1402 5901 1419 5926 ,
1443 5865 1723 5918 valentibus
1743 5881 1764 5930 ;
1787 5880 1898 5918 eos-

2016 5292 2242 5366 rivatam
2296 5294 2427 5350 olim
2455 5293 2787 5366 religionem
2834 5302 3032 5366 prmter
3077 5295 3330 5364 profanos
3355 5295 3625 5352 existimat

2015 5363 2385 5420 Nazianzenus
2425 5363 2730 5435 Theologus
2760 5363 2944 5421 contra
2987 5363 3255 5421 Julianum
3284 5367 3415 5436 imp.
3444 5371 3625 5437 aitque

2013 5443 2292 5509 Spnnebstv
2318 5442 2454 5506 παρὰ.
2473 5450 2572 5509 ᾼτῶν
2596 5447 2788 5509 Spartan:
2811 5437 2997 5492 deduci
3022 5455 3036 5502 ;
3072 5438 3208 5492 forte
3237 5439 3300 5491 ad
3335 5439 3386 5493 id
3417 5443 3621 5495 condu-

2012 5517 2100 5560 cct
2121 5508 2262 5574 qumi
2288 5509 2448 5562 habet
2473 5507 2644 5564 Varro
2670 5509 2738 5564 dc
2759 5508 2821 5562 L.
2851 5509 2912 5562 L.
2943 5509 3033 5565 lib.
3059 5511 3111 5564 4.
3142 5509 3218 5565 Ls
3250 5510 3346 5567 ΡΒ.

2085 5575 2160 5648 (e)
2203 5575 2336 5630 Tota
2363 5579 2577 5648 denique
2604 5579 2782 5638 ludia.
2803 5579 3009 5636 Italiam
3028 5580 3223 5637 dictam
3247 5575 3410 5635 fuisse
3433 5580 3620 5636 Satur—

2009 5647 2153 5702 niam
2182 5662 2248 5702 ex
2274 5648 2448 5702 Ennio
2475 5659 2646 5717 patet:

2779 5803 2795 5818 .
2833 5804 2847 5818 .
2883 5805 2898 5820 .
2939 5808 2952 5820 .
2992 5807 3006 5821 .
3040 5771 3302 5823 Saturnius
3328 5767 3398 5823 illi

2186 5827 2380 5880 Nomen
2403 5833 2528 5891 erat,
2554 5829 2620 5882 de
2645 5843 2746 5895 quo
2759 5828 2861 5887 late
2885 5832 3116 5889 Saturnia
3143 5843 3302 5888 terra.

284 5927 438 6024 dem
462 5936 506 5982 et
531 5927 890 5988 Samothracas
913 5927 1241 5990 Existimant.
1266 5937 1314 5991 A
1342 5927 1778 5998 Samothracibus
1803 5934 1897 5995 de-
1999 5935 2070 5994 Et
2097 5933 2288 5996 Ovidio
2308 5936 2403 6000 lib.
2432 5937 2579 5997 Fast.
2609 5939 2636 5999 1
2672 5957 2685 5996 :
2734 5985 2741 5991 .
