4252 6270
1997 365 2466 433 TERTULLIANI

3785 374 3896 437 θοι

583 499 678 558 tali
707 505 844 555 teste
887 503 1120 560 terram,
1153 505 1277 565 quae
1303 505 1449 550 nunc
1482 490 1788 550 dominatur
1816 491 1935 549 orbi
1972 488 2185 546 etiamsi
2211 487 2266 548 Δ
2289 486 2578 545 deterioris
2623 489 2954 546 conditionis
2992 489 3064 546 ab
3088 489 3242 546 initio
3275 501 3397 545 esse
3425 489 3745 556 voluerunt;
3795 500 3896 550 aut

583 593 654 650 de
682 591 888 662 origine
917 587 1134 645 Saturni
1162 586 1458 653 dubitatur,
1481 586 1552 644 de
1594 594 1715 642 actu
1760 593 1940 642 tamen
1968 592 2182 642 constat

582 686 860 742 hominem
891 683 1042 740 illum
1070 681 1258 740 fuisse.
1289 681 1363 738 Ita
1391 682 1439 738 si
1466 681 1631 738 homo
1670 680 1964 749 Saturnus,
1993 678 2182 751 procul

583 778 748 835 dubio
793 776 864 833 de
910 774 1198 851 [homine],
1244 775 1353 830 imo
1369 775 1492 847 quia
1537 775 1734 842 homo,
1766 787 1873 829 non
1903 776 2084 843 utique
2113 771 2183 828 de

582 870 724 928 cmlo
749 873 915 940 atque
942 879 1108 925 terra.
1133 867 1241 924 Sed
1267 866 1422 939 cujus
1448 875 1700 938 parentes
1737 866 1926 938 ignoti,
1955 863 2181 936 quibus-

583 963 704 1019 dam
728 961 890 1018 facile
917 960 1020 1017 fuit
1043 960 1199 1016 illum
1226 974 1411 1016 eorum
1435 959 1606 1015 ﬁlium
1633 956 1762 1027 dici,
1788 972 2021 1029 quorum
2053 971 2180 1026 pos~

583 1063 708 1116 sunt
731 1070 920 1112 omnes
940 1053 1126 1111 videri.
1145 1053 1368 1127 (l)Quis
1387 1054 1530 1109 enim
1550 1067 1657 1108 non
1684 1053 1877 1108 coelum
1899 1065 1963 1106 ac
1986 1057 2185 1106 terram

585 1159 792 1223 patrem
823 1162 906 1205 .ac
949 1155 1177 1204 matrem
1209 1147 1571 1203 venerationis
1608 1147 1774 1216 gratia
1806 1143 2073 1226 appellet?
2102 1145 2186 1198 An

586 1242 656 1300 de
679 1239 1070 1300 consuetudine
1099 1241 1352 1303 humana.
1383 1255 1488 1310 qua
1517 1239 1684 1310 ignoti
1716 1238 1912 1308 quique
1954 1251 2022 1292 ex
2063 1235 2186 1290 ino-

586 1335 768 1406 pinato
796 1339 1113 1404 apparentes
1133 1331 1202 1388 de
1229 1331 1368 1388 omlo
1384 1331 1450 1386 ad
1460 1330 1676 1386 venisse
1698 1328 1974 1386 dicuntur?
1991 1328 2184 1383 Proin-

585 1426 748 1483 de....
771 1441 989 1496 semper
1011 1440 1166 1495 eg....
1189 1423 1468 1494 repentino
1494 1421 1596 1495 (2),
1627 1421 1824 1491 ubique
1840 1420 2059 1476 inolevit
2077 1436 2188 1476 coe-

588 1519 738 1575 litem
764 1517 890 1573 dici.
930 1517 1064 1573 Nam
1094 1526 1149 1572 et
1173 1517 1331 1586 vulgo
1362 1515 1576 1585 generis
1599 1513 1831 1569 incertos
1860 1521 2018 1568 terra:
2046 1512 2186 1568 ﬁlios

585 1613 894 1683 jactitamus
911 1611 1015 1682 (a).
1039 1610 1181 1666 Nihil
1197 1609 1370 1680 allego
1388 1608 1454 1664 de
1474 1617 1616 1664 statu
1636 1607 1984 1678 antiquitatis,
2009 1621 2184 1678 qua...

586 1703 748 1760 rudes
775 1705 854 1776 (5)
881 1711 1007 1758 tunc
1027 1703 1318 1773 agebantur
1336 1710 1390 1756 et
1413 1700 1553 1756 oculi
1579 1709 1632 1756 et
1652 1709 1859 1756 mentes
1884 1699 2183 1768 hominum,

587 1804 645 1851 ut
675 1795 968 1864 cujuslibet
993 1794 1120 1849 novi
1151 1794 1252 1849 viri
1288 1802 1510 1864 aspectu
1552 1793 1706 1863 quasi
1735 1791 1918 1848 divino
1946 1805 2188 1847 commo.

2284 582 2328 638 si
2357 596 2516 638 nemo
2540 592 2643 652 est,
2663 584 2756 656 qui
2780 584 2912 640 deos
2940 583 3148 652 fecerit,
3167 582 3586 654 quomodoliacti
3612 585 3884 655 dicentur,

2286 675 2376 746 qui
2402 691 2508 732 non
2538 676 2640 733 nisi
2666 677 2735 733 ab
2761 678 2868 732 alio
2894 677 3007 733 ﬁeri
3039 677 3382 748 potuissent?
3422 677 3495 732 lta
3521 678 3702 734 nullus
3729 679 3888 736 datur

2285 769 2439 825 vobis
2469 770 2732 826 renuendi
2763 771 2936 837 locus,
2965 785 3086 827 esse
3106 770 3406 839 mancipem
3435 771 3726 840 quemdam
3751 773 3892 830 divi-

2288 860 2487 917 nitatis.
2523 863 2916 933 Perspiciamus
2946 864 3124 934 itaque
3145 877 3362 918 caussas
3387 863 3693 934 allegandae
3743 881 3891 922 mor-

2287 952 2508 1010 talitatis
2533 955 2586 1009 in
2613 955 2832 1011 coelum.
2869 955 3068 1010 Harum
3107 954 3373 1026 duplicem
3402 955 3676 1012 rationem
3720 957 3889 1014 credo

2289 1046 2576 1117 proferetis
2605 1066 2618 1103 :
2647 1057 2743 1104 aut
2774 1049 2923 1106 enim
2953 1049 3047 1104 illu
3302 1048 3427 1120 quis
3457 1050 3598 1106 idem
3630 1060 3891 1121 praestans

2288 1137 2436 1205 facit,
2487 1148 2543 1193 ut
2581 1138 2778 1195 habeat
2831 1140 2918 1195 vel
2947 1139 3294 1195 amminicula
3324 1140 3407 1196 vel
3439 1140 3774 1198 munimenta
3808 1145 3893 1200 vel

2290 1232 2450 1288 etiam
2479 1242 2795 1290 ornamenta
2823 1233 3018 1306 fastigii
3059 1235 3176 1300 sui;
3225 1243 3318 1290 aut
3347 1235 3663 1290 meritorum
3707 1251 3896 1293 neces-

2289 1325 2424 1380 sitas
2615 1325 2790 1397 dignis
2816 1327 3139 1398 quibusque.
3163 1326 3322 1382 Aliud
3351 1327 3478 1397 quid
3500 1328 3759 1399 suspicari
3783 1345 3894 1386 non

2290 1417 2463 1478 datur.
2497 1417 2669 1474 Nemo
2910 1418 3106 1489 gicndo
3132 1418 3309 1485 alicui,
3343 1427 3434 1474 aut
3460 1434 3560 1474 non
3586 1433 3680 1475 sua
3713 1429 3806 1475 aut
3828 1421 3895 1476 il-

2285 1508 2391 1565 lius
2435 1524 2623 1566 caussa
2671 1511 2816 1566 facit.
2863 1510 2971 1567 Sed
3022 1526 3384 1581 neque.......
3441 1522 3627 1582 petere
3685 1513 3894 1568 numini

2285 1604 2427 1659 inest
2452 1613 2596 1658 tanta
2617 1613 2671 1660 et
2695 1612 2952 1676 potestas,
2975 1612 3035 1658 ut
3063 1603 3273 1659 scilicet
3443 1603 3619 1670 faciat,
3652 1605 3697 1659 si
3735 1613 3886 1661 tanta

2289 1695 2595 1752 humanitas
2633 1697 2922 1768 irrogetur,
2948 1697 3039 1768 qui
3069 1703 3222 1768 egeat
3251 1711 3409 1766 opera
3437 1698 3523 1752 vel
3569 1697 3886 1768 adiumento

2296 1791 2677 1862 quorumdam,
2715 1800 2770 1848 et
2793 1793 3010 1863 quidem
3024 1803 3396 1860 mortuorum,
3418 1809 3525 1864 quo
3555 1795 3751 1850 mirum
3777 1810 3893 1851 ma-

587 1896 863 1954 verentur,
885 1886 1086 1942 nedum
1107 1893 1163 1942 et
1187 1885 1350 1956 regis,
1379 1895 1432 1941 et
1461 1883 1677 1954 quidem
1704 1883 1880 1954 primi.
1911 1882 2106 1938 Adhuc
2119 1882 2188 1938 de
2215 1902 2265 1964 B
2291 1884 2391 1956 gis,
2423 1899 2544 1940 cum
2593 1885 2728 1940 alios
2779 1885 2881 1942 sibi
2927 1886 3264 1941 immortales
3295 1886 3584 1941 instituere
3607 1887 3895 1956 potuisset.

586 1980 818 2036 Saturno
852 1977 1201 2046 immorabor,
1251 1977 1394 2048 quod
1445 1986 1503 2032 et
1539 1975 1752 2032 caeteris
1805 1975 2190 2046 compendium

589 2079 902 2142 praestruam
935 2110 952 2138 ,
1001 2069 1190 2124 satiata
1224 2067 1642 2140 primordiorum
1664 2067 2192 2138 disputatione-,nec

591 2163 991 2235 praetermittam
1040 2162 1248 2233 potiora
1298 2162 1603 2217 testimonia
1647 2161 1954 2216 divinarum
1983 2160 2188 2216 littera-

585 2272 728 2322 rum,
786 2254 980 2326 quibus
1026 2253 1158 2310 ﬁdes
1186 2269 1285 2325 pro
1311 2254 1626 2325 antiquitate
1653 2254 1899 2324 superior
1935 2252 2186 2308 debetur.-

588 2352 730 2406 Ante
758 2349 901 2419 enim
939 2346 1163 2420 Sibylla,
1201 2362 1360 2417 quam
1405 2346 1581 2402 omnis
1611 2345 1927 2416 litteratura,
1950 2346 2184 2402 exstitit.

587 2441 680 2498 Illa
722 2423 927 2497 scilicet
969 2440 1174 2513 Sibylla
1201 2439 1312 2512 (b),
1345 2439 1458 2495 veri
1515 2454 1665 2504 vera,
1695 2447 1844 2496 vates
1860 2438 1930 2510 (ci
1953 2448 2007 2496 et
2032 2439 2186 2510 cujus

587 2533 846 2590 vocabula
873 2533 1264 2589 daemoniorum
1310 2532 1521 2588 vatibus
1565 2532 1834 2589 induistis.
1865 2533 1940 2589 Ea
1971 2535 2186 2590 senario

587 2639 750 2682 versu
779 2627 831 2681 in
863 2625 1005 2681 hunc
1041 2641 1258 2682 sensum
1289 2625 1356 2681 de
1386 2625 1603 2682 Saturni
1650 2628 1896 2697 prosapia
1931 2637 1985 2682 et
2022 2628 2186 2684 rebus

588 2719 705 2788 ejus
731 2719 952 2788 exponit
985 2705 1264 2784 :jdecima,
1293 2717 1486 2788 inquit,
1512 2718 1759 2790 genitura
1788 2719 2089 2784 hominum,
2116 2735 2186 2776 ex

587 2826 696 2881 quo
716 2810 1101 2882 cataclysmum
1126 2809 1392 2880 prioribus
1417 2809 1629 2873 accidit,
1654 2810 1899 2881 regnavit
1921 2810 2185 2867 Saturnus

587 2911 642 2959 ct
672 2902 827 2957 Titan
877 2911 933 2958 et
975 2901 1255 2979 Jamletus.
1289 2901 1473 2958 Terrae
1498 2911 1552 2957 ct
1581 2901 1719 2959 Coeli
1761 2902 2037 2959 fortissimi
2062 2904 2196 2978 filii.‘

585 2993 644 3052 Si
669 3008 774 3066 qua
803 3009 958 3066 ergo,
988 2993 1075 3050 vel
1104 2994 1396 3051 vestris....
1429 2995 1615 3052 oribus
1642 2996 1836 3052 litteris
1869 2999 2064 3054 vestris
2091 3014 2186 3054 su-

585 3090 907 3161 perioribus,
956 3089 1053 3146 sed
1094 3089 1296 3147 idcirco
1343 3090 1512 3163 magis
1558 3092 1910 3162 proximis...
1956 3093 2011 3150 in
2039 3093 2213 3151 illius

586 3183 775 3248 anatis,
807 3181 939 3240 ﬁdes
959 3182 1187 3254 adjacet.

2291 1977 2400 2034 Nec
2415 1978 2614 2034 diutius
2643 1978 2851 2034 de......
2884 1988 2971 2035 tus
2991 1979 3296 2049 conquiret,
3322 1980 3412 2050 qui
3441 1981 3676 2035 humana
3699 1981 3897 2038 divinis

2291 2072 2640 2143 comparavit.
2691 2071 2878 2128 Sa.....
2905 2073 3015 2128 rior
3041 2073 3225 2143 Opinio
3253 2080 3358 2139 est,
3399 2072 3596 2128 discuti
3616 2071 3778 2130 debet
3802 2117 3818 2141 ,
3846 2075 3896 2130 si

2291 2163 2424 2220 deus
2452 2163 2962 2220 reminis............
2993 2165 3118 2219 buta
3144 2167 3188 2219 si
3220 2164 3460 2234 pristinis
3489 2166 3886 2224 viris...........

2290 2255 2719 2326 recogitandum.
2747 2256 2903 2324 Quod
2929 2257 3125 2314 exinde
3156 2272 3315 2312 nemo
3355 2257 3586 2329 dig......
3610 2259 3656 2313 si
3694 2274 3898 2331 capere

2287 2349 2398 2418 jam
2437 2349 2586 2406 locus
2615 2364 2722 2404 non
2755 2358 2950 2420 potest.
2975 2350 3164 2406 Tantis
3185 2350 3438 2408 videlicet
3864 2369 3897 2410 a

2293 2444 2552 2498 meruerit
2579 2442 2890 2514 antiquitas.
2921 2443 3070 2515 Ergo
3096 2459 3164 2498 an
3190 2445 3468 2512 meruerit,
3499 2461 3559 2501 re
3791 2463 3900 2504 me-

2291 2534 2487 2602 ruisse,
2513 2547 2779 2606 proponat
2827 2536 2996 2608 ipsius
3024 2538 3239 2594 merita.
3274 2538 3329 2594 Si
3359 2538 3487 2609 quid
3529 2539 3582 2594 in
3615 2542 3899 2599 cunabulis

2547 2628 2731 2696 litatis,
2787 2630 2965 2686 valent
3013 2629 3087 2684 ad
3107 2629 3413 2700 suffragium
3442 2630 3756 2699 divinitatis,
3811 2634 3900 2690 in-

2289 2729 2564 2776 cestornm
2771 2721 2940 2794 Opem
2975 2731 3029 2778 et
3055 2723 3346 2779 Saturnum
3373 2722 3564 2780 fratres
3589 2727 3896 2796 recepistis.

2293 2811 2543 2868 Furtivus
2574 2812 2888 2870 infans......
2918 2823 2999 2870 ter
3053 2815 3248 2887 dignus
3275 2826 3326 2872 et
3359 2824 3495 2872 tecto
3523 2825 3578 2873 et
3606 2817 3772 2874 ubere
3799 2820 3900 2874 bu-

2293 2921 2476 2973 mano,
2519 2907 2826 2978 meritoque
2868 2907 3018 2964 incre
3269 2918 3374 2964 tam
3404 2909 3546 2964 mala
3587 2910 3898 2967 manebant.

2292 2998 2521 3054 Adultus
2549 2997 2782 3069 denique
2801 3001 3252 3072 qualemcumque
3289 3000 3615 3072 genitorem,
3836 3003 3904 3057 li-

2290 3093 2592 3159 cissimum,
2649 3107 2830 3163 regem
2873 3093 3022 3149 aurei
3049 3093 3257 3149 scilicet
3294 3094 3496 3162 seculi,
3529 3093 3630 3150 sub
3661 3109 3766 3165 quo
3807 3095 3902 3150 la—

2291 3183 2438 3240 boris
2460 3184 2654 3256 inopim
2864 3200 2927 3240 ac
2971 3199 3074 3256 pax
3120 3185 3438 3256 quiescebat
3490 3187 3592 3242 sub
3641 3203 3745 3257 quo
3769 3188 3902 3242 nulli

662 3276 748 3331 15.
777 3273 920 3333 Satis
947 3275 1015 3332 de
1036 3275 1270 3332 Saturno
1294 3283 1349 3332 ct
1377 3275 1632 3347 Prosapia
1676 3277 1888 3348 ejus....
1934 3293 2026 3335 um
2072 3288 2189 3347 est,
2216 3266 2262 3331 C
2295 3279 2617 3350 subigebant
2644 3293 2770 3334 arva
2815 3279 3016 3346 coloni,
3276 3280 3432 3336 tellus
3473 3281 3622 3338 nullo
3648 3292 3903 3354 poscente

587 3368 837 3424 homines
883 3367 1069 3425 fuisse.
1099 3368 1370 3425 Tenemus
1417 3369 1818 3440 compendium,
1875 3371 1930 3426 in
1964 3379 2190 3427 caeteros

592 3459 816 3529 originis
853 3459 1337 3529 praescriptionem,
1367 3474 1436 3513 ne
1462 3473 1560 3527 per
1599 3460 1839 3530 singulos
1879 3475 2188 3533 evagemur.

587 3551 830 3621 Qualitas
861 3552 1187 3622 posteritatis
1217 3567 1248 3605 a
1274 3551 1607 3622 principibus
1623 3551 1837 3622 generis
1863 3553 2190 3623 ostenditur,

599 3644 846 3700 mortalia
869 3644 938 3700 de
965 3643 1282 3700 mortalibus
1305 3685 1318 3710 ,
1353 3655 1566 3700 terrena
1613 3646 1681 3701 de
1709 3645 1960 3713 terrenis,
1992 3645 2191 3716 gradus

589 3736 657 3793 ad
687 3735 886 3808 gradus
928 3745 1324 3808 comparantur,
1372 3738 1602 3806 nuptim,
1647 3745 1937 3806 conceptus
1979 3739 2188 3795 natales

588 3840 944 3888 cucurrerunt
968 3830 1156 3902 patriae
1185 3830 1363 3900 sedes,
1394 3846 1558 3903 regna
1584 3838 1926 3887 monumenta
1952 3831 2066 3888 1....
2096 3832 2188 3903 qui

592 3934 750 3982 natos
771 3939 877 3980 non
905 3934 1130 3996 possunt
1152 3941 1364 3997 negare,
1394 3933 1635 3982 mortuos
1663 3926 1906 3993 credant,
1931 3929 2022 3998 qui
2045 3943 2191 3984 mor-

586 4028 708 4078 tuos
733 4019 1076 4085 conﬁtentur,
1105 4019 1239 4075 deos
1267 4034 1370 4080 non
1398 4027 1604 4090 putent.
1635 4020 1742 4078 Sed
1770 4022 1914 4077 enim
1942 4021 2189 4078 manifes-

589 4113 658 4168 tis
686 4111 770 4168 vis
798 4127 895 4169 sua
919 4111 1162 4179 adsistit;
1195 4127 1332 4184 quos
1363 4128 1396 4169 a
1422 4113 1718 4185 primordio
1744 4129 1970 4170 non.....
1993 4115 2185 4171 divini-

588 4213 773 4273 tatem,
797 4205 1120 4262 afﬁrmando
1158 4207 1281 4262 illos
1324 4216 1446 4278 post
1489 4215 1716 4264 mortem
1745 4207 1878 4265 deos
1904 4207 2098 4278 factos,
2132 4217 2194 4264 ut
2227 4209 2231 4212 ’

589 4297 780 4367 Varro,
809 4307 862 4354 et
887 4299 979 4370 qui
1017 4313 1141 4355 cum
1170 4314 1235 4354 eo
1277 4299 1700 4356 somniaverunt.
1749 4299 1848 4356 Hic
1883 4301 2044 4372 igitur
2063 4315 2194 4357 con-

587 4389 838 4447 sisto.....
872 4390 1094 4447 alle.....
1127 4389 1180 4446 in
1211 4390 1315 4448 hoc
1343 4407 1540 4449 nomen
1567 4401 1622 4449 et
1645 4407 1842 4449 numen
1863 4435 1878 4460 ,
1911 4399 1968 4450 ut
1998 4394 2051 4449 in
2096 4407 2185 4451 or-

567 4482 769 4540 ‘dinem
814 4486 1165 4554 senatorium,
1343 4496 1522 4542 vestra
1692 4487 1896 4545 cedatis
1935 4490 2049 4560 jam
2098 4504 2192 4548 ne~

587 4591 741 4634 cosse
773 4585 874 4646 est,
907 4577 1141 4650 aliquem
1187 4593 1457 4636 summum
1485 4581 1882 4639 dominatorem
2055 4585 2190 4642 alle-

586 4670 744 4742 gendi
769 4679 1111 4742 potestatem,
1138 4681 1193 4728 et
1213 4675 1365 4745 quasi
1385 4673 1688 4743 Caesarem;
1715 4690 1889 4748 neque
1909 4677 2193 4749 quisquam

587 4764 706 4819 aliis
738 4775 993 4835 praestare
1019 4774 1212 4837 potest,
1239 4768 1330 4839 qui
1358 4782 1464 4823 non
1507 4768 1624 4840 ipse
1663 4768 1988 4826 dominetur.
2021 4768 2194 4828 Caete-

588 4871 709 4914 rum
732 4857 776 4914 si
806 4865 1094 4929 potuerunt
1119 4860 1248 4918 deos
1273 4874 1395 4917 sese
1420 4859 1602 4918 facere
1632 4869 1755 4933 post
1781 4871 2034 4932 mortem,
2057 4877 2159 4921 a...
2178 4903 2194 4921 .

2293 3373 2518 3429 ferebat.
2550 3372 2654 3430 Sed
2685 3372 2872 3428 oderat
2897 3381 3103 3443 patrem
3144 3375 3408 3431 incestum
3434 3375 3555 3445 ejus
3695 3384 3900 3432 castra-

2295 3472 2466 3520 torem
2645 3464 2789 3521 Ecce
2815 3474 2994 3521 autem
3018 3475 3073 3522 et
3099 3467 3214 3537 ipse
3248 3481 3371 3522 cum
3401 3480 3594 3523 sorore
3622 3468 3900 3535 miscetur,

2295 3563 2355 3610 ut
2373 3555 2500 3612 huic
2521 3557 2754 3627 primum
2781 3557 2982 3612 dictum
3007 3567 3189 3629 putem
3221 3576 3234 3612 :
3279 3568 3364 3614 τοῦ
3393 3569 3576 3632 πατρὸς
3604 3571 3659 3616 τὸ
3683 3565 3894 3616 παιδίον.

2298 3646 2426 3702 Tam
2451 3648 2570 3719 pius
2598 3658 2766 3718 pater,
2796 3664 2956 3719 quam
2980 3650 3101 3719 pius
3123 3649 3266 3704 ﬁlius
3295 3666 3514 3705 .......m
3540 3659 3666 3706 tunc
3692 3651 3903 3722 legibus

2295 3748 2562 3811 ageretur,
2609 3741 2660 3794 in
2708 3740 2846 3795 duos
2893 3740 3097 3796 culleos
3135 3740 3308 3796 dividi
3333 3740 3521 3796 Jovem
3549 3741 3903 3798 decuit

2293 3832 2582 3898 dubitaret,
2608 3831 2829 3887 libidine
2853 3831 2923 3886 ab
2949 3832 3158 3887 incesto
3188 3831 3558 3897 corroborata,
3588 3832 3639 3886 in
3664 3831 3899 3901 leviora,

2289 3923 2344 3978 id
2370 3932 2473 3988 est,
2721 3933 2775 3979 et
2821 3933 3003 3995 stupra
3055 3923 3389 3981 diffundere?
3417 3924 3486 3980 de
3526 3939 3633 3995 quo
3677 3927 3896 3995 poetica

2292 4017 2372 4072 sic
2410 4017 2671 4072 lusitavit.
2703 4017 2989 4085 Quomodo
3156 4018 3226 4074 de
3251 4017 3473 4090 fugitivo
3495 4019 3671 4089 palam
3696 4019 3899 4078 factum

2289 4109 2526 4164 solemus
2554 4117 2608 4164 et
2632 4124 2850 4180 operam
2875 4111 2990 4179 ejus
3019 4126 3217 4181 percon
3421 4111 3610 4167 abusui
3629 4113 3901 4168 nundina-

2295 4218 2355 4258 re
2383 4201 2502 4274 (4)?
2524 4191 2686 4258 modo
2714 4201 2768 4256 in
2791 4203 2962 4274 pretia
2989 4203 3218 4258 luxuriae
3244 4218 3369 4259 eum
3394 4203 3676 4274 ﬁgurando
3809 4205 3909 4261 bo-

2296 4308 2416 4350 vem
2447 4301 2538 4349 aut
2567 4293 2795 4364 pretium
2823 4293 2976 4350 bovis
2998 4295 3303 4364 pensaverit
3323 4336 3338 4361 ,
3369 4304 3423 4349 et
3454 4295 3681 4350 imbrem
3709 4291 3925 4366 pergu-'

2296 4389 2362 4444 lis
2500 4388 2707 4444 aditum
2730 4389 2958 4459 pecunia
2987 4387 3227 4459 ruperit?
3259 4387 3422 4442 modo
3442 4389 3494 4442 in
3527 4387 3908 4445 similitudines

2295 4490 2509 4538 actuum
2541 4481 2762 4551 ip.......
2791 4481 2863 4535 im
2885 4521 2901 4546 ,
2957 4482 3050 4552 qui
3080 4481 3281 4550 rapuit,
3316 4494 3570 4552 cycnum,
3597 4480 3682 4550 qui
3711 4489 3907 4536 canta-

2295 4582 2467 4630 verat.
2497 4572 2646 4629 Adeo
2673 4586 2781 4627 non
2804 4571 2996 4628 fabulae
3019 4572 3136 4628 istae
3163 4579 3290 4626 sunt
3319 4571 3387 4626 de
3411 4569 3464 4626 fa
3716 4571 3803 4643 sit
3833 4587 3906 4629 an

2299 4683 2406 4724 non
2438 4668 2606 4723 lasciv
2907 4682 2972 4720 na
2998 4665 3301 4734 hominum,
3327 4679 3464 4736 quos
3708 4666 3908 4723 emissa

2292 4768 2404 4837 jam
2429 4762 2637 4835 pridem
2664 4777 2695 4817 a
2718 4762 2824 4818 ﬁde
2853 4776 2950 4831 per
2978 4761 3092 4816 incr
3303 4775 3414 4815 non
3444 4759 3698 4815 estnobis
3719 4768 3908 4816 exten-

2296 4860 2411 4918 sius
2433 4855 2720 4929 agendum.
2775 4854 2832 4912 Si
2872 4855 3018 4912 enim
3057 4864 3112 4912 et
3154 4869 3411 4911 re........
3439 4853 3595 4925 pibus
3624 4861 3680 4909 et
3719 4866 3909 4923 prose-

1819 4991 2203 5058 LECTIONES
2242 4989 2650 5056 VABIANTES.

654 5105 724 5174 (1)
760 5108 843 5174 [tu
863 5107 912 5156 It.
943 5108 975 5160 ι.
1003 5107 1153 5174 restit.
1174 5121 1242 5174 ea;
1259 5105 1461 5174 Apolog.
1481 5107 1565 5174 ω.

2356 5107 2423 5174 μ)
2465 5105 2591 5174 ῌαυ.
2618 5104 2683 5155 ad
2718 5104 2922 5174 Apolog.
2961 5104 3075 5155 0.2.
3104 5103 3373 5174 Quomodo,
3403 5101 3680 5174 quandode
3702 5099 3913 5174 fugitivo

655 5167 721 5232 (2)
756 5171 1043 5239 ﬂauere-.ac
1060 5167 1507 5239 Apot._10.'eme'nd.
1531 5170 1746 5222 Proinde
1763 5171 1971 5224 Saturno
1985 5185 2184 5239 semper
2287 5167 2446 5239 palam
2475 5167 2920 5239 fac-trimusolcmus
2943 5174 2996 5219 et
3018 5179 3224 5232 operam
3264 5167 3374 5230 ejus
3415 5167 3750 5230 percontando
3786 5167 3912 5217 abu-

587 5244 751 5298 egeno
769 5241 828 5298 et
850 5235 1112 5298 repentiue
1138 5235 1344 5298 ubique,
1359 5241 1464 5298 etc.

654 5293 718 5362 (5]
759 5296 874 5362 Leg.
905 5293 1000 5361 Qua
1021 5297 1087 5348 ita
1110 5293 1261 5348 rudes
1281 5295 1627 5360 —-Iiominum,
1651 5302 1705 5347 ut
1728 5295 1869 5360 (alii:
1891 5298 1963 5364 et)
1989 5306 2087 5352 etc.

2290 5230 2369 5288 sui
2387 5230 2662 5283 nundinare
2686 5231 2710 5281 ?

1964 5379 2531 5448 COMMENTARIUS.

772 5499 894 5554 Inde
915 5500 1157 5568 diligenti
1180 5503 1357 5554 mansit
1379 5501 1604 5555 Saturnia
1627 5513 1824 5554 nomen.

591 5611 992 5682 Urbemautem
1018 5611 1216 5668 dictam
1261 5609 1424 5668 fuisse
1469 5603 1776 5668 Saturniam
1827 5608 2075 5682 Ifirgilius
2102 5621 2185 5668 te-

586 5681 988 5737 staturIEueid.
1021 5684 1152 5738 VIII.
1182 5699 1210 5738 a
1239 5683 1472 5740 Saturno
1493 5682 1785 5740 conditam.
1815 5680 1966 5738 Hanc
1994 5683 2187 5739 Satur-

590 5766 689 5805 nus
725 5752 952 5804 condidit
978 5753 1173 5807 urbem.
1205 5754 1283 5808 Lit
1315 5755 1413 5809 Ριι.

595 5909 609 5921 .
664 5840 741 5921 (τι)
767 5839 936 5921 Terra:
957 5843 1089 5921 ﬁlios
1106 5846 1423 5921 jactitantui.
1443 5845 1908 5921 Quorum_._s_cilicet
1925 5854 2016 5900 aut
2039 5847 2192 5921 origo

595 5913 776 5977 ignota
812 5917 897 5971 est
922 5921 1017 5971 aut
1043 5913 1243 5979 incerta
1266 5954 1284 5989 ,
1313 5916 1352 5978 ii
1375 5915 1560 5981 Terrae
1580 5925 1638 5978 et
1660 5916 1781 5980 Filii
1800 5925 1856 5974 et
1880 5931 2075 5984 νηκωιϊσ
2117 5913 2197 5986 di-

2293 5507 2504 5557 cuntur.
2523 5496 2602 5553 Le
2623 5495 2720 5552 Pa.
3084 5520 3101 5536 ι

2373 5571 2452 5640 (b)
2494 5568 2602 5624 Illa
2639 5567 2827 5640 scilicet
2871 5565 3096 5638 Sibylla.
3129 5563 3327 5640 veram
3352 5563 3716 5640 etvcridicam
3746 5560 3911 5620 fuisse

2291 5636 2738 5726 illam._.Sibyllam
2781 5639 2857 5695 ait
2906 5636 3029 5711 post
3070 5638 3270 5698 multos
3299 5636 3580 5695 Juvenalis
3607 5645 3811 5692 etcum
3841 5645 3910 5691 eo

2297 5713 2650 5835 mﬁmtEredit
2672 5796 2752 5833 me
2770 5782 2909 5834 vobis
2933 5781 3100 5834 folium
3122 5784 3340 5833 recitare
3362 5780 3575 5835 sibyllae.
3601 5779 3674 5831 Le
3695 5778 3790 5828 Pa.

2308 5908 2328 5925 ﬁ
2366 5847 2441 5919 (ε)
2483 5845 2596 5925 Veri
2622 5863 2737 5925 vera
2761 5857 2917 5925 vates.
2952 5850 3208 5925 Arrianus
3229 5845 3399 5912 Epict.
3423 5841 3511 5925 lI-l‘.
3543 5844 3612 5900 de
3629 5841 3902 5916 Apolline.

2294 5915 2610 5996 ὁσέέμρντις
2638 5919 2763 5981 εἶναι
2790 5921 2873 5978 καὶ
2892 5928 3029 5988 πηγὴ
3057 5932 3144 5986 τῆς
3167 5923 3425 5985 ἀληὲιίρις.
3459 5915 3575 5974 R16.
