4252 6264
356 401 464 464 605

1633 393 1727 453 AD
1763 385 2106 453 NATIONES
2141 387 2270 452 LIB.
2305 395 2371 452 ll.

3551 397 3666 460 800

354 515 714 577 minatoribus
741 513 854 572 suis
879 520 1086 571 morata
1110 513 1261 586 plebs
1289 511 1477 571 eadem
1726 517 1915 565 natura
1936 548 1950 575 ,
1980 505 2033 568 Α.
2063 519 2178 568 tore
2210 512 2495 584 peregrino
2520 513 2763 587 deliquit.
2795 514 2982 573 eadem
3012 513 3304 584 oblivione,
3323 515 3430 571 imo
3467 530 3656 573 amen-

357 613 482 669 alibi
505 609 792 667 auctoritas
819 607 1064 680 exigebat
1094 606 1498 664 similitudinem
1528 617 1738 660 morum

359 711 559 778 quanto
585 703 844 771 deterior,
876 703 966 774 qui
993 716 1100 758 non
1131 700 1362 757 melior?
1388 700 1598 771 privato
1628 697 1771 754 enim
1801 695 1957 752 titulo

356 797 544 854 Jovem
574 795 974 868 optimum......
1014 794 1082 850 tis
1106 837 1119 860 ,
1148 801 1202 850 et
1228 800 1310 850 est
1337 792 1544 864 Virgilii
1591 806 1775 863 aequus
1805 789 1958 862 Jupi-

357 901 441 948 ter
486 891 739 962 optimus.
797 887 1030 945 Proinde
1079 888 1267 944 incesti
1299 887 1352 942 in
1393 900 1556 954 suos,
1587 883 1847 956 impudici
1901 884 1958 938 in

357 992 649 1040 extraneos
673 1023 688 1049 ,
725 981 872 1052 impii
898 1022 914 1049 ,
944 980 1128 1051 injusti
1149 1022 1162 1046 ,
1185 980 1270 1036 cui
1297 979 1500 1035 nullam
1527 979 1794 1050 insignem
1825 974 1958 1032 inter

355 1077 518 1132 miam
549 1075 721 1132 tabula
749 1075 1082 1146 reliquit.....
1115 1075 1248 1132 deus
1265 1073 1379 1131 ﬁeri
1410 1088 1515 1130 non
1542 1072 1643 1129 fuit
1668 1072 1881 1144 dignus.

429 1168 518 1223 14.
552 1167 656 1224 Sed
683 1167 935 1239 quoniam
966 1167 1103 1224 alios
1129 1182 1377 1225 seorsum
1405 1166 1593 1221 volunt
1619 1165 1672 1220 in
1695 1164 1952 1220 divinita-

354 1271 462 1316 tcm
487 1261 554 1316 ab
574 1260 884 1318 hominibus
911 1270 1157 1333 receptos
1177 1303 1192 1329 ,
1216 1268 1271 1317 et
1292 1259 1546 1330 distingui
1574 1260 1715 1314 inter
1743 1259 1954 1314 nativos

354 1367 406 1413 et
429 1357 599 1413 faetos
621 1357 918 1414 secundum
948 1356 1261 1428 Dionysium
1288 1353 1527 1412 Stoicum
1557 1397 1572 1422 ,
1603 1353 1672 1410 de
1693 1353 1792 1409 ista
1818 1365 1948 1425 quo-

353 1465 460 1520 que
485 1449 666 1519 specie
713 1449 982 1520 adjiciam.
1032 1449 1108 1504 De
1152 1449 1268 1518 ipso
1296 1447 1512 1519 quidem
1546 1445 1945 1502 Hercule.......

354 1557 438 1597 ma
465 1542 838 1612 responsionis
857 1583 871 1606 ,
913 1556 982 1595 an
1007 1541 1202 1611 dignus
1231 1539 1371 1596 cmlo
1423 1549 1476 1595 et
1503 1539 1782 1595 divinitate
1809 1580 1824 1605 ,
1871 1540 1950 1595 sic

353 1632 492 1688 enim
526 1647 626 1702 pro
675 1647 832 1686 va....
862 1632 1068 1686 meritis
1096 1631 1353 1686 addicunt
1381 1630 1761 1686 divinitatem?
1791 1629 1848 1685 Si
1877 1631 1952 1687 ob

351 1725 626 1789 virtutem,
649 1724 791 1795 quod
814 1723 954 1779 feras
980 1731 1202 1778 constan
1222 1723 1521 1794 ...rit,quid
1544 1733 1651 1779 tam
1679 1736 1948 1778 memora-

356 1817 489 1872 bile?
514 1829 693 1871 nonne
720 1815 848 1870 ludo
875 1814 1067 1885 puniti,
1096 1815 1178 1870 vel
1207 1816 1366 1870 etiam
1385 1815 1521 1869 ad...
1546 1815 1950 1886 arenarima'ili-

350 1909 480 1964 tatis
509 1908 770 1979 plurimas
803 1907 854 1961 in
897 1921 1062 1961 unum
1092 1948 1104 1970 ,
1134 1914 1190 1962 et
1217 1906 1434 1977 quidem
1463 1905 1817 1962 studiosiores
1858 1890 1894 1963 ,ξ

311 2003 316 2006 ’
348 2002 520 2058 ciunt.
543 2001 598 2057 Si
627 2001 695 2056 ob
721 2009 1063 2072 peragratam
1103 2000 1290 2056 orbem
1313 2042 1326 2065 ,
1367 2001 1581 2072 quantis
1615 2000 1679 2054 ad
1709 2000 1949 2071 locuple-

351 2096 492 2152 tibus
512 2094 684 2150 dulcis
831 2101 940 2160 tas,
964 2103 1055 2148 aut
1078 2093 1411 2163 philosophis
1433 2092 1767 2148 famulateria
1792 2108 1947 2147 men-

350 2189 542 2244 dicitas
572 2187 711 2242 idem
742 2186 1036 2257 praestitit?
1062 2185 1176 2242 Non
1226 2186 1616 2252 meminerunt,
1667 2184 1945 2255 Asclepia-

349 2283 476 2339 dem
497 2281 752 2354 Cynicum
781 2279 940 2336 unica
969 2281 1188 2336 vaccula
1214 2323 1228 2347 ,
1249 2280 1403 2350 cujus
1441 2289 1495 2335 et
1522 2279 1685 2335 dorso
1712 2279 1945 2333 veheba-

352 2383 447 2432 tur
467 2417 482 2440 ,
513 2384 566 2429 et
592 2374 634 2428 si
657 2372 869 2444 quando
895 2373 1061 2428 ubere
1086 2371 1329 2442 alebatur
1349 2413 1362 2437 ,
1381 2370 1564 2426 orbem
1587 2380 1754 2426 totum
1777 2371 1947 2426 oculis

350 2466 674 2538 subegisse?
711 2467 884 2523 Si.....
913 2468 1074 2522 etiam
1103 2465 1170 2521 ad
1221 2465 1421 2522 inferos
1465 2465 1624 2531 adiit,
1680 2466 1800 2536 quis
1848 2465 1948 2521 hoc

351 2559 576 2625 nesciat,
600 2559 735 2613 viam
752 2557 816 2613 ad
838 2557 1037 2614 inferos
1051 2558 1196 2613 omni
1222 2573 1450 2614 .......as
1469 2559 1948 2629 plurimas........s

350 2655 439 2712 ille
464 2654 754 2726 Pompeius
1025 2653 1112 2724 qui
1145 2668 1244 2709 nec
1271 2653 1473 2709 hostias
1519 2652 1746 2707 al......n
1784 2667 1946 2708 unum

351 2747 603 2822 agnulum
646 2746 829 2817 Byrsae
883 2746 1282 2803 Cartha.....rc.
1325 2745 1444 2815 Quo
1491 2746 1661 2818 magis
1729 2746 1940 2817 Scipio,

349 2857 504 2913 quam
549 2841 832 2909 Herculis,
860 2840 1068 2896 0b....ti
1117 2841 1444 2911 deputatur?
1487 2840 1716 2910 Adjicite
1769 2841 1945 2910 potius

352 2935 489 2990 tituli
519 2934 1039 2991 Hercula.......rum
1058 2977 1074 3002 ,
1103 2947 1331 2989 uxorum
1354 2976 1368 3001 ,
1398 2942 1452 2988 et
1478 2930 1634 2988 ftetas
1662 2930 1898 2988 Omfalcs
1926 2971 1941 2996 ,

348 3035 400 3082 et
426 3026 493 3082 ob
522 3025 706 3083 decori
737 3025 885 3096 pueri
913 3025 1134 3080 amissio
1255 3023 1526 3080 desertam
1555 3022 1801 3077 militiam
1844 3023 1946 3076 Ar-

347 3127 720 3190 gonautarum.
758 3117 988 3188 Adjicite
1030 3115 1095 3172 ad
1137 3117 1360 3187 gloriam
1415 3121 1537 3186 post
1583 3115 1942 3186 turpi....am,

1976 1923 2026 1987 B
2052 1911 2184 1966 tium
2211 1909 2631 1982 Septemontium
2673 1911 2844 1985 (0)....

2059 606 2150 670 tia,
2184 619 2302 677 quae
2331 609 2466 678 patri
2493 623 2681 664 caussa
2712 610 2900 665 mortis
2930 608 3048 665 fuit.

2133 700 2220 755 15.
2254 701 2494 772 Longum
2526 701 2666 759 foret
2692 717 2973 760 recensere
3016 702 3178 759 etiam
3205 701 3275 758 de
3301 702 3406 758 illis
3435 716 3570 774 quos
3601 703 3666 768 in.

2058 794 2234 851 sidera
2254 795 2546 866 sepelistis,
2579 804 2634 851 et
2661 795 2935 852 audaciter
2960 795 3114 851 dei...
3140 795 3314 851 tratis.
3341 795 3432 852 Sic
3462 797 3661 866 opinor

2059 887 2202 958 digni
2227 887 2296 944 de
2333 889 2474 944 coelo
2501 888 2754 945 Castores
2779 898 2832 944 et
2874 889 3104 945 Perseus
3128 896 3184 944 et
3221 887 3482 959 Erigone,
3525 904 3661 959 qued

2059 981 2404 1048 madrnodum
2443 990 2496 1038 et
2543 981 2690 1039 Jovis
2719 983 2981 1054 expletus.
3011 982 3116 1039 Sed
3146 982 3272 1054 quid
3311 983 3660 1039 mirandum?

2057 1074 2218 1130 etiam
2263 1088 2426 1130 canes
2469 1082 2526 1132 et
2567 1076 2810 1147 scorpios
2855 1089 3078 1133 cancros
3109 1076 3160 1131 in
3189 1079 3383 1133 coelum
3423 1085 3660 1133 transtu—

2059 1168 2215 1224 listis.
2249 1167 2446 1225 Diﬂ'ero
2473 1169 2539 1226 de
2568 1169 2652 1226 his
2681 1184 2816 1242 quos
2846 1171 2900 1226 in
2945 1172 3272 1228 oraculis...
3318 1177 3371 1227 e't
3417 1171 3658 1227 testimo-

2058 1261 2206 1316 nium
2261 1261 2346 1317 hic
2383 1261 2581 1331 divini,
2611 1261 2699 1335 qui
2731 1271 2787 1320 et
2812 1263 3041 1319 tristitiae
3085 1263 3217 1320 deos
3260 1265 3490 1319 arbitros
3536 1277 3660 1320 esse

2059 1355 2310 1410 vnltis....
2355 1356 2510 1421 dius,
2566 1357 2657 1427 qui
2706 1357 2939 1412 animam
2970 1371 3199 1428 corpore
3240 1357 3453 1422 viduet,
3494 1371 3656 1428 quem

2059 1449 2196 1504 intra
2228 1462 2412 1504 muros
2439 1448 2580 1504 cludi
2611 1463 2716 1504 non
2749 1449 3110 1520 permittendo
3158 1449 3472 1505 damnastis.
3519 1449 3656 1504 Item

2056 1540 2302 1596 Caeculus
2327 1583 2341 1608 ,
2369 1541 2458 1612 qui
2487 1541 2672 1596 oculos
2702 1557 2862 1596 sensu
2894 1543 3144 1597 exani....~
3173 1540 3384 1596 Orbana
3413 1583 3426 1605 ,
3457 1555 3573 1610 quae
3600 1540 3652 1594 in

2054 1634 2340 1689 orbitatem
2369 1635 2576 1690 semina
2608 1635 2939 1705 exstinguat,
2979 1643 3032 1688 et
3078 1635 3244 1704 ipsius
3282 1634 3555 1688 Mortis....
3585 1631 3656 1687 Ut

2054 1735 2251 1781 caetera
2280 1725 2642 1792 transvolem,
2676 1725 2835 1781 etiam
2878 1724 3118 1780 locorum
3166 1725 3345 1792 urbis,
3387 1723 3471 1779 vel
3502 1724 3654 1792 loca,

2053 1816 2184 1872 deos
2209 1833 2360 1872 ar....
2391 1826 2598 1887 patrem
2621 1859 2634 1885 ,
2668 1828 2722 1872 et
2759 1815 2880 1871 diva
2912 1816 3109 1887 Arquis
3139 1824 3191 1870 et
3233 1814 3378 1870 Lana
3408 1825 3462 1870 et
3500 1829 3656 1870 mon.

2901 1911 2976 1966 illi
3010 1910 3231 1976 faciunt,
3259 1910 3350 1981 qui
3381 1911 3433 1964 in
3465 1908 3653 1964 iisdem

2053 2006 2184 2062 locis
2229 2019 2350 2060 aras
2389 2005 2472 2061 vel
2519 2005 2663 2061 aedes
2701 2004 2935 2071 habent,
2977 2012 3330 2075 pra:terea....
3381 2003 3433 2056 in
3479 2001 3655 2056 alieno

2050 2097 2171 2152 loco
2219 2105 2312 2151 aut
2351 2095 2686 2152 mercedibus
2736 2095 2996 2150 habitant.
3041 2095 3218 2151 Taceo
3263 2094 3650 2148 Ascensum....

2050 2188 2430 2245 etLevicolam
2468 2188 2548 2260 (Ξ)
2592 2204 2620 2244 a
2661 2189 2847 2254 clivis;
2907 2197 3058 2244 taceo
3115 2187 3248 2243 deos
3291 2185 3576 2241 Ferculum
3621 2199 3653 2240 a

2048 2281 2276 2350 foribus,
2309 2292 2364 2339 et
2386 2282 2646 2339 Cardeam
2669 2298 2700 2338 a
2725 2282 3058 2350 cardinibus,
3090 2291 3143 2337 et
3172 2281 3414 2337 liminum
3436 2279 3654 2334 Limen-

2053 2377 2220 2431 tinum
2242 2418 2256 2442 ,
2287 2377 2400 2431 sive
2427 2377 2518 2446 qui
2558 2375 2644 2431 alii
2689 2377 2828 2432 inter
2855 2377 3060 2432 vicinos
3090 2390 3250 2446 ap....
3283 2389 3410 2429 num
3442 2373 3652 2427 Janito.

2050 2481 2168 2523 rum
2196 2467 2506 2523 adorantur.
2531 2466 2668 2534 Quid
2696 2468 2842 2524 enim
2870 2467 3158 2539 magnum?
3183 2481 3304 2521 cum
3343 2475 3398 2520 et
3424 2465 3655 2522 habeant

2051 2561 2104 2616 in
2131 2559 2475 2632 lupanaribus
2498 2602 2513 2629 ,
2538 2560 2588 2615 in
2612 2558 2803 2616 culinis
2826 2603 2840 2627 ,
2872 2570 2926 2616 et
2955 2561 3006 2614 in
3037 2561 3145 2614 imo
3171 2574 3419 2625 carcere;
3445 2558 3512 2612 in,

2052 2654 2230 2725 itaque
2272 2667 2530 2724 propr....
2573 2653 2801 2724 aliisque
2844 2653 3208 2709 Romanorum
3255 2652 3406 2718 deis,
3460 2652 3651 2723 quibus

2051 2748 2214 2803 totius
2262 2747 2383 2802 vita:
2428 2746 2605 2803 ofﬁcia
2645 2746 3061 2814 distribuuntur,
3112 2746 3308 2811 taliter,
3353 2753 3411 2798 ut
3441 2743 3651 2800 czeteris

2052 2843 2166 2899 deis
2205 2856 2342 2913 opus
2367 2855 2475 2896 non
2506 2841 2594 2896 sit.
2638 2839 2750 2894 imo
2772 2855 2895 2895 cum
2937 2839 3182 2911 privatim
3213 2839 3354 2909 apud
3379 2837 3652 2892 Romanos

2050 2933 2390 3004 deputentur,
2436 2947 2572 3004 quos
2615 2946 2776 3003 supra
2817 2931 3169 3002 signavimus,
3208 2945 3308 2986 nec
3334 2928 3489 2985 facile
3520 2928 3650 2984 foris

2049 3024 2283 3096 cogniti,
2325 3024 2595 3095 quomodo
2623 3038 2684 3078 ea
2730 3023 2910 3077 omnia
2952 3022 3071 3076 illos
3104 3036 3339 3092 praeesse
3369 3021 3651 3076 voluerunt

2050 3119 2103 3175 in
2133 3120 2278 3175 omni
2305 3131 2502 3188 genere
2545 3115 2810 3180 humano,
2862 3123 2917 3170 et
2961 3114 3015 3169 in
3061 3114 3207 3168 omni
3245 3121 3405 3183 gente
3455 3127 3649 3180 prove-

348 3213 504 3268 etiam
558 3213 723 3267 furias
764 3213 917 3282 ejus;
950 3220 1228 3266 auctorate
1259 3211 1523 3280 sagittas,
1553 3225 1672 3280 qua:
1703 3209 1844 3263 ﬁlios
1886 3215 1946 3262 et
1995 3275 2008 3282 1
2048 3214 2234 3278 nium;
2289 3211 2378 3265 ubi
2424 3207 2633 3280 pra:ch
2663 3222 2884 3275 eorum,
2925 3221 3034 3261 non
3063 3204 3224 3260 modo
3265 3203 3505 3270 honore,
3553 3202 3648 3258 sed

347 3320 661 3360 uxorcm....
694 3313 852 3360 erunt
872 3321 886 3369 ;
905 3304 993 3373 qui
1025 3313 1148 3358 tunc
1177 3303 1385 3374 dignius
1415 3316 1546 3373 rogo
1567 3317 1686 3357 sese
1709 3303 1940 3372 irrogas-
1969 3275 2016 3351 (ἶ
2049 3304 2162 3375 ipsa
2204 3315 2414 3374 quoque
2443 3299 2622 3355 notitia
2653 3307 2858 3354 carent.
2888 3296 2994 3352 Sed
3021 3296 3166 3351 enim
3197 3294 3413 3367 quidam
3444 3294 3650 3350 fructus

345 3407 432 3452 set
463 3413 574 3466 prae
620 3396 802 3452 dolore
851 3396 1155 3467 parti.......
1205 3395 1305 3463 Qui
1338 3397 1519 3449 uxoris
1549 3396 1620 3450 ob
1668 3395 1944 3449 lasciviam

344 3489 577 3546 venenis
601 3489 992 3547 circumventus
1023 3489 1193 3561 magis
1235 3502 1379 3545 metu
1519 3489 1740 3545 honesta
1771 3498 1945 3544 morte

344 3594 673 3642 moreretur.
709 3585 858 3642 Hunc
889 3601 987 3641 vos
1035 3585 1104 3641 de
1144 3600 1275 3657 pyra
1301 3584 1356 3640 in
1385 3584 1580 3641 cretum
1631 3583 1786 3639 suble
1818 3597 1944 3638 ....a

346 3681 604 3736 facilitate
627 3722 640 3746 ,
671 3694 771 3751 qua
800 3691 854 3737 ct
878 3681 1044 3736 alium
1077 3679 1214 3750 ignis
1242 3687 1298 3736 et
1318 3679 1483 3735 divini
1505 3677 1830 3742 confectum,
1851 3676 1942 3748 qui

346 3788 511 3842 pauca
541 3788 641 3828 e...
675 3773 886 3844 ingenia
916 3781 1253 3828 commentus
1273 3814 1286 3839 ,
1314 3771 1595 3828 dicebatur
1615 3781 1858 3827 mortuos
1875 3769 1943 3825 ad

345 3866 504 3920 vitam
537 3879 819 3921 recurasse
933 3864 1093 3932 illius,
1131 3874 1238 3919 tam
1271 3863 1455 3931 homo,
1487 3877 1644 3934 quam
1671 3861 1818 3920 Iovis
1847 3878 1946 3920 ne-

344 3973 461 4029 pos,
480 3956 693 4016 Saturni
725 3971 991 4028 pronepos
1136 3955 1349 4027 spurius
1377 3963 1433 4010 ut
1454 3953 1659 4011 incerto
1677 3966 1851 4027 patre,
1885 3963 1946 4011 ut

343 4051 574 4120 Argivus
596 4051 846 4106 Socrates
866 4051 1059 4106 detulit
1255 4057 1552 4120 repertum,
1585 4050 1792 4123 turpius
1810 4049 1946 4106 Jove

342 4143 649 4207 educatum,
672 4136 864 4198 canino
881 4144 1088 4199 scilicet
1109 4142 1271 4198 ubere
1459 4152 1616 4196 nemo
1642 4151 1837 4211 negare
1855 4153 1944 4210 po-

343 4245 480 4301 test;
501 4234 720 4291 fulmine
740 4235 963 4292 haustus
988 4245 1090 4292 est.
1117 4235 1287 4291 Malus
1306 4234 1702 4306 Jupiter,...sus
1728 4243 1808 4290 est
1837 4233 1939 4306 (l),

344 4329 542 4400 impius
562 4330 615 4385 in
631 4339 900 4400 nepotem,
921 4329 1129 4385 invidus
1148 4331 1200 4385 in
1222 4329 1498 4386 artiﬁcem.
1515 4329 1619 4386 Sed
1635 4330 1777 4385 enim
1801 4328 1937 4400 pin..

347 4466 361 4479 .
373 4464 383 4476 .
395 4463 410 4478 .
422 4464 435 4478 .
449 4438 555 4479 .um
569 4424 684 4495 ejus
694 4438 800 4480 non
818 4423 1126 4491 occultavit,
1143 4424 1487 4496 cupiditatem
1499 4433 1553 4481 et
1567 4424 1845 4480 avaritiam
1867 4425 1943 4479 lu-

341 4517 776 4588 cri...atam,qua
794 4517 1112 4588 quidemille
1125 4518 1271 4573 vivos
1289 4517 1354 4573 ad
1371 4527 1621 4584 mortem,
1640 4531 1745 4573 non
1764 4525 1941 4572 mortu

472 4613 910 4682 prtevaricatione
935 4613 1141 4668 venalis
1177 4611 1460 4668 medicinae
1490 4612 1700 4684 agebat.
1738 4607 1941 4668 Dicitur

341 4705 503 4759 etiam
523 4713 696 4760 mater
707 4705 824 4775 ejus
839 4704 1030 4760 eodem
1042 4703 1381 4771 casuobisse;
1402 4705 1595 4760 merito
1609 4740 1621 4756 .
1635 4715 1790 4758 ..sam
1813 4717 1886 4758 m.
1900 4745 1910 4757 .
1924 4743 1938 4759 .

341 4799 568 4855 bestiam
597 4797 846 4856 ediderat
867 4797 1054 4854 iisdem
1095 4797 1247 4869 quasi
1277 4797 1436 4853 scalis
1474 4796 1542 4851 ad
1582 4796 1775 4853 caelum
1821 4811 1943 4851 eru-

343 4896 508 4964 pisse.
549 4891 619 4948 Et
655 4900 836 4948 tamen
885 4891 1246 4947 Athenienses
1295 4889 1470 4945 scient
1515 4887 1778 4959 ejusmodi
1824 4889 1942 4945 deis

342 4985 667 5041 sacriﬁcare.
699 4985 833 5040 Nam
862 4982 1175 5055 Esculapio
1217 4990 1274 5039 et
1309 4981 1466 5038 matri
1516 4981 1657 5038 inter
1701 4991 1943 5038 mortuos

341 5087 647 5150 parentant,
679 5078 832 5150 quasi
877 5093 985 5134 non
1012 5087 1066 5134 et
1089 5077 1191 5150 ipsi
1232 5077 1442 5133 Thesea
1487 5091 1641 5132 suum
1681 5075 1941 5134 adorent:

340 5173 544 5231 Men...
585 5173 778 5242 deum,
827 5172 918 5246 qui
946 5173 1047 5230 nisi
1073 5172 1525 5231 conservatricem
1557 5188 1710 5231 suam
1750 5177 1804 5232 in
1858 5180 1945 5237 lit—

2049 3405 2103 3452 et
2127 3395 2431 3450 necessaria
2461 3392 2625 3447 victui
2654 3390 3197 3447 demonstraverunt?

2121 3486 2208 3542 16.
2252 3485 2446 3554 Qumso
2485 3498 2582 3538 vos
2607 3524 2621 3550 ,
2654 3497 2774 3537 cum
2805 3481 2982 3537 dicitis
3025 3481 3296 3537 invenisse
3339 3481 3494 3550 illos,
3540 3496 3648 3538 non

2048 3578 2376 3638 conﬁtemini
2407 3578 2553 3649 prius
2583 3575 2745 3632 fuisse
2789 3590 2908 3646 quae
2949 3574 3340 3630 invenirentur.
3373 3573 3483 3630 Cur
3519 3589 3649 3644 ergo

2047 3691 2154 3732 non
2184 3684 2460 3730 auctorem
2479 3670 2655 3743 p0tius
2683 3669 2978 3736 honoratis,
3009 3669 3163 3740 cujus
3188 3667 3305 3724 haec
3330 3669 3470 3724 dona
3499 3677 3644 3736 sunt,

2048 3768 2143 3824 sed
2165 3776 2435 3823 auctorem
2461 3763 2761 3820 transfertis
2791 3763 2844 3818 in
2863 3762 3272 3832 repertores?...
3302 3775 3462 3832 quam
3495 3762 3647 3818 inve-

2048 3865 2236 3927 nisset,
2271 3861 2452 3932 utique
2479 3859 2683 3915 auctori
2724 3857 2924 3930 gratias
2945 3857 3074 3928 egit,
3105 3857 3287 3926 utique
3313 3856 3461 3912 illum
3488 3856 3648 3912 deum

2046 3957 2345 4022 sensit;....
2394 3952 2749 4008 ministerium
2797 3949 3151 4016 institutoris;
3200 3965 3230 4003 a
3276 3965 3383 4020 quo
3438 3960 3492 4004 et
3536 3950 3649 4020 ipse

2045 4053 2321 4108 inerti-tutus
2347 4057 2431 4104 est
2460 4046 2551 4119 qui
2578 4045 2873 4102 invenit....
2905 4057 3026 4100 sum
3067 4043 3212 4114 quod
3257 4043 3645 4100 invenirentur.

2045 4142 2233 4200 Ficum
2277 4139 2500 4196 viridem
2552 4135 2739 4192 Romze
2790 4148 2950 4190 nemo
3000 4143 3315 4190 noverat....
3377 4150 3464 4189 um
3515 4135 3648 4190 Cato

2046 4237 2254 4294 senatui
2284 4233 2493 4298 intulit;
2522 4239 2581 4285 ut
2618 4244 2723 4300 quo
2743 4228 2853 4300 jam
2885 4226 3160 4298 provincia
3204 4226 3414 4283 hostilis
3468 4237 3648 4294 esset;

2046 4328 2132 4385 cui
2159 4327 2352 4382 sub....
2381 4337 2595 4392 semper
2623 4319 2855 4376 instabat
2875 4317 3225 4387 exprimeret.
3257 4317 3514 4375 Cerasum
3544 4318 3645 4375 Cn.

2048 4421 2336 4492 Pompeius
2364 4418 2433 4473 de
2458 4417 2630 4471 Ponto
2660 4414 2835 4485 (3)....
2867 4410 3032 4467 italia-3
3060 4410 3416 4481 provulgavit.
3447 4412 3648 4467 Potue-

2046 4524 2174 4574 runt
2231 4511 2361 4568 mihi
2416 4521 2678 4565 novorum
2738 4503 2878 4575 apud
2932 4503 3207 4559 Romanos
3272 4517 3662 4572 pomorum.....

2045 4612 2220 4667 ruisse
2249 4603 2578 4678 praeconium
2604 4598 2922 4656 divinitatis.
2947 4597 3078 4652 Tam
3107 4611 3304 4651 vanum
3337 4595 3460 4661 hoc,
3486 4586 3664 4665 quam

2047 4706 2301 4761 etiam...
2343 4703 2646 4754 commenta
2677 4693 2808 4748 deos
2833 4690 3055 4755 haberi;
3097 4689 3291 4760 quibus
3336 4689 3382 4743 si
3426 4702 3649 4758 compa-

2046 4805 2232 4854 rentur
2282 4801 2480 4848 nustra:
2529 4787 2790 4843 muttis..."
2839 4799 2874 4838 o
2909 4781 3123 4852 dignius
3172 4780 3437 4850 posteris,
3486 4795 3649 4851 quam

2049 4888 2318 4962 prioribus
2367 4879 2703 4940 consecratio
2750 4874 3189 4946 competisset....
3219 4887 3289 4928 on
3317 4873 3368 4927 in
3399 4873 3650 4931 omnibus

2041 4985 2155 5056 jam
2195 4978 2436 5037 artificiis
2472 4972 2762 5044 antiquitas
2788 4966 3054 5035 exolevit,
3085 4983 3186 5023 usu
3215 4966 3528 5038 quotidiano
3564 4965 3649 5022 in-

2048 5086 2291 5136 struente
2306 5073 2615 5137 novitatem;
2645 5077 2804 5138 atque
2818 5063 2953 5121 adeo
2973 5075 3107 5134 quos
3120 5061 3190 5117 ob
3211 5068 3353 5116 artes
3367 5059 3595 5116 sanctiﬁ.
3607 5097 3646 5116 ..

2049 5179 2104 5236 in
2124 5176 2254 5248 ipsis
2281 5169 2484 5226 artibus
2506 5171 2562 5221 et
2582 5167 2882 5236 provocans
2904 5157 2959 5213 in
2983 5151 3566 5225 :emulisinsupcratos.

1553 5287 1848 5348 LECTION
1855 5292 1936 5352 ES
1973 5293 2064 5352 VA
2074 5287 2392 5350 RIANTES.

333 5401 350 5468 ξ
403 5397 476 5509 (ιι
715 5399 904 5452 emend.
931 5399 1376 5476 btal_us.lupiter,si
1399 5399 1601 5453 fulmem
1637 5404 1789 5467 ipsius
1828 5413 1922 5457 est.

333 5481 338 5509 :
401 5463 456 5509 (‘2
511 5463 688 5509 Rraalt.
708 5464 900 5509 eumut.
919 5462 1216 5509 Clmcolam.

333 5462 348 5516 ἶ
401 5462 476 5526 (Ξὶ
507 5462 688 5530 Rigalt.
708 5464 900 5515 emend.
919 5462 1216 5516 Clivicolatit.

2092 5403 2166 5472 (5)
2202 5405 2315 5471 Leg.
2356 5402 2421 5451 de
2458 5398 2615 5450 Ponto
2658 5393 2843 5458 primus
2887 5386 3040 5440 Italiae
3101 5392 3194 5437 etc.
3240 5382 3302 5474 cf.
3328 5383 3562 5451 Apol.t1.
3587 5381 3640 5434 2.

1719 5573 2279 5635 COMMENTARIUS.

409 5683 488 5762 (a_)
499 5683 575 5762 βε
586 5686 830 5762 montium
845 5684 1248 5762 §eptemontium
1259 5728 1271 5741 .
1287 5684 1405 5741 Lib.
1419 5686 1487 5762 de
1499 5683 1803 5762 ldololatria
1818 5704 1940 5762 cap.

337 5755 429 5830 170.
463 5755 808 5830 idetnhabet.
843 5755 1219 5830 Etiam_stremtz
1246 5759 1532 5828 captanda,
1565 5768 1611 5812 et
1636 5755 1942 5830 Septemot't-

333 5829 469 5881 tium
489 5870 503 5891 ,
534 5836 581 5881 et
609 5828 796 5901 bruma:
819 5869 832 5889 ,
863 5837 968 5883 etc.
998 5828 1294 5901 Celebritas
1321 5840 1496 5886 autem
1541 5840 1653 5884 erat
1683 5828 1939 5901 quanam

330 5907 399 5954 ut
445 5912 546 5956 nos
593 5897 723 5957 alibi
769 5899 1140 5967 annutaviiuus
1181 5899 1437 5960 Romanis
1469 5901 1680 5982 usitata
1700 5897 1868 5964 'dicta
1897 5919 1948 5980 Ia

2047 5702 2254 5760 septem
2286 5687 2558 5748 montibus
2582 5729 2597 5754 ,
2626 5701 2745 5758 quae
2767 5686 2819 5741 in
2848 5697 3090 5760 mensem
3117 5675 3465 5760 Qecemltrent
3498 5671 3640 5760 inciv

2045 5747 2238 5831 debat,
2269 5773 2426 5832 atque
2463 5747 2513 5815 in
2546 5747 2812 5832 honorent
2839 5757 2984 5814 urbis
3006 5753 3240 5817 Condita:
3264 5749 3368 5809 hoc
3394 5747 3482 5805 die
3507 5755 3644 5806 stre-

2043 5853 2127 5897 na:
2148 5829 2354 5919 captari
2377 5832 2644 5898 solebant.
2675 5829 2754 5890 LE
2785 5829 2929 5906 Pun
