4252 6270
590 353 698 414 607

2017 342 2485 403 TERTULLIANI

3795 349 3903 409 608

664 469 755 525 t7.
797 466 1127 539 Denique...
1170 462 1377 521 toribus
1419 463 1532 521 suis
1569 478 1677 522 non
1703 464 1910 536 negatis
1936 463 2186 520 omnibus
2211 463 2266 522 A
2291 461 2514 532 quaesita
2539 461 2662 517 est?
2688 461 2788 518 etsi
2814 473 2844 515 a
2869 459 3040 516 Numa
3068 473 3222 517 sacra
3248 458 3550 517 introducta
3579 469 3740 532 sunt,
3768 479 3902 520 non-

592 562 679 619 bis
725 575 862 634 quos
901 560 1033 616 deus
1075 556 1363 630 antiquitas
1403 557 1598 624 voluit,
1632 557 1915 628 posteritas
1944 569 2065 612 e....
2097 571 2189 611 su-

591 655 984 729 perstitionum.
1089 651 1178 720 l..,
1201 652 1570 722 praesumptio,
1594 650 1774 707 cui....
1802 650 2009 716 bemus;
2031 664 2190 720 prop-

590 757 738 804 terea
766 746 973 801 scilicet
996 744 1268 800 Romanos
1289 744 1451 799 totius
1474 743 1622 799 orbis
1647 742 1889 798 domi....
1919 757 1980 797 se
1997 782 2012 809 ,
2045 739 2190 812 quod

590 840 782 900 officiis
811 839 1133 911 religionum
1163 839 1462 894 meruerint
1502 837 1812 894 domina....
1859 837 1936 892 cis
1981 851 2188 906 praeva-

590 937 756 992 leant.
803 934 1066 990 Nimirum
1113 933 1484 990 Sterculus....
1534 933 1634 988 hoc
1683 933 2061 1002 imperium....
2093 945 2189 986 seu

590 1031 958 1088 Romanorum
985 1028 1240 1084 distiu....
1273 1037 1380 1083 tem
1418 1035 1677 1082 extraneo
1725 1026 1990 1096 potius....
2045 1033 2190 1079 tores

591 1130 648 1180 et
666 1121 1009 1178 destitutores
1036 1121 1185 1178 in....
1211 1121 1272 1187 ti,
1300 1119 1601 1190 sepultique
1627 1127 1772 1173 sunt.
1794 1117 1872 1172 Ita
1900 1132 2186 1187 nempe....

593 1213 792 1271 oblitus
829 1221 1043 1268 antrum
1091 1211 1224 1268 illud
1262 1210 1561 1267 ldmum....
1611 1209 1894 1265 dissimum
1943 1209 2186 1267 odorem.

593 1307 785 1364 Nonne
821 1307 967 1362 omni
994 1305 1378 1378 Capitolio.....
1405 1314 1462 1359 ut
1490 1304 1578 1359 illa
1619 1302 1796 1374 potius
1827 1312 1966 1358 terra
1995 1317 2190 1374 regna-

593 1408 768 1464 ret,...
796 1399 1097 1472 posthabita
1124 1398 1288 1455 Samo
1307 1398 1524 1464 dilecta,
1550 1406 1603 1454 et
1621 1399 1803 1468 utique
1824 1395 2191 1452 IEneadarum

593 1492 804 1564 ignibus
830 1491 1127 1548 adoleri....

1345 1562 1445 1618 llic
1466 1563 1609 1618 illius
1629 1576 1776 1617 arma
1799 1603 1814 1630 ,

666 1657 764 1713 llic
789 1671 978 1713 currus
1004 1654 1120 1720 fuit,
1149 1655 1250 1711 hoc
1277 1670 1500 1727 regnum
1531 1655 1628 1710 dea
1659 1653 1906 1725 gentibus
1929 1667 2081 1719 esse,

666 1750 721 1806 Si
741 1765 844 1820 qua
878 1749 980 1804 fata
1008 1750 1205 1815 sinant,
1228 1750 1338 1819 jam
1367 1758 1492 1804 tunc
1520 1749 1792 1819 tenditque
1819 1747 2067 1818 fovetque
2088 1745 2190 1820 (a).

594 1842 785 1899 Misera
816 1841 1074 1898 adversus
1104 1842 1206 1896 fata
1252 1858 1357 1898 nou
1405 1843 1587 1897 valuit.
1622 1843 1731 1898 Nec
1759 1851 1937 1897 tamen
1985 1848 2194 1896 tantum
2222 1875 2272 1937 Β

596 1934 818 1990 honoris
869 1934 1098 1989 Romani
1153 1935 1283 1991 satis
1335 1933 1708 2000 decreverint,
1768 1942 1824 1989 ut
1874 1933 2196 1990 dedentibus

597 2026 969 2098 Carthaginem
1027 2026 1158 2093 sibi,
1210 2035 1466 2098 quantum
1521 2027 1839 2083 Larentinae.
1875 2025 1928 2083 Si
1980 2026 2065 2083 dei
2112 2026 2201 2082 isti

596 2118 907 2176 conferendi
958 2118 1009 2172 in
1059 2127 1276 2188 pote....
1310 2119 1387 2173 uit
1411 2119 1554 2174 enim
1582 2118 1790 2190 Jupiter
1828 2117 2000 2196 Creta:
2021 2127 2076 2173 et
2101 2116 2200 2174 Sa-

599 2221 789 2268 turnus
810 2212 978 2267 Italite
1008 2223 1062 2268 et
1090 2212 1188 2268 Isis
1217 2211 1548 2285 Egypto....
1581 2221 1970 2285 regnaverunt,
2007 2212 2201 2284 quibus

598 2307 758 2360 etiam
797 2305 1002 2376 operati
1051 2305 1293 2376 plerique
1342 2305 1647 2360 traduntur.
1699 2305 1975 2376 ltaque....
2025 2306 2199 2362 mines

599 2395 758 2465 facit,
789 2395 1140 2452 etdedititius
1183 2396 1395 2452 Admeti
1438 2397 1583 2453 cives
1626 2413 1880 2453 romanos
1929 2397 2196 2468 imper....

601 2487 706 2544 lem
736 2487 998 2544 cultorem
1047 2504 1202 2544 suum
1248 2487 1499 2546 Crmsum
1543 2491 1813 2562 ambiguis
1837 2492 2070 2548 sortibus
2099 2491 2202 2546 fal-

599 2579 854 2636 lenda...
905 2579 1126 2636 timebat
1175 2581 1336 2636 deum
1391 2597 1577 2639 verum
1607 2591 1916 2640 constanter
1955 2599 2202 2655 przenun-

602 2673 736 2728 tiare
764 2687 930 2741 regno
958 2687 1152 2731 exc....
1187 2682 1448 2743 potestate
1494 2674 1748 2745 regnandi
1795 2691 2011 2746 quoque
2055 2676 2201 2732 velut

603 2763 657 2817 in
707 2763 867 2818 urbes
915 2779 1041 2819 suas
1097 2765 1395 2820 tueri.......
1465 2767 1779 2835 potuissent.
1835 2766 1893 2822 Si
1946 2747 2202 2826 Romanis

603 2854 917 2924 praestitisse
948 2856 1259 2922 valuerunt,
1302 2873 1397 2911 cur
1424 2857 1663 2912 Athenas
1689 2875 1718 2913 a
1746 2857 1924 2915 Xerxe
1966 2860 2203 2917 Minerva

601 2962 708 3002 non
737 2946 1019 3004 defendit?
1053 2949 1137 3004 vel
1161 2965 1258 3005 cur
1286 2949 1464 3006 Delfos
1502 2951 1570 3007 de
1607 2967 1766 3006 manu
1788 2951 1980 3023 Pyrrhi
2011 2953 2203 3024 Apollo

603 3058 710 3097 non
738 3043 918 3098 eruit?
941 3043 1214 3100 Servarint
1239 3045 1423 3101 urbem
1455 3045 1717 3113 Romam,
1759 3047 1849 3118 qui
1891 3061 1984 3102 sua
2029 3047 2205 3119 pcrdi-

603 3134 833 3191 deruut!
862 3135 918 3192 Si
948 3135 1048 3192 hoc
1073 3138 1390 3210 religiositas
1413 3139 1652 3196 Romana
1671 3141 1886 3208 meruit;
1906 3142 2072 3214 atqui,
2093 3158 2202 3198 non

2290 552 2416 608 dum
2436 561 2613 609 tamen
2633 561 2726 608 aut
2752 552 3073 622 simulacris,
3103 562 3195 609 aut
3221 551 3434 624 templis
3463 568 3553 609 res
3582 562 3794 611 vestras
3821 556 3903 612 di-

2292 647 2416 702 vina
2446 646 2792 704 frustrabant.
2811 647 2881 703 28
2896 647 3056 717 Frugi
3087 646 3276 716 religio
3300 656 3356 702 et
3373 646 3685 718 paupertina
3709 664 3902 720 super-

2293 740 2460 807 stitio,
2494 741 2682 796 altaria
2714 739 3016 805 temeraria,
3046 753 3172 794 vasa
3198 738 3413 794 sordida
3432 780 3447 806 ,
3472 750 3525 795 et
3547 738 3795 796 nidor....
3836 757 3904 798 ex

2293 832 2421 902 illis,
2443 841 2499 889 et
2521 833 2656 888 deus
2675 835 2790 903 ipse
2811 847 3164 903 nusquam...
3181 831 3439 902 religiosi,
3460 847 3621 902 quam
3645 833 3900 904 majores,

2295 927 2421 996 quia
2453 926 2709 997 religiosi.
2743 926 2938 996 Atquin
2960 924 3444 996 quomodo.........
3475 924 3816 996 religionem,
3850 937 3908 984 ct

2291 1017 2514 1074 deorum
2538 1017 3010 1088 profundissimam
3035 1033 3216 1073 curam
3240 1018 3528 1088 imperium
3549 1019 3900 1076 Romanis....

2292 1109 2460 1165 videri
2489 1111 2676 1180 possit,
2704 1111 2846 1182 quod
2874 1110 3016 1166 lznsis
3052 1110 3226 1180 potius
3254 1110 3340 1166 dei
3371 1120 3616 1166 sanctum
3644 1113 3768 1168 est?
3795 1113 3906 1170 Nisi

2293 1197 2451 1256 fallor
2480 1201 2622 1256 enim
2655 1216 2816 1256 omne
2854 1215 3076 1272 regnum
3101 1200 3185 1256 vel
3213 1200 3494 1270 imperium
3525 1201 3682 1257 bellis
3705 1203 3906 1273 quatri-

2296 1301 2386 1348 tur
2412 1301 2467 1349 et
2486 1293 2642 1350 bellis
2667 1292 2978 1362 ampliatur.
3013 1293 3370 1347 Porro........
3403 1291 3478 1348 ib.
3519 1299 3575 1347 et
3606 1292 3690 1348 dei
3732 1294 3904 1350 urbis.

2296 1402 2420 1443 nam
2450 1387 2636 1443 eadem
2669 1396 2880 1458 strages
2907 1395 2962 1443 et
2987 1387 3243 1442 mteuium
3279 1395 3332 1442 et
3362 1386 3675 1456 templorum
3698 1426 3714 1453 ,
3743 1402 3907 1458 pares

2300 1479 2476 1535 caades
2497 1487 2551 1534 et
2575 1479 2772 1534 civium
2802 1487 2857 1534 et
2880 1478 3220 1535 sacerdotum
3241 1518 3256 1542 ,
3287 1478 3490 1533 eaedem
3529 1478 3734 1548 rapina:
3777 1495 3906 1549 pru-

2299 1571 2542 1626 fanorum
2583 1581 2638 1626 et
2684 1585 2981 1628 sacrorum.
3023 1570 3128 1625 Tot
3167 1570 3446 1642 sacrilegia
3491 1569 3857 1625 Romanorum
3884 1612 3901 1637 ,

2299 1673 2430 1736 quot
2455 1665 2693 1736 tropluea
2725 1681 2739 1732 ;
2773 1673 2850 1720 tot
2877 1664 2946 1721 de
2970 1663 3084 1720 deis
3111 1672 3244 1735 quot
3267 1663 3334 1720 de
3352 1663 3603 1735 gentibus
3624 1663 3900 1736 triumphi.

2298 1756 2516 1814 Manent
2543 1766 2599 1814 et
2626 1758 2910 1814 simulacra
2939 1758 3147 1829 captiva
3169 1799 3183 1823 ,
3215 1766 3270 1813 et
3306 1758 3492 1828 utique
3528 1759 3903 1815 seuti..........

2299 1849 2490 1907 os‘non
2517 1861 2716 1906 amant.
2749 1850 2854 1908 Sed
2880 1851 3002 1921 quia
3032 1851 3168 1906 nihil
3212 1850 3487 1916 sentiunt,
3536 1851 3754 1922 impune
3801 1852 3898 1906 la:-

2301 1943 2711 2001 duutur.........
2764 1944 3066 2011 laeduntur,
3123 1943 3319 2000 frustra
3361 1944 3673 2002 adorantur.
3725 1945 3908 2017 Itaque

2302 2051 2528 2108 quorum
2556 2035 3063 2108 fastigium..........
3097 2035 3336 2092 adultum
3365 2046 3488 2104 est,
3529 2054 3636 2094 nun
3680 2049 3908 2110 possunt

2303 2128 2470 2184 videri
2495 2130 2770 2199 religionis
2799 2130 3003 2185 meritis
3024 2169 3039 2196 ,
3067 2130 3489 2186 excrevisse.....
3537 2131 3623 2185 nis
3667 2132 3780 2187 sive
3808 2131 3905 2186 la:-

2302 2219 2480 2276 dendo
2503 2229 2809 2277 creverunt.
2841 2221 3090 2291 Regnum
3131 2221 3398 2277 universa:
3423 2222 3674 2280 nationes
3698 2232 3905 2294 tempo-

2303 2314 2452 2370 ribus
2499 2313 2834 2379 habuerunt,
2867 2324 2926 2368 ut
2962 2313 3204 2385 Assyrii,
3235 2322 3295 2369 ut
3317 2313 3490 2382 Medi,
3520 2324 3580 2371 ut
3603 2315 3782 2372 Persae
3807 2359 3824 2383 ,
3851 2327 3911 2372 ut

2303 2404 2658 2476 IEgyptii.....
2687 2415 2780 2460 aut
2810 2420 2974 2476 penes
3003 2404 3299 2478 quosdam,
3340 2414 3395 2461 et
3424 2414 3601 2462 tamen
3643 2408 3733 2478 qui
3775 2409 3910 2464 arni-

2303 2504 2508 2561 seruut,
2537 2510 2645 2550 non
2673 2495 2790 2551 sine
2811 2496 3157 2568 religionibus
3184 2505 3239 2552 et
3265 2496 3427 2565 cultu,
3460 2505 3515 2553 et
3545 2498 3612 2554 de
3640 2500 3907 2569 propitio-

2303 2602 2422 2641 rum
2449 2586 2673 2642 deorum
2703 2601 3024 2642 mora.......
3063 2589 3229 2644 cessit
3269 2587 3512 2644 universa
3560 2604 3696 2660 pene
3731 2591 3912 2647 domi-

2305 2682 2471 2736 natio.
2512 2681 2643 2737 Sors
2689 2690 2990 2752 temporum
3031 2683 3102 2737 ita
3143 2683 3464 2738 volutat.....
3509 2682 3743 2752 Quaerite
3786 2686 3913 2755 quis

2307 2785 2605 2847 temporum
2632 2777 2776 2832 vices
2803 2777 3090 2832 ordinavit.
3116 2776 3261 2832 Idem
3293 2791 3455 2848 regna
3499 2776 3814 2848 dispensat,
3855 2789 3915 2834 et

2307 2883 2452 2924 nunc
2477 2883 2643 2938 penes
2672 2869 2948 2924 Romanos
2973 2884 3091 2925 eam
3121 2884 3386 2924 summam
3405 2910 3420 2934 ,
3467 2877 3727 2940 tanquam
3747 2886 3912 2941 pecu-

2307 2962 2450 3017 niam
2481 2961 2548 3016 de
2594 2961 2779 3017 multis
2830 2960 3136 3016 nominibus
3172 2970 3414 3016 exactam
3452 2961 3504 3015 in
3533 2977 3691 3016 unam
3729 2977 3910 3019 arcam

2307 3054 2652 3126 congregavit
2681 3052 2779 3128 (a).
2810 3053 2948 3122 Quid
2978 3053 3044 3110 de
3069 3068 3132 3109 ea
3161 3053 3447 3122 statuerit,
3489 3055 3666 3110 sciunt
3685 3055 3912 3127 proximi

2307 3163 2376 3205 el.

603 3239 725 3300 post
750 3243 1022 3288 summum
1054 3233 1336 3304 imperium
1364 3236 1535 3292 auctis
1556 3237 1667 3307 jam
1697 3236 1859 3293 rebus
1887 3241 2199 3310 superstitio
2224 3233 2271 3298 C
2374 3242 2453 3315 (a)
2484 3241 2632 3313 Virg.
2662 3239 2904 3309 zEneid.,
2933 3240 2973 3308 l,
3005 3239 3076 3295 20
3103 3248 3147 3295 et
3171 3255 3304 3311 seqq.

918 3384 1151 3396 -υ--οα

634 3381 764 3436 Ξ
868 3384 1151 3396 .-__._
3781 3387 3878 3447 HI,

985 3585 1420 3696 QUINTI
1473 3577 1961 3672 SEPTIMI
2039 3587 2692 3674 FLORENTIS
2762 3588 3563 3674 TERTULLIANI

1085 3771 1362 3926 DE
1443 3783 2689 3942 TESTIMONIO
2767 3785 3473 3931 ANIMfE
3579 3839 3592 3851 ·

1135 4014 1619 4126 LIBER
1688 4016 1922 4126 ,ΑΒ
1945 4017 2203 4126 νΕι

2303 4016 2531 4124 iU'S
2611 4013 3393 4125 GENTESW.

613 4391 997 4434 suavusuruu.
1021 4409 1088 4421 —-
1115 4377 1240 4434 Post
1277 4379 1582 4435 uberrimam
1609 4379 1932 4452 Scriptorum
1957 4390 2170 4453 segetem
2196 4419 2212 4446 ,

2394 4392 2532 4432 verse
2558 4392 2622 4431 ea:
2647 4377 2938 4432 earumdem
2957 4374 3142 4430 animis
3161 4373 3455 4444 Opinionem
3478 4373 3726 4439 evelleret,
3749 4379 3796 4426 et
3811 4387 3921 4426 rem

683 4471 768 4535 qui
793 4470 1052 4540 religionis
1076 4470 1381 4526 Christianae
1407 4487 1640 4527 caussam
1669 4481 1893 4544 egerant,
1925 4473 1978 4526 in
1997 4489 2206 4527 arenam
2230 4472 2282 4532 D
2379 4469 2721 4527 Christianam
2747 4470 2802 4524 in
2826 4479 2934 4525 tuto
2959 4469 3249 4524 collocaret.
3284 4465 3518 4537 Hujusce
3544 4466 3706 4536 operis
3754 4465 3912 4519 veluti

687 4561 1014 4617 descenderat
1055 4562 1431 4631 Tertullian‘us,
1478 4573 1532 4617 ut
1561 4573 1696 4634 patet
1723 4581 1786 4620 ex
1812 4565 2138 4638 Apologetico
2163 4575 2213 4621 et

687 4652 828 4707 libris
854 4654 1050 4711 duobus
1071 4665 1248 4710 contra
1271 4655 1542 4722 Nationes;
1568 4674 1680 4712 cum
1706 4667 1870 4713 tanien
1892 4674 2123 4727 caussam
2151 4660 2219 4715 ilo

689 4745 792 4800 lam
818 4747 948 4802 nihil
962 4749 1160 4819 juvisse
1181 4750 1592 4818 videretur,hunc
1617 4751 1679 4807 de
1705 4752 2012 4808 Testimonio
2031 4756 2218 4812 animae

691 4839 917 4895 libellum
946 4858 1155 4897 exorsus
1184 4854 1276 4908 est,
1308 4853 1363 4897 ut
1399 4860 1526 4900 novo
1567 4845 1835 4918 pugnandi
1873 4863 2054 4916 genere
2089 4849 2219 4904 chri-

692 4935 847 4990 stiani
881 4937 1100 4992 nominis
1140 4937 1306 4993 hostes
1345 4938 1657 5008 adoriretur,
1695 4950 2086 5014 conceptamque
2112 4960 2218 5012 per-

2394 4563 2727 4635 fundamenta
2745 4565 2943 4635 jecerat
2982 4561 3337 4634 Apologetici,
3369 4577 3487 4630 cap.
3520 4561 3610 4626 17,
3641 4576 3810 4614 verum
3839 4559 3923 4615 hic

2397 4671 2457 4709 ea
2501 4655 2658 4710 latius
2697 4655 3041 4726 prosequitur,
3069 4669 3182 4724 qua:
3206 4653 3365 4709 obiter
3395 4661 3592 4706 tantum
3623 4651 3926 4721 perstrinxe-

2395 4755 2476 4800 rat
2500 4762 2519 4801 :
2549 4746 2814 4818 Deumque
2837 4746 3117 4819 prwsertim
3137 4761 3296 4800 unum
3322 4744 3426 4813 hic,
3454 4753 3501 4798 et
3527 4743 3714 4798 anima:
3732 4751 3920 4797 statum

2393 4846 2506 4908 post
2532 4849 2746 4893 mortem
2767 4839 3100 4894 demonstrat.

2392 4931 2522 4988 CAP.
2561 4931 2608 4988 Ι.
2642 4931 2828 5004 Magna
2857 4931 3168 4988 curiositate
3199 4927 3274 5004 (b)
3305 4938 3361 4988 et
3388 4929 3591 5003 majore
3617 4929 3777 5001 longe
3806 4943 3924 4986 me-

1990 5047 2554 5124 COMMENTARIUS.

622 5175 660 5251 Ἀ
708 5174 784 5247 (a)
810 5173 1089 5251 Tractatus
1117 5170 1184 5228 de
1207 5171 1538 5228 Testimonio
1581 5175 1774 5251 anima:
1802 5189 1924 5231 cum
1966 5177 2220 5251 Apologe-

621 5247 732 5302 tico
763 5244 816 5302 et
842 5245 992 5300 libris
1014 5244 1253 5298 adversus
1296 5255 1464 5314 gentes
1507 5245 1820 5315 conjunctus
1867 5255 1969 5305 est.
2015 5244 2071 5304 ln
2117 5244 2221 5309 hoc

626 5319 775 5374 enim
817 5316 1102 5391 religionis
1145 5325 1515 5391 argumentum
1541 5356 1556 5382 ,
1588 5317 1732 5391 quod
1772 5318 1825 5372 in
1855 5319 2220 5391 Apologetico,

628 5405 747 5458 cap.
806 5389 871 5442 l7
917 5387 1244 5458 protulerat,
1303 5388 1536 5442 animam
1620 5389 1826 5444 scilicet
1902 5387 2216 5451 naturaliter

627 5475 953 5530 agnoscere.
991 5468 1043 5514 et
1070 5459 1222 5529 quasi
1266 5459 1511 5525 invitam,
1557 5474 1719 5513 unum
1762 5460 2019 5517 duntaxat
2059 5464 2219 5522 deum

624 5547 746 5587 esse
770 5573 785 5597 ,
816 5541 869 5588 et
894 5531 1117 5585 alteram
1161 5531 1324 5585 vitam
1373 5531 1472 5585 ista
1504 5530 1768 5600 praeterita
1794 5573 1808 5599 ,
1862 5535 2101 5592 extendit
2131 5537 2214 5592 la-

617 5602 1216 5678 tiusqueprosequitur.
1255 5601 1365 5678 Hoc
1391 5611 1583 5678 autem
1598 5616 1662 5656 ex
1694 5617 1853 5678 sensu
1900 5613 2084 5661 natura
2117 5607 2216 5678 ipsi

619 5672 781 5746 insito
825 5673 1193 5746 demonstrat,
1243 5682 1298 5727 et
1347 5672 1417 5746 ita
1465 5673 1675 5746 penitus
1713 5674 1766 5746 ei
1808 5677 2107 5746 insculpto,
2137 5672 2217 5734 ἰιι

621 5743 766 5814 nulla
796 5757 851 5796 re
880 5741 1046 5814 deleri
1083 5751 1275 5814 queat;
1306 5743 1440 5814 adeo
1470 5741 1539 5796 ω
1566 5743 1664 5811 ipsi
1706 5741 2034 5814 imprudenti
2064 5741 2212 5804 exci-

619 5809 756 5863 dat:
789 5819 847 5864 ut
870 5826 990 5865 cum
1014 5811 1367 5880 incogitanter
1388 5809 1651 5882 iactatur,
1685 5809 1826 5870 Deus
1875 5816 2013 5884 velit,
2062 5818 2214 5884 Quod

2322 5183 2432 5240 Deo
2463 5184 2708 5255 placitum
2733 5185 2847 5250 erit,
2873 5185 3020 5242 Adsit
3047 5185 3172 5240 mihi
3205 5185 3342 5241 Deus
3367 5226 3382 5252 ,
3410 5192 3539 5250 etc.,
3568 5198 3690 5256 qua:
3718 5197 3920 5253 suppo-

2325 5263 2462 5313 nunt
2487 5258 2719 5312 animam
2769 5258 2862 5312 Dei
2907 5257 3092 5312 notitia
3122 5257 3376 5312 imbutam
3407 5271 3568 5320 esse,
3617 5265 3675 5308 ut
3724 5256 3913 5310 Inertis

2324 5327 2488 5384 timor
2515 5338 2702 5382 natura
2732 5329 2954 5394 insitus,
2985 5343 3178 5385 nomen
3218 5327 3602 5384 immortalitati
3651 5341 3926 5383 conunen:

2324 5399 2485 5454 dandi
2515 5398 2838 5455 desiderium
2868 5443 2882 5465 ,
2915 5397 3281 5455 misericordia
3325 5401 3376 5453 in
3423 5399 3706 5453 defunctos
3730 5437 3745 5459 .
3796 5412 3924 5466 sup-

2324 5481 2534 5541 ponunt
2562 5471 2721 5526 aliam
2750 5471 2817 5527 ab
2847 5472 2946 5526 ista
2978 5472 3137 5526 vitam
3169 5485 3310 5526 esse.
3341 5470 3473 5526 Cum
3499 5479 3676 5524 autem
3721 5468 3772 5522 hi
3799 5483 3922 5541 seu-

2327 5539 2420 5597 sus
2447 5541 2660 5606 animae,
2689 5551 2742 5596 et
2771 5542 2994 5612 singulis
3022 5541 3325 5597 hominibus
3355 5551 3552 5612 natura
3573 5540 3682 5612 siut
3726 5539 3872 5612 insiti
3904 5579 3920 5612 ε

2323 5629 2350 5666 a
2386 5614 2494 5668 Deo
2532 5629 2626 5668 eos
2673 5609 2892 5668 manare
2924 5627 3145 5669 necesse
3171 5621 3272 5668 est.
3313 5614 3388 5668 En
3420 5611 3639 5683 quodin
3678 5609 3922 5683 eo_brevi

2321 5692 2547 5740 tractatu
2564 5684 2738 5753 lepide
2758 5683 3409 5740 admodumTertulliauus
3429 5680 3926 5753 arnplilicat.Luur.

2393 5755 2471 5828 (b)
2504 5754 2695 5828 Magna
2722 5756 3033 5828 curiositate.
3057 5755 3183 5828 __Vox
3213 5759 3402 5828 usitata
3452 5755 3504 5808 in
3531 5769 3645 5828 aevo
3690 5753 3872 5828 medio
3905 5767 3921 5806 :

2315 5823 2579 5897 Vopi5cus
2609 5827 2661 5882 in
2691 5825 3004 5884 Aureliano.
3042 5826 3253 5883 Frivola
3278 5832 3386 5884 ltwc
3407 5826 3642 5898 fortassis
3665 5824 3916 5896 cuipiam,
