4252 6270
296 335 407 393 609

1434 326 1638 385 LIBER
1676 323 1766 383 DE
1803 320 2215 384 TESTIMONIO
2251 321 2512 381 ΑΝΙΜᾸΞ.

3507 323 3610 382 610

297 454 472 510 moria
500 465 636 524 opus
661 457 745 508 est
772 447 839 505 ad
872 447 951 522 (a)
981 445 1301 504 studendum
1331 445 1434 518 (1),
1465 446 1507 501 si
1536 446 1658 516 quis
1683 444 1809 501 velit
1835 459 1900 500 ex
1930 447 1984 506 Α
2010 459 2077 498 ne
2103 442 2428 512 exprobrare
2458 438 2645 512 possit.
2674 436 2804 494 Nam
2836 445 2892 494 et
2917 437 3059 510 quod
3089 439 3318 495 relatum
3344 446 3426 496 est
3447 439 3588 512 (10),

299 547 498 603 litteris
547 543 932 616 receptissimis
987 540 1286 611 quibusque
1328 539 1412 610 (2)
1456 538 1904 610 phil050phorum

300 641 384 696 vel
419 649 693 712 poetarum
723 638 807 693 vel
837 636 1206 708 quorumlibet
1233 633 1477 690 doctrina
1509 634 1789 704 sapientiae
1817 631 1903 704 (5)

301 731 579 789 saecularis
594 730 970 801 magistrorum
996 729 1302 784 testimonia
1338 740 1636 797 excerpere
1663 725 1904 781 christia-

306 840 394 881 na:
448 824 683 880 veritatis
707 839 722 890 ;
751 831 811 878 ut
840 820 1020 878 aemuli
1051 827 1528 892 persecutoresque
1567 818 1684 888 ejus
1712 817 1780 873 de
1808 831 1907 872 suo

305 917 521 988 proprio
547 917 929 984 instrumento,
952 924 1006 971 et
1032 914 1301 972 errorisin
1329 929 1410 982 se,
1441 922 1495 968 et
1524 909 1821 983 iniquitatis
1851 911 1903 966 in

306 1023 404 1065 nos
431 1009 507 1064 rei
535 1009 897 1064 revincantur.
928 1005 1180 1062 Nonnulli
1221 1003 1302 1077 (ὁ)
1331 1003 1549 1076 quidem
1585 1004 1685 1076 (4),
1715 1003 1906 1074 quibus

304 1100 372 1158 de
397 1101 623 1172 pristina
652 1101 956 1156 litteratura
986 1109 1041 1155 et
1069 1097 1396 1154 curiositatis
1427 1096 1580 1152 labor
1604 1105 1659 1151 et
1695 1110 1906 1152 memo-

305 1192 400 1250 riae
425 1203 580 1250 tenor
608 1193 996 1266 perseveravit,
1026 1191 1094 1247 ad
1131 1206 1255 1247 eum
1288 1191 1504 1246 modum
1538 1188 1616 1263 (5)
1648 1189 1906 1260 opuscula

305 1299 472 1356 penes
503 1300 602 1342 nos
631 1284 1009 1352 condiderunt,
1037 1292 1528 1340 commemorantes
1555 1291 1608 1337 et
1642 1281 1906 1337 contesti-

304 1376 528 1435 licantes
558 1381 612 1435 in
645 1378 1075 1450 suggillationem
1103 1386 1159 1433 et
1184 1376 1448 1449 originem
1475 1383 1530 1432 et
1554 1375 1896 1431 traditionem

303 1482 357 1526 et
378 1473 766 1527 sententiarum
786 1478 1099 1542 argumenta
1116 1469 1186 1542 (ε)
1211 1468 1314 1542 (6),
1337 1483 1435 1538 per
1451 1483 1572 1538 qua:
1594 1466 1908 1537 recognosci

302 1563 476 1634 possit
503 1563 606 1636 (7),
637 1562 768 1618 nihil
797 1577 896 1618 nos
926 1571 1018 1617 aut
1043 1576 1243 1617 novum
1271 1570 1362 1615 aut
1393 1568 1762 1629 portentosum
1785 1573 1910 1643 sus:

301 1654 537 1723 cepisse,
587 1654 655 1710 de
699 1669 805 1725 quo
846 1668 950 1708 non
999 1653 1158 1708 etiam
1211 1667 1525 1708 communes
1580 1661 1632 1708 et
1668 1651 1900 1722 publica:

302 1744 499 1800 litterae
528 1745 596 1800 ad
626 1744 936 1816 sullragium
964 1744 1118 1800 nobis
1147 1744 1572 1815 patrocinentur,
1595 1744 1640 1800 si
1668 1744 1793 1815 quid
1817 1753 1910 1800 aut

2010 550 2185 606 neque
2211 548 2400 590 omnes
2420 535 2626 598 sciunt;
2654 546 2827 603 neque
2855 531 2945 602 qui
2978 531 3173 598 sciunt,
3193 543 3442 590 constare
3467 547 3598 590 cono

2009 627 2201 683 ﬁdunt.
2248 627 2421 683 Tanto
2458 628 2576 698 (11)
2603 625 2756 682 abest
2794 634 2850 680 ut
2879 625 3079 681 nostris
3124 626 3315 682 litteris
3357 636 3597 684 annuant

2009 719 2277 789 homines,
2313 719 2381 774 ad
2420 733 2557 792 quas
2587 733 2748 774 nemo
2772 717 2922 773 venit
2965 717 3068 773 nisi
3091 717 3202 788 jam
3250 717 3600 776 Christianus.

2008 813 2214 870 Novum
2243 814 2606 869 testimonium
2633 813 2858 879 advoco,
2883 812 2992 869 imo
3017 812 3161 869 omni
3184 813 3480 870 litteratura
3509 829 3612 869 no-

2010 909 2138 976 tius,
2183 909 2328 964 omni
2374 907 2618 962 doctrina
2670 907 2919 977 agitatius
2947 947 2962 973 ,
3009 908 3153 962 omni
3201 907 3439 964 editione
3483 907 3605 964 vul-

2010 1001 2207 1074 gatius,
2239 1009 2350 1055 toto
2397 999 2618 1056 homine
2662 1000 2860 1070 majus,
2912 999 2966 1054 id
2997 1010 3080 1056 est
3122 1007 3295 1057 totum
3338 1002 3480 1073 quod
3524 1011 3618 1059 est

2010 1093 2261 1150 hominis.
2297 1093 2559 1148 Consiste
2590 1092 2641 1148 in
2669 1091 2870 1158 medio,
2902 1094 3193 1166 animam,
3225 1108 3320 1150 seu
3345 1092 3524 1150 divina
3560 1103 3616 1152 et

2009 1194 2207 1242 aeterna
2238 1200 2325 1240 res
2347 1199 2408 1240 es
2435 1184 2728 1240 secundum
2760 1184 2944 1254 plures
2999 1184 3368 1256 philosophos,
3396 1201 3462 1242 eo
3491 1201 3612 1242 ma-

2007 1279 2090 1349 gis
2117 1292 2223 1333 non
2253 1276 2520 1332 mentiens
2548 1275 2684 1347 (12).
2723 1276 2830 1331 Seu
2861 1274 3085 1332 minime
3111 1275 3318 1346 divina,
3355 1277 3613 1349 quoniam

2008 1370 2228 1444 quidem
2258 1369 2518 1437 mortalis,
2549 1379 2607 1425 ut
2631 1369 2868 1440 Epicuro
2893 1369 2996 1425 soli
3043 1369 3273 1437 videtur,
3323 1385 3390 1425 eo
3436 1371 3608 1442 magis

2013 1467 2090 1537 (g)
2119 1465 2332 1521 mentiri
2357 1479 2464 1519 non
2493 1463 2717 1519 debebis
2745 1462 2888 1534 (15),
2921 1479 3018 1519 seu
3048 1464 3117 1520 de
3153 1465 3299 1522 caelo
3326 1465 3612 1535 exciperis,

2010 1573 2105 1614 seu
2131 1557 2199 1614 de
2215 1569 2354 1612 terra
2375 1556 2700 1626 conciperis,
2729 1570 2823 1611 seu
2848 1556 3112 1622 numeris,
3145 1570 3240 1612 seu
3267 1557 3460 1612 atomis
3480 1572 3614 1612 con-

2011 1649 2265 1715 cinnaris,
2299 1663 2392 1704 seu
2418 1663 2539 1704 cum
2604 1662 2833 1716 corpore
2865 1648 3150 1717 incmperis
3179 1647 3320 1720 (14),
3350 1664 3450 1705 seu
3493 1659 3616 1721 post

2030 1757 2224 1814 corpus
2255 1739 2547 1808 induceris,
2616 1739 2757 1796 unde
2787 1740 2926 1796 unde
2959 1740 3072 1812 (15)
3106 1749 3162 1796 et
3197 1757 3412 1814 quoquo
3455 1743 3616 1801 modo

308 1837 506 1894 erroris
527 1837 810 1907 eiecimus,
858 1845 952 1891 aut
990 1836 1257 1907 aequitatis
1297 1835 1636 1892 admisimus.
1683 1836 1791 1893 Sed
1828 1852 1899 1893 ne
1935 1843 1983 1902 B
2013 1836 2283 1892 hominem
2335 1834 2466 1890 facis
2495 1833 2691 1889 animal
2721 1832 3002 1899 rationale,
3035 1846 3230 1889 sensus
3276 1843 3332 1890 et
3367 1835 3608 1890 scientiae

303 1931 422 1992 suis
451 1929 666 2001 quidem
695 1930 994 2001 magistris,
1018 1930 1153 1986 alias
1196 1931 1587 2001 probatissimis
1614 1940 1773 2002 atque
1796 1933 1906 1988 lec-

309 2024 554 2089 tissimis,
579 2023 740 2080 ﬁdem
770 2023 1047 2079 inclinavit
1068 2024 1300 2078 humana
1326 2023 1393 2080 de
1414 2024 1786 2080 incredulitate
1802 2025 1904 2081 du-

310 2115 455 2182 ritia,
486 2114 656 2171 sicubi
684 2116 736 2170 in
769 2124 1082 2187 argumenta
1110 2116 1420 2172 Christianae
1448 2115 1776 2173 delensionis
1806 2118 1908 2173 im-

310 2208 529 2278 pingunt
556 2224 570 2272 ;
600 2215 728 2263 tunc
753 2208 874 2262 vani
904 2216 1096 2278 poetze,
1127 2223 1248 2264 cum
1273 2208 1404 2264 deos
1433 2208 1682 2265 humanis
1706 2209 1910 2280 passio-

310 2299 472 2356 nibus
495 2308 550 2355 et
576 2298 767 2355 tabulis
795 2299 1080 2370 designant
1106 2298 1188 2372 (8)
1215 2318 1228 2353 :
1260 2311 1389 2355 tunc
1427 2300 1730 2372 philosophi
1763 2300 1906 2369 duri,

312 2403 438 2445 cum
469 2389 706 2446 veritatis
732 2389 874 2446 fores
906 2392 1119 2462 pulsant
1145 2391 1248 2465 (d).
1293 2392 1561 2448 Hactenus
1609 2393 1826 2464 sapiens
1855 2401 1911 2450 et

311 2481 552 2554 prudens
589 2482 890 2550 habebitur,
931 2484 1022 2555 qui
1055 2498 1224 2556 prope
1264 2483 1618 2540 christianum
1662 2500 1903 2571 pqonun-

307 2575 483 2648 Atiarit,
512 2591 634 2632 cum
660 2577 703 2632 si
729 2577 856 2648 quid
889 2577 1186 2649 prudentia:
1206 2587 1298 2632 aut
1318 2578 1596 2649 sapientiae
1626 2579 1915 2636 all‘ectave-

313 2669 404 2735 rit,
423 2683 515 2724 seu
542 2669 875 2725 ceremonias
909 2669 1200 2741 despuens,
1222 2685 1317 2728 seu
1342 2671 1592 2727 saeculum
1611 2675 1914 2740 revincens,

313 2775 412 2831 pro
447 2761 740 2817 chriStiano
775 2761 1060 2819 denotetur
1104 2765 1199 2835 (e).
1248 2763 1366 2820 Jam
1409 2765 1565 2836 igitur
1595 2765 1727 2820 nihil
1756 2766 1913 2823 nobis

313 2857 416 2912 erit
456 2871 575 2912 eum
623 2857 814 2914 litteris
841 2868 894 2914 et
921 2858 1160 2914 doctrina
1191 2875 1456 2931 perversa:
1509 2860 1793 2928 felicitatis,
1823 2862 1910 2916 cui

317 2946 370 3002 in
409 2946 545 3003 falso
576 2950 752 3018 potius
783 2949 1024 3005 creditur
1052 2950 1152 3023 (9),
1184 2966 1344 3022 quam
1388 2952 1440 3006 in
1471 2968 1622 3008 vero.
1665 2951 1915 3009 Viderint

319 3038 365 3094 si
406 3039 495 3109 qui
540 3039 608 3093 de
653 3041 813 3096 unico
862 3051 916 3096 et
956 3043 1075 3097 solo
1103 3043 1207 3098 deo
1247 3044 1746 3114 pronuntiaverunt.
1798 3043 1913 3100 lmo

323 3131 456 3187 nihil
483 3132 704 3192 omnino
731 3133 958 3190 relatum
989 3133 1070 3204 tit,
1100 3134 1243 3207 quod
1290 3145 1545 3207 agnoscat
1569 3136 1916 3204 Christianus,

2014 1927 2444 1998 capacissimum.
2471 1925 2576 1982 Sed
2604 1940 2709 1981 non
2741 1940 2859 1981 eam
2909 1935 2964 1982 te
2993 1926 3224 1993 advoco,
3257 1918 3376 1998 qua':
3407 1925 3607 1984 scholis

2017 2019 2264 2084 formata,
2311 2018 2658 2074 bibliothecis
2707 2019 3022 2086 exercitata,
3071 2020 3360 2076 academiis
3409 2020 3523 2091 (16)
3556 2032 3612 2078 et

2020 2111 2316 2183 porticibus
2333 2110 2492 2166 Attici
2523 2119 2728 2181 partam
2761 2111 2877 2180 (17)
2906 2111 3224 2182 sapientiam
3256 2123 3438 2168 ructas
3468 2112 3611 2186 (18).

2033 2204 2109 2260 Te
2150 2202 2450 2274 simplicem
2493 2210 2548 2257 et
2591 2201 2777 2257 rudem
2825 2211 2882 2257 et
2917 2203 3215 2274 impolitam
3247 2215 3300 2260 et
3350 2205 3618 2262 idioticam

2030 2296 2315 2368 compello,
2347 2295 2557 2366 qualem
2591 2294 2707 2366 (19)
2740 2294 2938 2350 habent
2963 2297 3052 2367 qui
3101 2306 3156 2352 te
3186 2297 3356 2353 solam
3393 2298 3614 2371 habent,

2031 2389 2174 2445 illam
2205 2389 2372 2460 ipsam
2402 2387 2470 2443 de
2495 2387 2754 2457 compito,
2780 2385 2849 2442 de
2876 2387 3052 2453 trivio,
3077 2387 3145 2444 de
3172 2393 3404 2445 textrino
3429 2399 3616 2446 totam.

2027 2484 2294 2556 lmperitia
2350 2491 2441 2538 tua
2509 2481 2638 2538 mihi
2691 2496 2828 2553 opus
2883 2492 2987 2551 est,
3041 2484 3297 2555 quoniam
3369 2485 3619 2556 aliquan-

2025 2578 2150 2632 tulm
2204 2575 2408 2648 peritia:
2449 2583 2552 2630 tua:
2599 2589 2758 2630 nemo
2788 2575 2981 2631 credit.
3031 2576 3107 2634 Ea
3156 2577 3469 2650 expostulo,
3501 2595 3621 2649 qua:

2025 2677 2201 2725 tecum
2235 2670 2286 2722 in
2308 2667 2580 2723 hominem
2602 2666 2715 2741 (ἓο)
2749 2667 2938 2736 infers,
2974 2684 3094 2739 qua:
3118 2678 3209 2725 aut
3229 2685 3293 2726 ex
3319 2672 3621 2742 temetipsa,

2033 2770 2126 2818 aut
2162 2777 2229 2817 ex
2258 2775 2597 2833 quocumque
2634 2771 2854 2818 auctore
2883 2771 2974 2815 tuo
2999 2762 3200 2818 sentire
3224 2762 3480 2820 didicisti.
3505 2764 3623 2821 Non

2031 2869 2114 2920 es,
2139 2853 2280 2925 quod
2307 2854 2494 2920 sciam,
2511 2851 2824 2918 christiana,
2853 2853 2968 2908 ﬁeri
2989 2853 3154 2920 enim,
3179 2869 3284 2909 non
3312 2857 3457 2912 nasci
3487 2857 3628 2914 solet

2029 2947 2155 3018 (21)
2205 2945 2493 3002 christiana
2549 2945 2652 3017 (Ιι).
2683 2944 2888 3001 Tamen
2918 2961 3113 3002 nunca
3151 2955 3205 3003 te
3259 2948 3624 3005 testimonium
3693 2991 3699 2996 -

2037 3038 2278 3110 ﬂagitant
2301 3037 2600 3106 chriStiani,
2624 3037 2693 3094 ab
2725 3045 2980 3095 extranea
3005 3037 3262 3098 adversus
3286 3048 3426 3111 tuos,
3452 3050 3510 3097 ut
3537 3041 3626 3097 vel

1568 3251 1954 3311 LECTIONES
1993 3246 2415 3308 VARIANTES.

380 3363 455 3488 (1)
491 3363 859 3436 Adstudendum
885 3361 1064 3428 Rigalt.

408 3427 459 3488 ‘2)
488 3425 562 3488 lix
587 3427 772 3476 litteris
792 3429 1064 3488 receptissit

408 3427 459 3492 2)
488 3425 562 3492 Ex
587 3427 772 3492 litteris
792 3425 1114 3492 receptissimi
1139 3427 1378 3492 cujusque
1402 3431 1438 3480 Ι
1443 3443 1520 3480 un.
1548 3434 1595 3481 el
1631 3437 1688 3480 P.
1715 3429 1913 3482 Ciacon.

405 3487 458 3556 ᾇ)
493 3487 738 3556 Qoetrinae
755 3502 809 3538 ac
831 3487 1083 3556 sapientiae
1107 3487 1289 3556 Rigalt.

407 3549 457 3618 ᾗ)
497 3549 590 3618 Rei
607 3549 932 3618 evincantur';
954 3553 1024 3602 Ac
1048 3549 1268 3602 nonn'ulli
1290 3555 1488 3618 quidem
1512 3557 1634 3606 Jun.

384 3609 455 3676 (5)
492 3612 566 3677 _Ad
592 3621 772 3677 gentes
791 3609 970 3677 Rigalt.

382 3674 457 3738 (6)
492 3674 544 3724 In
562 3674 922 3736 sugillationem
947 3683 999 3727 et
1022 3678 1262 3740 originum
1289 3686 1342 3729 et
1365 3679 1700 3738 traditionum,
1732 3687 1785 3731 et
1809 3693 1920 3731 sen~

317 3740 604 3862 tenltlia’nzn,
628 3744 917 3800 argumenta
935 3740 1057 3790 Jun.
1077 3739 1121 3790 et
1145 3739 1300 3792 Latin.
1327 3742 1374 3791 in
1396 3741 1586 3805 singula
1607 3745 1845 3795 rationem
1869 3753 1921 3796 et

318 3815 370 3851 ο.
437 3814 450 3848 r
485 3816 511 3848 (ι
559 3839 568 3848 .

318 3815 370 3851 ο.
395 3814 568 3851 manu.

415 3854 475 3926 η’
492 3862 564 3926 Re
589 3863 813 3926 cognosci
835 3864 898 3914 Le
921 3861 1078 3915 Prior.

405 3924 457 3986 8)
489 3924 758 3987 Absignant
781 3927 906 3976 Jun.

408 3986 684 4059 inﬁtiatio
708 3988 828 4059 falso
847 3988 957 4059 ejus
977 3989 1196 4059 cr_e_ditur
1227 3994 1332 4044 Vel.
1361 3993 1481 4044 Cod.
1511 3991 1689 4059 Rigalt.

415 4048 492 4112 10)
524 4049 751 4101 Relatum
774 4052 839 4103 sit
861 4048 982 4104 Jun.
1012 4051 1189 4118 Rigalt.

385 3864 407 4110 ἓ

2087 3362 2192 3433 (ll)
2227 3361 2618 3433 ζιῖτιηιιξωβιριτ.
2730 3429 2739 3433 _
2767 3418 2818 3433 _.

2116 3425 2195 3478 12)
2229 3424 2489 3474 Mentieris
2511 3422 2671 3474 Latin.
2696 3429 2740 3474 el
2759 3422 3036 3478 Ciaconius.

2116 3485 2197 3552 15)
2232 3485 2442 3552 Debcns
2470 3489 2656 3552 Rfouw,
2684 3485 2862 3552 Rigalt.

2125 3548 2198 3614 11)
2231 3548 2473 3614 lticiperis
2494 3550 2616 3599 Jun.
2641 3548 2813 3614 incipis
2832 3549 2942 3614 Rig.

2119 3608 2504 3684 liéllnd‘im‘la
2566 3681 2590 3684 _
2663 3670 2675 3681 .

2118 3674 2194 3739 16)
2228 3674 2536 3739 Academicis
2557 3674 2718 3725 Paris.

2120 3735 2197 3800 l7)
2230 3736 2375 3800 Basia
2396 3735 2508 3800 Rig.

2119 3799 2198 3850 18)
2232 3799 2438 3848 Eructas
2461 3799 2659 3850 ’Wouw.

2119 3857 2198 3926 19)
2233 3861 2306 3926 Te
2319 3857 2567 3926 add._Rig.

2117 3921 2200 3990 s0)
2235 3921 2761 3990 Tecumboﬁiniliig-

2115 3985 2194 4054 ‘21)
2230 3985 2375 4039 Soles
2405 3986 2592 4038 Wouw.
2609 3985 2719 4052 Rig.

1683 4159 2238 4219 COMMENTARIUS.

323 4301 371 4347 et
397 4293 547 4348 nimis
576 4294 705 4348 levia
733 4310 839 4350 esse
867 4295 1134 4352 videantur
1157 4338 1172 4363 ,
1205 4297 1293 4350 sed
1317 4295 1583 4352 curiositas
1613 4297 1742 4352 nihil
1771 4315 1917 4353 recu-

321 4375 423 4439 sat.
451 4365 801 4439 Casaubonus
843 4369 1014 4439 inquit
1062 4370 1113 4422 in
1164 4368 1304 4422 notis
1331 4368 1397 4422 ad
1444 4368 1670 4439 Vopisc.
1712 4371 1920 4439 perier-

322 4436 465 4510 giam
513 4437 670 4509 (qua:
717 4436 1002 4510 voxﬁidem
1033 4449 1115 4495 est
1157 4454 1279 4495 cum
1327 4436 1638 4495 curiositate
1665 4436 1919 4510 )ffactam

321 4506 696 4580 pedissequam
740 4509 1042 4580 philologim
1071 4511 1138 4565 ab
1190 4510 1342 4565 Mart.
1391 4511 1607 4578 Capella
1643 4506 1672 4576 ,’
1713 4520 1768 4565 et
1822 4513 1924 4566 alia

2021 4297 2277 4354 Jacobnm
2304 4294 2522 4370 fratrem
2555 4293 2906 4370 Domini,_ubi
2937 4294 3255 4370 loquensde
3282 4298 3348 4370 iis
3369 4300 3460 4370 qui
3490 4317 3630 4360 non-

2023 4370 2150 4425 dum
2180 4377 2303 4423 sunt
2323 4366 2610 4422 Christiani
2636 4409 2652 4433 ,
2680 4367 2755 4420 ait
2785 4367 2902 4422 illos
2927 4381 3054 4423 esse
3083 4369 3231 4424 toris.
3282 4366 3414 4427 ιΑρ’.

2101 4442 2181 4510 (e)
2212 4439 2510 4492 Denotetur.
2562 4437 2672 4511 l-loc
2696 4437 2916 4511 verbum
2943 4479 2960 4503 ,
3007 4437 3092 4494 hic
3142 4449 3198 4495 et
3235 4454 3380 4511 saepe
3409 4443 3542 4498 alias
3571 4444 3626 4499 in

2029 4507 2452 4582 malampartem
2472 4509 2721 4562 sumitur.
2751 4507 3109 4582 Hieronymus
3135 4511 3202 4565 de
3228 4507 3478 4582 suspecto
3498 4528 3629 4569 con-

324 4578 757 4671 qumpialniatl‘ert
783 4579 849 4635 de
871 4578 1376 4671 érist'ma‘scriptgre
1397 4581 1923 4671 ειηιὶιιυὶἰεείιξιολΐιιςε
1951 4611 2007 4671 D
2034 4580 2300 4671 tuberniio.
2354 4579 2458 4671 l’o's
2500 4589 2797 4633 cunctorum
2841 4578 2987 4650 digiti
3033 4578 3342 4636 denotabunt
3365 4623 3381 4650 ,
3413 4583 3467 4639 id
3496 4593 3580 4641 est
3608 4626 3626 4654 ,

407 4651 490 4723 (ει)
522 4648 666 4718 Opus
710 4660 783 4705 est
831 4648 1237 4707 adstudendum.
1276 4652 1424 4719 Opus
1464 4648 1606 4723 quod
1655 4653 1927 4723 adstuderi

332 4719 750 4792 debeat_magna
791 4724 1133 4790 curiositate,
1164 4733 1219 4779 et
1247 4723 1451 4792 majore
1483 4719 1760 4778 inemoria.
1800 4724 1923 4781 ch.

411 4791 492 4860 (h)
526 4790 780 4847 Nonnulli
805 4794 1028 4864 quidem.
1054 4794 1255 4850 Alludit
1295 4790 1533 4864 adiens,
1578 4795 1666 4864 qui
1695 4802 1820 4850 ante
1869 4810 1929 4852 se

334 4861 596 4936 adversus
669 4861 858 4936 gentes
914 4867 1292 4936 scripserunt,
1362 4861 1928 4934 Graacos'przesertim

327 4935 483 5007 (nam
512 4935 779 5007 secundus
806 4935 875 4990 ab
921 4935 1204 5007 Apollonio
1248 4936 1559 5007 Latinorum
1609 4937 1929 5006 scriptorum

329 5005 380 5078 a_
416 5005 479 5059 D.
523 5005 754 5078 illieron.
810 5005 1154 5078 inieatalogo
1199 5005 1576 5077 recensetur),
1604 5005 1929 5075 Quadratum

327 5075 476 5140 dico,
504 5077 821 5150 Aristidem,
875 5075 1143 5150 iustitium
1203 5075 1606 5148 philosolibuin,
1647 5081 1930 5150 Anaxago-

323 5161 487 5220 ram,
515 5147 816 5220 Melitortem
838 5191 852 5215 ,
884 5147 1244 5219 Theophilum
1277 5149 1668 5204 Antiochenum
1694 5192 1709 5214 ,
1766 5147 1934 5220 Apol-

323 5216 583 5278 linarium
605 5260 620 5280 .
655 5219 956 5284 Tatiunum,
989 5216 1268 5285 Irenaeum,
1296 5220 1628 5276 Clementem
1644 5216 1932 5277 Alexandr.

332 5297 389 5362 et
437 5288 722 5362 Miltiadem
761 5307 773 5342 :
805 5307 1034 5360 quorum
1064 5291 1309 5361 qumdam
1331 5291 1395 5346 ad
1423 5293 1640 5346 verbum
1674 5308 1811 5362 pene
1835 5308 1934 5347 suo

326 5359 679 5433 Apologetico
705 5359 957 5431 insparsit
980 5405 994 5426 ,
1045 5359 1111 5417 ad
1155 5377 1314 5433 queat
1345 5363 1505 5418 tacito
1531 5359 1746 5418 nmniiie
1774 5367 1933 5419 etiam

336 5430 428 5485 hic
459 5431 668 5485 videtur
694 5430 954 5489 alludere.
987 5434 1122 5488 Pan.

407 5500 482 5573 (e)
517 5501 583 5555 Et
609 5505 971 5559 sententiarum
998 5516 1316 5575 argumenta.
1359 5505 1666 5576 Legendum
1689 5505 1930 5572 videtur,

329 5582 384 5626 el
411 5585 722 5642 argumenta
772 5579 1195 5638 sententiarum.
1249 5588 1302 5633 ct
1333 5589 1516 5648 postea
1566 5576 1933 5646 disjungendm

330 5658 494 5720 voces
530 5662 644 5716 qua:
682 5651 1013 5720 recognosci,
1060 5649 1511 5720 scribendumque
1556 5663 1610 5701 re
1653 5651 1929 5719 cognosci,

330 5715 645 5785 disjanctim.
678 5717 756 5773 La
789 5715 884 5774 PR.

397 5784 488 5866 .(d)
523 5787 759 5866 Veritatis
792 5793 934 5866 [ores
984 5791 1418 5866 pulsant.ml‘lanc
1457 5791 1778 5866 locutionem
1823 5792 1933 5866 vidi

333 5858 503 5915 etiam
532 5858 584 5915 in
614 5858 840 5932 epistola
872 5863 962 5920 illa
985 5858 1168 5939 magni
1195 5865 1338 5921 illius
1363 5865 1653 5932 Clementis
1681 5865 1841 5937 Papa:
1865 5864 1934 5922 ad

2039 4652 2392 4708 infamabunt.
2424 4651 2556 4706 Lac.

2107 4722 2170 4795 (1‘)
2203 4723 2431 4778 Consisle
2455 4726 2506 4776 in
2537 4723 2722 4795 medio,
2760 4723 2955 4795 anima.
3003 4722 3384 4794 Prosopopoeia
3417 4725 3484 4782 ad
3506 4726 3630 4783 ani-

2033 4793 2204 4868 mam,
2238 4810 2265 4847 a
2296 4810 2396 4868 qua
2425 4793 2790 4868 testimonium
2821 4793 3078 4868 adversus
3118 4793 3307 4868 gentes
3347 4797 3628 4868 deposcit,

2032 4867 2086 4921 in
2117 4882 2218 4937 qua
2250 4865 2505 4936 persistit,
2539 4879 2706 4932 usque
2726 4867 2790 4919 ad
2817 4866 2975 4920 ﬁnem
2997 4865 3202 4935 capJ.
3232 4865 3628 4926 Varias'autem

2033 4937 2102 5010 de
2127 4936 2323 5010 quibus
2348 4937 2433 4991 hic
2467 4938 2698 5010 paucis,
2741 4936 2960 5010 (Epicuri
3011 4938 3345 5010 aliorumque
3397 4941 3635 5010 philoso-

2074 5007 2263 5062 hornm
2294 5007 2362 5063 de
2393 5007 2566 5062 anima
2610 5007 2888 5076 Opiniones
2933 5008 3192 5066 latissime
3222 5007 3467 5067 recenset
3499 5014 3633 5069 infra

2063 5081 2130 5134 ib.
2161 5079 2228 5133 de
2279 5079 2478 5134 anima.
2526 5077 2640 5133 l-loc
2667 5093 2830 5133 unum
2872 5077 2924 5133 id
2960 5078 3169 5146 dicam,
3224 5083 3462 5138 nondum
3511 5099 3635 5140 cum

2040 5150 2156 5204 haec
2181 5152 2479 5216 scriberet,
2511 5151 2674 5204 fuisse
2701 5151 2989 5205 Auctorem
3041 5151 3092 5205 in
3125 5167 3310 5208 errore
3347 5153 3415 5210 de
3458 5156 3638 5210 anima

2039 5221 2260 5277 traduce
2287 5232 2377 5275 aut
2403 5235 2682 5291 corporea.
2719 5221 2852 5274 Pan.

2113 5291 2192 5363 (g)
2226 5291 2492 5366 Eo_t_nagis
2517 5291 2720 5366 mentiri
2745 5309 2846 5366 non
2899 5292 3102 5347 deberis.
3153 5293 3210 5348 In
3238 5296 3642 5366 exemplaribus

2041 5363 2233 5434 legitur
2254 5406 2268 5431 ,
2303 5363 2423 5418 Non
2448 5363 2666 5417 debebis.
2696 5364 2943 5418 Animam
2975 5366 3264 5434 compellat
3291 5383 3307 5421 :
3340 5363 3602 5423 Si'divina
3624 5410 3640 5436 ,

2042 5436 2247 5506 inquit,
2298 5443 2352 5488 et
2402 5444 2718 5506 :eternaires
2756 5450 2853 5506 es,
2897 5450 2962 5490 eo
3006 5438 3176 5506 magis
3215 5452 3322 5492 non
3370 5441 3640 5503 mentiris,

2041 5503 2162 5561 cuin
2190 5503 2261 5559 sit
2283 5516 2435 5575 turpe
2461 5515 2513 5560 et
2538 5505 2811 5575 indignum
2841 5505 2951 5560 Deo
2979 5503 3335 5564 mendacium.
3383 5511 3438 5565 Si
3483 5511 3643 5566 mini-

2038 5592 2124 5632 me
2153 5576 2330 5631 divina
2362 5592 2450 5631 res
2477 5592 2537 5631 cs
2566 5619 2580 5643 ,
2613 5593 2678 5631 eo
2724 5576 2892 5647 magis
2935 5577 3153 5633 mentiri
3194 5594 3301 5634 non
3350 5580 3549 5645 debes,
3590 5590 3648 5637 ut

2039 5649 2404 5774 testiinonian
2433 5647 2580 5704 dicas
2607 5648 2658 5703 in
2683 5651 2909 5718 gratiam
2940 5648 3075 5716 Dei,
3116 5649 3184 5705 ad
3211 5666 3372 5722 quem
3423 5654 3651 5709 minime

2039 5731 2298 5774 nerunes.
2385 5736 2452 5774 ιο.

2037 5731 2298 5791 perttnes.
2333 5731 2452 5774 tuo.

2113 5792 2194 5861 (h)
2226 5789 2348 5846 Non
2372 5792 2511 5846 nasci
2551 5791 2680 5846 soles
2705 5789 3018 5867 Christiana.
3065 5791 3266 5849 Anima
3311 5795 3516 5852 scilicet
3563 5811 3662 5867 per

2040 5863 2200 5920 [idem
2243 5871 2625 5936 regeneratur,
2675 5863 2828 5921 sicuti
2874 5877 3104 5937 corpora
3150 5881 3181 5922 a
3219 5868 3543 5939 parentibus
3563 5863 3664 5942 ge-
