4252 6270
343 323 456 382 613

1474 312 1694 372 LIBER
1717 327 1722 332 ‘
1749 312 1836 369 DE
1875 309 2286 370 TESTIMONIO
2326 308 2584 369 ANIM/E.

3557 313 3662 376 6M

341 446 492 496 tator
520 434 618 507 '(a)
673 431 849 490 illudit
874 445 936 488 ea
964 427 1043 505 (l)
1062 473 1077 498 ,
1105 438 1162 488 et
1206 445 1350 497 esse,
1397 438 1455 487 et
1497 429 1947 486 abominationem
1974 430 2029 492 Α
2055 444 2175 499 quae
2202 437 2252 484 te
2277 429 2345 485 ab
2373 429 2592 486 interitu
2620 425 2860 485 defendit
2891 439 2907 484 ε
2936 434 3114 485 tamen
3140 435 3360 500 propter
3393 429 3470 500 (8)
3499 443 3660 490 suum

351 531 623 588 sustinere
647 568 662 592 ,
699 525 1070 582 execrationes
1099 534 1202 580 tuae
1230 523 1580 595 respondent.
1621 521 1954 577 Dasmonium

347 638 535 688 vocas,
591 619 861 675 hominem
913 627 1006 671 aut
1057 613 1427 687 immunditia',
1456 623 1549 670 aut
1589 613 1813 678 malitia,
1861 620 1956 668 aut

347 714 659 780 insolentia,
691 720 783 766 aut
811 725 1127 781 quacunque
1154 709 1386 777 macula,
1415 721 1577 778 quam
1625 719 1724 762 nos
1754 705 1955 761 daemo-

344 811 450 866 niis
471 809 807 879 deputamus,
829 815 920 858 aut
937 803 1016 874 (2)
1036 802 1103 859 ad
1127 802 1500 858 necessitatem
1529 799 1637 856 odii
1655 799 1736 871 (ὅ)
1756 813 1956 870 oppor-

345 911 550 957 tunam.
579 899 833 955 Satanam
853 895 930 968 (b)
957 896 1188 966 denique
1207 897 1259 950 in
1281 895 1423 951 omni
1447 894 1528 966 (4)
1544 893 1880 950 aversatione
1901 900 1958 948 et

345 994 726 1066 aSpernatione
747 991 1180 1047 etdetestatione
1201 989 1535 1060 pronuntias,
1564 1003 1722 1059 quem
1745 1001 1842 1042 nos
1871 986 1956 1042 di-

349 1091 521 1146 cimus
534 1087 753 1142 malitiae
774 1084 1045 1156 angelum,
1069 1083 1234 1139 totius
1260 1082 1463 1138 erroris
1488 1081 1770 1147 artificem,
1797 1081 1958 1136 totius

347 1183 535 1240 steculi
563 1181 1127 1252 interpolatorem,per
1145 1193 1304 1249 quem
1324 1177 1486 1234 homo
1501 1192 1530 1231 a
1549 1175 1838 1247 primordio
1854 1176 1959 1232 cir-

344 1284 688 1340 cumventus,
716 1282 773 1327 ut
795 1283 1123 1342 praeceptum
1153 1271 1248 1326 Dei
1275 1269 1579 1337 excederet,
1604 1279 1656 1325 et
1678 1279 1958 1340 propterea

353 1368 408 1423 in
431 1375 659 1422 mortem
687 1364 864 1430 datus,
896 1362 1088 1419 exinde
1115 1371 1282 1418 totum
1308 1378 1477 1433 genus
1505 1361 1572 1417 de
1611 1376 1710 1417 suo
1753 1363 1959 1417 semine

351 1457 609 1513 infectum
640 1498 654 1520 ,
709 1471 822 1510 sua:
875 1455 1037 1510 etiam
1079 1453 1440 1509 damnationis
1490 1451 1762 1508 traducem
1810 1453 1952 1507 fecit.

344 1549 527 1604 Sentis
567 1549 730 1619 igitur
775 1545 1101 1617 perditorem
1149 1554 1318 1600 tuum.
1366 1544 1435 1599 Et
1482 1544 1606 1600 licet
1657 1545 1756 1599 soli
1801 1545 1950 1600 illum

343 1642 598 1696 noverint
638 1640 934 1705 christiani,
981 1639 1068 1692 vel
1117 1652 1451 1709 quaecunque
1477 1637 1556 1708 (5)
1597 1635 1739 1706 apud
1765 1637 1949 1693 Domi-

339 1749 472 1789 num
505 1744 671 1797 secta,
702 1742 757 1788 et
783 1742 839 1786 tu
883 1742 1058 1786 tamen
1087 1745 1209 1786 eum
1238 1731 1400 1796 nosti,
1429 1729 1555 1785 dum
1586 1729 1768 1785 odisti.

415 1825 546 1880 CAP.
589 1824 681 1879 IV.
707 1824 825 1878 Jam
850 1839 990 1878 nunc
1015 1822 1159 1893 quod
1189 1822 1255 1877 ad
1288 1823 1710 1879 necessariorem
1734 1831 1952 1879 senten-

2055 537 2253 578 nomcn
2281 523 2380 578 soli
2429 523 2652 577 vanitati
2682 531 2736 578 et
2781 522 3022 593 stupori,
3050 532 3104 578 et
3136 531 3192 577 ut
3234 522 3470 591 dicitur,
3504 539 3650 596 pra:-

2057 612 2350 684 sumptioni
2398 613 2687 686 deputatur
2731 611 2828 686 (d).
2864 612 2972 670 Sed
3002 627 3112 669 non
3154 612 3561 684 erubescimus,
3611 617 3658 676 si

2054 713 2237 763 .tecum
2265 708 2369 762 erit
2395 719 2576 763 nostra
2606 707 2974 780 praesumptio.
3005 707 3189 764 Primo
3211 710 3354 764 enim
3405 724 3525 766 cum
3556 711 3659 768 ali-

2061 798 2217 869 cujus
2243 798 2479 855 defuncti
2507 800 2842 866 recordaris,
2875 799 3142 855 misellum
3189 814 3350 855 vocas
3377 815 3499 857 eum
3530 821 3544 858 ε
3575 801 3662 874 (9)

2061 905 2168 946 non
2191 891 2376 962 utique
2419 892 2536 962 (l0)
2583 892 2724 963 quod
2756 892 2824 948 de
2850 893 2993 948 bono
3025 894 3151 948 vita:
3177 904 3444 965 ereptum,
3475 895 3572 953 sed
3605 905 3665 954 ut

2063 996 2236 1054 ptenae
2287 993 2342 1039 et
2395 983 2599 1054 judicio
2659 985 2769 1055 jam
2816 985 3168 1057 adscriptum.
3220 987 3487 1044 Caeterum
3531 989 3662 1045 alias

2061 1091 2280 1132 securos
2324 1091 2485 1132 vocas
2525 1075 2829 1133 defunctos.
2864 1079 3138 1136 Proﬁteris
3181 1090 3236 1137 et
3296 1082 3418 1136 vitae
3453 1083 3662 1139 incom-

2062 1168 2306 1236 modum,
2359 1179 2415 1225 et
2475 1170 2664 1226 mortis
2713 1170 3055 1227 beneficium.
3089 1170 3264 1228 Vocas
3309 1188 3472 1243 porro
3501 1190 3662 1232 secu-

2067 1275 2176 1326 ros,
2228 1261 2272 1316 si
2304 1261 2519 1331 quando
2543 1273 2693 1318 extra
2721 1271 2928 1333 portam
2961 1261 3032 1336 (e)
3060 1279 3182 1320 cum
3213 1265 3451 1323 obsoniis
3466 1276 3520 1324 et
3548 1270 3663 1339 (Η)

2065 1353 2280 1408 matteis
2307 1354 2379 1425 (f)
2409 1354 2501 1409 tibi
2533 1355 2710 1424 potius
2740 1364 3028 1427 parentans
3050 1357 3116 1413 ad
3135 1357 3287 1415 busta
3313 1359 3520 1416 recedis
3557 1363 3658 1433 (g),

2073 1458 2163 1503 aut
2189 1465 2219 1503 a
2245 1449 2416 1504 bustis
2443 1449 2662 1505 dilutior
2690 1451 2853 1506 redis.
2880 1455 2950 1506 At
2975 1467 3074 1522 ego
3097 1451 3332 1508 sobriam
3364 1464 3506 1509 tuam
3535 1471 3664 1510 sen-

2064 1546 2284 1601 tentiam
2309 1545 2505 1616 exigo:
2541 1545 2782 1600 misellos
2818 1560 2978 1601 vocas
3005 1555 3242 1603 mortuos
3264 1587 3278 1612 ,
3312 1563 3433 1603 cum
3473 1548 3541 1605 de
3573 1559 3663 1605 tuo

2057 1637 2291 1708 loqueris
2311 1679 2326 1703 ,
2353 1653 2474 1692 cuin
2501 1637 2569 1693 ab
2617 1638 2696 1693 eis
2723 1640 2880 1709 longe
2909 1653 2990 1693 es.
3013 1638 3147 1694 Nam
3175 1639 3230 1694 in
3257 1641 3506 1697 convivio
3546 1642 3660 1716 (12)

2057 1745 2242 1786 eorum
2268 1730 2421 1801 quasi
2452 1730 2805 1800 prtesentibus
2821 1740 2874 1784 et
2894 1731 3436 1802 conrecumpentibus
3459 1744 3661 1790 sortem

2068 1838 2220 1879 suam
2251 1823 2583 1894 exprobrare
2613 1839 2721 1878 non
2760 1824 2934 1893 possis
2953 1863 2969 1891 ,
3000 1823 3166 1880 debes
3193 1824 3401 1880 adulari
3444 1836 3663 1896 propter

345 1918 474 1973 tiam
505 1927 648 1972 tuam
677 1926 906 1987 spectet,
937 1892 1195 1986 quantum
1232 1913 1310 1987 (6)
1359 1923 1416 1970 et
1458 1915 1524 1970 ad
1556 1916 1730 1986 ipsum
1759 1924 1956 1973 statuat
1985 1892 2034 1952 Β
2062 1932 2195 1988 quos
2223 1892 2338 1988 (l5)
2370 1917 2544 1972 laetius
2570 1917 2722 1972 vivis.
2751 1892 3010 1972 Misellum
3050 1932 3179 1988 ergo
3208 1931 3390 1984 vocas,
3410 1892 3501 1988 qui
3529 1892 3662 1975 nihil

349 2024 496 2069 tuum
547 2010 734 2078 tendit,
763 2010 1122 2077 altirmamus,
1159 2018 1214 2066 te
1256 2025 1472 2066 manere
1515 2018 1637 2081 post
1667 2012 1791 2068 vita:
1843 2012 1958 2068 dis-

349 2105 722 2175 punctionem,
773 2113 828 2159 et
879 2111 1194 2172 exspectare
1255 2102 1400 2157 diem
1451 2103 1638 2173 iudicii
1669 2144 1687 2170 ,
1757 2118 1961 2174 proque

343 2200 559 2256 meritis
610 2197 680 2271 (ε)
726 2206 818 2252 aut
865 2196 1125 2252 cruciatui
1171 2196 1448 2262 destinari,
1502 2207 1596 2252 aut
1643 2196 1955 2268 refrigerio,

348 2302 576 2361 utroque
628 2291 973 2360 sempiterno.
1005 2289 1212 2357 Quibus
1260 2288 1589 2344 sustinendis
1639 2291 1954 2345 necessario

354 2386 452 2441 tibi
482 2385 830 2440 substantiam
859 2385 1136 2456 pristinam
1160 2425 1174 2451 ,
1208 2383 1557 2455 ejusdemque
1579 2384 1812 2440 hominis
1835 2401 1950 2440 ma-

351 2482 580 2544 teriam,
625 2487 680 2534 et
729 2478 1042 2534 memoriam
1095 2492 1467 2544 reversnram,
1521 2476 1667 2548 quod
1711 2486 1766 2533 et
1818 2477 1954 2533 nihil

359 2569 484 2625 mali
514 2584 577 2624 ac
601 2569 726 2625 boni
756 2570 956 2625 sentire
1003 2570 1211 2639 possis,
1261 2569 1379 2625 sine
1407 2570 1588 2624 carnis
1631 2571 1954 2641 passionalis

357 2663 641 2732 facultate,
671 2672 726 2720 et
751 2663 897 2718 nulla
928 2663 1066 2719 ratio
1119 2664 1189 2719 sit
1227 2663 1412 2733 jndicii
1439 2664 1557 2718 sine
1605 2663 1773 2735 ipsius
1799 2664 1954 2720 exhi-

349 2761 577 2827 bitione,
597 2761 688 2832 qui
712 2761 1106 2832 meruitjudicii
1133 2761 1457 2836 passionem.
1479 2760 1752 2829 Ea-Opinio
1773 2757 1958 2815 Chris-

341 2854 488 2909 tiana
517 2855 620 2910 etsi
653 2853 929 2910 honestior
976 2855 1146 2910 multo
1178 2854 1520 2925 pythagorica
1544 2896 1558 2921 ,
1589 2869 1709 2924 quae
1750 2862 1800 2908 te
1844 2868 1953 2909 non

353 2948 407 3003 in
436 2949 634 3004 bestias
682 2947 967 3014 transfert;
999 2949 1100 3004 etsi
1133 2948 1339 3021 plenior
1371 2945 1669 3017 platonica',
1699 2960 1816 3016 quae
1849 2945 1946 3001 tibi

339 3043 500 3100 etiam
526 3044 704 3102 dotem
734 3043 975 3114 corporis
1001 3041 1195 3111 reddit;
1218 3041 1318 3099 etsi
1339 3041 1589 3112 epicurea
1615 3039 1817 3110 gratior
1845 3037 1948 3110 (7),

2059 2012 2258 2068 sentit?
2289 2011 2416 2083 quid
2445 2011 2586 2082 quod
2631 2021 2687 2066 ut
2715 2011 2966 2067 sentienti
3019 2011 3294 2067 maledicis
3314 2054 3327 2076 ,
3357 2011 3477 2085 (l4)
3507 2013 3663 2084 cujus

2061 2105 2376 2162 memoriam
2398 2121 2521 2163 cum
2542 2104 2769 2175 alicujus
2796 2104 3014 2160 offensa:
3041 2119 3224 2160 morsu
3253 2104 3406 2161 facis.
3438 2105 3661 2162 Terram

2057 2215 2276 2272 gravem
2312 2199 2395 2272 (Ii)
2428 2198 2740 2270 imprecaris
2763 2239 2780 2264 ,
2838 2208 2893 2255 et
2915 2199 3081 2255 cineri
3113 2213 3277 2272 penes
3319 2199 3516 2256 inferos
3549 2210 3661 2257 tore-

2034 2304 2322 2361 anentum.
2355 2291 2535 2362 Eque
2575 2308 2641 2348 ex
2670 2292 2807 2347 bona
2854 2294 3039 2363 parte,
3073 2294 3159 2348 cui
3191 2293 3414 2364 gratiam
3459 2293 3659 2362 debes,

2059 2387 2270 2442 ossibus
2299 2394 2356 2442 et
2399 2387 2670 2442 cineribus
2715 2387 2841 2456 ejns'
2876 2387 3210 2458 refrigerium
3265 2389 3661 2459 comprecaris,

2060 2488 2115 2534 et
2139 2488 2195 2534 ut
2221 2479 2358 2534 bene
2385 2479 2688 2550 requiescat
2713 2480 2851 2550 apud
2878 2479 3080 2536 inferos
3100 2481 3274 2552 cupis.
3299 2481 3356 2547 Si
3380 2481 3511 2536 nihil
3536 2497 3661 2553 pas-

2061 2573 2227 2628 sionis
2253 2583 2333 2629 est
2361 2573 2459 2628 tibi
2491 2581 2613 2644 post
2638 2585 2864 2628 mortem
2890 2616 2904 2641 ,
2939 2574 2984 2628 si
3016 2574 3160 2629 nulla
3186 2589 3379 2630 sensus
3407 2590 3655 2645 perseve-

2062 2667 2232 2721 rantia
2257 2707 2272 2733 ,
2295 2666 2345 2720 si
2372 2665 2604 2736 denique
2625 2665 2757 2720 nihil
2786 2681 2845 2722 es
2875 2665 2989 2738 ipsa
3018 2666 3108 2721 ubi
3142 2681 3341 2738 corpus
3365 2667 3659 2738 reliquisti:

2059 2774 2161 2816 cur
2188 2759 2430 2814 mentiris
2471 2759 2521 2813 in
2571 2767 2656 2826 te,
2687 2759 2842 2830 quasi
2872 2759 3074 2830 aliquid
3109 2740 3247 2814 ultra
3295 2760 3402 2830 pati
3451 2759 3663 2829 possis?

2059 2850 2172 2906 lmo
2196 2866 2293 2906 cur
2320 2850 2375 2907 in
2427 2859 2598 2907 totum
2628 2852 2784 2908 times
2837 2859 3097 2921 mortem,
3128 2853 3172 2906 si
3225 2851 3358 2907 nihil
3411 2861 3495 2907 est
3543 2850 3658 2924 (15)

2056 2943 2150 2999 tibi
2181 2943 2479 3000 timendum
2511 2953 2632 3014 post
2681 2953 2908 3001 mortem
2933 2987 2948 3012 ,
2989 2961 3098 3017 qua
3128 2961 3228 3002 nec
3271 2945 3663 3017 experiundum

2060 3046 2182 3109 post
2211 3048 2439 3094 mortem
2467 3038 2560 3112 (i)?
2585 3039 2717 3095 Nam
2755 3039 2860 3096 etsi
2905 3039 3087 3096 dicere
3145 3039 3261 3114 (l6)
3291 3049 3446 3113 potes
3469 3083 3486 3111 ,
3543 3040 3664 3097 ideo

1563 3133 1948 3192 LECTIONES
1985 3133 2404 3191 VARIANTES.

407 3230 482 3298 (ᾖ)
515 3231 596 3298 _Ea
611 3231 752 3298 abest
788 3231 970 3298 Rigalt.

431 3295 480 3346 2)
515 3295 579 3346 Et
610 3297 838 3346 Wouver.

432 3302 458 3342 2
517 3302 579 3346 Et
612 3302 838 3346 Wouver.

508 3357 855 3428 iinportunuai
867 3354 1043 3428 Rigalt.
1070 3355 1200 3405 odiis
1223 3362 1550 3425 opportunum
1575 3354 1696 3404 Jun.

435 3419 484 3480 4)
509 3419 789 3480 vexatione
812 3419 975 3469 Paris.

432 3475 487 3544 5')
519 3479 612 3544 Yel
631 3494 949 3544 quaecumque
970 3483 1102 3544 capit
1123 3477 1280 3533 Latin.
1305 3481 1433 3543 sapit
1458 3475 1729 3533 Ciaconius.

433 3541 485 3600 6)
523 3541 577 3606 In
602 3541 834 3606 quantum
864 3541 983 3594 Jun.

523 3603 879 3674 graﬁorzmg:
944 3667 955 3674 .
1032 3668 1088 3674 _.
1159 3666 1187 3674 ,γ
1281 3667 1295 3674 -
1417 3669 1440 3674 -
1487 3665 1514 3674 Α.
1607 3662 1663 3674 _.

406 3663 483 3733 (8)
523 3667 676 3718 Suum
699 3663 1005 3721 abest'latin.
1027 3666 1206 3733 Rigalt.
1226 3667 1384 3720 solum
1409 3665 1563 3720 Latin.
1601 3663 1783 3732 Rigalt.

2137 3227 2190 3293 9)
2229 3226 2339 3278 Non
2358 3228 2429 3293 uti
2453 3226 2516 3293 de
2542 3228 2674 3293 bono
2693 3230 2808 3293 vitae
2832 3228 3095 3293 dereptum
3117 3231 3226 3293 Lat.

2142 3292 2222 3359 id)
2257 3291 2398 3359 Quod
2423 3289 2555 3359 abest
2568 3292 2696 3359 Jun.
2724 3291 2798 3342 uti
2819 3292 2884 3342 de
2909 3289 3039 3342 bona
3064 3292 3176 3359 Rig.

2145 3353 2222 3417 11)
2252 3353 2315 3417 iit
2337 3356 2531 3417 mattyis
2553 3355 2674 3404 Jun.

2145 3415 2221 3485 l2)
2255 3416 2438 3485 Eorum
2460 3415 2588 3485 abest
2612 3419 2719 3485 Εἰς.
2739 3430 2889 3482 quum
2905 3415 3047 3470 addit
3072 3418 3175 3469 Lat.

2145 3481 2216 3534 l3)
2255 3478 2458 3530 Lautius
2475 3477 2671 3532 Ciacon.

2146 3542 2223 3592 14)
2263 3541 2316 3591 Si
2334 3542 2454 3592 add.
2474 3544 2598 3592 Jun.

2147 3602 2221 3671 iis)
2267 3602 2458 3671 Malim,
2484 3606 2525 3654 si
2554 3604 2676 3671 nihil
2701 3605 2798 3655 es?
2824 3605 2910 3657 tibi
2935 3605 3212 3658 timendum
3235 3618 3285 3671 p.
3309 3607 3558 3658 mortem?
3659 3655 3668 3664 .

2147 3667 2222 3732 16)
2264 3667 2377 3720 Dici
2401 3675 2565 3732 potest
2587 3667 2700 3733 Rig.

1717 3749 2276 3810 COMMENTARIUS.

345 3842 735 3899 niciosissimam
759 3845 869 3899 sola
901 3844 1142 3900 traducit.
1189 3845 1254 3900 Et
1296 3853 1474 3900 tamen
1517 3843 1618 3898 hoc
1661 3842 1821 3897 etiam
1858 3841 1950 3898 Ju-

342 3915 489 3970 daaos
534 3915 850 3986 prmsutisse
890 3916 1141 3971 adlirmat
1193 3916 1426 3972 Irenaeus
1473 3917 1568 3971 lib.
1601 3913 1692 3969 XI.
1726 3930 1846 3984 cap.
1889 3915 1944 3970 5.

344 3987 505 4042 etiam
519 3997 816 4113 1postquam
851 3988 904 4042 in
934 4002 1122 4044 eorum
1168 3987 1283 4043 olea
1315 4003 1382 4044 ex
1414 3988 1648 4045 oleastro
1687 3986 1834 4042 insiti
1862 4001 1951 4042 su-

351 4073 490 4113 mus.
569 4075 640 4113 ια.

351 4073 490 4114 ωυε.
520 4073 640 4116 ιιια.

421 4131 500 4204 (a)
546 4131 728 4204 Aliqui
760 4129 1035 4204 Chrysippi
1083 4139 1385 4204 assentator.
1437 4129 1537 4186 Est
1557 4127 1956 4204 plane_Tertul-

345 4199 820 4283 lianicum,'ali_qui
849 4199 1176 4283 ιὶιςοξυιίᾳιιὶεἶ
1209 4201 1429 4283 \lidciur
1474 4211 1663 4283 auiam
1701 4199 1956 4283 Chrysip-

344 4287 448 4346 pus
477 4271 863 4346 philosophus,
892 4275 1000 4346 (de
1025 4271 1132 4345 quo
1162 4274 1320 4329 latius
1344 4273 1481 4328 infra
1507 4273 1602 4328 lib.
1633 4271 1955 4346 de_Atiima)

353 4341 618 4399 daemonia
647 4341 922 4412 illusisse,
975 4341 1114 4400 lib'ro
1142 4354 1396 4415 quantum
1425 4351 1650 4413 apparet
1697 4341 1764 4398 de
1808 4343 1950 4396 Divi~

353 4419 570 4471 natione
591 4457 606 4479 ,
640 4433 800 4486 quem
829 4418 958 4472 citat
981 4417 1288 4472 Lactantius
1315 4415 1407 4470 lib.
1442 4416 1482 4469 Ι.
1509 4415 1646 4470 Ptin.

425 4487 506 4557 (b)
537 4488 790 4560 Satanam
837 4489 1050 4560 denique
1097 4488 1325 4560 inomni
1369 4488 1682 4560 aversatione
1730 4500 1958 4560 promin-

362 4555 491 4633 ἔξω)
516 4559 675 4633 Ergo
707 4561 926 4633 Satanae
949 4555 1264 4633 vocabulum
1296 4567 1611 4633 usui-patum
1637 4555 1842 4633 Graecis
1865 4564 1958 4633 aut
1983 4573 2034 4633 ο

353 4628 560 4686 Latinis
602 4627 837 4685 nondum
869 4630 1224 4686 Christianis?
1268 4627 1466 4686 etenim
1508 4627 1797 4696 alloquitur
1833 4629 1954 4682 ani-

353 4715 496 4755 mam
547 4717 652 4756 non
695 4702 1091 4766 Christianam,
1138 4701 1360 4756 minime
1407 4714 1536 4755 vero
1567 4717 1579 4752 :
1607 4697 1715 4754 Sed
1759 4697 1959 4754 Malunt

353 4771 540 4827 dixere
562 4813 576 4838 ,
606 4782 728 4827 nota
757 4774 1131 4842 interjectione
1155 4773 1296 4841 apud
1321 4771 1570 4827 Comicus
1595 4770 1958 4842 aversantium

347 4843 550 4913 aliquid
580 4884 595 4909 ,
623 4854 714 4898 aut
743 4840 1145 4913 aSper'nantinm
1188 4840 1252 4898 ac
1299 4843 1722 4913 detestantiums
1753 4840 1960 4913 Teren-

345 4912 450 4986 tius
480 4915 738 4970 Eunucho
761 4957 776 4983 ,
803 4912 928 4986 qui,
974 4916 1167 4970 malum
1191 4955 1207 4982 ,
1261 4915 1396 4970 alii?
1423 4914 1646 4986 Plautus
1685 4912 1906 4986 Epidico
1939 4927 1952 4963 :

345 4985 475 5057 Qua:
497 5029 511 5050 ,
542 4987 734 5040 malum
755 5029 772 5052 ,
804 4984 911 5041 Iure
940 5029 954 5053 ,
987 4987 1305 5057 impudentia
1334 4995 1429 5040 est.
1481 4987 1551 5040 At
1589 4984 1953 5057 Christianis,

348 5055 519 5130 Malus
538 5058 830 5130 ,_absolnte
857 5055 1072 5130 ponitur
1100 5073 1200 5130 pro
1226 5059 1446 5113 Satana.
1475 5067 1530 5113 et
1561 5057 1660 5130 hoc
1710 5055 1831 5130 lo_co
1879 5055 1956 5108 vi-

344 5127 917 5200 cissimi'l‘crtullianns
947 5127 1200 5186 Satanam
1231 5131 1407 5200 posuit
1435 5143 1532 5197 pro
1557 5128 1714 5200 Malo.
1746 5127 1866 5182 Βία.

420 5199 496 5268 (c)
533 5199 734 5268 Proque
759 5202 951 5255 meritis
975 5242 992 5268 ,
1023 5211 1128 5258 etc.
1163 5199 1362 5256 Auctor
1387 5200 1508 5255 libri
1555 5200 1623 5255 de
1651 5199 1752 5254 tide
1776 5240 1790 5262 ,
1836 5212 1956 5268 pag.

344 5269 697 5342 43.11::bituri
743 5273 1108 5342 unusquisque
1150 5284 1393 5330 nostrum
1435 5272 1728 5342 specialem
1775 5285 1958 5342 resur-

343 5341 640 5397 rectionem
669 5385 683 5408 ,
717 5360 812 5412 pro
842 5341 1036 5398 merito
1067 5344 1189 5399 fidei
1219 5360 1280 5399 ac
1309 5345 1429 5398 vita:
1455 5341 1475 5408 ,'
1504 5345 1618 5399 sive
1641 5343 1707 5395 ad
1737 5341 1960 5409 refrige-

343 5414 483 5485 rium
515 5413 634 5469 sive
659 5415 724 5470 ad
758 5415 1045 5470 ustionem.
1084 5415 1215 5470 Vide
1243 5430 1365 5485 qua:
1389 5414 1457 5469 ad
1493 5414 1620 5468 illud
1648 5413 1901 5478 Septimii
1941 5428 1955 5466 :

343 5482 551 5539 Modico
578 5501 792 5557 quoque
818 5487 1016 5542 delicto
1043 5502 1193 5542 mora
1234 5482 1645 5542 resurrectionis
1687 5496 1954 5557 expenso,

343 5570 464 5626 pag.
526 5556 652 5612 358.
705 5553 836 5616 Βία.
888 5588 961 5600 --
1021 5558 1197 5613 Locus
1270 5573 1372 5628 pro
1438 5571 1661 5625 operum
1714 5553 1958 5628 meritis,

343 5624 528 5697 quales
555 5629 681 5683 alibi
711 5631 1040 5698 complures.
1072 5631 1152 5685 En
1178 5624 1306 5685 vero
1342 5624 1533 5683 rursus
1561 5641 1754 5682 vocem
1803 5624 1965 5680 obso-

341 5698 504 5773 letam
547 5702 903 5773 ,_passionalis
927 5718 1022 5772 pro
1051 5703 1278 5773 passioni
1303 5700 1547 5773 obnoxia.
1575 5699 1712 5773 Pais.

415 5771 498 5840 (d)
549 5767 948 5844 Prwaumptioni
1001 5767 1291 5843 deputatur.
1355 5771 1702 5844 [{csurt‘ectio
1735 5767 1839 5844 hoc
1871 5781 1968 5844 no-

343 5841 493 5900 mine
527 5841 905 5904 enuntiabatur
931 5841 1304 5919 agentilibus.
1346 5841 1643 5902 Christiani
1671 5842 1818 5899 enim
1845 5841 1968 5912 glo-

2056 3847 2185 3902 riosi
2221 3849 2321 3904 hoc
2352 3846 2508 3901 titulo
2533 3889 2546 3909 .
2577 3847 2990 3916 prmsumptuosi
3014 3848 3364 3904 vocabantur.
3395 3848 3469 3904 Ita
3516 3849 3665 3918 Apu-

2058 3918 2213 3986 leius,
2247 3920 2340 3977 lib.
2368 3918 2461 3974 IX.
2490 3918 2847 3974 ChriStianam
2879 3920 3149 3974 fteminam
3178 3921 3496 3976 lancinabat.
3533 3919 3663 3976 Tum

2055 3993 2236 4061 spretis
2264 4002 2412 4061 atque
2444 3991 2652 4045 calcatis
2677 3991 2860 4044 divinis
2881 3991 3192 4056 numinibus,
3247 3993 3303 4046 in
3328 3993 3489 4047 uicem
3513 4003 3661 4047 certa:

2087 4062 2342 4131 leligionis
2363 4105 2376 4126 .
2410 4063 2599 4116 mantia
2625 4061 2878 4134 sacrilega
2905 4063 3303 4133 presumption:
3325 4061 3426 4118 Dei
3448 4103 3464 4132 ,
3511 4080 3659 4134 quem

2064 4136 2364 4202 prwdicaret
2391 4134 2594 4188 unicum
2621 4174 2636 4198 ,
2667 4143 2759 4187 etc.
2791 4132 2921 4187 Lac.

2137 4208 2211 4276 (e)
2242 4206 2405 4262 Extra
2432 4217 2650 4275 portam.
2688 4205 2919 4276 Cautum,
2965 4213 3081 4276 erat
3105 4213 3158 4260 et
3183 4205 3509 4275 prohibit-um
3532 4206 3662 4262 olim

2061 4274 2250 4333 Roma:
2289 4274 2450 4348 atque
2488 4275 2698 4348 legibus
2737 4274 2806 4330 12
2855 4274 3194 4346 tabularum,
3239 4293 3316 4348 ine
3361 4278 3483 4348 quis
3521 4277 3661 4333 intra

2061 4349 2246 4476 urbetit
2278 4392 2293 4417 ,
2355 4347 2674 4420 Sepeliretur
2736 4355 2830 4403 aut
2906 4356 3174 4402 ureretur.
3231 4347 3389 4406 Unde
3437 4347 3662 4406 Juvenal

2061 4428 2162 4474 sat.
2257 4436 2274 4474 :

2059 4428 2162 4474 sat.
2206 4428 2274 4474 1:

2403 4512 2644 4574 Experiar
2667 4509 2783 4574 quid
2802 4511 3100 4561 concedatur
3125 4513 3174 4560 in
3193 4510 3301 4562 illos

2188 4575 2408 4637 Quorum
2430 4572 2644 4626 ﬂaminia
2667 4572 2857 4636 tegitur
2875 4575 3000 4624 cinis
3023 4582 3172 4638 atque
3195 4577 3376 4624 Latina.
3475 4572 3544 4623 Ls
3568 4573 3681 4624 Ρω-

2137 4688 2207 4762 (l)
2234 4687 2362 4743 Cum
2405 4685 2626 4762 obsoniis
2667 4684 2976 4762 e_t‘_ntat_teis:_
3022 4681 3240 4737 Certum
3271 4692 3353 4762 est
3405 4679 3492 4735 hic
3521 4679 3660 4762 Mat-

2067 4751 2352 4817 teas'csse
2399 4758 2644 4814 convivia
2691 4757 2777 4812 illa
2825 4753 3052 4819 feralia,
3100 4767 3219 4822 quae
3291 4754 3342 4807 in
3395 4751 3661 4822 sepulcris

2065 4833 2184 4888 ﬁeri
2217 4839 2607 4887 consueverant
2633 4869 2648 4890 ,
2682 4825 2966 4895 legendum
2998 4839 3156 4893 porro
3186 4823 3394 4878 videtur
3422 4823 3657 4893 Mattyis,

2062 4904 2194 4960 Nam
2223 4903 2363 4974 apud
2393 4899 2707 4974 Athenaeum
2740 4902 3091 4974 Ματτὺηηίπᾶν
3119 4904 3172 4949 τὸ
3198 4904 3438 4974 iniusti};
3464 4900 3659 4974 ξδεσμα,

2063 4977 2138 5038 id.
2163 4987 2245 5032 est
2261 4966 2476 5044 'Mattya
2505 4971 2776 5044 opiparum
2805 4966 3060 5044 quodlibet
3084 4978 3154 5021 est
3187 4968 3540 5044 ferculum.l_.£
3563 4968 3660 5019 I‘n.

2136 5047 2211 5118 (θ)
2243 5038 2492 5118 Adbuita
2539 5038 2754 5096 recedis.
2801 5039 3074 5118 Recedere
3099 5054 3195 5118 cits
3216 5038 3366 5108 dicit,
3397 5040 3484 5110 qui
3509 5045 3664 5093 extra

2065 5109 2251 5175 urbem
2279 5117 2344 5172 ad
2373 5115 2527 5170 busta
2561 5122 2900 5185 parentatum
2928 5111 3092 5185 ibant:
3115 5109 3246 5185 Ibo.

2138 5188 2216 5269 (I_t)
2249 5188 2457 5269 Terram
2484 5177 2685 5269 gravem
2711 5182 3025 5269 imprecaris.
3068 5181 3273 5264 Iflinius
3299 5179 3392 5269 lib.
3571 5177 3664 5269 ubi

2065 5252 2319 5316 de‘Tcrra
2356 5276 2368 5312 :
2401 5252 2560 5328 Cujus
2605 5272 2787 5310 numen
2815 5255 3047 5328 ultimum
3073 5253 3197 5328 jam_
3233 5252 3391 5306 nullis
3421 5255 3666 5328 imprece-

2065 5350 2178 5387 mur
2207 5333 2325 5386 irati
2351 5322 2532 5400 grave;
2566 5338 2807 5400 tanquam
2850 5322 3135 5400 nesciamus
3178 5325 3310 5400 lianc
3343 5339 3462 5400 esse
3502 5322 3664 5378 solam

2063 5421 2176 5476 qua:
2202 5395 2479 5476 nunquain_
2484 5395 2735 5476 irascatur
2763 5396 2973 5476 homini.
2994 5395 3114 5476 iam
3139 5396 3315 5476 nullis,
3336 5395 3391 5476 id
3417 5405 3500 5449 est
3521 5409 3667 5476 mor:

2067 5464 2190 5530 iuis.
2224 5464 2410 5530 Cicero
2438 5470 2858 5527 Tusculanarum
2888 5468 2938 5522 l.
2983 5466 3059 5520 De
3086 5468 3298 5520 mortuis
3329 5465 3510 5535 loquar
3530 5509 3544 5531 ,
3577 5464 3668 5534 qui

2067 5547 2197 5602 nulli
2223 5555 2365 5601 sunt.
2412 5544 2533 5600 th.
2565 5571 2634 5582 ——
2664 5537 3023 5594 Proverbialis
3070 5539 3184 5592 ha-c
3209 5547 3289 5592 est
3316 5537 3570 5603 formula,
3601 5535 3667 5592 sit

2069 5620 2155 5673 tibi
2187 5630 2318 5671 terra
2339 5617 2508 5688 gravis
2527 5656 2542 5680 ,
2567 5622 2623 5666 ut
2645 5619 2707 5688 Aet
2741 5612 2907 5688 :ilicra
2939 5611 3039 5664 sub
3080 5610 3237 5688 hujus
3265 5610 3454 5677 capitis
3479 5608 3666 5688 linem,

2069 5691 2190 5746 abiit
2226 5679 2360 5758 jam'
2383 5699 2429 5743 et
2476 5679 2664 5758 reverti
2726 5683 2906 5744 debet,
2975 5697 3093 5758 q_u:e
3151 5681 3448 5737 etiamnum
3511 5679 3671 5750 vulgo

2071 5753 2284 5836 quoque
2320 5758 2614 5816 Teutonico
2653 5755 2836 5836 inore
2863 5763 2964 5809 est.
2998 5753 3133 5810 Pan.

2147 5821 2213 5906 (ἡ
2239 5832 2364 5904 Qua
2416 5847 2505 5888 nec
2556 5826 2924 5902 experiundum
2976 5836 3087 5899 post
3140 5821 3395 5882 mortem?
3441 5821 3674 5896 Semper
