2126 3135
319 149 372 183 615

1029 147 1259 177 TERTULLIANI

1918 154 1971 184 6l6

315 212 431 236 mortem
449 207 534 235 timeri
546 228 553 240 ,
569 213 622 234 non
645 210 674 234 ut
691 206 737 243 (t)
759 205 859 242 aliquid
886 207 1049 240 minantem,
1071 207 1118 235 sed
1132 209 1156 239 Α
1172 211 1262 242 putem
1275 207 1397 242 cuiquam
1414 207 1536 236 frivolum
1552 212 1579 237 et
1592 209 1716 245 frigidum
1733 210 1817 239 videri
1832 218 1929 247 posse,
1946 214 1969 242 si

317 259 347 282 ut
372 254 543 282 commodum
570 253 632 280 vita:
662 258 844 288 amputantem
875 254 988 289 :atqnin
1017 259 1117 281 cumet

315 300 486 329 incommoda
510 300 587 335 longe
612 299 688 334 plura
717 300 779 327 vita:
801 299 901 334 pariter
916 299 956 335 (2)
984 299 1116 334 excedas,

326 346 364 382 (5)
389 351 415 373 et
443 345 589 373 lucratione
611 345 741 381 gravioris
774 346 856 381 partis
888 350 988 373 metum
1016 345 1117 379 diluis,

324 399 376 420 nec
386 392 441 427 jam
463 392 580 420 timenda
596 397 636 420 est
655 391 763 419 amissio
779 392 909 420 bonorum
923 413 930 424 ,
951 400 1010 427 qua:
1032 392 1118 419 altero

317 439 405 473 bono,
433 439 459 466 id
474 443 516 467 est
542 439 773 467 incommodorunt
798 446 864 474 pace
877 460 884 473 ,
906 443 1044 474 pensatur.
1059 438 1117 466 Non

323 492 365 515 est
379 487 525 515 timendum
550 487 600 522 (α),
617 487 686 522 quod
699 494 747 514 nos
757 487 852 514 liberat
860 486 893 514 ab
903 486 975 514 ontni
987 485 1115 513 timendo.

316 534 345 562 St
360 534 438 561 times
453 534 505 561 vita
522 533 669 567 decedere,
695 534 756 568 quia
781 533 910 567 Optimam
934 532 1004 559 nosti
1020 540 1026 558 :
1043 536 1117 559 certe

316 587 431 610 mortem
447 582 544 610 timere
560 589 611 610 non
637 581 718 609 debes
729 602 736 614 ,
751 589 829 616 qttam
845 580 943 607 malam
971 579 1069 607 nescis.
1084 580 1118 606 At

316 636 376 657 cum
394 629 472 663 times
485 650 492 662 ,
516 629 569 656 scis
585 628 693 655 malant.
718 627 775 655 Non
793 627 876 655 scires
902 631 992 653 autem
1019 625 1117 653 malam

315 676 377 711 quia
400 683 449 703 nec
474 675 598 706 timeres,
624 674 647 702 si
670 681 722 701 non
739 673 823 701 scires
849 672 949 707 aliquid
975 679 1036 699 esse
1052 675 1113 707 post

318 725 432 749 mortem
443 741 450 754 ,
466 720 536 756 quod
560 727 619 747 eam
635 719 731 747 malam
747 718 825 746 iaciat
836 739 844 751 ,
860 722 889 745 ut
914 718 1018 745 timeas.
1034 716 1119 744 Omit-

315 771 405 795 tamus
415 774 486 794 nunc
500 766 647 794 naturalem
659 765 770 793 formam
785 763 894 792 timendi
908 762 1119 791 mortem.Nemo

319 813 431 847 tinteat,
448 812 519 848 quod
542 812 656 840 evadere
679 819 732 838 non
755 815 853 845 potest.
876 809 913 837 Ex
930 809 1014 836 altera
1037 813 1113 844 parte

316 858 497 894 congredior,
514 857 625 885 laetioris
646 857 701 892 spei
722 861 784 892 post
799 861 922 883 mortem.
938 855 1005 883 Nam
1026 855 1114 882 omni-

1170 253 1302 288 recogitet
1317 258 1420 281 natura:
1433 254 1600 289 maiestatem
1613 276 1619 288 ,
1634 263 1666 283 ex
1682 263 1734 291 qua
1745 262 1872 285 censetur
1883 264 1973 287 aucto-

1170 299 1235 326 ritas
1260 300 1366 327 animac.
1390 300 1525 334 Quantum
1550 301 1656 329 dederis
1680 303 1837 337 magistrae,
1869 309 1972 333 tantum

1171 346 1337 381 adjutlicabis
1352 346 1502 382 discipula).
1518 347 1645 382 Magistra
1659 353 1753 376 natura
1764 370 1772 382 ,
1789 350 1877 378 anima
1888 351 1972 380 disci-

1171 393 1242 428 pula.
1256 393 1387 428 Quicquid
1401 399 1446 421 aut
1461 394 1506 421 illa
1519 395 1643 429 edocuit,
1657 400 1702 423 aut
1714 396 1764 424 ista
1781 397 1942 431 perdidicit:
1954 407 1969 427 a

1172 438 1228 465 Deo
1242 438 1368 466 traditum
1384 444 1441 473 est,
1457 440 1585 475 magistro
1605 441 1710 469 scilicet
1723 442 1806 477 ipsius
1825 444 1970 480 magistre.

1168 485 1236 520 Quid
1263 487 1350 514 anima
1377 488 1462 523 possit
1474 488 1508 515 de
1532 488 1672 524 principali
1696 489 1850 519 institutore
1865 499 1967 527 praesu-

1169 540 1260 566 mere,
1286 533 1312 560 in
1338 537 1364 561 te
1386 538 1428 561 est
1449 534 1584 562 aestimare
1599 534 1633 562 de
1653 542 1685 563 ea
1700 543 1760 571 quae
1773 536 1816 572 (9)
1830 537 1857 564 in
1879 542 1905 565 te
1918 542 1969 566 est.

1173 578 1248 607 Senti
1263 579 1354 612 illam,
1367 588 1426 614 qua:
1442 584 1471 607 nt
1483 580 1583 608 sentias
1604 580 1703 609 efﬁcit!
1726 583 1844 618 recogita
1859 583 1886 610 in
1901 591 1972 619 pra:-

1172 626 1256 661 sagiis
1277 630 1384 659 vatem,
1411 626 1437 654 in
1462 627 1595 655 ominibus
1616 635 1759 663 augurem,
1785 629 1811 657 in
1830 630 1971 659 eventibus

1172 673 1336 708 prospiceni.
1353 673 1450 701 Mirum
1466 674 1489 701 si
1504 681 1519 701 a
1537 674 1592 701 Deo
1607 674 1668 702 data
1684 675 1798 709 homini,
1815 677 1889 705 novit
1903 677 1973 705 divi-

1171 726 1246 746 nare.
1262 718 1328 746 Tam
1356 719 1470 754 mirum,
1497 720 1519 747 si
1535 727 1595 748 eum
1622 728 1637 748 a
1659 729 1713 756 quo
1728 722 1788 749 data
1811 728 1867 757 est,
1884 724 1969 751 novit.

1171 763 1258 792 Etiam
1274 765 1455 793 circumventa
1480 765 1514 793 ab
1527 766 1691 799 adversario,
1716 768 1837 796 meminit
1849 769 1890 796 sui
1901 777 1966 800 auc-

1179 810 1244 837 toris
1254 831 1261 843 ,
1277 815 1305 838 et
1328 810 1454 838 bonitatis
1464 831 1472 845 ,
1487 816 1514 839 et
1527 811 1629 840 decreti
1644 814 1701 848 ejus
1711 834 1719 847 ,
1743 818 1769 841 et
1783 814 1873 842 exitus
1886 816 1927 843 sui
1942 821 1970 845 et

1175 856 1240 892 (t0)
1261 856 1408 884 adversarii
1433 857 1526 892 ipsius.
1542 857 1586 885 Sic
1610 859 1726 893 mirum,
1744 860 1766 887 si
1787 867 1802 887 a
1817 860 1873 888 Deo
1892 861 1970 897 data,
2017 854 2018 857 ¹

318 893 438 934 busit'ere
454 904 570 940 ingenita
583 908 623 932 est
638 903 715 931 fama:
725 908 785 938 post
795 906 908 930 mortem
922 901 1029 937 cupido.
1045 901 1115 928 L0n-
1131 893 1155 922 Β
1169 902 1262 930 eadem
1275 903 1365 936 canit,
1391 911 1450 939 quas
1464 904 1535 932 Deus
1554 905 1609 932 suis
1630 904 1704 933 dedit
1727 913 1818 934 nosse.
1842 906 1895 935 Sed
1921 893 1967 943 qui

320 961 382 988 gum
410 956 452 980 est
476 956 599 979 retexere
622 950 659 987 (ὁ)
685 950 790 978 Curtios
806 949 841 985 (ε)
865 953 890 976 et
915 948 1049 983 Regulos,
1073 948 1117 975 vcl

319 999 428 1027 Grzecos
441 999 531 1032 viros,
547 1005 659 1033 quorum
671 998 809 1025 innumera
826 996 865 1031 (4)
877 996 963 1030 elogia
979 999 1040 1023 sunt
1053 1002 1118 1022 con-

316 1049 425 1080 tempta:
443 1045 542 1072 utortis
557 1047 666 1079 propter
676 1043 846 1079 posthumam
863 1042 969 1069 tamam.
984 1041 1050 1074 Quis
1064 1048 1115 1068 non

316 1092 396 1120 hodie
410 1091 546 1119 memoria:
557 1095 617 1126 post
628 1095 743 1118 mortem
757 1088 958 1124 frequentanda;
970 1088 1004 1115 ita
1015 1087 1114 1121 studet,

315 1143 345 1166 ut
367 1138 410 1166 vel
432 1138 592 1166 litteratum
615 1137 760 1172 operibus,
773 1135 813 1163 vel
829 1135 944 1170 simplici
956 1134 1042 1170 (laude
1058 1142 1116 1162 mo-

317 1191 395 1217 rum,
418 1183 462 1211 vel
489 1183 608 1218 ipsorum
631 1181 816 1216 sepulcrorum
832 1180 993 1213 ambitione,
1017 1187 1115 1207 nomen

318 1230 393 1258 fnum
409 1235 498 1258 servet
518 1229 577 1266 (d)?
595 1228 670 1256 Unde
685 1228 771 1255 anima
788 1227 828 1264 (5)
843 1227 922 1256 ltodic
934 1226 1058 1255 affectare
1070 1227 1118 1254 ali-

321 1269 385 1313 quid
395 1298 403 1311 ,
425 1276 495 1312 quod
509 1276 573 1304 velit
587 1280 647 1311 post
661 1280 776 1303 mortem
787 1296 794 1307 ,
811 1278 838 1302 et
859 1279 998 1309 tantopere
1012 1281 1118 1309 prrepa-

318 1331 380 1351 rare
390 1344 398 1357 ,
413 1323 453 1359 (6)
468 1330 522 1358 quo
535 1323 570 1350 sit
581 1329 659 1349 usura
675 1326 735 1357 post
748 1321 850 1349 obitum
865 1330 871 1348 τ
887 1321 909 1348 si
925 1320 993 1348 nihil
1006 1321 1040 1348 de
1051 1328 1117 1355 pos-

323 1374 384 1396 tero
396 1368 498 1396 sciret?
520 1368 572 1396 Sed
586 1368 696 1396 forsitan
710 1367 743 1395 de
758 1374 839 1395 sensu
851 1371 912 1402 post
929 1363 1068 1394 excessum
1083 1366 1120 1393 tui

316 1414 448 1442 certiores
458 1435 465 1448 ,
489 1422 568 1450 quam
591 1414 625 1442 de
637 1415 835 1442 resurrectione
849 1413 1009 1449 quandoque
1020 1433 1027 1446 ,
1041 1412 1118 1448 cujus

313 1468 365 1489 nos
382 1465 593 1496 prtesumptores
603 1460 772 1488 denotamur.
786 1459 885 1496 Atquin
897 1459 949 1487 ltoc
963 1466 1070 1495 quoque
1082 1459 1117 1487 ab

316 1507 407 1534 anima
432 1506 602 1542 prmdicatur.
630 1506 696 1534 Nam
724 1506 746 1534 si
770 1505 804 1534 de
827 1506 918 1541 aliquo
931 1505 986 1541 jam
1010 1505 1115 1541 pridem

314 1553 446 1582 defuncto
475 1558 601 1589 tanquam
632 1552 674 1589 (7)
706 1552 770 1580 vivo
801 1552 861 1587 quis
896 1552 1030 1588 requirat,
1059 1559 1114 1587 pra:

1169 948 1517 985 ejusmodi(ﬂ)eruptiones
1531 950 1627 978 anima;
1639 958 1691 978 non
1706 952 1808 986 putavit
1820 952 1970 981 doctrinam

1168 1002 1229 1022 esse
1243 1000 1344 1023 natura:
1355 999 1382 1023 et
1395 995 1453 1032 (12)
1462 997 1611 1031 congenitre
1624 1001 1651 1024 et
1662 997 1786 1032 ingenita:
1800 999 1971 1027 conscientia:

1169 1041 1226 1077 (t3)
1244 1042 1321 1069 tacita
1334 1042 1490 1075 commissa,
1501 1043 1571 1070 dicet
1586 1044 1674 1078 potius
1686 1044 1849 1072 diventilatis
1862 1046 1888 1073 in
1910 1045 1970 1073 vul-

1170 1094 1219 1123 gus
1233 1088 1416 1123 opinionibus,
1428 1088 1488 1124 (Μ)
1505 1089 1697 1124 publicatarum
1709 1090 1857 1118 litterarum
1874 1099 1951 1119 usum
1961 1113 1969 1126 ,

1176 1134 1231 1170 jam
1247 1138 1274 1162 et
1293 1135 1368 1170 quasi
1391 1135 1484 1162 vitium
1510 1136 1713 1163 corroboratnm
1738 1137 1828 1165 taliter
1842 1139 1972 1166 sermoci-

1170 1179 1262 1208 nandi.
1277 1180 1357 1208 Certe
1371 1180 1445 1216 prior
1459 1182 1545 1208 anima
1555 1203 1561 1214 ,
1577 1190 1656 1217 quam
1672 1183 1760 1210 littera
1781 1183 1816 1219 (Γ)
1830 1192 1838 1217 ;
1859 1190 1886 1212 et
1899 1185 1971 1220 prior

1170 1234 1274 1260 sermo,
1299 1235 1379 1262 quam
1394 1227 1477 1262 liber,
1502 1233 1529 1256 et
1544 1229 1617 1263 prior
1641 1236 1753 1262 sensus,
1769 1237 1849 1265 quam
1863 1231 1968 1267 stylus;

1169 1277 1197 1300 et
1208 1273 1280 1308 prior
1288 1272 1369 1300 homo
1383 1273 1449 1308 ipse,
1460 1281 1540 1309 quam
1552 1274 1725 1310 philosophus
1738 1279 1766 1302 et
1780 1281 1868 1310 poeta.
1884 1276 1968 1304 Num-

1169 1319 1232 1355 quid
1244 1327 1308 1354 ergo
1323 1319 1487 1348 credendum
1502 1326 1543 1348 est
1554 1342 1561 1355 ,
1578 1326 1640 1349 ante
1655 1321 1828 1349 litteraturam
1841 1326 1869 1350 et
1880 1322 1972 1350 divul-

1169 1366 1303 1401 gationem
1315 1365 1373 1401 ejus
1386 1367 1474 1394 mutos
1486 1367 1588 1403 absque
1602 1367 1752 1403 hujusmodi
1769 1369 1972 1403 pronuntiatio-

1170 1412 1250 1439 nibus
1272 1411 1396 1440 homines
1415 1413 1537 1441 vixisse?
1564 1413 1648 1441 Nemo
1668 1414 1748 1442 deum
1771 1419 1799 1442 et
1821 1415 1969 1444 bonitatem

1170 1458 1237 1494 ejus,
1255 1465 1334 1486 nemo
1349 1463 1462 1486 mortem
1476 1480 1484 1493 ,
1497 1467 1578 1487 nemo
1591 1459 1692 1488 inferos
1706 1460 1880 1496 loquebatur:
1892 1469 1969 1489 men-

1169 1504 1277 1533 dicabat
1288 1512 1378 1532 sermo
1388 1526 1396 1539 ,
1412 1505 1508 1540 opinor
1520 1526 1527 1539 ,
1544 1506 1598 1533 imo
1621 1514 1671 1534 nec
1687 1506 1756 1534 ullus
1770 1513 1830 1534 esse
1844 1511 1967 1542 poterat,

1166 1551 1333 1579 cessantibus
1349 1551 1430 1579 etiam
1445 1556 1507 1579 tunc
1518 1573 1525 1585 ,
1541 1552 1600 1580 sine
1613 1552 1710 1587 quibus
1721 1553 1802 1580 etiam
1816 1553 1896 1581 hodie
1907 1554 1963 1588 jam

313 1607 397 1628 manu
424 1599 541 1628 occurrit
568 1599 658 1628 dicere
687 1607 694 1626 :
721 1598 794 1627 Abiit
809 1598 864 1634 jam
892 1597 941 1635 (e),
964 1602 992 1626 et
1015 1598 1112 1626 reverti
1126 1602 1148 1634 ο
1165 1596 1281 1631 beatior,
1295 1601 1322 1624 et
1334 1597 1503 1633 locupletior,
1515 1602 1542 1626 et
1556 1598 1712 1633 prudentior
1723 1606 1783 1627 esse
1798 1606 1850 1628 non
1864 1604 1966 1635 potest,

312 1646 406 1674 debet.

345 1692 410 1721 CAP.
422 1692 456 1721 V.
471 1692 534 1720 Hrec
550 1692 701 1721 testimonia
715 1691 812 1720 animm
825 1695 924 1727 quanto
947 1699 1022 1726 vera,
1038 1695 1111 1720 tanto

310 1738 442 1773 simplicia
458 1746 465 1770 ;
483 1742 584 1773 quanto
598 1738 730 1774 simplicia
741 1759 748 1771 ,
765 1742 840 1765 tanto
852 1737 990 1773 vulgaria;
1010 1742 1111 1773 quanto

309 1784 434 1820 vulgaria
447 1805 455 1818 ,
467 1789 542 1813 tanto
554 1784 705 1812 communia
718 1793 725 1812 :
742 1788 841 1819 quanto
850 1783 1002 1811 communia
1013 1804 1021 1817 ,
1037 1787 1110 1810 tanto

311 1833 464 1861 naturalia:
486 1837 586 1869 quanto
609 1832 758 1867 naturalia,
775 1836 849 1860 tanto
871 1830 970 1859 divina.
994 1830 1052 1858 Non
1069 1829 1108 1867 (8)

1164 1643 1187 1671 si
1202 1651 1232 1671 ea
1249 1650 1309 1678 qua:
1336 1647 1391 1671 tam
1407 1643 1515 1679 facilia,
1539 1650 1593 1672 tam
1617 1645 1744 1679 assidua,
1768 1651 1821 1673 tam
1847 1647 1967 1682 proxima

1164 1688 1246 1716 hodie
1269 1693 1354 1723 sunt,
1384 1689 1411 1716 in
1436 1689 1502 1725 ipsis
1534 1690 1735 1725 quodammodo
1770 1692 1847 1719 labiis
1872 1696 1965 1728 parta,

1163 1741 1236 1764 retro
1250 1744 1302 1764 non
1319 1736 1446 1770 fuerunt,
1464 1741 1606 1775 antequam
1623 1737 1719 1765 litterae
1741 1738 1767 1766 in
1791 1739 1888 1767 saeculo
1906 1747 1967 1775 ger-

1162 1782 1319 1815 minassent,
1348 1787 1492 1818 antequam
1506 1775 1654 1812 Mercurius
1677 1784 1795 1820 (opinor)
1809 1785 1966 1818 natusjuis-

1161 1834 1212 1857 set.
1227 1830 1259 1857 Et
1281 1829 1350 1858 unde
1372 1828 1439 1857 ordo
1452 1829 1517 1866 ipsis
1539 1829 1636 1859 litteris
1651 1831 1793 1867 contingit,
1805 1832 1860 1867 (t5)
1874 1839 1963 1867 nosse,

923 1898 1114 1928 LECTIONES
1133 1899 1341 1928 VARIANTES.

340 1958 378 1991 (ξ)
395 1958 467 1985 Ultre
479 1959 538 1991 quid
549 1958 604 1991 Rig.

349 1990 373 2016 2)
392 1990 520 2016 Excedam
533 1990 633 2016 Veneta.

349 2022 373 2047 3)
391 2022 427 2047 Ea
438 2022 573 2047 lucratione
584 2022 645 2046 Jun.

350 2054 372 2085 4]
393 2054 487 2085 Ellogia
501 2054 563 2085 Jtm.

350 2083 373 2117 5)
393 2083 489 2117 Aniene
501 2083 556 2117 Rig.

349 2115 372 2145 6]
392 2116 453 2145 Quae
463 2115 497 2140 at.

348 2146 374 2179 7)
391 2148 430 2172 De
441 2147 503 2179 adit.
517 2146 571 2179 Rig.

350 2150 375 2211 il
391 2150 518 2210 ἕὲιὲίῖἱιέέι.

1197 1956 1291 1993 ἷεῖὶῈΞι
1302 1958 1361 1993 “lle
1373 1957 1426 1993 13114.
1438 1988 1443 1993 .

1209 1989 1247 2014 10)
1264 1989 1294 2014 Εῑ
1306 1989 1372 2014 abest
1380 1989 1465 2014 Paris.

1207 2020 1247 2046 Η)
1264 2020 1403 2046 Ernntiouis
1418 2026 1538 2046 tt‘ouwer.

1193 2052 1243 2083 (12)
1263 2052 1293 2075 Et
1300 2052 1367 2077 abest
1379 2052 1432 2083 Rig.

1197 2082 1247 2114 (t5)
1265 2082 1349 2107 Tacite
1362 2082 1513 2108 commissam
1526 2083 1650 2109 Wouwer.

1195 2114 1247 2146 (Η)
1264 2115 1415 2146 Publicatnnt
1428 2116 1489 2139 Jun.

1195 2145 1245 2177 [15)
1262 2145 1381 2177 Contigit?
1396 2145 1465 2171 Unde
1478 2152 1550 2171 nosse
1562 2146 1625 2171 Jun.

978 2218 1257 2249 COMMENTARIUS.

306 2282 363 2309 lucc
374 2280 502 2316 particula
517 2278 651 2317 signiﬁcat
663 2282 765 2317 partem
780 2298 788 2311 ,
811 2282 857 2305 aut
872 2277 959 2305 locutu
971 2297 979 2310 ,
1003 2281 1032 2317 ut
1051 2285 1101 2317 qua
1114 2279 1142 2309 D
1156 2279 1226 2306 mani
1241 2286 1293 2317 non
1308 2280 1437 2317 coituram
1453 2280 1538 2308 labem
1552 2300 1560 2317 ρ
1581 2280 1632 2308 nisi
1647 2280 1744 2317 aliquis
1765 2288 1797 2309 ex
1818 2281 1951 2309 nobilibus

304 2313 397 2353 parte,
411 2325 465 2352 quo
477 2313 553 2344 loco:
562 2315 632 2349 Ergo
649 2323 656 2341 :
671 2322 719 2341 cur
733 2313 811 2353 times
831 2318 944 2341 ntortent
958 2333 966 2345 ,
991 2314 1013 2340 si

305 2348 452 2380 iimendu'm
467 2356 528 2387 post
540 2348 651 2378 mortem
662 2370 670 2382 ,
687 2356 720 2387 eo
736 2348 794 2387 loco
807 2354 852 2377 aut
862 2353 938 2384 parte
952 2370 958 2382 ,
972 2356 1024 2384 qua
1037 2349 1102 2377 nihil

305 2385 498 2424 experiundum
514 2391 573 2422 post
586 2385 722 2424 mortem?
736 2385 801 2424 Lac:

341 2419 379 2460 (ει)
394 2423 454 2450 Non
468 2419 685 2460 est-timendum,
711 2426 762 2448 etc.
837 2419 1046 2460 Cltt'ysoslomus
1068 2421 1102 2448 ad

303 2455 457 2495 pop.'|iom.
473 2458 518 2485 2L
535 2458 610 2495 nihil
629 2465 661 2485 ex
678 2461 763 2484 morte
779 2455 927 2495 timendum
942 2456 1022 2484 docet
1035 2464 1103 2492 quo-

304 2492 375 2523 niam
391 2495 423 2522 ad
436 2494 574 2522 tneliorent
587 2494 667 2521 vitam
687 2497 715 2519 et
738 2492 922 2526 optabiliorem
934 2512 941 2522 ,
959 2494 1000 2519 καὶ
1022 2497 1101 2523 πάσης

303 2533 487 2566 ἀπηλλάγμην
498 2531 636 2566 attenuata;
650 2527 893 2566 tcndpimus._Sicque
904 2527 1010 2566 Seneca
1023 2528 1104 2555 etiam

302 2570 382 2602 epist.
406 2563 461 2594 102
476 2575 482 2593 :
495 2565 609 2593 Proinde
625 2563 765 2602 intrepidus
787 2564 876 2589 harant
900 2563 972 2602 illam
992 2564 1105 2602 decreto-

302 2599 368 2629 rium
393 2602 525 2637 prospice,
544 2609 596 2628 non
611 2604 647 2628 est
665 2600 751 2626 animo
765 2607 899 2634 suprema,
923 2599 967 2626 scd
990 2600 1101 2634 corpori.

303 2638 342 2666 Le
359 2638 406 2666 Pa.

338 2675 376 2709 (b)
389 2673 504 2709 Longum
524 2677 560 2699 est
582 2676 704 2699 retexere.
719 2670 812 2698 Notior
831 2674 873 2709 est
895 2669 1062 2709 Curti‘orum
1073 2675 1100 2698 et

301 2704 396 2745 Reguli
410 2704 456 2744 qui
472 2717 519 2745 pro
535 2708 619 2745 patria
633 2712 746 2745 mortem
766 2707 953 2745 oppetierunt,
969 2706 1079 2733 historia
1091 2726 1098 2738 ,

300 2741 380 2781 quam
397 2741 426 2772 ιιὶ
441 2741 560 2781 pluribus
569 2744 606 2781 (sit
620 2750 697 2778 opus.
715 2741 883 2769 Postlmmam
900 2743 995 2777 faniam
1008 2748 1100 2781 postea

299 2777 503 2844 {petaphor‘icon
520 2780 606 2813 dixit,
621 2777 680 2807 eam
690 2786 750 2814 quae
763 2783 822 2813 post
834 2783 947 2805 mortem
960 2777 1098 2813 perdurat.

323 2825 369 2844 an.

323 2825 369 2844 ΔΜ.

336 2853 373 2888 (c)
389 2851 500 2879 Curtios.
519 2851 568 2888 Hic
583 2854 623 2878 est
638 2850 683 2877 ille
697 2850 741 2888 qui
751 2857 785 2888 se
799 2849 849 2888 diis
859 2848 982 2888 manibus
996 2848 1098 2888 dicavit

299 2884 349 2919 pro
363 2884 448 2913 salute
461 2887 554 2920 patriae
570 2894 576 2912 :
591 2893 651 2912 cum
667 2885 738 2912 enim
751 2885 851 2919 ingenti
862 2884 1097 2920 hiaturdesedisset

300 2923 372 2948 terra
387 2921 413 2948 in
428 2919 516 2948 medio
530 2921 589 2948 foro
601 2941 608 2954 ,
622 2927 834 2954 responsumque
853 2919 1020 2955 accepissent
1039 2919 1096 2947 Ro-

1156 2322 1189 2343 eo
1204 2323 1232 2343 se
1247 2315 1396 2350 dejecisset,
1413 2316 1521 2343 Curtius
1533 2316 1613 2343 vitam
1630 2315 1761 2350 impendit
1775 2317 1875 2349 patrias.
1888 2317 1954 2345 Lac.

1190 2351 1231 2388 (d)
1243 2350 1348 2388 Name}
1359 2360 1433 2378 suum
1447 2356 1535 2379 servet.
1551 2351 1676 2388 Virgilius
1690 2352 1736 2380 lib.
1753 2352 1809 2380 VII.
1824 2351 1954 2381 {Eneidos

1155 2385 1292 2421 de‘Cajeta
1311 2386 1406 2415 Aineze
1421 2388 1524 2415 nutrice
1541 2385 1613 2423 paria
1628 2387 1713 2415 ferme
1728 2389 1818 2417 habet.

1185 2465 1217 2497 Et
1230 2472 1293 2490 utine
1303 2468 1386 2490 servat
1397 2465 1474 2490 honos
1484 2465 1570 2490 sedem
1582 2468 1648 2496 tuus,
1662 2471 1766 2497 ossaque
1778 2471 1877 2490 nomen.

1185 2496 1306 2528 Hesperia
1319 2497 1343 2521 in
1355 2503 1451 2528 magna,
1461 2497 1482 2522 si
1494 2504 1542 2528 qua
1555 2501 1595 2522 est
1604 2504 1633 2522 ea
1645 2496 1734 2528 gloria,
1754 2498 1844 2528 signat.
1863 2497 1898 2522 Ls
1907 2496 1953 2523 Pa.

1193 2562 1232 2599 (e)
1255 2562 1324 2589 Abiit
1346 2563 1413 2598 jam.
1440 2562 1550 2590 Veteres
1566 2570 1615 2598 pro
1628 2567 1743 2599 mortuus
1765 2568 1802 2590 est
1817 2562 1951 2595 dicebant,

1158 2598 1229 2630 uixit.
1245 2599 1316 2630 abiit,
1330 2599 1391 2626 abiit
1413 2598 1447 2625 ad
1460 2600 1555 2633 plures,
1570 2598 1640 2633 apud
1654 2598 1761 2626 Festum
1774 2599 1855 2626 etiam
1869 2599 1952 2626 abitio

1157 2641 1205 2669 pro
1220 2639 1305 2661 morte
1318 2635 1441 2662 sumitur.
1460 2634 1497 2661 LE
1508 2634 1555 2661 Ptt.

1190 2669 1223 2706 (Γ)
1237 2670 1309 2698 Certe
1322 2671 1391 2704 prior
1408 2671 1495 2706 attinnt
1508 2678 1584 2704 quam
1598 2670 1693 2697 littera.
1703 2670 1791 2698 Locus
1804 2670 1854 2698 iste
1866 2677 1951 2705 quan—

1155 2705 1298 2740 doquideni
1314 2705 1393 2741 paulo
1409 2711 1468 2741 post
1482 2705 1550 2732 hanc
1565 2707 1661 2733 anima:
1682 2706 1813 2741 loquelam
1826 2726 1834 2739 ,
1856 2706 1951 2733 Tradi—

1154 2741 1253 2769 tionem
1270 2746 1425 2776 nuncupat,
1440 2741 1540 2775 optime
1563 2745 1652 2776 potest
1664 2742 1784 2776 adaptari
1803 2742 1835 2769 ad
1852 2741 1949 2769 Tradi-

1153 2777 1253 2805 tiorinm
1279 2777 1654 2813 et‘clesiastaauctoritatem,
1678 2779 1777 2813 quippe
1800 2785 1860 2812 qua:
1873 2777 1949 2805 libris

1150 2813 1274 2840 omnibus
1288 2819 1315 2840 ct
1327 2813 1403 2848 stylo,
1418 2812 1442 2839 id
1457 2817 1498 2840 est
1513 2812 1659 2840 litteratura
1673 2812 1746 2840 omni
1760 2813 1863 2848 priores
1875 2818 1947 2840 sunt.

1150 2848 1217 2876 Pan.
1230 2864 1266 2868 —
1280 2848 1354 2875 Prior
1368 2849 1453 2875 anima
1468 2856 1543 2883 quatit
1557 2848 1650 2875 littera.
1669 2848 1742 2876 Ideni
1759 2854 1944 2884 argumentum

1149 2885 1256 2911 coniicit
1266 2884 1375 2918 Magnus
1387 2885 1519 2911 Antonius
1531 2888 1598 2911 teste
1612 2884 1757 2913 Athanasio
1769 2885 1797 2912 in
1808 2885 1867 2920 ejus
1881 2885 1944 2917 vita,

1149 2924 1241 2947 contra
1258 2920 1431 2955 philosophos
1443 2919 1583 2955 quosdam.
1593 2920 1658 2948 Lac.
