4252 6264
432 316 526 373 ὀί
1707 319 1915 377 LIBER
1952 320 2044 377 Al)
2078 319 2478 397 MARTYRES.

3625 330 3731 388 622

384 488 393 494 ,
423 441 482 488 ut
503 431 653 487 illum
676 430 837 487 etiam
880 429 933 488 in
976 429 1138 489 domo
1180 447 1276 491 sua
1305 433 1655 493 conculcetis.
1713 435 1832 493 Jam
1873 435 2015 507 enim
2044 435 2097 497 A
2124 443 2245 505 net,
2269 436 2412 511 quod
2453 435 2717 507 segregati
2743 436 2873 493 estis
2895 436 3153 497 a‘mundo
3186 437 3292 510 (5).
3316 439 3376 497 Si
3388 441 3538 503 enim
3567 459 3722 507 reco-

427 520 562 578 foris
588 522 867 594 congressi
923 523 1401 582 conculcaveratis.
1453 524 1568 581 Non
1597 540 1727 597 ergo
1752 525 1895 583 dicat
1926 544 1939 579 :
1969 524 2027 584 In

423 630 548 672 meo
568 623 711 680 sunt,
734 614 947 672 teutabo
971 614 1090 671 illos
1114 616 1306 673 vilibus
1324 614 1405 690 (l)
1429 615 1612 673 scidiis
1632 616 1710 690 (2)
1745 615 1845 691 (α),
1864 616 2028 683 all‘ec-

425 706 679 773 tionibus,
707 715 799 762 aut
828 706 965 763 inter
982 722 1042 764 se
1069 707 1521 764 dissensionibus.
1550 708 1744 782 Fugiat
1770 723 2033 780 conspec-

428 810 541 859 tum
567 808 842 870 vestrum,
873 809 929 856 et
956 800 1063 856 ima
1115 816 1212 857 sua
1264 802 1550 858 delitescat
1612 808 1921 857 contractus
1977 810 2032 859 et

429 903 647 968 torpens
675 935 689 961 ,
718 881 972 966 tauquam
1015 895 1244 952 coluber
1281 903 1595 952 excantatus
1614 903 1709 953 aut
1751 894 2028 967 eﬂumiga-

429 996 533 1042 tus.
558 986 664 1042 Nec
684 986 756 1040 illi
783 996 889 1041 tam
920 986 1059 1043 bene
1097 988 1167 1043 sit
1190 988 1241 1042 in
1270 1002 1370 1043 suo
1397 1002 1563 1059 regno
1586 1029 1601 1054 ,
1636 997 1693 1045 ut
1750 1002 1844 1043 vos
1882 1002 2030 1043 com-

426 1078 607 1135 mittat
658 1078 752 1135 sed
779 1077 1025 1135 inveniat
1068 1078 1326 1145 munitos,
1360 1088 1413 1133 et
1437 1077 1724 1135 cuneordia
1758 1087 2026 1135 armatos:

428 1172 551 1247 quia
604 1187 709 1245 pax
749 1179 929 1227 vestra
975 1169 1175 1226 bellum
1224 1178 1310 1226 est
1362 1169 1463 1226 illi.
1514 1169 1686 1240 Quam
1731 1185 1920 1241 pacem
1949 1170 2028 1244 (b)

428 1266 641 1338 quidam
672 1267 725 1323 in
770 1265 1008 1322 Ecclesia
1050 1279 1158 1321 non
1197 1263 1496 1335 habentes,
1542 1280 1571 1323 a
1618 1267 1946 1339 martyribus
1972 1269 2026 1324 in

427 1373 647 1416 carcere
691 1373 921 1414 exorare
967 1366 1382 1413 consueverunt.
1424 1356 1492 1417 EI
1540 1356 1663 1417 ideo
1701 1373 1820 1414 eam
1864 1362 2025 1415 etiam

429 1460 717 1522 propterea
772 1449 827 1504 in
878 1446 1031 1503 vobis
1074 1446 1273 1503 habere
1327 1456 1381 1504 et
1418 1446 1603 1504 fovere
1654 1457 1710 1504 et
1756 1450 2045 1507 custodire'

428 1538 660 1609 debetis,
708 1551 766 1597 ut
790 1542 834 1598 si
858 1540 995 1597 forte
1023 1550 1077 1596 et
1104 1539 1222 1595 aliis
1255 1549 1513 1610 praestare
1532 1541 1773 1612 possitis.

1063 1630 1291 1688 CAPUT
1327 1631 1393 1687 Il.

501 1727 707 1784 Caetera
746 1741 899 1798 teque
940 1725 1106 1780 animi
1137 1725 1516 1795 impedimenta
1560 1743 1727 1797 usque
1768 1727 1833 1787 ad
1864 1729 2026 1785 limen

2131 527 2361 598 gitemus
2388 528 2564 599 ipsum
2588 528 2761 599 magis
2785 527 3042 591 mundum
3069 544 3343 593 carcerem
3368 547 3496 595 esse
3514 575 3531 600 ,
3553 535 3731 597 exisse

2133 634 2229 677 vos
2260 636 2292 676 e
2316 636 2552 688 carcere,
2579 636 2740 694 quam
2766 622 2822 681 in
2848 635 3123 683 carcerem
3156 623 3431 695 introisse,
3463 627 3729 701 intellige-

2137 728 2275 771 mus.
2315 713 2543 784 Majores
2595 713 2845 771 tenebras
2900 714 3062 779 habet
3105 716 3357 785 mundus,
3389 735 3513 789 qua:
3555 720 3732 777 homi-

2136 819 2262 861 num
2290 804 2590 875 pra-cordia
2617 815 2910 862 exemerint.
2943 805 3230 866 Graviores
3268 810 3353 883 (b)
3384 819 3601 875 catenas
3650 814 3733 870 in-

2136 893 2250 949 duit
2280 893 2358 966 (5)
2390 895 2622 955 mundus
2646 937 2664 965 ,
2705 912 2824 968 quae
2853 898 2995 969 ipsas
3038 899 3247 959 animas
3285 901 3570 965 hominum
3599 919 3736 965 cou-

2137 988 2428 1058 stringunt.
2492 988 2714 1059 Pejores
2760 990 3129 1051 immunditias
3180 993 3419 1064 exspirat
3458 996 3731 1065 mundus,

2135 1079 2385 1137 libidines
2424 1080 2727 1139 hominum.
2773 1082 2963 1148 Plures
3005 1094 3281 1154 postremo
3328 1088 3560 1151 mundus
3607 1106 3731 1148 reos

2136 1174 2409 1239 continet,
2438 1173 2647 1230 scilicet
2672 1174 2981 1245 universum
3009 1175 3285 1233 hominum
3312 1193 3500 1249 genus.
3523 1179 3731 1243 iudicia

2135 1265 2368 1337 denique
2412 1264 2488 1339 (c)
2522 1281 2628 1322 non
2657 1267 3014 1336 proconsulis,
3048 1269 3143 1329 sed
3189 1270 3281 1326 Dei
3321 1272 3570 1329 sustinet.
3611 1273 3730 1342 Quo

2134 1375 2255 1427 vos,
2284 1359 2568 1425 benedicti,
2594 1359 2661 1417 de
2709 1374 2926 1421 carcere
2974 1361 3030 1421 in
3068 1363 3454 1425 custodiarum
3503 1367 3549 1423 si
3592 1366 3731 1429 forte
3798 1396 3809 1405 ι

2136 1449 2422 1507 translatos
2441 1449 2782 1507 existimetis.
2816 1450 2987 1509 Habet
3012 1454 3293 1523 tenebras,
3321 1455 3418 1517 sed
3441 1456 3622 1515 lumen
3642 1459 3726 1529 (6)

2133 1543 2265 1598 estis
2291 1543 2389 1613 ipsi
2417 1560 2429 1596 :
2463 1541 2627 1603 habet
2669 1542 2879 1602 vincula
2909 1584 2924 1608 ,
2975 1543 3071 1616 sed
3112 1559 3208 1601 vos
3242 1546 3411 1607 soluti
3440 1547 3552 1606 Deo
3576 1551 3728 1611 estis.

2135 1638 2313 1693 Triste
2343 1637 2453 1691 illic
2479 1638 2756 1705 exspirat,
2796 1637 2895 1693 sed
2940 1653 3036 1699 vos
3075 1640 3210 1697 odor
3238 1642 3372 1698 estis
3408 1645 3731 1713 suavitatis;

2134 1731 2305 1788 Jndex
2327 1739 2669 1800 exspectatur
2690 1729 2796 1801 (7),
2820 1730 2915 1788 sed
2942 1748 3036 1788 vos
3060 1733 3193 1797 estis
3231 1734 3301 1791 de
3316 1735 3585 1805 judicilaus
3604 1741 3740 1811 ipsis

429 1821 665 1906 careeris
710 1818 1031 1875 deduxerint
1072 1832 1189 1884 vos,
1221 1834 1499 1890 quousque
1533 1830 1587 1876 et
1617 1832 1868 1891 parentes
1903 1840 2027 1880 νας·
2058 1850 2106 1911 Β
2130 1823 2463 1897 judicaturi(
2493 1823 2624 1894 Sap.
2654 1822 2763 1892 Ill).
2791 1822 3160 1883 Contristetur
3187 1827 3295 1889 illic
3322 1869 3338 1894 ,
3378 1830 3471 1899 qui
3502 1829 3735 1891 fructum

431 1900 520 1971 tri.
549 1912 755 1971 Exinde
784 1913 1052 1983 segregati
1098 1919 1182 1967 est
1230 1911 1276 1966 is
1318 1911 1384 1966 ab
1424 1911 1543 1981 ipso
1581 1912 1797 1979 mundo,
1831 1924 2030 1982 quanto

427 2008 599 2082 magis
623 2022 651 2062 a
678 2006 899 2075 sacculo,
919 2006 1188 2077 rebusque
1211 2003 1369 2076 ejus?
1391 2004 1501 2062 Nec
1523 2004 1627 2063 hoc
1655 2021 1752 2065 vos
1772 2019 2021 2067 conSter-

2134 1917 2314 1974 sazculi
2335 1917 2588 1986 suspirat.
2611 1913 2951 1973 Christianus
2971 1918 3134 1974 etiam
3159 1912 3307 1975 θήγει
3329 1935 3602 1983 carcerem
3626 1940 3733 1982 sa:-

2133 2011 2252 2069 culo
2290 2009 2654 2077 renuntiavit,
2716 2009 2768 2081 in
2823 2026 3043 2075 carcere
3094 2022 3275 2075 autem
3320 2016 3480 2076 etiam
3506 2019 3730 2077 carceri.

1658 2147 2042 2209 LECTIONES
2079 2150 2491 2209 VARIANTES.

492 2290 562 2399 xl)
603 2286 765 2359 Odiis.
782 2285 959 2359 Errat,
1006 2283 1186 2356 mediis
1207 2283 1384 2348 Μαι,
1409 2298 1499 2351 pro
1513 2287 1695 2341 vilibus
1715 2290 1840 2341 Jun.
1860 2292 2041 2345 mavult

430 2353 502 2402 uti
523 2354 663 2402 ibus:
698 2349 864 2398 SClduS
883 2353 1099 2402 reposuit
1122 2345 1300 2402 thatt.

523 2345 663 2413 ibus;
692 2349 873 2413 scidiis
883 2345 1099 2413 reposuit
1122 2345 1300 2413 Rigalt.

520 2414 569 2463 Ξ.)
599 2410 974 2461 Deiectionibus
1007 2410 1159 2460 Rhen.

520 2415 551 2463 ἒ.
599 2415 974 2461 Deiectionibus
1007 2415 1159 2460 then.

496 2415 573 2542 i5;
604 2476 646 2526 Δ
662 2472 841 2525 mundo
859 2472 989 2524 abest
1022 2468 1203 2535 Rigalt.

347 2779 353 2784 _
431 2729 487 2775 to
508 2726 773 2792 martyres
780 2726 941 2792 ornat
958 2716 1420 2792 Tertullian_us_._ut
1435 2718 1592 2789 paulo
1614 2727 1737 2792 post
1758 2719 1784 2773 Ι
1796 2723 2025 2792 inprimis

437 2808 563 2863 ergo
608 2788 971 2863 bénedirtitet
1014 2788 1149 2844 infra
1190 2790 1260 2844 ad
1304 2789 1588 2863 Martyres.
1617 2788 1625 2791 ⁷
1658 2789 1815 2858 Quod
1848 2788 2026 2848 'Elcu-

431 2860 608 2919 therio
631 2860 868 2933 pontifici
888 2860 1043 2933 Rom.
1062 2870 1119 2933 et
1136 2862 1355 2933 martyri
1373 2860 1482 2931 jam
1496 2861 1749 2918 defuncto
1766 2864 2022 2933 superius

431 2936 591 2991 etiam
617 2929 882 2988 attribuit.
913 2930 1210 3004 Cyprianus
1243 2929 1569 3004 fortissimos
1602 2946 1655 3004 et
1681 2929 2028 2992 beatissimos

430 3004 662 3065 subinde
707 3018 902 3062 vocare
928 3002 1102 3071 sciet,
1154 3002 1386 3074 quodam
1444 3005 1563 3060 loco
1598 3002 1926 3061 fortissimos
1975 3015 2030 3062 et

430 3075 796 3132 ﬁdeli~simos.
820 3075 996 3130 Busa.

503 3146 581 3229 (ᾳ)
602 3145 670 3202 In
697 3163 807 3203 meo
827 3146 1186 3228 sunt,.tenlabo
1212 3145 1328 3201 illos
1340 3145 1521 3227 vilibus
1535 3145 1686 3203 odiis.
1709 3146 1859 3202 Hanc
1879 3162 2028 3205 esses
2055 3184 2100 3248 Ε

503 3231 812 3274 ittcanorum
886 3227 1199 3281 scripturam
1264 3218 1534 3274 Pamelms
1600 3226 1849 3274 testatur.
1923 3219 2029 3281 Sed

431 3218 812 3274 VatiCanorum
886 3219 1199 3287 scripturam
1264 3218 1534 3274 Pamelius
1600 3226 1849 3274 testatur.
1923 3219 1993 3276 Se

433 3299 730 3362 martyrum
786 3290 927 3345 inter
977 3289 1121 3359 ipsos
1168 3288 1288 3343 odia
1339 3288 1639 3415 etliluidem
1679 3289 1822 3355 vilia,
1864 3288 2031 3348 fuisse

433 3375 594 3415 nemo
637 3361 957 3415 christianos
1001 3359 1352 3415 consenserit.
1459 3376 1566 3415 um.
1630 3359 1678 3414 si
1715 3359 1836 3415 odia
1898 3360 2029 3415 fuis-

433 3359 594 3417 nemo
637 3361 957 3416 christianos
1001 3359 1352 3416 consenserit.
1408 3359 1566 3425 Tum,
1630 3359 1678 3414 si
1715 3359 1836 3415 odia
1898 3360 2029 3416 fuis-

435 3432 673 3504 seinter
715 3442 982 3504 martyras
1050 3430 1412 3504 Tertulliunus
1477 3430 1731 3504 tradidit,
1791 3429 2029 3504 profecto

438 3500 645 3557 futilem
696 3511 749 3558 et
814 3500 1057 3559 frivolam
1115 3501 1454 3558 aﬂectionnm
1509 3517 1573 3559 ac
1630 3502 2027 3561 dissensionum

439 3572 905 3642 exprobrationem
949 3573 1163 3642 adjecit.
1207 3572 1340 3629 Nam
1370 3588 1491 3644 qua:
1539 3573 1661 3633 odia
1706 3573 1822 3628 sine
1869 3574 2031 3644 allec-

441 3645 674 3699 tionibus
740 3660 805 3700 ac
878 3644 1260 3701 dissensione?
1308 3643 1418 3700 lmo
1486 3644 1828 3714 frigidissima
1875 3643 2022 3701 ‘fue-

433 3716 506 3772 rit
532 3715 744 3771 Satanae
773 3716 964 3772 techna
996 3735 1009 3770 :
1038 3714 1295 3787 Martyres
1313 3716 1399 3786 qui
1418 3725 1537 3770 sunt
1561 3717 1616 3771 in
1641 3731 1866 3787 carceres
1887 3732 2026 3773 cont-

435 3787 576 3859 pulsi
608 3788 661 3841 in
716 3804 827 3841 meo
878 3796 1025 3854 sunt,
1077 3787 1477 3859 tentaboﬂigitur
1502 3803 1587 3842 eos
1640 3786 1819 3859 vilibus
1868 3787 2021 3843 odiis.

434 3857 604 3926 Quem
628 3873 733 3914 non
754 3859 993 3929 quotidie
1009 3858 1310 3929 hujusmodi
1333 3857 1469 3915 odiis
1500 3867 1667 3915 tentat
1686 3858 1710 3911 Ἰ
1730 3860 1892 3929 etiam
1920 3874 2023 3913 non

435 3930 490 3984 in
517 3932 641 4001 suo?
671 3931 832 4001 etiam
859 3938 1009 3985 extra
1035 3928 1352 4001 carcerem?
1380 3929 1561 4001 Itaque
1581 3946 1686 3986 non
1736 3928 1892 3987 video
1921 3944 2024 4001 qua

434 4000 645 4057 ratione
693 3999 909 4056 defendi
971 3998 1131 4071 queat
1179 3998 1559 4056 Vaticanorum
1625 3998 2025 4071 scripturaL’ln

436 4071 763 4143 editionibus
804 4084 928 4127 ante
963 4068 1253 4127 Pamclium
1294 4072 1522 4143 vulgatis
1564 4068 1858 4142 legebatur,
1891 4068 2024 4126 Ten-

437 4142 692 4197 taboillos
737 4144 918 4197 vilibus
960 4143 1179 4210 inediis,
1232 4142 1613 4214 defectionibus,
1665 4151 1752 4195 aut
1804 4144 1932 4214 inter
1970 4159 2024 4196 se

438 4214 854 4269 dissensionibus.
895 4215 1001 4270 Sed
1043 4230 1145 4269 nec
1184 4213 1375 4269 sensus
1419 4215 1543 4269 inde
1587 4214 1713 4271 boni
1753 4213 2023 4281 colligitur

437 4286 747 4355 quidquam.
776 4286 980 4341 Etenim
1011 4285 1131 4356 quis
1174 4301 1335 4339 sanus
1374 4301 1603 4355 unquam
1659 4283 1873 4348 dixerit,
1902 4284 2022 4356 viles

436 4354 659 4412 inertius?
689 4366 780 4411 aut
807 4372 902 4411 cur
956 4354 1161 4411 inedias
1213 4358 1298 4410 hic
1345 4354 1480 4422 ullas
1507 4354 2020 4424 suspiCabimur,in-

441 4436 525 4483 ter
551 4428 730 4482 carnis
759 4428 1013 4484 alimenta
1038 4443 1158 4498 quae
1186 4427 1267 4482 his
1296 4428 1424 4496 ipsis
1451 4428 1772 4498 martyribus
1802 4425 2018 4498 domina

438 4508 612 4554 mater
641 4497 884 4555 Ecclesia
909 4499 978 4555 de
1007 4495 1257 4553 uberibus
1284 4495 1395 4553 suis
1423 4498 1475 4552 in
1502 4495 1772 4553 carcerem
1812 4495 2019 4551 submi-

438 4570 716 4625 nistrabit?
751 4571 829 4625 sic
859 4571 999 4625 enim
1031 4569 1383 4625 disertissime
1426 4569 1650 4622 traditur
1675 4567 1827 4622 istius
1857 4566 2025 4635 scrip-
2047 4548 2102 4608 ἶ)

439 4640 600 4713 tionis
617 4642 876 4711 principio
891 4658 903 4694 :
918 4656 1025 4713 quo
1045 4642 1175 4697 satis
1195 4642 1353 4696 etiam
1368 4639 1636 4713 refellitur
1660 4638 2026 4708 interpretatio

438 4710 710 4785 Bhenani,
747 4710 1086 4785 vocabulum,
1112 4712 1493 4785 defectionibus,
1546 4710 1820 4785 ad‘rernm
1855 4724 2023 4785 penu-

440 4784 577 4839 riam
607 4783 999 4839 translerentis.
1029 4780 1228 4851 Quare,
1280 4797 1379 4838 nec
1409 4783 1514 4838 ilhc
1557 4791 1682 4836 ante
1725 4780 2025 4851 Pamelium

440 4855 704 4911 editiones
736 4847 1103 4911 difﬁcultatem
1135 4847 1366 4910 solvunt.
1420 4853 1649 4924 Digitum
1680 4851 1746 4906 ad
1781 4851 1889 4905 veri
1908 4847 2028 4924 fon-

442 4932 554 4997 tem
584 4926 813 4982 intendit
843 4928 1079 4997 quisquis
1106 4926 1344 4982 codicem
1380 4921 2022 4997 Divibnenscmexaravit.

440 4994 561 5053 Illic
607 4997 752 5053 enim
800 4993 1012 5068 legitur,
1061 4996 1286 5052 Teutabo
1330 4997 1446 5068 illos
1497 4994 1827 5068 vilibuscidiis
1858 4993 2030 5064 defec-

444 5068 686 5136 tionibus,
714 5078 801 5122 aut
822 5067 951 5124 inter
970 5085 1023 5123 se
1044 5067 1457 5123 dissensionibus.
1488 5067 1860 5138 Disjnngamus
1906 5078 2028 5134 quae

444 5152 614 5264 grave
652 5144 927 5196 conterent
953 5182 968 5205 ,
1000 5149 1073 5223 et.
1103 5140 1388 5222 genuinam
1432 5137 2030 5223 attoleris’scripturam

487 5209 711 5264 abemus
740 5229 754 5263 :
786 5209 1013 5264 Tentabo
1054 5212 1171 5264 illos
1196 5212 1375 5264 vilibus
1401 5209 1593 5264 sudus.
1630 5207 1880 5263 Audierat
1900 5205 2030 5259 Ter-

487 5209 711 5266 a‘bemtts
740 5229 754 5263 :
786 5209 1013 5266 Tentabo
1054 5205 1171 5267 illos
1196 5212 1375 5265 vilibus
1401 5209 1593 5264 scidiis.
1630 5207 1880 5263 Audierat
1900 5205 2031 5259 Ter-

451 5280 703 5354 tullianus
732 5297 854 5339 esse
878 5282 1118 5354 quaedam
1147 5282 1285 5337 inter
1313 5292 1576 5354 martyras
1624 5277 1870 5354 nongodia
1895 5274 2030 5354 ,_sed

449 5349 833 5428 defectionmq
863 5347 926 5409 ac
983 5353 1380 5428 dissensionum
1424 5347 1626 5411 semina
1656 5390 1670 5416 ,
1713 5347 2031 5428 quibusdam

450 5419 596 5487 forte
648 5429 726 5479 sic
784 5424 1215 5495 disputantibus,
1270 5425 1663 5494 Scripturarum
1716 5419 2031 5473 auctoritate

404 5512 419 5519 ‘
453 5508 566 5567 non
606 5495 910 5565 prohiberi,
964 5497 1249 5567 quominus
1298 5495 1509 5549 vincula
1549 5507 1645 5567 sua
1697 5498 2034 5567 mortemque

452 5560 628 5636 ipsam
648 5560 998 5621 annumerata'
1011 5568 1421 5625 conettssoribus
1446 5562 1665 5636 pecunia
1686 5560 2040 5629 deprecaren-

455 5633 565 5707 tiy.
590 5635 775 5707 itaque
803 5638 1063 5700 hortatur,
1095 5639 1147 5692 id
1196 5633 1528 5707 potissimum
1556 5633 1867 5707 videant_ne
1890 5645 2031 5685 con-

456 5702 580 5778 silia
604 5702 827 5778 Satanas
870 5709 1124 5762 achrsus
1150 5702 1292 5778 ipsos
1331 5714 1526 5778 coquat
1564 5702 1826 5778 volvendo
1849 5715 2041 5756 secum

456 5774 612 5830 ista:
664 5776 912 5834 Homines
947 5794 1045 5848 ego
1076 5774 1268 5833 teniavi
1321 5774 1608 5851 quondam,
1650 5788 1782 5851 cum
1814 5774 1867 5827 in
1922 5785 2046 5851 meo

458 5857 580 5904 non
608 5857 801 5904 erant:
832 5844 1022 5920 nemp'e
1066 5862 1187 5904 cum
1213 5844 1366 5906 erant
1413 5847 1466 5905 in
1504 5844 1795 5918 paradiso,
1850 5844 2052 5900 tentavi

2309 2415 2500 2479 Lumen
2519 2429 2606 2479 vos
2631 2416 2739 2479 ipsi,

2224 2293 2278 2353 4)
2311 2290 2486 2345 Carcas
2503 2290 2684 2353 Rigalt.

2226 2351 2273 2407 5i
2312 2354 2494 2405 Imbuit
2525 2351 2674 2405 Séml.

2202 2293 2278 2543 βξ
2311 2293 2684 2405 ἓὶᾝὲᾝῖ
2805 2412 2817 2425 ,

2309 2415 2500 2468 Lumen
2519 2429 2606 2466 vos
2631 2416 2725 2476 ipsi
2756 2412 2934 2479 Rtan.

2224 2480 2250 2528 7
2308 2477 2460 2532 Eheu.
2486 2477 2607 2533 add.
2629 2480 2696 2531 de
2723 2470 2988 2540 iudicibus.

2257 2293 2278 2544 Ξ

1778 2582 2342 2643 COMMENTARIUS.

2134 2735 2310 2781 autem
2338 2722 2984 2792 przestantissimodivinte
3001 2722 3281 2794 cujusdam
3306 2724 3514 2787 arboris
3526 2726 3731 2785 fructu:

2132 2796 2263 2851 istos
2288 2794 2471 2859 hodie,
2496 2795 2584 2867 qui
2614 2794 2663 2867 in
2697 2809 2818 2867 meo
2839 2806 2963 2867 sunt
2985 2836 3000 2867 ,
3030 2811 3229 2867 nempe
3255 2798 3306 2850 in
3334 2812 3572 2864 carcere,
3606 2807 3729 2855 ten-

2132 2865 2521 2936 taboquoque,
2542 2865 2639 2921 sed
2669 2866 2861 2921 vilibus
2888 2866 3090 2923 scidiis.
3122 2867 3283 2933 Quasi
3312 2867 3519 2924 diceret
3549 2868 3732 2926 :Olim

2133 2938 2389 2993 tentando
2424 2937 2650 3003 homini,
2692 2950 2812 2991 cum
2841 2946 2986 2993 esset
3012 2937 3064 2993 in
3093 2937 3342 3006 paradiso
3365 2982 3380 3006 ,
3412 2940 3720 2997 adhibenda

2133 3007 2231 3063 fuit
2255 3010 2428 3081 magni
2455 3014 2739 3081 apparatus
2760 3009 3001 3081 tentatio,
3022 3010 3324 3081 appetentia
3350 3010 3553 3072 scilicet
3576 3011 3723 3071 fruc-

2135 3087 2221 3133 tus
2265 3076 2454 3150 qui'de
2496 3076 2801 3150 hominibus
2853 3076 3057 3134 faceret
3088 3076 3231 3134 'deos
3267 3099 3281 3135 :
3314 3096 3454 3136 nunc
3500 3098 3626 3137 vero
3666 3085 3722 3138 in

2134 3165 2254 3204 meo
2278 3148 2500 3223 ῤοὶῐοεε
2527 3148 2803 3223 (ιυῖρβθλίη
2834 3163 3049 3223 carcere
3075 3164 3139 3204 ac
3163 3151 3504 3205 tenebrarum
3528 3168 3715 3223 regno,

2136 3221 2352 3277 tentabo
2379 3220 2533 3289 nugis
2566 3218 2982 3290 etquisquiliis,
3034 3230 3160 3290 puta
3188 3218 3721 3280 ineuieatauete'cu;

2130 3292 2339 3360 jusdam
2372 3288 2665 3347 vexationis
2683 3288 3009 3354 formidine‘,
3036 3288 3129 3349 aut
3181 3290 3508 3353 reducenda
3531 3293 3585 3355 in
3615 3296 3719 3357 ali-

2134 3371 2262 3415 uuot
2287 3377 2458 3415 annos
2488 3362 2608 3415 vita:
2634 3360 2686 3415 in
2715 3359 2833 3415 dies
2864 3362 3104 3415 mortalis
3129 3307 3398 3415 (residerio
3431 3381 3444 3415 :
3488 3364 3719 3415 denimm

2134 3359 2262 3433 quot
2287 3377 2458 3417 annos
2488 3362 2608 3434 vita:
2634 3360 2686 3415 in
2715 3359 2833 3415 dies
2864 3362 3104 3434 mortalis
3121 3359 3398 3434 desiderio
3431 3381 3444 3418 :
3488 3364 3723 3434 denique

2131 3435 2462 3489 committam
2495 3432 2640 3503 ipsos
2667 3441 2722 3503 et
2769 3432 3054 3502 exagitabo
3090 3432 3545 3503 dissensionibus.
3592 3432 3720 3492 Hinc

2131 3515 2254 3559 sunt
2283 3502 2538 3576 parabilia
2552 3512 2612 3558 et
2635 3502 2843 3576 obviam
2860 3502 3102 3576 atq-ue'ad
3121 3504 3559 3576 manummatm
3590 3507 3717 3574 tela;

2168 3574 2371 3632 uasi'de
2389 3576 2583 3631 vilibus
2602 3575 2777 3644 scopis
2792 3583 2845 3628 et
2877 3574 3060 3629 scidiis
3075 3575 3327 3630 arborum
3349 3576 3716 3633 cremialibus.

2129 3591 2325 3702 gcidin:
2366 3645 2481 3702 sive
2522 3645 2706 3702 scidia.
2756 3644 2896 3701 unde
2926 3653 2979 3701 et
3027 3644 3273 3702 discidia.
3302 3657 3426 3702 sunt
3474 3653 3716 3702 σγίδσικη.

2172 3647 2325 3701 cidiae
2366 3645 2481 3702 sive
2522 3645 2706 3717 scidia,
2756 3644 2896 3701 unde
2926 3653 2979 3701 et
3027 3644 3273 3715 discidia,
3302 3657 3426 3705 sunt
3474 3653 3718 3717 σχίδικις.

2129 3724 2387 3786 summa:
2410 3723 2576 3785 ξύλων,
2610 3715 2732 3770 vilia
2758 3730 3017 3789 caesarum
3039 3717 3289 3789 arborum
3316 3715 3599 3789 segmina.
3626 3719 3720 3777 Vi»-

2135 3785 2337 3843 truvius
2360 3789 2455 3843 lib.
2514 3803 2574 3843 ll.
2605 3803 2723 3857 cap.
2750 3788 2803 3841 1.
2848 3785 3128 3843 Intervalla
3175 3786 3349 3849 scidiis
3392 3785 3438 3844 Et
3474 3790 3585 3847 luto
3627 3792 3718 3847 ob-

2135 3870 2352 3913 struunt.
2386 3860 2507 3913 lita.

2131 3870 2352 3915 struunt.
2386 3870 2482 3915 [HG
2494 3899 2507 3914 .

2204 3972 2282 4045 (b)
2317 3972 2482 4040 Quam
2509 3985 2683 4040 pacem
2728 3970 2971 4045 quidam,
3003 3978 3094 4045 etc.
3148 3970 3383 4045 [ιθ-ρπβ
3406 3987 3501 4045 seu
3526 3987 3721 4045 ναρθη-

2129 4040 2399 4101 οἱιῖειιίοιιθ
2418 4058 2538 4097 etun
2561 4042 2771 4096 caneris
2786 4040 3093 4096 Christianis
3123 4056 3185 4097 ac
3216 4040 3330 4097 Deo
3358 4044 3589 4112 primum
3607 4042 3720 4099 lucc

2126 4114 2489 4186 intelligenda.
2517 4112 2629 4186 llius
2648 4113 2845 4186 quippe
2867 4112 3272 4186 in_oleverat_,_ut
3284 4115 3381 4186 qui
3410 4129 3517 4182 prce
3539 4123 3722 4186 tyran-

2128 4186 2253 4241 nide
2282 4182 2332 4238 iu
2356 4184 2667 4238 carceribus
2723 4182 3106 4238 detinebantur
3152 4182 3359 4238 libellos
3410 4182 3718 4255 petentibus

2126 4255 2320 4311 darent
2362 4255 2693 4326 tidelilmsiu
2742 4254 3055 4323 panitentia
3105 4254 3431 4321 constitutis,
3488 4271 3716 4326 quorum

2125 4341 2229 4397 ope
2247 4341 2429 4398 pacem
2467 4326 2557 4398 _Dei
2585 4324 2902 4398 obtinebant
2934 4334 2990 4398 et
3039 4340 3161 4380 cum
3210 4326 3418 4381 caeteris
3462 4324 3717 4384 fratribus

2124 4395 2613 4453 cuminunicabant.
2672 4395 2755 4449 Ad
2816 4395 3265 4467 indulgentiarum
3321 4412 3449 4467 vero
3485 4398 3724 4454 auctori-

2127 4477 2290 4524 tatem
2321 4468 2609 4536 plurimum
2636 4467 2736 4520 ista
2776 4466 3103 4530 conduCunt,
3154 4482 3377 4533 qttarum
3423 4466 3605 4523 forsan
3635 4469 3719 4523 ni—

2128 4540 2290 4597 mium
2339 4537 2651 4594 facilitatem
2691 4538 2945 4607 arguebat
2989 4541 3115 4594 olim
3163 4539 3717 4609 Cyprianus._Atque

2131 4610 2394 4680 superiori
2421 4608 2620 4664 sascnlo
2656 4609 2893 4679 synodus
2940 4607 3247 4663 Tridentinis
3292 4622 3415 4676 qua:
3459 4607 3719 4666 advertitis

2134 4681 2362 4737 lneresin
2393 4697 2457 4735 ex
2489 4682 2685 4734 abusus
2712 4680 3161 4749 indulgentiarum
3184 4686 3429 4749 pretextu
3449 4680 3719 4749 pullulan-

2132 4761 2240 4807 tem
2259 4761 2466 4809 coacta.
2485 4750 2674 4805 hinresi
2693 4760 2747 4805 et
2771 4748 2960 4804 abusui
2988 4751 3254 4821 occurrit:
3274 4748 3463 4821 haeresi
3477 4750 3714 4821 quidem,

2131 4839 2253 4881 cum
2301 4821 2489 4878 delinit
2531 4822 2598 4875 ab
2638 4821 2873 4875 Ecclesia
2902 4820 3157 4889 pendere,
3199 4819 3510 4877 concedere
3536 4821 3718 4877 indul-

2129 4896 2336 4965 gentias
2366 4898 2517 4961 (nam
2546 4891 2606 4945 Β.
2626 4891 2822 4965 Paulus
2848 4890 3215 4965 Alexandroet
3268 4890 3560 4965 Hymenaeo
3585 4894 3712 4965 olim

2131 4962 2441 5035 concessit).
2468 4963 2669 5018 Abusui
2696 4976 2844 5023 vero,
2865 4963 3063 5035 omnia
3085 4962 3165 5015 Itis
3188 4962 3521 5035 confedendis
3543 4964 3721 5017 modo.

2135 5031 2410 5101 rationem,
2425 5036 2581 5105 juxta
2601 5043 2810 5089 veterem
2827 5041 2872 5087 et
2894 5031 3156 5102 probatam
3184 5033 3238 5087 in
3258 5031 3486 5105 Ecclesia
3508 5050 3721 5105 consuc-

2138 5108 2382 5172 tudinem,
2414 5104 2832 5175 adltibericupit,
2865 5114 3116 5159 etc.sess.
3145 5104 3237 5160 ‘25.
3260 5104 3390 5159 Dec.
3417 5104 3485 5159 de
3511 5104 3713 5175 indulg.

2136 5179 2281 5235 unde
2316 5192 2418 5233 nos
2473 5178 2540 5232 ad
2597 5177 2846 5246 antiquos
2874 5189 3108 5246 canones
3140 5175 3317 5246 rejicit
3371 5176 3722 5230 conciliorum

2134 5251 2300 5306 veluti
2329 5249 2394 5304 ad
2422 5245 2760 5318 Ancyranum
2789 5245 2970 5301 multis
3019 5247 3073 5302 in
3124 5245 3725 5315 can.Neoe:esariense,

2134 5318 2386 5390 Carthag.
2416 5324 2701 5391 Agatense,
2733 5331 2841 5374 etc.
2870 5318 2947 5373 Ls
2979 5318 3075 5374 Ρη.

2214 5414 2286 5482 (c)
2315 5388 2525 5466 Iudicia
2551 5410 2762 5483 denique
2787 5427 2887 5465 non
2920 5410 3255 5481 proconsulis,
3276 5411 3364 5483 sed
3382 5388 3740 5483 Deistist‘im

2139 5481 2401 5546 SuStinet,
2425 5481 2718 5552 exspectat.
2741 5481 3100 5539 lito—Nobis
3118 5485 3275 5539 liceat
3295 5481 3539 5538 dubitare
3562 5481 3628 5535 dc
3644 5483 3731 5535 in-

2144 5552 3255 5628 terpretationevirorumeruditorum,qui
3282 5555 3334 5609 in
3365 5555 3462 5608 hac
3490 5552 3738 5628 paltcstra

2148 5638 2343 5697 nomen
2395 5620 2609 5697 aliquod
2660 5620 3208 5697 si_|_)i‘qutnsiverunt':
3254 5634 3438 5697 putant
3488 5620 3740 5697 nimirum

2151 5696 2552 5776 l‘ermenmnes,
2582 5692 2844 5776 in'aliquo
2869 5698 3072 5776 Oppido
3097 5692 3314 5776 ditionis
3357 5694 3613 5776 Carthag:
3643 5700 3737 5747 aut

2153 5767 2313 5822 etiam
2329 5765 2397 5836 in_
2408 5761 2732 5836 Carthagine
2753 5761 2868 5832 ipsa
2890 5761 3136 5836 captivos
3154 5769 3337 5833 fuisse,
3362 5761 3582 5835 prejiter
3602 5765 3739 5836 hanc

2157 5849 2345 5893 vocent
2360 5831 2712 5899 Procousulis;
2730 5831 2851 5887 nam
2864 5872 2878 5899 ,
2896 5831 3166 5909 inquiunt,
3181 5840 3250 5897 de
3271 5831 3587 5910 proconsule
3606 5832 3757 5891 Airil
