4252 6264
481 333 587 389 6‘25

1809 371 1814 376 .
1881 315 2348 379 TERTULLIANI

3677 289 3802 394 (ἰδέ

468 449 614 505 Nihil
632 447 876 515 inlerest,
910 447 998 504 ubi
1021 446 1065 502 si
1080 447 1144 501 tis
1172 444 1226 500 in
1254 441 1598 512 saeculo,qui
1627 448 1782 496 extra
1814 439 2071 495 saeculum
2101 442 2156 503 Α
2179 439 2261 496 nis
2299 439 2592 497 molestus?
2645 437 2832 495 Vocati
2883 453 3067 496 sumus
3120 439 3186 496 ad
3241 439 3485 496 militiam
3516 438 3620 496 Dei
3679 440 3790 496 vivi

477 541 645 606 estis;
669 551 722 597 et
742 542 787 596 si
806 541 980 610 aliqua
1001 536 1264 592 amisistis
1293 533 1373 608 (l)
1399 535 1524 588 vita:
1551 532 1764 602 gaudia,
1785 532 2080 602 negotiatio

483 645 568 690 est
593 632 791 704 aliquid
829 632 1100 694 amittere,
1128 637 1188 684 ut
1210 628 1412 696 majora
1439 625 1680 681 lucreris.
1737 623 1876 678 Nihil
1907 623 2085 681 adhuc

484 727 604 782 dico
621 725 688 781 de
705 723 944 794 praemio,
970 721 1033 776 ad
1057 720 1197 793 quod
1225 723 1364 775 Deus
1383 727 1648 789 martyres
1669 717 1882 771 invitat.
1907 715 2085 786 Ipsam

488 817 702 874 interim
733 815 1199 870 conversationem
1243 812 1424 868 saeculi
1451 820 1506 868 et
1541 811 1773 866 carceris
1807 823 2086 879 compare-

492 924 646 974 mus,
677 907 723 961 si
751 920 855 960 non
897 904 1015 975 plus
1051 905 1102 959 in
1131 919 1348 960 carcere
1382 903 1600 973 spiritus
1658 901 1883 971 acquirit
1927 915 2084 970 quam

489 1015 618 1058 caro
645 999 861 1062 amittit,
891 998 1001 1052 imo
1021 1007 1074 1053 et
1098 1013 1218 1068 quae
1243 997 1385 1067 justa
1427 1003 1552 1050 sunt
1595 1008 1722 1049 caro
1753 1008 1858 1047 non
1891 992 2088 1046 amittit

485 1108 582 1164 per
616 1105 798 1147 curam
854 1089 1148 1155 Ecclesia},
1199 1103 1402 1159 agapen
1450 1086 1716 1141 fratrum:
1767 1097 1820 1140 et
1867 1084 2087 1153 insuper

484 1203 605 1259 qua:
631 1197 846 1255 semper
867 1183 1012 1238 utilia
1042 1181 1162 1237 fidei
1184 1224 1198 1247 ,
1251 1183 1471 1250 spiritus
1510 1180 1841 1249 adipiscitur.
1870 1177 1984 1232 Non
2007 1177 2086 1231 vi-

487 1281 585 1335 des
613 1279 820 1333 alienos
849 1275 981 1331 deos
1010 1318 1024 1342 ,
1073 1289 1180 1328 non
1222 1273 1542 1342 imaginibus
1585 1287 1771 1327 eorum
1817 1269 2082 1335 incurris,

493 1387 600 1427 non
619 1371 889 1426 solemnes
918 1368 1194 1422 nationum
1214 1365 1329 1419 dies
1359 1365 1468 1435 ipsa
1494 1363 1872 1418 commixtione
1916 1361 2085 1433 parti.

485 1455 634 1536 cip‘as
669 1505 684 1528 ,
736 1478 844 1518 non
892 1461 1167 1516 nidoribus
1206 1460 1411 1528 spurcis
1449 1457 1787 1522 verberaris,
1833 1472 1937 1510 non
1981 1455 2091 1510 cla-

491 1558 738 1612 moribus
766 1553 1197 1624 spectaculorum
1231 1591 1246 1615 ,
1276 1550 1554 1604 atrocitate
1583 1590 1597 1611 ,
1651 1548 1735 1602 vel
1762 1546 1971 1612 furore,
2001 1546 2087 1601 vel

491 1648 817 1718 impudicitia
873 1643 1259 1700 celebrantium
1287 1641 1512 1696 cmderis
1545 1657 1558 1692 :
1589 1655 1695 1693 non
1729 1641 1780 1692 in
1821 1639 1934 1692 loca
1965 1636 2088 1691 libi-

487 1741 675 1796 diuum
700 1739 1030 1796 publicarum
1057 1737 1197 1790 oeuli
1232 1734 1306 1788 tui
1336 1734 1634 1803 impingunt
1659 1749 1672 1784 :
1698 1746 1854 1786 vacas
1877 1745 1904 1782 a
1932 1720 2094 1784 scan-V

2180 535 2290 604 jam
2329 542 2490 599 tunc,
2539 546 2661 586 cum
2706 531 2759 586 in
2825 533 3149 588 sacramenti
3201 533 3366 589 verba
3414 531 3792 603 respondimus

2187 626 2286 697 (5).
2338 623 2507 680 Nemo
2555 623 2710 679 miles
2759 623 2826 678 ad
2880 624 3077 680 bellum
3125 641 3247 682 cum
3296 625 3522 681 deliciis
3596 629 3788 691 venit;

2187 731 2287 772 nec
2309 715 2375 772 de
2404 716 2648 774 cubiculo
2674 719 2741 774 ad
2783 719 2954 776 aciem
3002 718 3273 788 procedit,
3305 717 3399 773 sed
3441 717 3508 773 de
3547 717 3790 788 papilio-

2189 809 2345 864 nibus
2374 810 2451 885 (a)
2491 813 2755 882 expeditis
2788 824 2843 871 et
2889 813 3192 869 substrictis
3213 854 3228 881 ,
3273 811 3362 866 ubi
3394 813 3567 867 omnis
3591 809 3791 866 duritia

2191 913 2244 958 et
2273 903 2558 959 imbouitas
2577 914 2631 959 et
2653 907 2940 961 insuavitas
2959 905 3216 960 constitit.
3249 905 3421 959 Etiam
3451 905 3503 958 in
3525 917 3680 974 pace,
3705 901 3794 958 la-

2191 995 2324 1051 bore
2351 1007 2402 1050 et
2425 996 2502 1068 (6)
2527 997 2881 1053 incommodis
2908 998 3107 1053 bellum
3140 1000 3245 1068 pati
3269 996 3378 1067 jam
3417 997 3702 1064 ediscunt,
3733 996 3790 1052 in

2190 1091 2353 1143 armis
2382 1089 2790 1156 deambulando,
2808 1107 3055 1162 campum
3079 1091 3431 1154 decurrendo,
3449 1089 3649 1146 fossam
3670 1104 3789 1145 mo-

2190 1179 2388 1249 liendo,
2443 1183 2762 1239 testudinem
2814 1184 2890 1255 (7)
2935 1183 3210 1238 densando
3244 1183 3332 1253 (e).
3363 1182 3573 1239 Sudore
3611 1182 3793 1237 omnia

2189 1283 2454 1342 constant,
2478 1290 2545 1330 ne
2574 1290 2799 1346 corpora
2817 1286 2974 1346 atque
2992 1276 3154 1330 animi
3173 1283 3558 1346 expavescant:
3584 1273 3651 1330 de
3673 1291 3792 1330 um-

2193 1363 2288 1419 bra
2316 1365 2382 1419 ad
2412 1366 2606 1435 solem,
2627 1367 2694 1422 de
2717 1369 2832 1423 sole
2851 1369 2917 1422 ad
2941 1369 3133 1423 caelum
3167 1367 3247 1440 (8)
3271 1369 3337 1423 de
3371 1369 3546 1424 tunica
3567 1368 3634 1423 ad
3658 1367 3793 1424 lori-

2195 1473 2339 1520 cam.
2371 1459 2442 1514 de
2465 1460 2680 1514 silentio
2701 1460 2769 1515 ad
2792 1461 3106 1526 clamorem,
3127 1461 3193 1516 de
3207 1461 3386 1530 quiete
3400 1460 3469 1516 ad
3487 1460 3792 1518 tumultum.

2195 1550 2425 1607 Proinde
2451 1567 2571 1620 vos,
2589 1553 3254 1624 benedicti,quodcumque
3281 1557 3382 1610 hoc
3401 1555 3592 1610 durum
3609 1565 3709 1621 est,
3723 1554 3792 1611 ad

2194 1645 2630 1701 exercitationem
2645 1647 2897 1701 virtutum
2911 1648 3072 1701 animi
3086 1648 3673 1719 ctcorporisdeputate.
3690 1648 3794 1704 Bo-

2193 1749 2321 1788 num
2357 1751 2580 1805 agonem
2609 1737 2685 1809 (9)
2715 1738 2938 1793 subituri
2966 1739 3095 1794 estis
3134 1739 3186 1793 in
3239 1754 3347 1810 quo
3402 1740 3748 1810 agonothetes
3770 1779 3791 1810 ,

494 1833 633 1888 dalis
658 1873 673 1896 ,
701 1847 732 1885 a
760 1827 1165 1905 tentatiouibus,
1198 1841 1226 1879 a
1258 1823 1723 1880 recordationibus
1755 1821 1910 1876 malis
1933 1863 1947 1886 ,
1979 1821 2084 1891 iam
2116 1835 2163 1894 Β
2193 1828 2330 1884 Deus
2348 1831 2497 1883 vivus
2526 1841 2606 1884 est
2634 1848 2647 1896 ;
2694 1833 3005 1904 xystarches
3031 1831 3121 1904 (Ι),
3145 1831 3374 1903 Spiritus
3395 1843 3612 1889 sanctus
3637 1848 3793 1890 coro-

488 1938 596 1982 eta
629 1905 1026 1997 persecutione?
1081 1921 1193 1975 Hoc
1238 1928 1458 1988 praestat
1505 1933 1693 1972 carcer
1745 1915 2041 1970 christiano
2068 1955 2084 1980 ,

489 2018 634 2090 quod
664 2031 878 2073 eremus
907 2013 1180 2086 prophetis
1208 2014 1227 2083 (
1258 2010 1408 2064 Marc
1429 2051 1443 2075 ,
1471 2010 1490 2064 ι
1527 2013 1563 2079 ).
1600 2009 1718 2080 Ipse
1750 2007 2008 2062 Dominus
2036 2006 2086 2059 in

494 2126 714 2168 secessu
767 2108 1096 2179 frequentius
1144 2103 1365 2175 agebat,
1399 2111 1457 2156 ut
1511 2101 1731 2156 liberius
1755 2107 1971 2165 oraret,
2031 2105 2090 2150 ut

489 2204 688 2259 Steculo
732 2202 946 2258 cederet
986 2198 1155 2271 (Luc,
1207 2195 1321 2268 ιν).
1373 2197 1610 2250 Gloriam
1654 2194 1886 2262 denique
1937 2206 2088 2245 suam

487 2295 764 2365 discipulis
793 2295 846 2348 in
892 2291 1180 2347 solitudine
1207 2288 1596 2345 demonstravit
1624 2285 1837 2357 (Matth.
1857 2327 1872 2351 ,
1895 2283 2041 2338 XVII
2070 2301 2083 2349 ;

489 2389 670 2456 Marc,
694 2389 798 2453 IX;
828 2387 954 2451 Luc,
985 2385 1025 2440 II
1054 2402 1068 2443 :
1099 2384 1117 2438 ι
1170 2383 1334 2450 Petri,
1357 2384 1435 2453 1).
1487 2381 1809 2448 Auferamus
1856 2380 2087 2434 carceris

489 2497 686 2538 nomen
707 2524 720 2544 .
754 2495 1026 2537 secessum
1059 2491 1332 2534 vocemus.
1367 2476 1482 2531 Etsi
1538 2490 1735 2546 corpus
1765 2473 2086 2537 includitur,

490 2576 595 2630 etsi
644 2589 770 2629 caro
810 2572 1080 2628 detinetur
1106 2613 1119 2635 ,
1171 2571 1350 2624 omnia
1383 2569 1592 2640 Spiritui
1641 2577 1842 2638 patent.
1880 2567 2090 2636 Vagare

487 2666 682 2736 spiritu
712 2708 726 2733 ,
769 2665 1000 2734 spatiare
1021 2663 1211 2734 spiritu
1238 2704 1250 2726 ,
1284 2671 1336 2717 et
1379 2677 1483 2716 non
1512 2661 1679 2717 stadia
1705 2677 1872 2732 opaca
1900 2660 1974 2733 (c)
1999 2667 2090 2712 aut

490 2759 730 2829 porticus
761 2756 947 2826 longas
994 2755 1077 2826 (2)
1113 2769 1431 2824 prmpnnens
1460 2753 1550 2806 tibi
1578 2796 1593 2818 ,
1625 2753 1716 2806 sed
1746 2754 1890 2806 ill‘am
1918 2751 2083 2821 viam,

491 2865 613 2920 qum
635 2848 702 2902 ad
732 2847 900 2902 Deum
944 2845 1110 2901 ducit.
1157 2844 1416 2913 Quotiens
1442 2859 1560 2899 eam
1610 2845 1800 2912 Spiritu
1828 2845 2089 2902 deambu-

499 2939 712 3002 laveris,
734 2938 930 2992 totiens
951 2937 1003 2991 in
1034 2951 1253 2991 carcere
1273 2951 1376 2990 non
1395 2936 1523 2990 eris.
1542 2934 1681 2988 Nihil
1709 2950 1834 2990 crus
1857 2937 2018 2992 sentit
2033 2939 2084 2992 in

490 3008 657 3089 nervo
678 3031 755 3102 (τί)
778 3031 861 3102 ('5)
885 3045 1004 3086 cum
1023 3030 1230 3084 animus
1247 3031 1302 3083 in
1321 3028 1460 3085 coelo
1478 3037 1578 3083 est.
1599 3027 1790 3083 Totum
1817 3030 2087 3087 hominem

2192 1939 2281 1989 na,
2301 1925 2642 1989 aeternitatis;
2672 1925 2934 1993 brabium,
2966 1928 3218 1997 angelica:
3253 1928 3588 1994 substantiae,
3610 1926 3792 1998 pulitia

2193 2016 2244 2070 in
2263 2017 2447 2085 eoelis,
2496 2018 2661 2088 gloria
2705 2019 2755 2073 in
2805 2020 2998 2075 srccula
3039 2021 3377 2076 smculorum.
3446 2019 3628 2092 Itaque
3662 2021 3790 2090 Epi-

2193 2117 2359 2164 states
2401 2111 2482 2181 (g)
2514 2119 2691 2166 vester
2730 2110 2978 2167 Christus
3024 2112 3200 2182 Jesus,
3221 2114 3310 2184 qui
3353 2128 3448 2169 vos
3485 2114 3673 2185 spiritu
3693 2129 3793 2168 un-

2195 2201 2290 2267 xit,
2319 2212 2372 2256 et
2391 2202 2455 2256 ad
2477 2204 2576 2257 hoc
2602 2217 2834 2258 scamma
2873 2204 3143 2274 produxit,
3178 2205 3343 2261 voluit
3384 2220 3478 2262 vos
3494 2217 3620 2261 ante
3647 2205 3792 2262 diem

2195 2295 2379 2362 agnnis
2405 2294 2470 2348 ad
2499 2295 2768 2350 duriorem
2801 2297 3170 2352 tractationem
3197 2313 3226 2350 a
3251 2297 3504 2354 liberiore
3525 2297 3792 2354 conditio-

2195 2405 2262 2444 ne
2283 2404 2562 2459 seponere,
2584 2399 2640 2444 ut
2666 2391 2808 2446 vires
2825 2392 3305 2447 corroborarentur
3325 2391 3376 2445 in
3396 2392 3566 2448 vobis.
3590 2391 3794 2462 Nempe

2194 2479 2335 2535 enim
2353 2490 2404 2534 et
2418 2480 2634 2535 athletae
2649 2490 2998 2552 segregantur
3011 2483 3078 2537 ad
3095 2484 3412 2538 strictiorem
3429 2483 3788 2553 disciplinam,

2195 2580 2252 2625 ut
2291 2571 2471 2625 robori
2499 2572 2812 2629 tedilieando
2839 2585 3028 2630 vacent
3057 2592 3069 2628 :
3109 2575 3447 2631 continentur
3483 2591 3513 2629 a
3557 2576 3787 2642 luxuria,

2194 2677 2223 2716 a
2254 2663 2386 2717 cibis
2434 2663 2726 2719 hetioribus
2746 2707 2761 2732 ,
2790 2681 2820 2720 a
2846 2675 2970 2736 potu
2993 2667 3331 2735 jucundiore.
3359 2667 3645 2735 Coguntur,
3669 2681 3795 2722 cru-

2192 2755 2419 2821 ciantur,
2479 2756 2764 2828 fatigantur
2793 2777 2807 2812 :
2840 2767 3040 2829 quanto
3068 2761 3187 2830 plus
3221 2761 3274 2814 in
3323 2759 3795 2816 exercitationibus

2193 2847 2580 2913 laboraverint,
2611 2860 2758 2905 tanto
2787 2852 2906 2930 plus
2955 2853 3022 2907 de
3066 2854 3284 2908 victoria
3315 2863 3550 2924 sperant.
3579 2854 3646 2908 Et
3675 2855 3749 2909 illi
3777 2895 3798 2922 ,

2193 2939 2674 3012 inquitApostolus
2697 2944 2758 3016 (I.
2789 2945 2907 3000 Cor.
2935 2945 3089 3018 9).ut
3108 2961 3362 3002 coronam
3391 2948 3797 3018 corruptibilem

2195 3045 2589 3105 consequantur
2618 3055 2632 3102 ;
2667 3051 2763 3092 nos
2802 3048 3058 3093 mternam
3115 3041 3483 3094 consecuturi.
3512 3039 3798 3095 Carcerem

491 3124 703 3178 animus
725 3120 1249 3190 circumfert,etquo
1280 3121 1410 3175 velit
1435 3118 2043 3193 transfert(Matth.,V’l)
2071 3139 2084 3176 :
2117 3144 2160 3207 ρ
2195 3125 2348 3181 nobis
2363 3141 2456 3194 pro
2476 3117 2722 3196 palatum
2746 3129 3179 3198 interpretemur,
3223 3131 3802 3203 utadstadiumLtribu-

505 3215 604 3271 Ubi
629 3225 800 3269 autem
827 3214 918 3268 erit
945 3229 1034 3268 cor
1063 3224 1224 3278 tuum,
1244 3213 1349 3266 illic
1370 3214 1463 3266 erit
1492 3221 1537 3266 et
1554 3213 1823 3267 thesaurus
1843 3223 1980 3268 tuus.
2017 3214 2090 3270 Ibi

490 3321 620 3378 ergo
646 3307 715 3361 sit
739 3319 834 3361 cor
851 3314 1118 3370 nostrum,
1149 3302 1236 3357 ubi
1258 3303 1509 3357 volumus
1533 3303 1732 3359 habere.
1757 3304 2087 3360 thesaurum.

1123 3395 1351 3452 CAPUT
1391 3395 1480 3451 ill.

490 3552 498 3560 ,
566 3491 647 3548 Sit
694 3487 772 3562 (4)
823 3503 986 3556 nunc,
1045 3487 1346 3554 benedicti,
1389 3501 1576 3542 carcer
1633 3488 1793 3541 etiam
1835 3488 2089 3543 christia-

2195 3217 2330 3272 nalis
2347 3219 2482 3273 bene
2497 3221 2766 3274 exercitati
2788 3221 3139 3278 incommodis
3151 3225 3400 3282 omnibus
3422 3225 3796 3294 producantur:

2193 3311 2316 3380 quia
2347 3312 2514 3366 virtus
2544 3312 2734 3368 duritia
2759 3317 3038 3381 extruitur,
3061 3316 3283 3371 mollitia
3303 3333 3432 3374 vero
3461 3319 3771 3375 destruitur.

2825 3408 3050 3465 CAPUT
3088 3410 3176 3466 IV.

2263 3495 2474 3554 Scimus
2516 3515 2581 3555 ex
2615 3501 2886 3558 dominico
2926 3513 3221 3574 praecepto,
3259 3505 3403 3576 quod
3431 3520 3558 3562 caro
3591 3506 3802 3565 inﬁrma

1737 3577 2030 3634 LEC'I‘ION
2036 3572 2118 3637 ES
2147 3583 2557 3647 VAIilANTES.

561 3676 630 3740 (ι)
668 3674 885 3740 Amisisti
903 3675 1025 3740 Jut_t_.

559 3732 628 3801 (2)
668 3737 956 3801 Ifroponens
974 3735 1126 3801 Fraﬂtt.
1155 3732 1318 3801 faris.

559 3791 632 3862 (5)
671 3791 830 3862 Quum
855 3809 1028 3844 manus
1052 3791 1209 3842 Sentl.

561 3805 632 3927 ἓῗῖ
668 3805 878 3927 ἕέἓὲῗέἐῗ

494 3977 501 3987 .
668 3914 1042 3987 Bespoitdemus
1065 3914 1212 3966 Seml.

586 3979 634 4050 6)
675 3979 835 4032 Labor
859 3986 936 4030 est
959 3979 1112 4029 Rhea.

2269 3678 2333 3755 (7)
2373 3680 2685 3755 Desiccantlo.
2722 3687 2872 3737 Rhen.
2916 3687 3206 3738 densitando
3230 3689 3477 3750 Lacerda,
3502 3689 3799 3755 desidendo,

2200 3740 2575 3794 veldesudando
2597 3743 2700 3797 alii.

2271 3806 2335 3878 (id)
2376 3805 2452 3878 lae.
2471 3808 2658 3878 solead
2679 3808 2798 3878 gelu
2821 3811 2976 3862 Latin.
2999 3813 3068 3862 de
3085 3811 3192 3862 sole
3216 3813 3274 3863 ad
3299 3812 3461 3875 gelum
3482 3814 3605 3864 Jun.

2376 3867 2545 3936 Finem
2564 3867 2742 3936 Itigail.

2292 3930 2372 3990 10)
2401 3930 2689 4003 ¹Βεειιθαιιξὶιιέ
2714 3959 2772 3970 -—
2793 3936 3026 3987 subituros
3044 3935 3197 3988 Riten.

1767 4067 1774 4070 ’
1853 4069 2412 4137 COMMENTARIUS.

504 4188 582 4230 cae
611 4172 838 4243 plurima
871 4167 929 4243 fit
951 4167 1161 4243 mentio
1190 4165 1240 4218 in
1288 4163 1489 4243 Notjlia
1516 4163 1735 4243 imperii.
1768 4163 1964 4220 Verum
1987 4183 2088 4243 pro

503 4236 776 4300 Caesarum
806 4239 1098 4309 cupiditate
1123 4247 1360 4292 mutatos
1381 4236 1544 4291 fuisse
1560 4239 2087 4308 magistratusnullus

505 4312 964 4389 isn°¥“.-.LF.P“-
1170 4381 1182 4389 .
1235 4379 1245 4389 .
1335 4378 1365 4389 ..
1491 4379 1502 4389 .
1715 4385 1725 4389 Α
1766 4377 1774 4387 .

576 4385 654 4459 (a)
689 4383 887 4459 _Stad_ia
925 4396 1107 4459 opaca.
1157 4378 1451 4434 Arboribus
1491 4379 1644 4448 longa
1675 4378 1923 4449 utrinque
1948 4381 2090 4436 serie

501 4453 791 4525 dispesitis.
821 4453 894 4507 LE
942 4453 1034 4506 Pa.

573 4519 653 4599 ('b)
683 4525 960 4599 Nihil_crus
990 4523 1136 4599 sentit
1160 4521 1412 4599 itinervo.
1446 4519 1649 4575 Nervus
1676 4521 2088 4599 hiclignigenus

503 4591 594 4654 est
613 4591 793 4652 multis
825 4594 1176 4649 for-.nninibus
1203 4591 1512 4646 distinctum
1535 4632 1549 4655 ,
1601 4609 1707 4661 quo
1735 4596 1945 4664 tyranni
1970 4605 2086 4648 ute-

502 4671 718 4733 bantur,
751 4678 810 4720 ut
838 4678 1104 4736 martyres
1145 4665 1507 4736 cruciarent,
1528 4663 1791 4736 cruraque
1821 4663 2088 4732 disjuncta

503 4754 559 4795 et
585 4743 762 4794 luxata
807 4733 1210 4806 frangerentur;
1245 4749 1412 4804 genus
1439 4733 1587 4806 illud
1626 4735 1870 4803 supplicii
1901 4738 2091 4803 graecis

504 4810 779 4865 nonnullis
827 4819 908 4863 est
935 4804 1094 4872 ξύλον,
1147 4807 1240 4860 sed
1295 4804 1534 4874 pluribus
1593 4807 1967 4870 vetusdorum,
2010 4816 2092 4860 est

503 4891 667 4945 κᾶ).ον,
717 4895 839 4950 qua}
890 4879 997 4950 duo
1045 4876 1299 4932 vocabula
1356 4877 1496 4950 idem
1545 4876 1862 4950 signi-licam.
1919 4879 2094 4950 Atque

501 4954 685 5008 docuit
704 4946 789 5005 uie
809 4949 1047 5018 Scaliger
1063 4951 1411 5014 ἐγκαλοσκελεῖς
1433 4946 1603 5000 dictos
1617 4946 1782 5001 fuisse
1811 4961 1933 5000 reos
1952 4948 2092 5017 apud

501 5023 875 5079 Athenienses.
900 5019 977 5074 Le
1007 5020 1101 5073 I’tt.

576 5093 788 5164 (c)Sed
805 5093 868 5144 de
897 5087 1550 5164 papilionii).Alihenanum
1594 5101 1793 5164 sequor
1841 5089 1930 5164 qui
1978 5097 2095 5144 ten-

504 5159 643 5220 toria
667 5159 905 5218 involuta
921 5159 1161 5230 expediri
1177 5160 1271 5221 ait,
1286 5173 1409 5212 cum
1430 5161 1480 5211 in
1501 5162 1692 5230 castris
1709 5159 2086 5228 extenduntur,

503 5246 560 5291 et
584 5235 831 5289 funiculis
857 5232 923 5287 ad
954 5228 1104 5302 palos
1129 5240 1286 5302 terra:
1326 5231 1458 5282 lixos
1496 5228 1930 5302 substringuntur
1957 5272 1973 5297 ,
2006 5233 2085 5285 al-

507 5299 967 5378 liganturqueane
983 5312 1144 5378 vento
1197 5299 1850 5378 disturbantecorruant.
1881 5301 1956 5355 Le
1987 5302 2084 5358 Pa.

577 5373 656 5448 (d)
684 5369 1010 5430 Teatudinent
1033 5371 1313 5448 densanda.
1343 5371 1430 5448 Sic
1477 5369 1686 5448 habent
1700 5371 1823 5448 libri
1847 5385 2081 5448 veteres:

500 5442 595 5501 alii
621 5442 751 5502 vero
783 5459 1082 5516 perperam,
1122 5442 1437 5516 desudando,
1464 5450 1555 5496 aut
1578 5442 1874 5516 desidendo.
1905 5442 2088 5498 Livius

501 5519 598 5573 lib.
616 5531 742 5572 xuv
762 5511 1076 5583 {Quadrato
1105 5514 1316 5583 agmine
1347 5511 1508 5574 facto,
1527 5515 1704 5583 scutis
1726 5529 1886 5582 super
1911 5517 2086 5583 capita

499 5589 760 5652 densatis,
791 5582 1054 5642 stantibus
1075 5582 1260 5654 primis
1283 5626 1296 5649 ,
1339 5582 1590 5639 scentidis
1624 5582 2081 5651 subtnissioribus,

501 5661 673 5728 tertiis
695 5661 865 5728 magis
894 5668 947 5712 et
969 5658 1192 5726 quartis,
1225 5657 1510 5728 postremis
1540 5656 1700 5708 etiam
1747 5670 1885 5724 genu
1917 5658 2077 5728 nixis,

499 5725 842 5797 fastigiatatn,
876 5725 1011 5782 sicut
1035 5736 1171 5781 tecta
1200 5725 1550 5780 wdiﬁciorunt
1578 5733 1723 5789 sunt,
1755 5727 2076 5782 testudinem

493 5796 775 5857 faciebam.
813 5802 1076 5864 Lucanus,
1107 5813 1160 5850 ιιι
1192 5813 1204 5850 :

2383 4175 2446 4224 Ut
2469 4182 2633 4224 tamen
2658 4175 2864 4228 hostiles
2885 4178 3041 4229 densa
3071 4178 3322 4228 testudine
3359 4191 3532 4228 muros

2379 4237 2533 4288 Tecta
2553 4239 2686 4287 subit
2712 4241 2878 4290 virtus.
2896 4267 2958 4276 -—
3216 4241 3326 4290 ιίισ.

2267 4368 2345 4441 (e)
2391 4369 2722 4426 Testudinco:
2775 4371 3055 4425 densanda.
3113 4371 3362 4426 Omnium
3417 4372 3618 4441 optima
3667 4371 3796 4428 mihi

2193 4441 2405 4496 videtur
2435 4443 2548 4497 haec
2571 4443 2784 4513 liigaltii
2810 4444 2986 4504 lectio,
3015 4443 3278 4497 densanda
3298 4484 3311 4503 .
3333 4441 3385 4496 id
3418 4446 3561 4498 enim
3594 4444 3792 4498 intelli-

2192 4513 2424 4582 gendum
2467 4528 2664 4569 censeo
2710 4514 2776 4568 de
2833 4514 3138 4568 testitudiue
3167 4525 3463 4578 scutorum,
3521 4531 3640 4582 quae
3666 4515 3800 4568 den-

2193 4585 2321 4637 satis
2383 4586 2548 4646 scutis
2599 4585 2777 4641 licbat.
2828 4583 3018 4638 Junius
3075 4585 3240 4639 habet
3286 4587 3624 4650 desudando;
3664 4585 3800 4640 forte

2195 4654 2361 4723 ipsius
2387 4671 2621 4720 sensum,
2659 4672 2760 4710 nou
2784 4658 3263 4710 contenntendum.
3299 4655 3592 4710 Rhenanus
3635 4657 3799 4709 desico

2196 4725 2380 4789 cando,
2411 4727 2502 4778 alii
2527 4727 2802 4780 desidendo
2823 4767 2838 4790 ,
2873 4727 2960 4780 alii
3003 4727 3326 4793 desudaudo,
3372 4726 3609 4782 Lacerda
3624 4729 3798 4782 demi-

2197 4797 2353 4850 tando
2381 4797 2673 4869 rescripsit.
2707 4797 2782 4850 Le
2816 4797 2912 4852 Pa.

2272 4873 2339 4944 (Γ)
2370 4873 2680 4945 Xystarcltes
2719 4875 2926 4945 spiritus
2977 4875 3540 4948 sanctusaAEleganter
3583 4886 3798 4948 xystar-

2201 4945 2335 4999 cheu
2390 4957 2543 5018 vocat
2587 4947 2831 5015 spiritum
2884 4957 3150 5018 sanctum.
3182 4945 3540 5018 iNaut‘hujus
3595 4945 3797 5004 auxilio

2201 5016 2553 5088 constantiam
2609 5029 2873 5088 martyres
2918 5017 3130 5071 debent.
3177 5017 3409 5073 Proinde
3453 5016 3623 5088 supra
3665 5021 3799 5074 dixit

2199 5087 2264 5140 de
2286 5086 2484 5156 Spiritu
2516 5099 2730 5142 sancto:
2753 5086 2808 5144 Si
2833 5089 3095 5142 enimnon
3117 5090 3389 5142 vobiscum
3414 5086 3558 5144 nunc
3574 5091 3796 5145 introis-

2197 5167 2299 5230 set,
2329 5175 2426 5212 nec
2457 5159 2761 5230 vosﬂhodie
2811 5160 2917 5213 illic
2969 5157 3222 5230 fuissetis.
3281 5157 3561 5230 Signilicat
3613 5171 3793 5216 autem

2197 5226 2522 5300 Xystarches
2550 5229 2702 5300 Xysti
2734 5231 3031 5299 praesidem.
3058 5229 3234 5300 Rusti.

2264 5301 2342 5372 (g)
2394 5299 2575 5370 Itaque
2605 5299 2847 5370 ’epistates
2885 5310 3040 5372 vester
3061 5299 3313 5355 Christus.
3350 5300 3656 5372 Epistatem
3699 5301 3787 5358 hic

2190 5371 2383 5441 accipit
2429 5388 2522 5441 pro
2559 5374 2812 5441 magistro
2837 5373 2924 5441 qui
2969 5371 3183 5426 athletis
3211 5383 3421 5441 praeest,
3456 5387 3580 5426 nam
3627 5375 3794 5429 utitur

2197 5442 2296 5515 hac
2342 5441 2652 5515 metaphora
2677 5441 3051 5515 Tertullianus.
3095 5443 3250 5512 Apud
3286 5443 3654 5504 Athenienses
3688 5445 3783 5515 qui

2192 5511 2378 5585 decem
2405 5511 2535 5567 viris
2561 5512 2754 5568 diurno
2776 5514 3008 5585 imperio,
3029 5511 3276 5585 pricet'at,
3305 5520 3570 5576 ἱπιστατης
3601 5511 3792 5585 appel-

2190 5582 2328 5656 latur
2352 5584 2726 5650 Demostheni;
2755 5585 2949 5656 alioqui
2999 5582 3051 5637 in
3089 5583 3204 5656 acie
3233 5591 3431 5656 ἐπιστάς
3457 5595 3510 5640 et
3537 5582 3796 5656 mpera,

2187 5655 2441 5726 substites
2466 5663 2519 5709 et
2543 5657 2728 5711 astitcs
2753 5655 3006 5709 dicuntur
3033 5655 3174 5726 apud
3203 5655 3502 5720 Aﬁltattum,
3527 5655 3794 5726 quemad-

2187 5725 2402 5780 modum
2442 5726 2837 5796 clegautissime
2879 5727 3037 5781 vertit
3080 5725 3582 5852 Thessalonicﬁnsis
3623 5726 3795 5786 Geta.

3481 5812 3605 5852 nea.

3481 5812 3605 5852 BEN.
