4252 6270
493 330 602 389 69.5

1776 328 1981 384 LIBER
2018 327 2111 384 AD
2148 327 2541 386 MARTYRES.

3686 336 3795 395 626

495 452 586 518 sit,
628 448 845 522 spiritus
866 454 1166 518 promptus.
1216 445 1333 500 Non
1371 459 1500 516 ergo
1534 444 1691 500 nobis
1728 442 2087 509 blandiamur,
2118 443 2173 503 A
2197 443 2917 515 atheniensis?quatconscia
2936 443 3478 515 conjurationis,cum
3502 457 3790 520 propterea

495 546 620 616 quia
676 541 931 597 Dominus
995 539 1275 595 consensit
1340 552 1558 593 carnem
1619 535 1888 591 inﬁrmam
1946 549 2085 590 esse.

497 636 788 704 Propterea
843 632 986 688 enim
1033 630 1282 702 prmdixit
1340 629 1586 700 spiritum
1646 637 1952 697 promptum
1987 625 2089 698 (I),

498 736 558 783 ut
581 725 912 791 ostemleret,
941 723 1068 794 quid
1100 723 1185 777 cui
1221 721 1416 777 debeat
1444 734 1565 775 esse
1589 712 1911 789 subjectum,
1941 717 2091 773 scili—

495 829 602 887 cet,
636 828 693 872 ut
731 832 858 872 caro
885 815 1100 871 serviat
1122 815 1354 884 spiritui,
1385 812 1649 870 inﬁrmior
1682 812 1910 878 fortiori,
1943 821 1999 867 ut
2026 812 2094 869 ab

497 926 566 967 eo
610 911 772 966 etiam
816 911 984 979 ipsam
1014 906 1092 979 (‘2)
1122 906 1487 962 fortitudinem
1513 914 1773 959 assumat.
1802 902 2091 975 Colloqua-

497 1015 584 1061 tur
608 1004 828 1075 spiritus
863 999 984 1056 cum
1011 1015 1173 1055 carne
1198 999 1265 1053 de
1302 997 1573 1053 comntuni
1608 995 1801 1062 salute,
1848 1011 1947 1051 nec
1982 995 2092 1065 jam

496 1099 565 1156 de
589 1095 957 1154 incommodis
985 1092 1254 1157 carceris,
1294 1090 1391 1147 sed
1436 1091 1555 1160 ipso
1589 1104 1762 1159 agone
1808 1097 1864 1143 et
1907 1085 2094 1158 przelio

496 1192 761 1263 cogitans.
794 1186 1028 1243 'l'nnebit
1053 1185 1278 1242 forsitan
1318 1198 1444 1238 caro
1475 1182 1712 1253 gladium
1750 1195 1993 1263 gravem,
2040 1187 2097 1235 ct

496 1298 709 1339 crucem
746 1280 1037 1345 excelsam,
1079 1287 1132 1333 et
1172 1276 1374 1332 rabiem
1404 1274 1718 1338 bestiarum,
1749 1282 1803 1328 et
1829 1258 2092 1329 summam

499 1375 696 1447 ignium
738 1386 976 1443 poenam,
1013 1379 1067 1425 et
1094 1383 1253 1424 oume
1278 1365 1545 1422 carnificis
1588 1362 1859 1434 ingenium
1889 1364 1941 1417 in
1981 1374 2093 1417 tor—

497 1469 716 1524 tnenlis.
736 1466 841 1522 Sed
869 1464 1089 1535 spiritus
1105 1469 1292 1517 contra
1319 1467 1480 1529 ponat
1504 1457 1605 1512 sibi
1635 1465 1689 1513 et
1708 1458 1877 1521 carni,
1901 1455 2095 1511 acerba

499 1560 627 1616 licet
656 1559 778 1625 ista,
820 1572 849 1610 a
878 1555 1060 1610 inultis
1093 1564 1269 1607 tamen
1308 1565 1462 1619 aequo
1491 1549 1672 1603 animo
1711 1557 1955 1618 excepta,
1990 1548 2097 1601 imo

496 1659 552 1705 ct
582 1649 724 1704 ultro
752 1646 1005 1717 appetita,
1031 1643 1186 1697 fama:
1207 1652 1260 1697 et
1284 1640 1471 1712 gloria:
1504 1653 1729 1704 caussa;
1762 1654 1861 1694 nec
1897 1655 1927 1692 a
1967 1638 2098 1693 viris

497 1750 723 1806 tantum,
739 1739 833 1795 sed
850 1739 1010 1793 etiam
1029 1751 1058 1788 a
1074 1734 1323 1800 heminis,
1343 1742 1403 1787 ut
1417 1747 1510 1788 vos
1524 1747 1756 1803 quoque,
1777 1731 2094 1799 benedictae,

2198 543 2540 604 torqueretur
2564 551 2593 589 a
2621 545 2870 608 tyranno,
2901 543 2957 591 et
2982 550 3087 590 non
3119 536 3351 606 prodidit
3377 539 3709 609 coniuratos,
3737 551 3797 596 et

2198 629 2494 685 novissime
2519 629 2753 701 linguam
2782 644 2931 685 suam
2954 639 3247 685 comestam
3276 631 3330 685 in
3359 631 3550 690 faciem
3573 632 3788 707 tyranni

2198 723 2429 791 exspuit,
2457 731 2514 776 ut
2534 722 2670 776 nihil
2700 737 2861 791 agere
2882 737 2940 777 se
2965 722 3168 778 scirent
3200 732 3489 792 tormenta,
3519 727 3621 783 etsi
3649 727 3789 783 ultra

2198 824 2626 883 perseverarent.
2685 814 2819 869 Nam
2862 813 3003 883 quod
3049 815 3130 884 (7)
3161 813 3322 870 hodie
3363 816 3504 886 apud
3544 817 3797 875 Lacedae-

2199 919 2386 959 monas
2402 904 2714 959 solemnitas
2730 903 2965 958 maxima
2993 912 3095 971 est,
3112 909 3483 975 διαμαστίγωσις
3501 905 3596 980 (e),
3616 908 3668 964 id
3689 920 3793 974 est,

2197 996 2506 1066 ﬂagellatio,
2529 1012 2634 1053 non
2664 997 2812 1052 latet.
2835 996 2893 1051 in
2924 1012 3030 1067 quo
3055 1012 3230 1061 sacro,
3258 1008 3385 1055 ante
3407 1015 3556 1055 aram
3585 1001 3796 1058 nobiles

2196 1089 2395 1159 quique
2422 1088 2811 1152 adolescentes,
2856 1088 3081 1159 ﬂagellis
3125 1088 3456 1161 afﬂiguntur,
3495 1093 3796 1149 astantibus

2197 1181 2508 1253 parentibus
2535 1190 2590 1237 et
2611 1181 2944 1252 prOpittquis,
2969 1188 3024 1236 et
3050 1181 3122 1235 uti
3145 1191 3489 1251 perseverent
3504 1182 3797 1239 adhortan-

2200 1275 2358 1329 tibus.
2386 1273 2772 1329 Ornantentum
2796 1273 2937 1327 enim
2968 1283 3021 1329 et
3041 1272 3211 1343 gloria
3233 1272 3576 1345 deputabitur
3591 1275 3798 1347 majore

2199 1366 2413 1437 quidem
2442 1365 2617 1430 titulo,
2645 1364 2691 1420 si
2722 1365 2898 1419 anima
2926 1366 3103 1434 potius
3139 1366 3365 1420 cesserit
3398 1366 3590 1438 plagis,
3635 1382 3797 1438 quam

2199 1472 2415 1528 corpus.
2447 1457 2639 1528 Igitur,
2665 1457 2711 1512 si
2734 1464 2939 1512 tantum
2971 1465 3199 1512 terrena:
3223 1457 3408 1528 gloriae
3436 1458 3564 1515 licet
3591 1459 3659 1515 de
3678 1474 3801 1515 cor-

2202 1549 2348 1618 poris
2377 1558 2431 1603 et
2459 1548 2621 1602 animi
2656 1548 2857 1618 vigore,
2901 1557 2959 1603 ut
3003 1548 3264 1618 gladium,
3312 1549 3512 1620 ignem,
3556 1566 3773 1607 crucem

2203 1639 2436 1707 bestias,
2483 1649 2745 1694 tormenta
2792 1647 3180 1706 contemnant,
3221 1639 3322 1694 sub
3360 1641 3583 1710 praemio
3624 1640 3800 1697 laudis

2203 1732 2470 1798 humanae,
2494 1747 2713 1803 possum
2740 1732 2941 1798 dicere,
2967 1731 3190 1786 modica:
3220 1741 3345 1787 sunt
3370 1733 3489 1787 ista:
3519 1734 3801 1804 passiones

493 1831 647 1888 sexui
679 1838 860 1886 vestro
890 1825 1283 1897 respondeatis.
1308 1823 1549 1894 Longum
1572 1831 1676 1890 est,
1708 1823 1753 1877 si
1782 1837 2095 1879 enumerem
2126 1804 2176 1864 Β
2204 1825 2269 1880 ad
2299 1824 2730 1881 consecutionem
2752 1824 2937 1893 gloria:
2957 1821 3195 1879 caelestis
3219 1831 3275 1877 et
3294 1822 3489 1877 divinae
3510 1824 3800 1880 mercedis.

495 1923 759 1996 singulos,
779 1923 867 1994 qui
887 1938 947 1979 se
963 1921 1141 1993 gladio
1155 1917 1507 1985 confecerint,
1522 1918 1702 1973 animo
1719 1932 1818 1972 suo
1832 1917 1976 1973 ducti
1994 1919 2095 1989 (α).

496 2017 573 2073 De
596 2014 834 2079 ,f'mminis
880 2013 949 2069 ad
989 2028 1204 2067 manum
1232 2019 1316 2067 est
1344 2010 1612 2077 Lucretia,
1651 2024 1772 2080 quae
1792 2009 1899 2064 vim
1930 2011 2100 2080 stupri

497 2126 674 2183 passa,
687 2109 919 2165 cultrum
942 2106 1042 2162 sibi
1060 2105 1236 2176 adegit
1262 2105 1315 2159 iu
1336 2110 1627 2174 conspectu
1655 2103 2097 2173 propinquorum,

499 2215 557 2258 ut
605 2204 825 2275 gloriam
879 2194 1111 2256 castitati
1171 2212 1284 2252 sua:
1332 2204 1545 2267 pareret
1597 2193 1697 2265 (ὁ),
1739 2193 1933 2248 Mutius
1981 2193 2092 2267 (ο),

501 2310 715 2350 manum
732 2308 882 2349 suam
901 2291 1179 2347 dexteram
1208 2290 1260 2344 itt
1281 2303 1372 2343 ara
1388 2287 1671 2353 cremavit,
1699 2295 1755 2341 ut
1771 2285 1875 2340 hoc
1901 2285 2097 2340 factum

502 2389 619 2458 ejus
648 2386 782 2441 fama
810 2385 1050 2441 haberet.
1078 2380 1250 2437 Minus
1278 2380 1521 2435 fecerunt
1543 2376 1847 2449 philosophi
1878 2396 1891 2431 :
1926 2379 2098 2432 Hera-

500 2480 655 2536 clitus
691 2478 801 2551 (Δ),
849 2476 937 2548 qui
973 2491 1034 2532 se
1082 2473 1283 2530 bubulo
1323 2480 1563 2527 stercore
1602 2470 1827 2526 oblitum
1869 2469 2093 2535 exussit;

500 2573 631 2628 item
664 2568 1037 2640 Empedocles,
1075 2565 1168 2637 qui
1198 2565 1250 2619 in
1281 2565 1430 2634 ignes
1469 2561 1665 2617 fEtuaei
1706 2560 1905 2616 montis
1933 2560 2094 2615 dissi-

496 2666 643 2732 livit;
675 2674 731 2719 et
767 2654 1111 2739 Peregrinus,
1157 2658 1383 2729 quinm
1410 2655 1541 2733 olim
1579 2669 1637 2717 se
1664 2653 2048 2728 rogofintmisit
2078 2669 2092 2707 :

494 2773 616 2815 cum
646 2756 879 2814 {minime
906 2768 1117 2826 quoque
1146 2750 1571 2822 contempserint
1600 2749 1749 2817 ignes
1780 2767 1793 2803 :
1831 2746 1963 2802 Dido
1991 2745 2094 2821 (5),

494 2867 563 2907 ne
591 2859 708 2920 post
732 2850 906 2905 virum
943 2844 1349 2902 dilectissimum
1378 2842 1582 2897 nubere
1616 2851 1902 2911 cogeretur
1926 2857 1941 2906 ;
1969 2842 2095 2897 item

2205 1918 2264 1974 Si
2292 1919 2420 1973 tanti
2461 1917 2655 1972 vitrum
2702 1917 2720 1986 (
2743 1920 2772 1987 f
2789 1914 2807 1987 )
2840 1916 2864 1970 ?
2906 1915 3086 1989 quanti
3129 1913 3210 1986 (8)
3249 1913 3636 1985 margaritum?
3671 1915 3803 1982 Quis

2204 2027 2331 2082 ergo
2350 2026 2453 2065 non
2477 2010 2832 2066 libentissime
2856 2018 3060 2065 tantum
3087 2023 3184 2080 pro
3199 2023 3327 2064 vero
3345 2007 3793 2081 habeaterogare,

2204 2112 2461 2175 quantum
2491 2102 2581 2158 alii
2612 2116 2710 2175 pro
2732 2100 2907 2157 falso?

2832 2192 3057 2249 CAPUT
3097 2191 3165 2247 V.

2277 2286 2478 2344 Omitto
2518 2300 2663 2341 nunc
2700 2285 2887 2357 gloriae
2911 2300 3153 2340 causam.
3203 2282 3406 2340 Eadem
3433 2282 3613 2338 omnia
3642 2283 3801 2339 saevi-

2205 2382 2293 2435 tiae
2327 2389 2383 2435 et
2420 2378 2686 2435 cruciatus
2728 2378 3044 2444 certamina,
3084 2376 3196 2447 jam
3236 2375 3379 2446 apud
3430 2374 3678 2432 homines
3724 2374 3803 2430 af-

2202 2471 2418 2528 fectatio
2466 2470 2544 2541 (g)
2587 2485 2801 2541 quoque
2839 2479 2894 2524 et
2940 2469 3159 2524 morbus
3199 2467 3419 2539 quidam
3461 2466 3626 2523 animi
3665 2481 3802 2523 con-

2202 2562 2455 2618 culcavit.
2503 2560 2645 2629 Quot
2692 2561 2906 2637 otiosos.
2939 2558 3207 2614 aﬂ‘cctatio
3253 2573 3529 2617 armorum
3569 2557 3637 2613 ad
3680 2558 3799 2629 gla-

2202 2656 2349 2711 dium
2407 2655 2484 2727 (9)
2535 2654 2710 2709 locat?
2740 2654 2899 2709 Certe
2926 2652 2995 2707 ad
3033 2653 3171 2707 feras
3194 2651 3338 2722 ipsas
3367 2650 3650 2707 affectione
3675 2650 3803 2707 des-
3856 2672 3925 2695 λιι

2201 2746 2437 2802 cendunt
2458 2753 2513 2800 et
2539 2744 2607 2800 de
2626 2744 2896 2800 morsibus
2912 2751 2968 2798 et
2993 2742 3061 2798 de
3086 2741 3428 2798 cicatricibus
3452 2740 3800 2797 formosiores

2200 2838 2301 2895 sibi
2322 2838 2587 2893 videntur.
2616 2835 2733 2891 Jam
2761 2845 2811 2891 et
2833 2834 2898 2890 ad
2917 2836 3069 2906 ignes
3091 2833 3305 2904 quidam
3324 2848 3381 2888 se
3398 2840 3793 2900 autoraverunt,

496 2959 657 3013 quum
688 2937 1005 3009 Asdrubalis
1032 2952 1186 3003 uxor,
1228 2950 1349 3006 qua:
1373 2938 1482 3003 jam
1513 2932 1739 2988 ardente
1767 2931 2101 3002 Carthagine
2202 2941 2260 2987 ut
2285 2940 2489 2986 certum
2520 2929 2751 2998 spatium
2782 2930 2833 2982 in
2872 2928 3049 2982 tunica
3093 2925 3316 2980 ardente
3344 2922 3422 2996 (h)
3452 2922 3796 2981 conficerent.

493 3036 742 3092 maritum
767 3046 921 3087 suum
948 3029 1251 3114 supplicem
1278 3026 1548 3099 Scipionis
1576 3025 1801 3088 videret,
1833 3039 1954 3093 cum
1980 3023 2101 3079 filiis

494 3130 605 3184 suis
634 3127 689 3182 in
716 3108 1236 3193 incendiumgpatrite
1262 3118 1550 3175 devolavit.
1585 3115 1962 3187 Regulus,dux
1991 3115 2100 3171 llo-
2133 3160 2176 3193 ρ
2212 3115 2697 3183 inambulaverunt.
2747 3112 2906 3178 Haec,
2968 3109 3267 3173 benedicti,
3301 3123 3407 3163 non
3459 3108 3576 3162 sine
3616 3120 3805 3162 caussa

495 3233 797 3283 manorum,
823 3226 1011 3287 captus
1054 3228 1083 3267 a
1108 3208 1640 3282 Carthaginiensibus
1666 3249 1681 3275 ,
1709 3222 1829 3262 cum
1856 3221 1915 3262 se
1942 3222 2105 3262 unum
2133 3194 2177 3223 υ
2211 3206 2469 3261 Dominus
2491 3205 2542 3258 in
2564 3203 2804 3259 seculum
2831 3200 3072 3265 admisit;
3100 3199 3193 3254 sed
3221 3198 3287 3252 ad
3318 3212 3415 3252 nos
3436 3205 3492 3252 et
3519 3211 3660 3251 nunc
3682 3194 3804 3269 (10)

2203 3024 2307 3080 Alii
2346 3024 2486 3078 inter
2514 3036 2829 3077 venatorum
2861 3029 3076 3074 taureas
3117 3018 3351 3088 scapulis
3400 3015 3805 3089 patientissimis
3906 3062 3911 3065 .

497 3328 596 3385 pro
619 3310 799 3367 multis
823 3307 1048 3379 captivis
1071 3288 1601 3375 Carthaginiensibus
1631 3299 1968 3370 compensari
2005 3313 2105 3355 no—

501 3404 710 3474 luisset,
746 3401 934 3456 maluit
961 3398 1209 3455 hostibus
1233 3394 1385 3451 reddi
1405 3402 1461 3450 et
1494 3394 1547 3449 in
1576 3407 1715 3449 arca:
1751 3407 1920 3463 genus
1936 3392 2108 3461 stipa-

508 3508 594 3554 tus
646 3495 877 3567 undique
901 3493 1241 3550 extrinsecus
1265 3488 1433 3545 clavis
1459 3485 1747 3542 transﬁxus
1767 3527 1783 3552 ,
1812 3493 1891 3540 tot
1918 3498 2107 3540 cruces

501 3590 700 3646 sensit.
736 3587 941 3643 Bestias
991 3583 1212 3640 fmunina
1265 3582 1439 3637 libens
1493 3579 1761 3651 appetiit,
1821 3588 1874 3633 et
1926 3578 2106 3648 utique

498 3685 734 3757 aSpides,
767 3689 1047 3753 serpentes
1086 3688 1239 3734 tauro
1284 3675 1367 3732 vel
1408 3689 1549 3743 urso
1582 3672 1937 3737 horridiores,
1971 3686 2105 3742 quas

498 3778 783 3855 Cleopatra
811 3773 1035 3829 immisit
1063 3772 1187 3837 sibi,
1211 3785 1282 3826 ne
1308 3768 1363 3824 in
1391 3781 1584 3823 manus
1614 3766 1814 3822 inimici
1858 3766 2105 3836 perveni-

499 3880 601 3927 ret.
642 3867 748 3925 Sed
793 3866 982 3922 mortis
1022 3871 1198 3919 metus
1226 3876 1344 3917 .uon
1378 3867 1560 3915 tantus
1599 3867 1704 3927 est,
1734 3867 1967 3928 quantus
1998 3867 2107 3913 tor-

503 3972 807 4020 mentorum
840 3957 1157 4037 (5).‘ltaque
1187 3996 1201 4022 ,
1252 3953 1416 4009 cessit
1456 3950 1694 4008 carniﬁci
1727 3948 1806 4022 (6)
1852 3952 2106 4006 meretrix

2210 3294 2596 3360 exhortandos,
2627 3301 2682 3350 et
2720 3294 2772 3347 in
2800 3291 2895 3347 illo
2922 3290 3009 3345 die
3028 3287 3456 3355 confundendos,
3482 3287 3528 3343 si
3553 3285 3806 3342 reformi-

2213 3390 2516 3447 daverimus
2568 3388 2674 3460 pati
2725 3401 2824 3459 pro
2867 3372 3092 3442 veritate
3138 3385 3191 3439 in
3232 3382 3459 3439 salutem
3488 3424 3504 3451 ,
3556 3397 3676 3452 quae
3716 3381 3810 3436 alii

2208 3486 2592 3544 aﬂ'ectavcrunt
2616 3497 2714 3555 pro
2733 3483 2965 3537 vanitate
2991 3479 3043 3533 in
3072 3476 3447 3548 perditionem.

2405 3587 2408 3590 ’
2808 3568 3039 3628 CAPUT
3077 3570 3170 3626 Vl.

2279 3670 2385 3728 Sed
2426 3670 2543 3726 haec
2577 3666 2825 3738 exempla
2864 3663 3180 3721 constantiae
3209 3662 3524 3717 omittamus
3560 3658 3629 3716 de
3671 3658 3804 3716 affe-

2208 3765 2443 3823 ctatione
2480 3762 2765 3820 venientis.
2798 3759 3189 3816 Convertamur
3236 3755 3303 3810 ad
3339 3755 3511 3826 ipsam
3542 3751 3807 3809 conditio-

2210 3862 2295 3915 nis
2340 3859 2587 3914 humanae
2635 3852 3178 3923 contemplationem,
3227 3857 3285 3905 ut
3328 3858 3382 3905 et
3426 3848 3514 3903 illa
3557 3862 3656 3904 nos
3694 3847 3807 3902 ins-

2211 3958 2410 4017 truant,
2438 3950 2483 4005 si
2508 3953 2612 4020 qua
2638 3954 2950 4004 constanter
2975 3941 3222 3999 adeunda
3252 3940 3378 4007 sint,
3408 3953 3529 4011 qua:
3551 3946 3607 3993 et
3625 3936 3811 3993 invitis

1716 4042 2094 4103 LECTIONES
2129 4042 2540 4101 VARIANTES.

595 4151 635 4205 ll
674 4148 799 4200 Esse
819 4146 959 4198 addit
983 4145 1195 4205 Frmteq.

567 4152 640 4276 (li
674 4152 799 4200 Esse
819 4152 959 4198 addit
983 4152 1195 4216 Frmteq.
1233 4203 1242 4213 υ

567 4213 619 4276 (2
676 4212 783 4276 ipsa
808 4212 959 4276 Fran.
984 4208 1153 4258 Paris.
1180 4208 1291 4267 Rtg.

590 4224 643 4325 ἐξ

569 4333 640 4399 (4)
665 4337 823 4396 Quum
866 4333 995 4383 abest
1019 4339 1151 4381 Pam.

570 4383 901 4465 ξῖἦίῦἶιδιιιυε
944 4389 1341 4465 ιοτιῐξεξιιξίοηβοη
1364 4390 1531 4452 itaque
1555 4385 1709 4438 cess“
1731 4383 1965 4445 ammon
2006 4393 2103 4437 θ’θ’

506 4449 638 4516 Ιιὺὶί
650 4449 816 4523 itaque
833 4471 928 4508 nec
949 4457 1099 4508 cessit
1122 4449 1278 4505 Latin.

2294 4136 2346 4197 6)
2371 4133 2619 4188 Cornicis
2640 4129 2792 4184 Seml.
2854 4128 2862 4137 '

2294 4136 2346 4197 6)
2371 4136 2619 4188 Cornicis
2640 4136 2792 4184 Semt.
2856 4136 2861 4137 '

2294 4199 2322 4248 7
2381 4198 2504 4257 Quae
2526 4197 2685 4247 Fran.
3240 4214 3252 4225 -

2292 4263 2324 4311 8
2377 4259 2523 4310 Tanti
2545 4255 2793 4308 vitreum?
2812 4253 2982 4316 quanti
3016 4263 3189 4302 verum
3211 4251 3529 4313 margaritum
3555 4245 3710 4299 Rhea.

2293 4324 2325 4435 Si)
2378 4323 2764 4435 F'itrtasseaéocat
2785 4317 2908 4365 Jun.

2271 4394 2285 4436 t
2359 4386 2369 4436 l
2438 4384 2549 4433 ‘unc

2293 4317 2345 4372 9i
2378 4323 2607 4371 Fortasse
2626 4324 2764 4368 vocat
2785 4317 2908 4365 Jun.

2271 4378 2369 4449 (10)
2411 4384 2549 4435 Tunc

1861 4517 2423 4586 COMMENTARIUS.

1861 4527 2311 4586 COMMENTARI
2408 4567 2423 4583 .

583 4643 659 4713 (τι)
688 4642 871 4696 Animo
899 4653 995 4713 ευρ
1021 4634 1181 4713 «tudio
1209 4628 1515 4686 ι’τσεειπθε
1548 4633 1919 4713 "aerari?
1936 4638 2109 4713 δῑθεξιε
2132 4624 2188 4684 ι)
2226 4704 2265 4713 Α.
2284 4527 2901 4713 (acerrimi!
2921 4613 3317 4713 εξξίτξτθείιαιίο·
3360 4611 3526 4682 “ui”
3564 4612 3814 4670 πιεηιίηίι

512 4694 804 4769 ηοῖινίιέὗὸι
849 4709 998 4779 sequi
1021 4706 1242 4779 ductum
1286 4715 1467 4765 suum,
1511 4696 1605 4779 sed
1628 4696 1721 4750 Dei
1751 4694 2110 4779 :.nonse'in-

513 4765 798 4847 terfic—e're,
828 4765 1077 4837 sed'tunc
1120 4774 1317 4847 cadere
1347 4784 1469 4823 cum
1514 4769 1653 4822 Deus
1668 4765 1945 4847 “voluerit.
1979 4766 2112 4847 Lac.

586 4834 999 4926 (tl-)Ylft'gloriam
1032 4845 1256 4926 castitati
1276 4855 1385 4923 sua:
1415 4834 1905 4926 pareretg‘N-on‘fuit
1955 4835 2117 4926 pudi:

514 4908 666 4982 cilia;
702 4908 908 4980 caritas
939 4962 954 4983 ,
1005 4918 1101 4974 sed
1155 4913 1375 4988 pudoris
1415 4908 1735 4965 inﬁrmitas.
1784 4908 2120 4977 Augustinus

515 4998 611 5054 lib.
637 4998 707 5051 de
731 4995 850 5050 Civ.
879 4992 995 5048 Dei.
1031 4990 1149 5044 ille.

588 5048 703 5140 (ei
735 5048 964 5140 uirilius
991 5061 1259 5140 dexteram
1315 5070 1481 5140 suam.
1532 5049 1910 5140 Proculdubiol
1955 5048 2126 5104 sentit

516 5120 888 5195 Tei'tu'lliantts
918 5132 1144 5189 Matium
1173 5141 1236 5181 ex
1266 5141 1333 5182 eo
1360 5124 1580 5179 vulnere
1604 5131 1857 5195 crematae
1880 5120 2125 5195 dexterae

516 5190 763 5264 animum
781 5190 1051 5265 amisisse,
1078 5197 1221 5271 quod
1265 5196 1317 5251 in
1369 5196 1580 5251 nemine
1630 5193 1951 5271 scriptorum
1993 5190 2118 5271 vidi.

518 5261 859 5336 Dor—fitenim
889 5279 941 5331 in
985 5261 1242 5338 catalogo
1298 5282 1486 5323 eorum
1514 5306 1531 5332 ,
1592 5264 1683 5334 qui
1723 5279 1783 5319 se
1820 5261 2121 5317 voluntaria

517 5362 693 5407 morte
717 5346 1071 5405 confecerint.
1112 5341 1242 5396 Lac.

591 5402 1012 5493 lii—)‘Heracvlitas.
1059 5414 1127 5475 ls,
1158 5411 1236 5493 uti
1284 5407 1564 5493 annotavit
1603 5404 1805 5488 Rhein,
1845 5402 2124 5493 laborabat

520 5473 740 5549 morboﬁ
760 5473 914 5559 aqua:
943 5473 1244 5546 intercutis,
1280 5490 1331 5559 et
1361 5493 1481 5534 cum
1502 5478 1747 5559 obscuris
1776 5473 2122 5558 sermonibus

518 5547 766 5621 assuetus
803 5547 1001 5624 homo,
1057 5551 1405 5626 quaerendum
1456 5565 1487 5601 c
1542 5547 1763 5603 medicis
1811 5547 2102 5626 iussisset_,

519 5618 735 5692 num'ex
762 5634 951 5688 imbre-
976 5618 1270 5683 siccitatem
1300 5621 1475 5692 facere
1501 5629 1760 5692 ptssent;
1789 5627 1843 5671 et
1885 5618 1952 5692 ab
1999 5618 2106 5692 illis

523 5687 734 5763 ludi—sei
754 5701 1066 5773 nutantibus
1084 5697 1274 5773 fuisset
1308 5687 1602 5773 neglectus,
1640 5688 1852 5773 tandem
1883 5687 2106 5773 ipsesi:

516 5758 918 5831 iii—subvenire
982 5769 1206 5832 volens,
1260 5758 1470 5817 bubulis
1524 5759 1884 5832 excrementis
1933 5758 2103 5832 oblini

523 5862 719 5920 corpus
739 5860 892 5904 suum
915 5842 1154 5902 inﬂatum
1184 5835 1326 5898 fecit.
1357 5832 1453 5890 Est
1491 5832 1629 5905 apud
1655 5831 1943 5889 Laertium.
1969 5831 2104 5886 Ρη.

2217 4704 2272 4751 et
2292 4686 2354 4748 iu
2372 4686 2597 4761 Apo'log.
2616 4692 2715 4746 sub
2740 4690 2923 4745 ﬁnem.
2958 4686 3128 4761 Busa.

2292 4764 2359 4837 (f)
2389 4753 2783 4837 Tantivvitrym,
2807 4758 2982 4837 quanti
2998 4754 3354 4837 margaritum?
3378 4753 3575 4809 Forma
3601 4753 3801 4825 adagii.

2223 4827 2541 4905 l'lieronym.
2573 4827 2865 4905 adLmtain
2891 4846 2904 4881 :
2938 4828 2982 4905 si
3010 4831 3136 4905 tanti
3155 4827 3361 4905 uiuunt,
3391 4840 3548 4905 quare
3575 4840 3819 4905 non-ma-

2216 4909 2351 4979 joris
2402 4895 2550 4979 pretii
2590 4904 2674 4979 _sit
2731 4896 3113 4979 margaritum?
3166 4896 3232 4979 _Et
3279 4895 3357 4979 ad.
3403 4895 3818 4979 Demetriadem.

2228 4966 2411 5034 adhuc
2428 4977 2495 5030 ad
2516 4974 2809 5031 Salvinam.
2847 4966 3086 5025 Sumitur
3114 4968 3180 5023 ad
3220 4966 3588 5037 explicandam
3618 4967 3822 5037 ingen—

2231 5060 2340 5105 tem
2371 5062 2555 5102 rerum
2611 5041 3027 5113 inmqualitatem
3079 5049 3142 5113 et
3178 5036 3516 5113 distantiam.
3549 5036 3824 5113 Numquis

2232 5127 2512 5189 comparat
2539 5107 3209 5189 vitrum'cunrrnargarim
3227 5150 3243 5171 ,
3272 5109 3374 5189 nisi
3390 5122 3604 5189 “amens
3627 5108 3650 5161 ’ἒ
3688 5107 3823 5189 Lac.

2307 5177 2384 5261 (g')
2421 5177 3124 5261 ApudItontinesaﬂectaiio.
3154 5179 3363 5261 ngab
3390 5178 3632 5261 Ethnicis
3661 5177 3823 5247 paulo

2227 5249 2527 5333 religiosius
2558 5258 2673 5333 ﬁeri
2701 5249 3038 5333 videbantur,
3078 5266 3141 5333 ea
3190 5249 3547 5333 aflecﬂtationh
3574 5259 3829 5333 tanquam

2226 5320 2417 5390 morbo
2459 5330 2669 5385 cuidam
2695 5325 3085 5387 tribucbantur,
3127 5322 3199 5376 ita
3240 5330 3297 5374 ut
3319 5323 3497 5376 ﬁctum
3529 5320 3824 5389 iudicetur,
3868 5383 3877 5391 _

2225 5413 2276 5459 et
2307 5413 2516 5458 tantum
2543 5400 2610 5454 ad
2654 5396 3086 5454 ostentationem.
3120 5407 3229 5446 non
3257 5406 3384 5447 vera
3413 5392 3603 5445 virtus.
3650 5390 3780 5445 Lac.

2297 5474 2376 5543 (fr)
2419 5472 2485 5525 In
2530 5470 2699 5525 tunica
2771 5465 2998 5543 ardente.
3052 5463 3260 5543 Tunica
3305 5463 3393 5517 illa
3435 5471 3551 5543 erat
3601 5461 3722 5543 pice
3766 5466 3825 5515 et

2223 5534 2483 5600 bitumine
2505 5544 2657 5608 illita,
2690 5555 2793 5610 qua
2815 5537 3171 5610 induebamur
3195 5536 3323 5610 olim
3338 5534 3510 5610 sancti
3539 5547 3590 5586 ιη
3608 5542 3820 5610 artyres

2210 5626 2507 5686 antequam
2547 5615 2598 5668 iu
2643 5602 2833 5686 iiguem
2878 5605 3287 5686 projicerentur.
3319 5603 3554 5686 ,Ταιιίαῇ
3582 5602 3823 5686 "dieitur

2210 5672 2436 5744 molesta
2459 5672 2704 5749 Martiali:
2725 5672 2898 5752 epigr'.
2921 5672 3109 5734 25.!ib.
3142 5678 3209 5733 10
3235 5687 3290 5732 et
3311 5674 3559 5732 Juvenali
3582 5674 3711 5731 Sat.
3740 5672 3801 5727 8.

2394 5848 2408 5862 .
2435 5846 2449 5862 .
2480 5849 2491 5863 .
2513 5810 2653 5874 Quod
2676 5809 2823 5861 liceat
2844 5806 3008 5859 tunica
3029 5805 3206 5871 punire
3229 5802 3454 5856 molesta.
3521 5797 3633 5851 Rm.
