4252 6264
438 334 544 394 6'27
645 366 658 378 -

1845 316 2307 386 TERTULLIANI

3634 327 3740 388 628

438 450 661 506 evenire
686 454 1099 506 consueverunt.
1132 443 1392 513 Quotiens
1436 445 1583 502 enim
1612 443 1857 500 incendia
1886 444 2035 499 vivos
2060 450 2111 507 Α
2140 445 2242 516 pati
2277 451 2471 515 potest,
2503 444 2646 515 quod
2677 444 2727 498 in
2764 459 2956 500 caussa
2989 445 3082 501 Dei
3118 444 3226 516 pali
3248 445 3478 502 dubitat.
3526 446 3611 502 Ad
3642 446 3746 505 hoc

437 551 815 601 armaverunt
837 538 942 612 (a)!
976 539 1227 609 quotiens
1252 537 1381 595 ferte
1409 547 1463 593 et
1491 538 1544 593 in
1570 537 1719 593 silvis
1762 541 1873 592 suis
1905 548 1958 593 et
1985 539 2036 592 in

439 636 635 693 mediis
657 632 958 690 civitatibus
978 631 1174 699 elapsae
1198 629 1377 685 caveis
1418 627 1514 702 (b),
1548 628 1792 684 homines
1813 628 2039 685 devora-

435 727 670 785 verum:
707 730 838 794 quot
877 728 907 776 a
952 721 1248 777 latronibus
1290 720 1455 787 feiro,
1508 722 1576 776 ab
1601 719 1844 776 hostibus
1872 721 2034 776 etiam

438 822 599 874 cruce
616 814 843 871 eum
872 820 992 868 sunt
1019 855 1032 876 ,
1065 812 1191 867 torti
1223 812 1391 883 prius,
1432 812 1543 866 imo
1566 820 1623 867 et
1668 811 1815 866 omni
1846 823 2036 867 contu-

444 898 601 964 meris
625 902 878 975 superasti
903 900 983 975 (ε)
1010 901 1215 958 lNemo
1259 916 1364 957 non
1392 902 1550 957 etiam
1578 900 1809 956 hominis
1843 915 2033 956 caussa

2141 535 2357 607 quidem
2383 536 2467 592 vel
2498 536 2779 603 prmsentia
2808 536 2962 592 nobis
2993 546 3229 607 tempora
3261 537 3583 594 documenta
3613 539 3744 605 sint,

2139 636 2350 699 quanta:
2383 627 2676 699 qualesque
2706 642 2951 701 personae
2978 627 3330 699 inopinatos,
3371 629 3653 697 natalibus,
3686 640 3742 688 et

2139 717 2506 789 dignitatibus,
2549 726 2603 773 et
2643 718 2977 788 corporibus,
3018 727 3070 774 et
3114 720 3363 774 aetatibus
3404 720 3536 785 suis,
3564 722 3744 777 exitus

2142 808 2402 875 referunt,
2432 808 2665 865 hominis
2690 820 2881 863 cauSSa
2911 826 2924 863 :
2960 818 3050 864 aut
3079 808 3148 863 ab
3179 810 3315 880 ipso,
3342 810 3386 864 si
3409 818 3592 866 contra
3620 826 3747 865 eum

2143 901 2370 957 fecerint
2398 919 2410 956 :
2444 910 2535 956 aut
2559 899 2627 956 ab
2652 898 2974 956 adversariis
3001 898 3139 972 ejus,
3182 902 3227 956 si
3260 917 3355 973 pro
3382 917 3448 958 eo
3475 902 3750 959 steterint.

1788 993 2349 1071 COMMENTARIUS.

515 1135 592 1262 (θ’)
626 1132 835 1203 Quoties
865 1130 997 1186 enim
1015 1130 1249 1186 incendia
1272 1129 1409 1183 vivos
1424 1136 1785 1209 cremaverunt.
1846 1126 2038 1182 Omisit

515 1220 755 1262 morum
818 1201 1171 1262 quorumdam
1220 1201 1559 1255 acutissimos
1621 1207 1934 1262 crueiatus,
1985 1206 2038 1254 et

444 1198 755 1265 morborum
818 1201 1559 1273 quorumdamracutissimos
1621 1198 1934 1273 cruciatus,
1985 1206 2040 1254 et

445 1279 693 1342 febrium,
728 1269 950 1345 quarum
993 1272 1238 1345 incendia
1279 1273 1591 1345 plerumque
1619 1269 1913 1345 tyrannicis
1954 1279 2035 1324 te-

444 1351 636 1412 triora,
680 1340 831 1402 certe
884 1344 1215 1399 diuturniora
1261 1340 1289 1409 ;'
1324 1341 1466 1410 quod
1510 1340 1796 1411 eleganter
1844 1340 2037 1394 obser-

445 1421 590 1475 vavit
614 1419 681 1473 ad
713 1417 1012 1488 EpiCtetutn
1036 1430 1189 1469 suum
1231 1414 1513 1476 Arrianus,
1539 1413 1629 1467 lib.
1664 1412 1725 1488 ll
1758 1429 1770 1465 :
1802 1415 2041 1488 Οὒδέποτε

448 1494 595 1552 sitae};
621 1485 837 1559 τὺρανρᾳς
861 1494 914 1559 εξ
943 1495 1066 1559 μηδ’(
1085 1491 1634 1559 τιναᾼέᾳραξεηπυρετός
1657 1487 1707 1535 δὲ
1733 1485 1817 1559 uti
1843 1488 2041 1551 ἑνιιιυτῲ

444 1553 697 1621 πολλάκιςζ
764 1553 964 1612 ibidem
1021 1557 1094 1610 ait
1154 1553 1282 1610 nihil
1349 1553 1554 1609 referre
1613 1567 1716 1622 qua
1769 1553 1853 1606 via
1914 1567 2040 1620 per-

446 1634 695 1688 veniatur
725 1630 791 1683 ad
843 1638 1091 1683 mortem.
1123 1626 1253 1685 lmo.
1292 1627 1337 1680 si
1389 1638 1576 1678 verum
1606 1632 1869 1689 amamus,
1923 1634 2038 1679 eam

444 1718 574 1760 esse
599 1702 921 1757 breviorem.
951 1713 1054 1761 qua
1090 1697 1212 1751 duci
1238 1696 1388 1766 jubet
1417 1706 1703 1766 tyrannus.
1724 1693 1846 1750 th.

518 1756 599 1846 ib)
618 1756 684 1827 Et
705 1774 757 1825 in
773 1756 951 1824 mediis
959 1756 1624 1837 civitatibits-elapsaecaveis.
1648 1765 1742 1820 llic
1756 1764 1903 1820 venit
1915 1764 2046 1819 mihi
2074 1756 2121 1816 B

2142 1128 2196 1201 in
2226 1136 2461 1201 mentem
2489 1126 2715 1182 duarum
2744 1142 3029 1201 saevarum
3075 1144 3348 1196 ursarum,
3374 1142 3523 1201 ‘quas
3548 1129 3749 1187 Valen.

2143 1198 2376 1255 tinianus
2408 1201 2683 1272 Augustus
2711 1199 2911 1272 alebat,
2938 1215 3119 1254 carum
3168 1215 3361 1272 caveas
3407 1198 3557 1272 juxta
3588 1203 3751 1258 cubi-

2141 1271 2320 1325 culum
2365 1284 2518 1325 suum
2572 1271 2749 1324 locare
2791 1270 3001 1324 solitus.
3033 1271 3203 1325 Alteri
3238 1270 3617 1328 Mica—aureae
3648 1290 3750 1328 nu-

2143 1356 2265 1395 men
2313 1351 2461 1408 erat,
2497 1340 2651 1395 alteri
2698 1340 3044 1397 Innocentiae.
3094 1342 3287 1397 Multos
3339 1344 3443 1398 illa:
3496 1346 3753 1401 mortales

2143 1411 2434 1487 laniarunt,
2467 1412 2677 1487 ridente
2705 1422 2760 1487 et
2799 1413 3156 1487 hacﬂsmvitia‘
3194 1414 3460 1487 delectam
3489 1415 3748 1487 principe.

2145 1486 2345 1537 Auctor
2369 1484 2681 1537 Ammianus
2712 1483 2947 1538 Marcell.
2980 1484 3072 1538 lib.
3097 1484 3184 1539 59.
3218 1485 3393 1539 RusN.

2219 1553 2297 1625 (c)
2330 1554 2482 1608 Omni
2509 1553 2814 1625 contumelia
2841 1556 3098 1623 expuncti.
3127 1555 3222 1610 Hic
3254 1557 3411 1611 audis
3435 1556 3755 1613 Tertulliani

2149 1623 2703 1701 verbuin,_signilicat
2729 1624 2862 1701 nihil
2902 1627 3239 1682 contumeliae
3271 1629 3530 1684 omissum
3561 1670 3576 1695 ,
3611 1630 3755 1701 quod

2150 1696 2226 1751 illi
2257 1712 2362 1751 non
2388 1695 2502 1751 sint
2525 1695 2783 1768 perpessi.
2811 1695 2984 1752 Busa.

885 2094 1257 2181 QUINTI
1310 2090 1437 2166 SE
1450 2086 1814 2164 PTIMII
1869 2085 2481 2163 FLOBENTIS
2531 2060 3272 2159 TERTULLIANi

1184 2404 1187 2407 ς
1295 2282 1569 2428 DE
1634 2276 2992 2449 SPECTACULIS

1858 2532 2392 2643 LIBER.

1946 2726 2370 2784 meum

518 2878 651 2935 Cum
695 2892 803 2934 non
838 2878 1025 2933 Roma:
1044 2876 1240 2943 solum,
1267 2875 1362 2931 sed
1392 2889 1488 2946 per
1528 2873 1831 2944 provincias
1872 2870 2037 2926 etiam

443 2978 663 3040 propter
699 2966 889 3025 Severi
916 2966 1170 3031 reditum,
1197 2965 1586 3035 victoriamque
1623 2963 1692 3018 de
1723 2961 1917 3017 Albino
1945 2974 2035 3014 re-

444 3071 708 3134 portatam
748 3062 1036 3118 ederentur
1088 3058 1413 3130 spectacula,
1455 3057 1622 3114 libros
1655 3056 1724 3111 de
1754 3053 2037 3125 Spectacu-

444 3152 510 3208 lis
535 3163 589 3208 et
630 3152 699 3209 de
720 3151 1027 3207 Idololatria
1055 3164 1117 3207 ea
1144 3149 1429 3206 occasione
1446 3146 1727 3219 scripsisse
1752 3143 2036 3200 Tertullia-

2140 2867 2409 2922 suavitales
2438 2868 2538 2921 sint
2565 2883 2646 2922 res
2675 2884 2706 2920 a
2734 2866 2841 2922 Deo
2882 2875 3090 2934 creatae,
3123 2876 3287 2938 atque
3317 2876 3608 2939 propterea
3642 2864 3750 2924 ιιοῆ

2142 2956 2507 3027 repudiandae,
2580 2958 2883 3028 exceptioni
2932 2958 3287 3031 quorumdam
3335 2959 3749 3014 christianorum

2142 3052 2532 3119 asscrentium,
2578 3052 2634 3107 in
2684 3053 2971 3124 Scriptura
3005 3068 3156 3111 sacra
3195 3053 3382 3108 nullibi
3423 3053 3743 3124 spectaculis

2144 3145 2333 3200 adesse
2390 3159 2646 3215 expresse
2701 3145 3013 3215 prohiberi,
3044 3146 3266 3216 opponit
3318 3144 3408 3200 illa
3444 3145 3577 3216 regii
3616 3145 3746 3200 Pro-

446 3262 576 3301 num
605 3230 685 3302 Cl.
714 3244 1013 3303 Nmsseltus
1041 3243 1454 3301 demonstravit.
1493 3239 1747 3296 Nonnulli
1790 3236 2036 3308 equidem
2066 3231 2110 3294 C
2148 3237 2357 3306 phetm:
2385 3235 2573 3292 Beatus
2592 3237 2688 3304 vir,
2712 3238 2797 3304 qui
2817 3253 2916 3291 non
2937 3238 3059 3292 abiit
3079 3238 3134 3293 in
3154 3238 3426 3293 concilium
3447 3239 3740 3310 impiorum,

444 3338 750 3409 conjectaut
798 3340 995 3395 librum
1043 3338 1111 3394 de
1173 3335 1495 3407 Spectaculis
1556 3334 1654 3389 abs
1708 3332 2040 3388 Tertulliano

445 3436 801 3505 compositum
843 3432 1014 3490 fuisse
1060 3433 1114 3488 in
1147 3433 1534 3496 montanismo,
1585 3426 1709 3498 quia
1755 3427 1806 3480 in
1857 3426 1953 3479 illo
1980 3425 2043 3480 iis

445 3527 723 3597 suﬂ‘ragari
754 3527 980 3593 videtur,
1003 3527 1092 3597 qui
1123 3525 1481 3580 revelationes
1510 3522 1763 3592 petebant
1799 3517 2038 3589 (Tertull.

447 3621 537 3674 lib.
568 3620 633 3674 de
657 3619 860 3690 δραι,
887 3635 1002 3689 cap.
1043 3617 1158 3688 29).
1203 3617 1399 3672 Verum
1432 3614 1554 3686 quis
1581 3612 1771 3677 nescit,
1817 3619 1872 3667 et
1896 3612 2041 3681 ipsos

449 3711 707 3768 Ecclesiae
733 3710 1012 3766 catholica:
1040 3718 1305 3779 martyres
1336 3706 1694 3763 revelationes
1723 3719 1754 3757 a
1779 3703 1888 3758 Deo
1918 3715 2043 3771 pos-

451 3803 672 3867 tulasse,
705 3809 763 3856 ut
788 3799 972 3856 videre
999 3809 1084 3855 est
1108 3799 1162 3854 in
1187 3799 1321 3854 actis
1341 3807 1647 3853 sanctarum
1681 3795 1962 3865 Perpetua:
1991 3802 2046 3849 et

455 3892 748 3949 Felicitatis
776 3889 961 3962 (XXX
978 3888 1038 3943 V.
1079 3889 1208 3943 Acta
1232 3890 1450 3955 sincera,
1478 3886 1718 3953 Ruinart,
1768 3902 1888 3956 pag.
1922 3885 2038 3955 87);

455 3986 586 4052 Quae
614 3984 822 4055 publice
870 3984 920 4037 in
952 3982 1190 4038 collectis
1239 3980 1554 4049 legebantur
1600 3977 1935 4049 temporibus
1980 3977 2043 4032 D.

446 4077 733 4147 Augustini
761 4075 1055 4149 (Augustin.
1090 4074 1261 4130 Serm.
1282 4072 1454 4144 280)?
1480 4070 1656 4139 Adde,
1683 4069 1823 4142 quod
1857 4069 1916 4126 S.
1940 4070 2045 4142 Cy-

445 4169 665 4238 prianus
702 4181 961 4237 expresse
996 4175 1226 4230 asserat,
1268 4161 1704 4218 confessores'de
1741 4161 2046 4217 hntninenti

451 4273 642 4316 eorum
678 4258 937 4330 martyrio
964 4272 1058 4327 per
1092 4257 1352 4312 visionem
1381 4268 1525 4326 saepe
1547 4249 1853 4310 admonitos
1879 4253 2045 4309 fuisse

447 4352 718 4423 (Cyprian.
752 4350 923 4421 Epist,
948 4349 1032 4404 XI
1072 4359 1126 4404 et
1152 4349 1336 4418 XVI).
1371 4349 1503 4406 Utut
1541 4360 1725 4403 autem
1770 4350 1883 4403 tunc
1913 4347 2040 4415 sint,

447 4456 597 4503 certe
625 4461 821 4516 scopas
840 4444 994 4516 hujus
1022 4452 1276 4498 tractatus
1321 4443 1419 4497 fuit
1451 4441 1591 4512 apud
1626 4441 2040 4509 Tertullianum,

445 4539 788 4603 christianos,
811 4540 1060 4609 ipsosque
1075 4535 1492 4592 catechumenos
1507 4549 1535 4588 a
1555 4533 1877 4605 spectaculis
1909 4547 2010 4588 avo
2025 4564 2041 4575 -

446 4644 594 4698 care,
616 4624 1037 4686 demonstrando
1055 4642 1213 4699 quam
1235 4622 1595 4682 inverecunda
1613 4625 1720 4679 sint
1736 4623 2043 4695 huiusmodi

446 4723 860 4787 oblectamenta,
894 4736 1034 4776 verae
1062 4720 1271 4789 pietati,
1297 4717 1573 4799 cultuique
1624 4714 1843 4773 sincero
1881 4733 2039 4788 quem

449 4818 562 4872 Deo
609 4816 895 4880 debemus,
959 4814 1245 4878 contraria,
1294 4823 1454 4881 atque
1512 4812 1579 4867 iis
1626 4813 1790 4866 etiam
1848 4808 2042 4865 infesta

449 4909 541 4980 qui
599 4905 769 4964 fastus
834 4907 1057 4973 mundi,
1131 4905 1472 4976 voluptates,
1539 4918 1603 4960 ac
1682 4903 2040 4959 idololatriam

446 5001 741 5073 ejurarunt.
773 5000 954 5057 Primo
998 5001 1106 5055 duo
1155 4998 1453 5070 plausibilia
1496 4996 1831 5053 ethnicorum
1876 5013 2039 5068 argu-

443 5104 624 5151 menta
653 5097 930 5164 jremovet,
986 5107 1212 5162 quorum
1241 5093 1506 5162 primum:
1564 5090 1714 5145 Nihil
1757 5090 2042 5161 obstrepere

442 5185 678 5258 religioni
702 5186 756 5241 in
785 5186 956 5241 animo
985 5194 1033 5241 et
1061 5187 1114 5239 in
1139 5185 1445 5239 conscientia
1473 5192 1614 5237 tanta
1639 5183 1827 5238 solatia
1848 5184 2042 5237 extrin-

440 5294 582 5334 secus
610 5277 893 5344 oculorum,
928 5275 1005 5332 vel
1044 5277 1283 5340 aurium,
1340 5292 1430 5331 nec
1479 5291 1594 5329 vero
1636 5273 1802 5329 Deum
1847 5270 2043 5342 oﬂ'endi

441 5368 774 5426 oblectatione
798 5371 1041 5425 hominis.
1067 5369 1369 5425 Secundum
1394 5387 1407 5424 :
1456 5367 1796 5433 Christianos,
1827 5369 2041 5438 expedi-

442 5471 549 5516 tum
573 5462 722 5516 morti
749 5468 927 5533 genus,
956 5461 1027 5515 ad
1050 5462 1181 5515 hanc
1208 5461 1590 5517 obstinationem
1619 5461 1814 5515 erudiri
1836 5461 2042 5515 abdica-

441 5553 577 5609 tione
600 5552 916 5625 voluptatum
941 5566 1041 5623 quo
1069 5552 1271 5623 facilius
1294 5554 1451 5608 vitam
1475 5562 1823 5620 contemnant,
1848 5569 2036 5623 ampu-

441 5647 559 5698 tatis
583 5647 733 5715 quasi
752 5647 1048 5701 retinaculis
1073 5647 1204 5717 ejus.
1240 5644 1475 5716 Explosa
1516 5646 1654 5722 dein
1677 5645 1780 5701 alia
1813 5645 2038 5701 ridicula

435 5734 736 5803 objectioue
786 5752 1153 5809 paganorum,
1203 5738 1345 5809 quod
1409 5738 1591 5793 omnia
1644 5752 1764 5809 quae
1828 5739 2039 5793 theatro

435 5824 760 5895 inserviunt,
815 5837 967 5901 terra,
1002 5844 1150 5900 saxa,
1202 5830 1389 5901 leones,
1435 5828 1858 5907 virescerporis,
1908 5831 2040 5887 uocis

2070 4595 2122 4655 ll

2144 3340 2192 3385 et
2220 3332 2271 3384 in
2302 3331 2381 3385 vin
2408 3340 2728 3400 peccatorum
2751 3346 2855 3384 non
2879 3332 3038 3396 stetit,
3068 3340 3117 3384 et
3156 3331 3210 3385 in
3234 3330 3477 3385 cathedra
3509 3331 3748 3400 pestilen-

2145 3424 2231 3476 tia:
2250 3438 2350 3476 non
2375 3421 2522 3478 sedit.
2546 3421 2708 3476 Addit
2727 3421 2849 3478 dein
2874 3422 2939 3476 ad
2973 3404 3111 3478 hanc
3140 3422 3318 3494 fugam
3339 3423 3513 3478 teneri
3537 3423 3742 3489 ﬁdeles,

2148 3514 2270 3584 quia
2299 3529 2490 3583 aquant
2521 3515 2748 3585 ingressi
2795 3513 2957 3569 ﬁdem
3012 3514 3243 3586 professi
3271 3525 3426 3581 sunt,
3464 3525 3518 3570 et
3549 3531 3747 3571 renun-

2148 3607 2310 3661 tiassc
2339 3605 2576 3674 diabolo,
2603 3617 2657 3662 et
2684 3622 2895 3678 pompae
2919 3616 2973 3663 et
2999 3607 3202 3678 angelis
3223 3607 3341 3677 ejus
3376 3622 3472 3663 ore
3494 3622 3592 3662 suo
3606 3622 3745 3662 con-

2150 3699 2327 3753 testati
2353 3706 2512 3762 sunt,
2558 3706 2614 3753 et
2642 3699 2794 3754 ludos
2826 3714 2890 3754 ac
2928 3699 3233 3769 spectacula
3279 3698 3346 3754 ad
3389 3698 3741 3754 idololatriam

2151 3792 2418 3860 pertinere
2438 3789 2689 3855 altirmat,
2721 3805 2751 3844 a
2781 3806 2887 3861 qua
2918 3792 3180 3863 originem
3211 3807 3360 3847 suam
3389 3791 3611 3845 traxisse
3637 3789 3733 3845 de-

2148 3889 2441 3950 monstrat,
2472 3889 2630 3952 atque
2669 3882 2920 3938 ludorum
2947 3884 3164 3938 nomina
3184 3926 3200 3950 ,
3230 3881 3543 3940 eorumdem
3569 3896 3736 3953 appa-

2112 4024 2121 4031 .
2151 3982 2322 4030 ratum
2371 3975 2762 4031 idololatricum
2784 4015 2799 4044 ,
2830 3977 2947 4032 loca
2978 3978 3345 4048 superstitiosa
3364 4020 3379 4045 ,
3409 3986 3466 4033 et
3492 3985 3635 4033 artes
3662 3992 3748 4031 re-

2148 4082 2348 4127 censet.
2386 4071 2461 4127 De
2482 4072 2625 4127 circo
2646 4072 2921 4129 disserens
2951 4073 3059 4128 ait:
3092 4074 3336 4143 quamvis
3362 4073 3539 4129 circus
3563 4070 3740 4139 idolis,

2151 4173 2207 4220 et
2236 4166 2403 4236 signis
2447 4166 2837 4236 superstitiosis
2881 4173 3030 4223 esset
3057 4166 3341 4237 impletus,
3397 4166 3747 4245 nihilominus

2149 4257 2474 4313 christianos
2501 4270 2652 4315 extra
2689 4259 3118 4329 spectaculorum
3144 4268 3356 4328 tempus
3381 4259 3499 4315 sine
3523 4259 3751 4315 crimine

2148 4364 2309 4419 posse
2329 4349 2550 4415 intrare,
2584 4349 2724 4406 sicut
2742 4351 2793 4404 in
2815 4351 2929 4420 ipsa
2953 4350 3149 4420 templa
3174 4350 3458 4415 intrarent,
3491 4351 3536 4405 si
3560 4365 3747 4406 caussa

2150 4442 2385 4499 intrandi
2429 4444 2587 4514 culpa
2636 4453 2808 4499 vacet.
2839 4445 2914 4500 De
2961 4445 3107 4499 circo
3164 4445 3353 4499 transit
3377 4428 3443 4499 ad
3486 4443 3747 4499 theatrum

2151 4534 2546 4606 particularitcr
2566 4537 2764 4593 Veneri
2792 4547 2844 4592 ct
2862 4537 3075 4592 Baccho
3104 4547 3507 4601 consecratum;
3541 4536 3665 4593 inde
3683 4536 3747 4591 ad

2148 4630 2467 4684 athletarum
2511 4630 2803 4685 certamina
2831 4645 2929 4685 suo
2948 4637 3193 4701 ‘quchuc
3222 4631 3426 4685 numiui
3456 4641 3664 4686 sacrata
3693 4640 3749 4686 ct

2148 4721 2377 4791 denique
2407 4720 2475 4775 ad
2522 4723 2871 4792 gladiatores,
2905 4722 2997 4793 qui
3043 4738 3202 4778 suum
3252 4723 3464 4793 pompis
3513 4722 3749 4778 funercis

2147 4814 2411 4884 originem
2428 4813 2731 4880 debebant;
2761 4816 2946 4870 ultima
2976 4814 3092 4871 haec
3116 4816 3421 4887 spectacula
3451 4815 3520 4870 ad
3540 4815 3751 4886 amphi-

2149 4908 2413 4965 theatrum
2447 4910 2805 4980 pertinebant.
2827 4912 2931 4968 Sed
2962 4922 3160 4984 przcter
3187 4911 3565 4976 idololatriam,
3594 4925 3751 4968 caus-

2146 5018 2259 5058 sam
2278 5003 2645 5073 principalem,
2663 5005 2795 5059 alias
2811 5005 2987 5060 adhuc
3005 5014 3395 5060 commemorat
3411 5005 3664 5071 rationes,
3680 5004 3750 5059 ob

2143 5108 2278 5164 quas
2302 5095 2605 5163 speetacula
2631 5110 2661 5149 a
2701 5094 3009 5152 christianis
3033 5097 3246 5152 vitanda
3277 5097 3407 5164 sint,
3444 5096 3737 5151 Periculum

2145 5185 2351 5242 scilicet
2379 5186 2660 5242 amittendi
2692 5188 2949 5258 Spiritum
2990 5196 3236 5244 sanctum
3288 5187 3340 5243 in
3387 5187 3750 5243 commotione

2148 5279 2460 5350 passionum
2521 5288 2834 5336 uestrarum
2862 5297 2877 5346 ;
2907 5281 3150 5336 damnum
3182 5283 3427 5352 temporis
3457 5280 3749 5337 christiano

2147 5373 2283 5428 adeo
2320 5373 2575 5442 pretiosi;
2601 5373 2847 5443 injurias,
2885 5373 3190 5441 maledicta,
3213 5374 3529 5439 calumnias,
3551 5383 3753 5429 etcon-

2151 5465 2307 5519 vicia.
2337 5462 2413 5520 Ibi
2442 5465 2639 5537 quippe
2663 5464 2878 5536 publice
2908 5466 3090 5520 omnia
3117 5465 3345 5522 nefanda
3377 5464 3747 5537 produceban-

2151 5560 2256 5623 tur,
2284 5572 2401 5626 qua:
2430 5557 2558 5612 alibi
2577 5572 2784 5613 summa
2808 5570 2935 5613 cura
2961 5557 3395 5614 occultabantur.
3424 5556 3693 5625 Quantum
3718 5570 3752 5612 a

2147 5661 2276 5702 sana
2305 5648 2512 5704 ratione
2544 5648 2865 5715 abhorreat,
2921 5650 3191 5716 ostendit,
3223 5665 3288 5705 ea
3324 5650 3378 5704 in
3427 5649 3748 5719 spectaculis

2146 5738 2337 5808 cupide
2363 5744 2604 5809 quaerere
2625 5780 2639 5805 ,
2666 5754 2787 5810 quae
2836 5741 2890 5795 in
2917 5740 3131 5811 reliquo
3162 5739 3283 5795 vitae
3321 5739 3643 5795 commercio
3670 5739 3755 5793 vi-

2145 5828 2273 5888 dere
2318 5830 2400 5889 vel
2442 5833 2776 5893 committere
2820 5831 2993 5904 pudor
3031 5841 3085 5891 et
3127 5831 3321 5892 horror
3360 5840 3557 5891 vetant.
3608 5830 3749 5893 Tum
