4252 6264
524 233 623 288 631

1937 224 2396 295 TEllTULLIANI

3719 225 3827 281 632

532 352 694 406 morti
725 367 894 420 genus
943 346 1010 403 ad
1060 348 1198 402 lianc
1240 345 1657 401 obstinationem
1681 343 1757 416 (a)
1785 341 2394 406 abdicationeArunt,
2437 340 2536 394 nisi
2587 338 2811 411 naturali
2853 339 3010 408 jure,
3058 353 3164 395 non
3213 340 3380 396 etiam
3423 338 3704 407 familiari,
3758 339 3824 396 de

521 443 854 513 voluptatum
884 441 958 510 (b)
998 437 1196 492 erudiri
1223 479 1238 501 ,
1269 450 1376 506 quo
1417 435 1623 490 facilius
1668 435 1831 488 vitam
1877 443 2122 488 conteru-

521 543 672 600 nant,
706 529 993 599 amputatis
1015 527 1164 598 quasi
1191 526 1498 581 retinaculis
1523 527 1659 594 ejus,
1693 541 1760 580 ne
1787 525 2118 589 desiderent,

521 640 681 693 quam
706 624 813 691 jam
869 634 1252 690 supervacuam
1276 615 1358 690 (1)
1385 617 1486 672 sibi
1533 617 1755 672 fecerint
1782 615 1859 690 (Ξ)
1891 636 1902 669 :
1934 626 1989 670 ιιι
2017 616 2118 670 hoc

517 714 746 768 consilio
795 711 972 782 potius
1023 721 1076 766 et
1127 709 1363 764 humano
1407 719 1729 780 prospectu,
1776 723 1882 762 non
1935 707 2117 763 divino

523 808 843 878 pra‘scripto
872 874 879 880 _
910 800 1184 860 definitum
1233 803 1587 858 existimetur.
1637 802 1859 871 Pigebat
1911 801 2118 856 scilicet

521 899 680 954 etiam
739 906 1149 968 perseverantes
1184 897 1236 950 in
1289 895 1449 950 tantis
1489 895 1849 964 volnptalilms
1899 903 2119 962 propter

517 993 688 1047 Deum
711 991 865 1046 IllOl‘l.
884 992 1196 1060 Quanquam
1229 991 1329 1044 etsi
1368 989 1436 1043 ita
1455 997 1617 1050 esset,
1640 995 1745 1040 tam
1765 988 1973 1056 (5)apto
1991 1000 2121 1040 con-

522 1085 664 1150 silio,
700 1093 861 1138 tanta:
887 1085 1177 1138 obstinatio
1201 1080 1497 1149 disciplina:
1526 1078 1753 1133 debebat
1777 1079 2112 1147 obsequium.

585 1168 587 1171 ’
1149 1172 1379 1229 CAI’U'I‘
1422 1160 1536 1226 11..
1931 1177 1935 1180 ’

586 1267 704 1322 Jam
749 1282 880 1322 vero
911 1282 1070 1321 neruo
1115 1274 1235 1328 est,
1268 1264 1356 1334 qui
1413 1279 1518 1318 non
1577 1263 1678 1317 hoc
1715 1277 1928 1332 quoque
1976 1277 2115 1331 prac-

518 1361 704 1416 tcndat
748 1360 899 1432 (Cen.
961 1361 1064 1429 1.),
1117 1357 1296 1412 omnia
1344 1371 1373 1410 a
1431 1356 1542 1410 Deo
1589 1355 1862 1419 instituta,
1907 1363 1961 1410 et
2014 1354 2114 1407 lio-

518 1454 648 1508 mini
675 1453 927 1507 attributa
952 1452 1109 1519 (sicut
1139 1449 1805 1520 prmdicamus),ctutique
1828 1448 1965 1502 bona
1994 1463 2113 1500 orn-

519 1547 603 1599 nia
628 1587 642 1611 ,
666 1555 724 1598 ut
752 1545 873 1598 boni
905 1544 1140 1597 auctoris
1161 1543 1242 1612 tl)
1267 1559 1277 1595 ε
1305 1542 1441 1596 inter
1465 1541 1579 1594 ll:l'c
1597 1539 1839 1608 deputari
1866 1539 2113 1594 universa

515 1638 654 1704 ista,
701 1653 767 1692 ex
811 1637 1005 1707 quibus
1048 1635 1350 1703 spectacula
1399 1634 1771 1697 instruuntur,
1803 1632 2004 1690 cireum
2036 1631 2114 1703 (5)

518 1729 669 1786 verbi
697 1730 866 1800 gratia
886 1770 900 1794 ,
940 1738 994 1782 et
1022 1729 1236 1782 leonem
1259 1769 1272 1790 ,
1313 1734 1368 1780 et
1397 1727 1540 1780 vires
1569 1725 1818 1795 corporis
1840 1767 1853 1788 ,
1886 1735 1939 1780 et
1967 1725 2114 1781 vocis
2144 1705 2191 1764 Β

517 1820 832 1876 suavitates.
869 1819 1034 1890 Igitur
1062 1833 1234 1887 neque
1263 1817 1496 1872 alienum
1519 1816 1689 1872 videri
1721 1832 1877 1886 posse
1899 1858 1914 1883 ,
1941 1833 2114 1887 neque

517 1913 792 1967 inimicum
824 1911 914 1965 Dei
946 1910 1053 1982 (6),
1084 1909 1225 1978 quod
1258 1909 1324 1962 de
1343 1908 1653 1963 conditione
1673 1917 1884 1963 constet
1908 1908 2112 1978 ipsius:

515 2018 692 2074 neque
719 2002 1015 2057 cultoribus
1059 2002 1148 2055 [)ei
1181 2000 1454 2054 vitandum
1480 1998 1580 2070 (7),
1621 1999 1762 2069 quod
1793 1999 1886 2054 Dei
1910 2016 2016 2054 non
2048 2001 2117 2055 sit

517 2096 815 2158 inimicum,
845 2095 967 2162 quia
997 2083 1096 2148 nec
1137 2094 1391 2147 alienum.
1424 2093 1588 2148 Plane
1615 2103 1671 2148 et
1717 2093 1846 2162 ipsa:
1875 2101 2117 2149 exstruc-

520 2189 696 2243 tiones
726 2189 965 2242 locorum
988 2229 1001 2250 ,
1047 2186 1188 2257 quod
1235 2201 1359 2240 saxa
1386 2227 1399 2248 ,
1433 2184 1576 2256 quod
1617 2194 1876 2240 caementa
1898 2227 1912 2251 ,
1969 2187 2113 2255 quod

519 2293 808 2345 marmora,
831 2275 974 2348 quod
994 2276 1388 2343 columnze,Dei
1418 2291 1507 2330 res
1535 2283 1691 2342 sunt,
1723 2275 1813 2345 qui
1835 2290 1896 2330 ea
1932 2275 1997 2330 ad
2042 2277 2116 2330 in-

517 2369 875 2426 strum'entum
907 2379 1066 2425 terra:
1095 2368 1243 2424 dedit
1269 2383 1282 2421 :
1316 2367 1410 2422 sed
1450 2376 1506 2423 et
1549 2368 1647 2438 ipsi
1675 2378 1827 2422 actus
1847 2368 1946 2423 sub
1974 2368 2113 2424 cmlo

517 2465 613 2520 Dei
656 2465 1040 2534 transiguntur.
1074 2463 1244 2531 Quam
1299 2462 1517 2532 sapiens
1542 2461 1966 2532 argumentatrix
2011 2462 2114 2517 sibi

514 2558 725 2613 videtur
772 2557 1069 2628 ignorantia
1101 2556 1330 2610 humana
1354 2599 1366 2619 ,
1416 2554 1718 2636 praesertim
1761 2571 1882 2610 cum
1914 2555 2113 2625 aliquid

512 2647 780 2718 ejusmodi
829 2648 897 2702 de
940 2647 1149 2718 gaudiis
1191 2657 1244 2702 ct
1282 2647 1348 2702 de
1394 2647 1652 2702 fructibus
1696 2648 1878 2702 smeuli
1931 2649 2119 2703 metuit

522 2740 801 2794 amittere!
829 2738 1012 2794 Plures
1037 2739 1267 2808 denique
1291 2737 1534 2793 invenias
1555 2780 1569 2805 ,
1599 2753 1736 2808 quos
1767 2739 1937 2810 magis
1976 2739 2116 2808 peri-

515 2831 698 2885 culum
744 2830 1060 2900 voluptatis,
1095 2845 1253 2902 quam
1302 2831 1426 2886 vita;
1451 2872 1466 2895 ,
1497 2842 1688 2886 avocet
1713 2831 1781 2886 ab
1820 2832 1921 2886 hac
1943 2842 2112 2887 secta.

517 2921 650 2976 Nam
680 2931 908 2975 mortem
931 2923 1092 2976 etiam
1124 2922 1318 2976 stultus
1343 2921 1642 2976 utdebitam
1661 2937 1767 2978 non
1791 2924 2111 2990 extimescit,

516 3013 842 3083 voluptatem
875 3013 1035 3066 etiam
1065 3013 1278 3083 sapiens
1305 3012 1384 3083 (8)
1420 3022 1477 3068 ut
1499 3022 1699 3068 tantam
1731 3030 1835 3070 non
1864 3026 2110 3071 contem-

518 3106 629 3169 nit,
661 3119 780 3159 cum
807 3103 911 3158 alia
942 3121 1048 3158 non
1071 3105 1140 3158 sit
1160 3113 1212 3160 et
1235 3104 1401 3158 stulto
1425 3115 1480 3160 et
1508 3107 1735 3174 sapienti
1768 3109 1888 3162 vita:
1914 3109 2108 3178 gratia,

518 3197 620 3252 nisi
643 3197 907 3267 voluptas.
938 3197 1106 3252 Nemo
1139 3207 1332 3269 negat,
1375 3200 1496 3268 quia
1547 3214 1708 3254 nemo
1740 3201 1949 3270 ignorat
1973 3201 2116 3272 quod

521 3291 662 3344 ultro
690 3298 876 3344 natura
906 3291 1176 3361 suggerit,
1211 3291 1375 3344 Deum
1427 3306 1549 3346 esse
1579 3291 1945 3347 universitatis
1988 3308 2119 3349 con-

518 3383 748 3438 ditorem
771 3424 784 3450 ,
816 3398 1042 3454 eamque
1081 3384 1482 3439 universitatem
1539 3393 1645 3439 tam
1697 3384 1928 3451 bonam,
1956 3401 2115 3456 quam

527 3475 734 3532 homini
761 3478 1139 3547 mancipatam.
1165 3476 1269 3532 Sed
1294 3479 1417 3548 quia
1456 3494 1561 3533 non
1592 3479 1805 3548 penitus
1833 3480 2000 3536 Deum
2016 3497 2115 3536 no-

2229 434 2560 504 louginquo,
2612 448 2719 487 non
2769 433 2835 487 de
2861 433 3146 503 proximo;
3175 447 3402 488 necesse
3447 443 3532 488 est
3575 434 3818 503 ignorent

2227 529 2455 598 qualiter
2495 526 2858 581 administrari
2907 536 2996 580 aut
3019 526 3204 595 jnbeat
3233 535 3326 580 aut
3379 526 3662 593 prohibeat
3696 543 3816 598 qua:

2225 621 2454 677 instituit
2475 620 2581 692 (9),
2605 620 2762 674 simul
2794 619 2914 690 quis
2941 621 3014 674 sit
3061 619 3288 674 mmolus
3316 618 3429 689 (10)
3473 636 3538 675 ex
3567 620 3781 676 diverso
3804 661 3818 682 .

2222 712 2588 768 adulterandis
2632 711 2820 766 usibus
2864 710 3058 765 divina:
3106 709 3458 778 conditionis,
3484 712 3606 781 quia
3641 725 3818 783 neque

2222 805 2550 859 voluntatem
2571 843 2588 870 ,
2638 817 2814 872 neque
2840 802 3205 858 adversarium
3231 803 3440 857 noveris
3475 803 3592 873 ejus
3611 845 3626 863 ,
3655 817 3818 873 quem

2223 898 2400 951 minus
2443 895 2677 950 noveris.
2723 894 2840 949 Non
2893 910 3025 964 ergo
3058 895 3160 949 lioc
3202 895 3373 949 solum
3423 893 3822 966 respiciendum

2224 1000 2305 1045 est
2330 1033 2344 1055 ,
2378 1005 2486 1061 quo
2514 989 2632 1060 (11)
2658 988 2839 1042 omnia
2873 988 2979 1042 sint
3006 987 3279 1049 instituta,
3331 987 3425 1041 sed
3469 1001 3500 1040 a
3547 1001 3654 1055 quo
3691 1000 3823 1040 con-

2226 1098 2400 1139 versa.
2437 1082 2510 1136 Ita
2529 1082 2670 1137 enim
2699 1079 2976 1149 apparebit
3005 1078 3161 1147 cujus
3182 1076 3297 1147 (12)
3327 1077 3376 1132 vi
3419 1076 3812 1140 sintinstituta.

2228 1179 2270 1231 si
2295 1185 2553 1248 appareat
2587 1173 2740 1241 cuius
2763 1189 2868 1228 non
2895 1171 3003 1226 sint
3023 1170 3160 1241 (13).
3183 1169 3405 1224 Multum
3435 1169 3660 1226 interest
3681 1169 3821 1225 inter

2220 1269 2582 1340 corruptelam
2635 1278 2688 1322 et
2717 1266 3102 1338 integritatem,
3134 1265 3257 1335 quia
3290 1263 3516 1318 multum
3543 1273 3628 1318 est
3671 1264 3814 1320 inter

2222 1364 2582 1420 institutorem
2605 1368 2660 1414 et
2685 1359 3143 1428 interpojaturem.
3169 1355 3442 1412 Caeterum
3466 1370 3654 1410 omnes
3681 1369 3814 1425 spe-

2221 1457 2330 1512 cies
2343 1457 2627 1516 malorum,
2643 1470 2759 1525 qua:
2778 1453 2848 1525 (c)
2867 1451 3026 1506 etiam
3046 1449 3247 1506 ethnici
3267 1450 3383 1518 (14)
3413 1459 3470 1502 ιιι
3495 1448 3811 1511 indubitata.

2223 1559 2274 1604 et
2305 1547 2591 1619 prohibent
2616 1555 2670 1600 et
2697 1543 3011 1608 defendunt,
3037 1557 3100 1597 ex
3131 1541 3387 1612 operibus
3410 1540 3499 1594 Dei
3527 1548 3808 1594 constant:

2223 1642 2318 1699 Vis
2347 1641 2461 1712 (15)
2491 1638 2834 1695 homicidium
2881 1636 3057 1699 ferro,
3087 1649 3329 1701 veneno,
3363 1633 3582 1712 magicis
3634 1633 3819 1702 devin-

2220 1733 2488 1788 ctionibus
2500 1729 2578 1804 (tl)
2602 1729 2781 1801 perﬁci
2798 1727 2938 1799 (16).
2956 1727 3084 1781 Tam
3107 1725 3306 1781 ferrum
3327 1725 3418 1780 Dei
3437 1740 3524 1780 res
3537 1736 3638 1788 est,
3658 1739 3816 1795 quam

2220 1823 2429 1888 herbae,
2477 1836 2635 1891 quam
2682 1817 3182 1890 angeliznumquid
3238 1826 3412 1871 tamen
3481 1815 3532 1869 in
3587 1815 3820 1872 hominis

2178 1979 2180 1982 _
2221 1929 2409 1969 necem
2439 1911 2740 1966 auclorista
2773 1909 3044 1979 providit?
3076 1907 3276 1978 Atquin
3297 1921 3514 1961 omnem
3543 1904 3816 1961 homicidii

2227 2006 2462 2076 speciem
2497 2018 2602 2058 uno
2645 2012 2696 2058 et
2728 2000 3008 2071 principali
3041 2008 3311 2069 praecepto
3348 1998 3658 2053 interemit:
3695 1996 3818 2052 Non

2221 2097 2417 2151 occides
2449 2094 2642 2165 (Exod.
2672 2094 2792 2164 20.)
2825 2091 3057 2148 Proinde
3090 2107 3316 2156 aurum,
3365 2105 3471 2156 tes,
3499 2101 3774 2160 argentum
3796 2131 3812 2156 ,

2220 2189 2355 2243 ebur
2376 2229 2390 2254 ,
2425 2187 2624 2256 lignum
2645 2227 2660 2252 ,
2693 2194 2742 2238 et
2777 2199 3129 2254 quwcumquc
3172 2181 3495 2238 fabricandis
3527 2183 3681 2238 idolis
3705 2199 3817 2239 ma-

2223 2280 2352 2334 teria
2379 2287 2626 2345 captatur
2652 2319 2666 2338 .
2701 2277 2822 2346 quis
2878 2277 2931 2330 in
2981 2275 3182 2330 saeculo
3229 2275 3443 2344 posuit,
3477 2276 3582 2330 nisi
3635 2275 3816 2332 sreculi

2219 2381 2406 2425 auctor
2426 2369 2604 2428 Deus?
2630 2367 2893 2438 Numquid
2924 2377 3100 2422 tamen
3130 2378 3186 2422 ut
3211 2365 3328 2422 ha-c
3351 2367 3612 2423 adversus
3642 2368 3816 2438 ipsum

2217 2462 2552 2518 adorentur?
2591 2461 2785 2531 Atquin
2836 2475 3046 2515 summa
3075 2458 3300 2514 offensio
3327 2458 3438 2531 (17)
3470 2474 3634 2528 penes
3666 2461 3816 2516 llllllll

2222 2555 2522 2609 idololatria
2551 2562 2653 2609 est.
2684 2551 2822 2620 Quid
2869 2568 2975 2606 non
3009 2553 3101 2606 Dei
3127 2561 3211 2607 est
3231 2594 3246 2618 ,
3277 2551 3417 2622 quod
3449 2552 3616 2605 Deum
3643 2551 3818 2607 oll'en-

2221 2649 2342 2714 dit?,
2364 2649 2468 2704 Sed
2493 2663 2615 2718 cum
2641 2645 2880 2708 offendit,
2907 2645 3000 2700 Dei
3031 2659 3152 2700 esse
3178 2644 3370 2707 desiit;
3401 2653 3455 2698 et
3481 2658 3601 2698 cum
3627 2642 3810 2712 desiit,

2219 2723 2461 2820 otl‘endit.
2505 2740 2625 2809 Ipse
2657 2739 2818 2794 homo
2856 2739 3106 2820 omnium
3142 2737 3464 2805 ﬂagitiorqu
3497 2738 3777 2808 actor(18)
3800 2778 3818 2806 ,

2222 2818 2328 2890 non
2359 2843 2562 2889 tantum
2591 2848 2726 2904 opus
2751 2833 2866 2899 Dei,
2894 2818 3286 2887 verum'ctiam
3315 2830 3490 2900 imago
3518 2840 3602 2885 est
3631 2829 3723 2901 (ε),
3762 2841 3821 2885 et

2221 2937 2399 2982 tamen
2431 2935 2485 2982 et
2515 2940 2746 2996 corpore
2771 2934 2828 2980 et
2866 2925 3054 2994 spiritu
3085 2923 3312 2978 descivit
3341 2921 3455 2993 (19)
3483 2938 3510 2975 a
3541 2937 3640 2976 suo
3665 2922 3818 2976 insti-

2219 3029 2414 3076 tutore.
2449 3017 2632 3089 Neque
2676 3019 2820 3073 enim
2871 3017 3057 3072 oculos
3087 3015 3152 3069 ad
3203 3016 3670 3084 concupiscentias
3697 3015 3820 3084 (20)

2221 3111 2568 3182 sumpsimus,
2597 3125 2771 3180 neque
2797 3108 2910 3180 (Ἡ)
2941 3109 3176 3179 linguam
3211 3105 3278 3162 ad
3331 3107 3731 3179 maliloquium,
3766 3117 3822 3163 et

2223 3221 2382 3262 aures
2409 3207 2476 3260 ad
2506 3203 2913 3277 exceptaculum
2943 3201 3234 3272 maliloquii
3259 3243 3275 3268 ,
3308 3212 3362 3256 et
3382 3202 3562 3272 gulam
3589 3201 3655 3255 ad
3682 3201 3820 3270 gula:

2219 3299 2428 3358 crimen
2455 3297 2522 3368 (γ’)
2545 3339 2560 3362 ,
2595 3304 2650 3351 et
2697 3304 2933 3350 ventrem
2965 3293 3030 3348 ad
3079 3294 3215 3363 gula:
3265 3294 3568 3349 satietatem
3594 3292 3741 3363 (22),
3765 3302 3822 3349 et

2229 3390 2482 3460 genitalia
2514 3388 2582 3444 ad
2608 3405 2861 3444 excessus
2881 3387 3227 3458 impudicitiae
3246 3429 3261 3453 ,
3295 3397 3350 3442 et
3375 3403 3566 3443 manus
3593 3387 3660 3442 ad
3688 3387 3816 3451 vim,

2222 3493 2276 3537 et
2300 3499 2518 3554 gressus
2548 3483 2616 3538 ad
2642 3496 2831 3553 vagam
2860 3482 3025 3536 vitam
3053 3522 3069 3548 ,
3097 3487 3192 3535 aut
3219 3479 3438 3550 spiritus
3476 3479 3596 3536 ideo
3631 3479 3822 3534 insitus

1789 3611 2164 3674 LECTIONES
2199 3617 2612 3675 VARIANTES.

588 3728 657 3788 l1)
690 3727 1056 3788 Supervacuum
1081 3729 1201 3777 Jun.
1228 3725 1394 3779 Paris.

609 3787 657 3858 2)
688 3787 935 3858 [iecerant
958 3792 1079 3839 Jun.
1108 3789 1334 3858 fecerunt
1376 3788 1556 3858 Rigalt.

605 3850 657 3921 ἐξ)
695 3850 995 3921 Quamquam
1020 3860 1090 3921 et_,
1114 3853 1154 3921 s_i
1180 3853 1248 3921 ita
1271 3850 1581 3921 esset.:'l‘am
1607 3858 1701 3901 etc.
1724 3850 1974 3920 distinguit
1997 3859 2120 3908 Jun.

606 3911 657 3978 .l)
693 3911 844 3978 Dona,
873 3914 1108 3978 obeuntia
1133 3915 1246 3961 boni
1270 3914 1481 3964 auctoris
1497 3911 1607 3978 Rig.

692 3973 885 4039 Equum
910 3971 1086 4039 Rigalt.

588 4034 658 4098 (6)
691 4034 802 4098 Deo
827 4034 987 4086 Paris?
1006 4035 1173 4098 Rigalt.
1202 4053 1220 4072 ·

586 4097 655 4168 (ῃ
695 4097 1152 4168 Putauduni_Paris.
1187 4110 1356 4162 neque
1386 4097 1542 4162 culpa;
1583 4100 1915 4162 deputandum
1939 4101 2114 4168 Rigalt.

607 4158 660 4210 8)
696 4158 934 4208 liteudam
964 4162 1086 4208 Jan.
1274 4158 1288 4162 '
1367 4185 1398 4206 ο-

607 4165 637 4210 8
698 4165 934 4208 litendam
964 4165 1086 4208 Jan.
1367 4185 1398 4206 .-

582 4165 660 4344 ἓξθί
689 4221 1028 4293 Administrarl
1048 4224 1239 4284 jubeat,
1261 4237 1371 4285 qua;
1395 4223 1606 4294 instituit
1631 4221 1804 4287 Rigalt.

608 4284 688 4344 10)
723 4283 843 4342 Quae
876 4297 945 4331 vis
969 4285 1140 4332 :emula
1167 4299 1228 4332 ex
1256 4286 1462 4333 adverso
1485 4286 1661 4344 Rigalt.

608 4283 688 4350 Ill)
723 4283 843 4350 Quae
876 4283 1140 4350 \‘i._<__.'eniula
1167 4283 1462 4350 ex’iadversp
1485 4285 1661 4350 Rigalt.

583 4344 686 4410 (11)
719 4347 763 4394 Α
793 4358 891 4408 quo
917 4347 1101 4397 Woato.
1130 4350 1201 4396 M'.
1229 4349 1284 4396 S.
1302 4344 1479 4412 Rigalt.

2141 4330 2194 4390 υ
2283 4297 2363 4418 ta

2315 3735 2392 3805 lg)
2425 3736 2509 3805 qui
2535 3738 2641 3787 usui
2661 3734 2836 3805 Rigalt.
3002 3801 3031 3805 ᾖ
3043 3796 3054 3805 .

2315 3799 2393 3863 13;)
2429 3799 2478 3863 _Si
2506 3799 2740 3863 appareat
2761 3800 2836 3847 cui
2861 3811 2973 3863 non.
2997 3799 3103 3863 Rig.

2318 3857 2395 3920 14)
2430 3857 2733 3920 Indubitate,
2759 3857 2906 3912 Seml.

2285 3923 2389 3979 ('15)
2425 3923 2576 3972 Vides
2606 3925 2726 3973 Jun.

2285 3983 2389 4055 ιιι)
2424 3985 2590 4055 reﬁci
2633 3983 2743 4055 aig-

2287 4045 2390 4116 (εἰ)
2425 4045 2624 4116 Mensa
2641 4045 2882 4116 ﬁeri";

2286 4109 2391 4170 (18)
2423 4111 2606 4158 Auctor
2630 4109 2794 4160 Paris.
2825 4109 2930 4170 Rig.

2315 4171 2387 4234 19)
2427 4171 2489 4234 Et
2512 4178 2676 4220 tamen
2699 4184 2906 4233 corpore
2933 4176 2986 4234 et
3004 4171 3174 4234 spiritu
3199 4171 3350 4220 desiit
3370 4170 3475 4234 Rig.

2309 4230 2390 4296 ιζο)
2424 4230 2877 4296 Concupiscentiam
2902 4230 3012 4296 Rig.

2310 4293 2385 4360 ει)
2423 4295 2485 4360 ιιι
2505 4293 2609 4360 mg:

2367 4171 2390 4420 ἐ

2417 4357 2719 4408 Societatem
2751 4359 2872 4407 Jun.
2897 4369 2962 4406 ea:
2985 4358 3054 4407 Μ.
3070 4357 3124 4406 S.
3151 4357 3260 4419 Rig.

1892 4457 2449 4519 COMMENTARIUS.

594 4564 670 4634 (a)
714 4565 794 4618 Ad
823 4565 954 4618 hanc
999 4567 1405 4622 obstinationem.
1436 4569 1736 4625 Familiaris
1777 4581 1856 4626 est
1912 4575 2115 4629 auctori

526 4651 627 4708 vox
670 4637 963 4708 obstinatio
1026 4639 1076 4689 in
1129 4638 1320 4691 bonam
1370 4650 1596 4705 partem,
1658 4657 1753 4708 pro
1807 4645 2110 4708 constantia,

521 4707 1194 4781 sicutic_t_a_pinl_Tacituni
1229 4709 1317 4761 lib.
1353 4710 1419 4763 IX
1454 4707 1720 4764 obstinatio
1752 4713 1890 4781 ﬁdei.
1927 4715 2059 4769 I’stt.

597 4776 686 4853 (ll).
710 4777 1038 4853 Abdicationc
1061 4782 1400 4853 _volaptatnm.
1433 4781 1732 4852 Vagabatur
1752 4776 1950 4853 dogma
1979 4787 2118 4841 inter

521 4847 1193 4922 gentiles_Aplnlostqihos,‘
1221 4861 1404 4919 utpote
1465 4847 1683 4921 magnos
1743 4847 2118 4922 procuratores

525 4918 800 4970 avertendi
841 4919 1082 4992 doloris,
1124 4918 1445 4975 abdicandus
1486 4918 1607 4978 esse
1644 4918 1941 4992 voluptates
1990 4936 2115 4984 ante

521 4998 774 5065 inertem,
810 5000 865 5042 ut
899 4989 1013 5044 haec
1041 4991 1226 5065 dolore
1251 5001 1476 5046 careret.
1513 4993 1707 5065 Dogma
1741 4989 1842 5051 hoc
1873 4996 2111 5065 philoso-

522 5058 734 5138 ριιίειμιιι
765 5070 1115 5138 reprzesentat
1139 5059 1340 5116 Seneca
1374 5058 1650 5138 cpist._27_.
1688 5058 1949 5121 Putabant
1983 5083 2114 5138 ergo

517 5127 758 5200 Gentiles
801 5131 926 5182 illud
957 5143 1279 5200 prasceptum
1310 5127 1549 5188 exerceri
1580 5135 1899 5190 Christianis
1926 5140 1978 5192 in
2014 5127 2111 5193 ab—

518 5199 788 5274 dicatione
819 5199 1270 5274 spectaculorum,
1318 5213 1374 5257 nt
1403 5209 1469 5257 ita
1517 5206 1812 5274 paratiores
1837 5217 2018 5263 essent
2044 5208 2111 5264 ad

515 5267 791 5323 ferendam
825 5267 1051 5326 mortem
1084 5273 1198 5326 sine
1223 5273 1430 5329 dolore.
1464 5267 1591 5330 [ηις.

594 5342 668 5418 (_c)
701 5339 840 5418 ‘Qna:
870 5343 1020 5418 etiam
1056 5342 1258 5418 lit/inici
1288 5355 1339 5397 ut
1378 5346 1661 5400 indubitata
1696 5358 1741 5401 et
1768 5349 2032 5418 prohibent
2058 5359 2106 5404 et

521 5410 820 5487 defendant.
870 5412 1192 5487 Defendunt,
1212 5415 1318 5487 _ltoc
1347 5426 1450 5482 est,
1483 5428 1750 5481 asserunt,
1768 5410 1967 5487 nempe
1987 5435 2108 5475 esse

514 5483 674 5544 mala,
718 5483 1010 5557 etquidem
1038 5483 1375 5557 indubitata;
1424 5503 1542 5557 qua:
1573 5490 1777 5544 scilicet
1805 5483 1941 5544 mala
1986 5507 2106 5547 esse

511 5564 672 5627 nemo
699 5553 858 5627 etiam
890 5553 1233 5627 Etbnicorum
1260 5553 1500 5627 atnbigit.
1529 5559 1646 5615 th.

537 5687 547 5698 ο
586 5619 667 5702 (ι1)
709 5621 924 5702 diagicis
949 5624 1362 5702 devinctionibus.
1395 5619 1764 5702 Devinctiones
1791 5633 1983 5702 accipit
2007 5649 2105 5702 pro

513 5686 777 5761 ligaturis,
801 5686 873 5750 'de
899 5695 1090 5763 quibus
1119 5696 1276 5753 latius
1299 5697 1388 5753 lib.
1421 5700 1487 5756 de
1516 5686 1729 5757 Anima.
1764 5686 1943 5760 Etliirc
1972 5686 2104 5761 vero

2223 4577 2439 4646 pulchra
2499 4587 2582 4633 est
2639 4579 2845 4635 Geleuii
2900 4582 3220 4651 castigatio,
3276 4583 3330 4636 in
3379 4582 3596 4636 hominis
3649 4598 3821 4636 necem

2223 4659 2420 4722 auctor,
2452 4651 2628 4720 proin
2652 4667 2770 4705 nece
2791 4663 2860 4706 est
2887 4663 3084 4705 auctor.
3114 4652 3188 4706 Ex
3215 4652 3312 4708 Ms.
3341 4654 3499 4722 paulo
3528 4663 3646 4722 post
3677 4653 3819 4722 lego,

2221 4721 2533 4794 ﬂagitiorum
2567 4731 2723 4794 actor,
2752 4739 2845 4788 pro
2875 4734 3053 4776 auctor
3085 4741 3096 4775 :
3124 4739 3295 4794 neque
3323 4721 3465 4777 enim
3514 4721 3694 4790 Iunno,
3719 4721 3821 4780 sed

2225 4789 2473 4845 Diabolus
2503 4791 2850 4861 interpolator
2880 4794 3087 4847 illorum
3121 4789 3436 4850 est'auctor.
3470 4795 3607 4849 ΡΑιι.

2296 4861 2379 4929 (e)
2407 4861 2587 4932 Imago
2618 4862 2715 4916 Dei
2742 4873 2835 4924 est.
2866 4863 3109 4933 Inlellige
3135 4877 3367 4919 mentem
3399 4867 3673 4933 scriptoris
3699 4883 3713 4919 :
3744 4865 3823 4920 ait

2220 4929 2492 4986 hominem
2525 4929 2658 4988 esse
2687 4943 2739 4987 ct
2779 4951 2912 5004 opus
2961 4929 3069 4989 Dei'
3101 4949 3153 4990 et
3200 4937 3486 5004 imaginem
3511 4929 3617 4992 Dei
3650 4950 3822 5004 :Opus

2220 5012 2448 5077 propter
2461 5018 2675 5077 corpus,
2707 5005 2990 5075 imaginem
3018 5017 3238 5074 prepter
3259 5009 3529 5077 Spiritum.
3557 5007 3683 5061 Ideo
3710 5016 3823 5060 sta—

2221 5073 2312 5148 tim
2345 5073 2834 5148 adjicit,_defccisse
2874 5073 3175 5148 etcorpore
3194 5089 3246 5130 et
3273 5073 3481 5146 spiritu.
3509 5077 3689 5148 Itaque
3712 5092 3819 5131 non

2217 5141 2412 5218 debent
2439 5145 2690 5198 Confundi
2719 5147 2903 5201 verba.
2939 5141 3069 5201 Natu
3102 5149 3262 5203 homo
3291 5141 3462 5218 iinago
3493 5150 3583 5202 Dei
3605 5141 3819 5218 tantum

2217 5212 2414 5338 dicitqr
2446 5225 2660 5285 propter
2691 5218 2958 5286 spiritum.
2993 5218 3140 5274 Zeno
3172 5212 3440 5275 Veronen.
3470 5235 3632 5274 serm.
3665 5217 3719 5272 2.
3764 5221 3820 5275 in

2217 5297 2337 5338 tten.
2407 5301 2493 5338 ac.

2252 5301 2337 5338 Cll.
2366 5301 2493 5339 LAC.

2215 5297 2669 5429 still?)bélc.gltlam
2694 5358 2762 5411 ad
2811 5361 2945 5429 gnta:
2964 5357 3171 5414 crimen.
3201 5359 3358 5416 Gula:
3380 5362 3582 5416 crimen
3605 5360 3820 5415 solum-

2214 5426 2374 5480 modo
2404 5426 2779 5501 ecclesiasticis
2812 5426 3008 5484 ἰιοιιιιιι
3059 5447 3153 5500 pro
3205 5433 3343 5501 gulm
3395 5433 3814 5499 intemperantia

2211 5509 2305 5568 seu
2331 5498 2652 5568 _gulositate;
2685 5501 2920 5568 profanis
2951 5498 3229 5556 nnn'iteutI
3255 5503 3518 5558 Similiter
3542 5498 3674 5558 dixit
3701 5503 3806 5560 lib.

2209 5564 2277 5644 de
2321 5565 2586 5644 Jejuniis:
2618 5564 2794 5644 Adoni
2824 5572 3039 5626 salutem
3080 5574 3200 5644 gula
3247 5575 3494 5638 vendidit.
3523 5584 3577 5628 et
3618 5573 3712 5627 lib.
3761 5572 3803 5626 Ι.

2207 5636 2330 5714 adv.
2371 5637 2549 5714 Marc.
2605 5641 2869 5697 comitibus
2925 5636 3103 5714 galle;
3155 5644 3355 5698 libidini
3415 5636 3601 5699 scilicet
3649 5653 3812 5714 atque

2209 5707 2446 5764 luxuriat.
2480 5709 2613 5764 Pu.
