4252 6270
320 295 429 352 B33

1501 290 1707 348 LIBER
1768 289 1858 349 DE
1895 289 2379 365 sescncuus.

3524 288 3633 363 631

321 409 569 482 corpori,
592 418 652 465 ut
676 407 1025 475 insidiarum,
1070 415 1130 463 et
1168 404 1416 462 fraudum
1441 447 1456 471 ,
1482 414 1539 462 et
1577 406 1928 478 iniquitatum
1955 410 2008 469 Α
2032 408 2455 479 spectaculorum
2506 408 2575 465 de
2614 409 2905 480 Scripturis
2952 411 3322 479 auctoritatem
3385 417 3635 486 exposcit
3690 394 3701 397 ’

323 501 697 574 Cogitatorium
720 503 904 564 tieret,
938 515 1045 554 non
1078 499 1290 569 Opinor.
1331 497 1464 553 Nam
1492 499 1536 553 si
1564 514 1780 553 omnem
1809 513 1922 553 ma-

326 593 662 664 lignitatem,
711 600 767 647 et
795 592 839 646 si
887 600 1089 646 tantam
1137 589 1218 664 (1)
1268 590 1522 646 malitiam
1564 590 1922 661 excogitatam

325 684 473 740 Deus
525 693 741 739 exactor
794 682 1116 739 innocentiae
1179 681 1333 746 odit,
1403 681 1700 736 indubitate
1771 697 1921 751 qua:-

326 790 537 844 cunque
580 772 855 842 condidit,
904 788 1011 829 non
1069 776 1122 827 in
1178 773 1381 828 exitum
1433 787 1657 844 operum
1711 780 1926 828 constat

331 867 638 924 condidisse
658 868 736 938 (a)
761 882 882 937 qua:
910 867 1153 934 damnat,
1173 867 1299 923 licet
1342 866 1531 921 eadem
1554 882 1718 936 opera
1750 883 1843 938 per
1862 881 1926 923 ea

327 976 447 1033 qua:
475 959 714 1015 condidit
749 959 1230 1026 administrentur,
1279 960 1496 1030 quando
1547 959 1663 1015 lucc
1701 961 1771 1014 sit
1815 970 1924 1015 tota

327 1054 466 1111 ratio
492 1052 878 1119 damnationis,
901 1066 1156 1123 perversa
1182 1051 1573 1107 administratio
1600 1051 1925 1108 conditionis

325 1160 357 1200 a
380 1143 611 1202 conditis
640 1144 741 1215 (2).
770 1144 879 1199 Nos
906 1145 1067 1215 igitur
1094 1144 1207 1214 qui,
1238 1144 1465 1198 Domino
1486 1144 1565 1215 (5)
1582 1144 1793 1215 cognito
1823 1142 1921 1213 (b),

326 1240 486 1293 etiam
532 1239 786 1293 :cmulum
813 1238 931 1308 ejus
974 1236 1290 1308 illSpicitmlS
1328 1235 1407 1308 (4)
1433 1277 1447 1300 ,
1471 1236 1582 1307 qui,
1614 1237 1920 1292 institutore

327 1343 627 1403 compertu,
655 1333 817 1388 etiam
847 1331 1286 1402 interpolatorem
1310 1346 1415 1386 una
1433 1330 1885 1401 deprehendimus
1906 1371 1922 1398 ,

328 1441 503 1497 neque
531 1426 754 1493 mirari,
785 1440 959 1497 neque
1009 1424 1257 1481 dubitare
1294 1433 1529 1494 oportet,
1560 1441 1721 1493 quum
1752 1426 1924 1494 ipsum

329 1515 633 1583 hominem,
663 1531 799 1588 opus
847 1526 903 1572 ct
931 1517 1215 1587 imaginem
1246 1515 1539 1583 Dei,totius
1567 1517 1929 1591 universitatis

325 1625 723 1681 possessorem,
758 1610 845 1665 illa
878 1607 960 1683 (5)
984 1610 1062 1665 vis
1090 1609 1492 1679 interpolatoris
1520 1618 1574 1665 et
1599 1610 1929 1665 mntulatoris

325 1702 503 1773 angeli
533 1703 602 1756 ab
630 1703 782 1758 initio
803 1702 870 1758 de
892 1702 1197 1773 integritate
1220 1701 1501 1771 deiecerit,
1517 1700 1598 1774 (6)
1624 1703 1924 1760 universam

330 1772 688 1854 substantiam
735 1796 854 1866 ejus
894 1795 975 1868 (ἶ)
1018 1772 1234 1865 pariter
1260 1810 1382 1851 cum
1424 1772 1542 1866 ipso
1572 1796 1626 1851 in
1657 1798 1929 1864 perversi-
1959 1772 2008 1832 Β

329 1898 492 1943 tatem
518 1887 845 1942 demntatam
866 1887 945 1958 (8)
970 1886 1230 1943 adversus
1258 1887 1621 1944 institutorem
1644 1930 1659 1955 ,
1685 1898 1741 1944 ut
1770 1905 1928 1959 quam

332 1977 577 2034 doluerat
603 1977 806 2034 homini
830 1994 1177 2046 concessam,
1223 1995 1331 2035 non
1357 1980 1497 2047 sibi,
1529 1982 1582 2036 in
1629 1997 1691 2037 ea
1719 1981 1834 2053 ipsa
1876 1991 1933 2039 et

332 2068 603 2125 hominem
641 2085 793 2126 reum
828 2070 937 2127 Deo
971 2070 1191 2140 laceret,
1243 2082 1299 2128 et
1326 2087 1480 2128 suam
1508 2071 1929 2131 dominationem
1950 2064 1974 2135 κ’

333 2161 643 2218 collocaret.

935 2258 1160 2315 CAPUT
1197 2258 1291 2315 111.

408 2349 521 2405 Hac
571 2349 893 2408 conscientia
960 2350 1208 2408 instructi
1265 2352 1345 2426 (9)
1401 2352 1663 2410 adversus
1714 2354 1930 2425 opinio-

334 2456 463 2498 nem
509 2441 887 2511 ethnicorum,
941 2447 1321 2500 convertamur
1383 2445 1555 2516 magis
1604 2444 1672 2500 ad
1717 2455 1932 2501 nostro-

335 2547 458 2588 rum
506 2530 835 2590 detractatus
859 2534 994 2608 (11)).
1043 2534 1407 2603 Quorumdam
1462 2536 1610 2591 enim
1660 2534 1793 2592 lides
1839 2544 1934 2592 aut

335 2623 665 2696 simplicior,
704 2635 798 2681 aut
824 2626 1227 2697 scrupulosior',
1254 2627 1323 2684 ad
1369 2626 1510 2683 hanc
1536 2626 1931 2684 abdicationem

2026 498 2100 573 (ε)
2124 542 2139 566 .
2173 510 2226 556 et
2258 517 2318 558 se
2344 503 2398 557 in
2444 502 2709 559 incertum
2736 504 3043 569 constituit,
3094 505 3237 575 quod
3266 521 3373 562 non
3417 508 3625 579 signiﬁ-

2025 602 2218 650 canter
2247 609 2419 664 neque
2453 594 2769 649 nominatim
2797 594 3143 650 denuntietur
3168 597 3340 653 servis
3374 598 3466 654 Dei
3487 600 3615 656 abs-

2026 684 2249 739 tincntia
2273 684 2562 755 ejusmodi.
2593 684 2756 740 Plane
2783 700 3048 755 nusquam
3074 686 3400 752 invenimus.
3429 705 3617 760 quem-

2026 775 2313 831 admodum
2370 785 2555 847 aperte
2634 777 2864 847 positum
2911 786 2995 832 est
3057 776 3278 848 (Exod.,
3311 779 3465 850 20.),
3509 780 3633 836 Non

2030 867 2227 921 occides
2246 909 2259 929 .
2290 883 2391 921 non
2421 866 2617 922 idolum
2644 867 2781 922 coles
2799 909 2814 933 ,
2847 884 2948 922 non
2972 867 3323 936 adulterium,
3353 887 3455 925 nun
3476 874 3628 943 frau-

2031 962 2144 1015 dem
2169 959 2404 1015 admittes
2434 976 2449 1026 ;
2480 960 2550 1015 ita
2580 968 2764 1017 exerte
2791 959 3093 1027 definitum,
3119 980 3139 1013 1
3173 960 3287 1016 Non
3319 962 3370 1017 in
3410 960 3628 1041 Circum

2031 1053 2133 1108 ibis
2163 1051 2316 1126 (11),
2350 1068 2460 1108 non
2508 1053 2561 1108 in
2615 1053 2923 1119 theatrum;
2954 1070 3218 1126 agonem,
3276 1070 3472 1112 munus
3524 1072 3634 1115 non

2029 1146 2296 1215 Spectabis
2326 1145 2463 1216 (12).
2494 1163 2513 1198 1
2549 1145 2657 1201 Sed
2683 1146 2986 1202 invenimus
3006 1145 3072 1202 ad
3096 1146 3235 1202 hanc
3258 1163 3473 1219 quoque
3502 1166 3635 1218 spe-

2030 1239 2170 1295 ciem
2200 1242 2469 1309 pertinere
2506 1239 2658 1294 illam
2691 1239 2918 1308 primam
2949 1254 3139 1295 vocem
3166 1240 3391 1308 .David,
3447 1242 3632 1313 Felix,

2027 1331 2201 1402 inquit
2229 1332 2247 1400 ζ
2256 1347 2335 1402 ps.
2369 1330 2435 1404 l.)
2466 1375 2480 1398 ,
2512 1332 2598 1402 qui
2642 1348 2743 1386 non
2772 1332 2896 1386 abiit
2941 1331 2993 1385 in
3023 1332 3298 1387 concilium
3324 1333 3597 1401 impiorum
3615 1374 3634 1402 ,

2029 1433 2075 1477 et
2096 1425 2149 1477 in
2167 1424 2249 1477 via
2279 1433 2594 1493 peccatorum
2634 1440 2736 1478 non
2765 1424 2919 1490 stetit,
2941 1433 2987 1479 et
3012 1424 3065 1478 in
3096 1425 3214 1495 (l3)
3244 1427 3486 1480 cathedra
3517 1444 3634 1496 pes-

2031 1515 2155 1569 tium
2177 1514 2259 1585 (d)
2294 1532 2396 1570 non
2444 1516 2595 1570 sedit.
2626 1514 2759 1570 Nam
2790 1514 2862 1583 (e)
2891 1517 2991 1570 etsi
3018 1516 3219 1586 justum
3249 1517 3401 1573 illum
3428 1518 3640 1577 videtur

2031 1609 2376 1681 praedicasse,
2412 1609 2556 1680 quod
2587 1610 2637 1663 iu
2676 1609 2906 1664 concilio
2921 1619 2976 1665 et
3022 1610 3074 1664 in
3103 1623 3368 1665 concessu
3402 1610 3516 1684 (14)
3544 1611 3640 1668 Ju-

2034 1701 2273 1756 daaorum
2305 1700 2373 1756 de
2418 1701 2530 1757 Deo
2559 1700 2875 1770 denegando
2907 1700 3486 1773 (15)consultantium,
3531 1719 3639 1760 non

2034 1796 2457 1852 communicavit
2490 1812 2504 1861 ;
2552 1796 2659 1851 late
2704 1802 2885 1849 tamen
2913 1809 3139 1865 semper.
3156 1793 3433 1865 Scriptura
3459 1795 3640 1853 divina

2036 1887 2109 1959 (Ῑ)
2164 1886 2421 1942 diViditur
2459 1928 2473 1951 ,
2545 1886 2849 1956 ubicunque
2898 1885 3192 1941 secundum
3240 1887 3523 1955 praesentis
3563 1886 3639 1943 rei

2035 1995 2254 2035 sensum
2281 1979 2443 2034 etiam
2471 1978 2754 2050 disciplina
2784 1979 3021 2033 munitur
3041 2019 3057 2045 ,
3088 1987 3148 2033 ut
3173 1977 3261 2034 hic
3290 1978 3407 2050 (l6)
3430 1995 3645 2051 quoque

2037 2087 2145 2127 non
2178 2072 2246 2126 sit
2273 2072 2447 2126 aliena
2475 2086 2583 2126 vox
2610 2086 2640 2125 a
2665 2070 3095 2141 spectaculorum
3142 2070 3539 2128 interdictione.
3569 2072 3629 2129 Si

2034 2163 2179 2218 enim
2206 2162 2463 2234 pauculos
2516 2171 2642 2218 tunc
2682 2161 2890 2232 judaaos
2916 2161 3201 2233 impiorum
3240 2163 3526 2219 concilium
3558 2162 3641 2235 (g)

2036 2255 2279 2321 vocavit,
2332 2262 2536 2325 quanto
2578 2255 2748 2325 magis
2796 2262 3001 2309 tantum
3053 2263 3380 2311 conventum
3432 2254 3639 2311 ethnici

2034 2349 2216 2421 p0puli
2241 2350 2255 2403 l
2282 2351 2332 2404 ui
2360 2349 2431 2420 pii
2459 2347 2698 2413 ethnici,
2731 2348 2848 2419 (l7)
2886 2348 3063 2403 minus
3088 2356 3435 2421 peccatores,
3467 2346 3645 2406 minus

2033 2441 2215 2497 hostes
2241 2440 2463 2508 Christi,
2496 2455 2654 2511 quam
2698 2447 2825 2495 tunc
2851 2438 3043 2501 11111181,
3076 2455 3182 2508 quo
3212 2438 3328 2511 (18)
3358 2448 3414 2494 et
3440 2449 3646 2495 caetera

2032 2543 2359 2607 congruunt.
2394 2533 2527 2589 Nam
2578 2532 2717 2603 apud
2759 2531 3071 2602 spectacula
3116 2541 3170 2586 et
3218 2532 3272 2586 in
3317 2530 3398 2587 via
3436 2538 3643 2600 statur.

2035 2626 2161 2682 Vias
2191 2627 2332 2683 enim
2366 2633 2558 2683 vocant
2584 2624 2661 2696 (h)
2693 2624 2938 2681 cardines
2983 2621 3282 2679 balteorum
3329 2638 3425 2695 per
3466 2623 3641 2679 ambi-

1577 2760 1968 2821 LECTIONES
2007 2762 2423 2820 VARIANTES.

398 2885 473 2954 (1)
504 2887 715 2954 Tantum
742 2885 940 2954 Fauni.
965 2885 1037 2954 gl.
1065 2885 1121 2935 S.
1146 2883 1256 2948 Big.

420 2946 473 3012 2)
505 2951 547 3001 A
569 2948 783 3012 0011111118
810 2946 942 2998 abest
959 2946 1070 3012 Rig.

422 3011 476 3084 ξ)
508 3012 618 3084 Ξ)θο
643 3011 754 3084 λῖθ’
858 3069 944 3084 -._
986 3068 995 3071 μ

424 3073 476 3141 1)
507 3073 964 3141 Inspexﬁpumtt-
1024 3137 1033 3141 -
1061 3134 1100 3141 _
1168 3130 1178 3141 .

424 3130 475 3187 5)
507 3130 779 3187 1111Ῥαγὶδ.
805 3134 880 3184 vis
900 3130 1033 3183 abest
1055 3130 1221 3182 Paris.

425 3194 477 3263 ρ)
510 3198 639 3263 Quin
665 3199 946 3263 universam
969 3194 1109 3263 addit
1140 3195 1328 3263 Wouiv.
1350 3196 1419 3263 dt.
1448 3194 1503 3244 S.
1612 3254 1624 3263 _
1648 3255 1659 3263 _
1711 3252 1765 3263 _.

510 3254 707 3329 Eat-iter
732 3260 965 3329 cumiyso
984 3254 1678 3329 integritatiinstitutanladd.
1704 3254 1815 3321 Big.

406 3320 482 3446 (8)
514 3321 797 3371 Demutarit
828 3320 1014 3390 )Vouw.
1044 3322 1114 3370 Μ.
1140 3320 1199 3369 S.
1221 3320 1498 3370 demutavit
1520 3320 1630 3384 Rig.

427 3386 460 3433 9
501 3383 758 3447 inisti-acta
781 3385 955 3447 Rig.“
1150 3446 1159 3447 ί
1223 3444 1247 3447 Δ

400 2953 420 3262 ἑ

554 3443 867 3494 Retractatus
896 3444 1083 3495 Wouw.
1112 3446 1180 3493 Μ.
1206 3444 1267 3494 S.

411 3447 492 3509 (10
554 3446 867 3494 Retractatus
896 3446 1083 3495 Wouw.
1112 3446 1180 3493 Μ.

411 3446 520 3571 (Hi
555 3506 662 3557 Non
686 3506 784 3555 ibis
805 3506 855 3556 in
880 3506 1068 3556 Circum
1088 3503 1197 3572 Rig.

2114 2882 2214 2946 (l2)
2252 2881 2587 2946 Exspectabis,
2604 2878 2715 2946 Rig.

2136 2941 2218 3010 ιδ)
2247 2941 2442 3010 Εεςῐ-
2465 2941 2952 3010 mammam-

2137 2996 2213 3076 lii
2247 3005 2381 3076 1.5”"
2404 2996 2546 3076 5955‘!
2570 3005 2683 3076 Ritt-
2711 3067 2721 3076 .
2817 3065 2875 3076 _.
2904 2996 2929 3010 ”
3568 2996 3609 3029 ⁸

2138 3067 2216 3135 lii)
2248 3067 2328 3135 ρο
2351 3067 2571 3135 negando
2594 3067 2791 3135 domino
2812 3067 2924 3135 Rig.

2138 3128 2217 3193 16)
2251 3128 2370 3193 ilice
2410 3130 2596 3180 Wouw.
2624 3132 2693 3179 Μ.
2718 3129 2774 3193 S.

2136 3186 2213 3263 L7.)
2239 3191 2410 3263 Fines
2435 3186 2981 3263 impiisuttticitﬁaqu-

2133 3250 2213 3318 l8)
2235 3254 2365 3313 Quid
2385 3250 2516 3318 quod
2537 3250 2716 3318 Rigalt.
2745 3250 2929 3318 ethnici
2955 3252 3153 3316 pepuli?
3176 3253 3330 3318 impii,
3355 3252 3651 3318 ntinus‘pec-

1967 3293 2013 3356 C
2046 3293 2271 3374 ωἰόἷέεῗ
2281 3293 3653 3377 ὖίἧιὶἰξῖιῖιεῖὲἔῗὶἣνῖἑίὶξ’ἑιῖἱειᾘ³ἱῖιὶἱᾲΞὶὶὲἑέἕίᾷἱξίἴϊῆἆιι

2058 3388 2113 3430 et
2135 3386 2314 3428 caetera
2352 3386 2647 3440 congruunt.
2680 3377 2864 3440 Wouw.
2884 3374 3025 3428 ’Cod.
3057 3374 3227 3437 script.
3251 3374 3352 3439 quo
3376 3374 3437 3424 ad
3466 3380 3655 3427 σείει-ι

2058 3448 2351 3503 congruunt.
2380 3437 2533 3492 Laiin.
2555 3441 2675 3491 Jun.
2702 3437 2881 3490 mavult
2904 3441 3010 3499 Quo
3035 3448 3087 3491 et
3106 3437 3306 3490 caetera.

1711 3611 2274 3675 COMMENTARIUS.

431 3731 510 3803 (a)
550 3729 674 3785 Non
701 3732 755 3784 in
794 3730 984 3803 exitum
1013 3728 1556 3803 operum_condidiss_e_.
1584 3727 1763 3803 Locus
1787 3744 1963 3803 anno-

360 3799 551 3858 tandus
579 3811 767 3856 contra
788 3799 1089 3865 Calvinum,
1118 3801 1207 3870 qui
1228 3800 1460 3855 lustitut.
1491 3801 1584 3855 lib.
1609 3799 1695 3855 111.
1722 3815 1842 3870 cap.
1864 3802 1954 3870 22,

355 3873 430 3930 25
458 3882 513 3929 et
540 3873 632 3928 24.
660 3873 911 3938 adstruit,
943 3872 1084 3941 quod
1116 3871 1256 3925 Deus
1282 3872 1485 3927 creavit
1524 3872 1809 3926 maximam
1833 3888 1956 3939 par-

362 3956 469 4001 tem
496 3944 681 4015 mundi
708 3942 775 3997 ad
818 3942 1214 4015 damnationem
1243 3953 1301 4015 et
1326 3942 1680 4015 perditionem
1720 3942 1956 4015 simplici

361 4017 580 4071 decreto
602 4014 894 4068 voluntatis
917 4030 1051 4084 sum,
1078 4012 1528 4084 quemadmodum
1559 4014 1659 4084 ipsi
1682 4014 1751 4067 ab
1773 4012 1960 4069 llelre-

361 4087 451 4141 tiis
478 4086 746 4154 objectum
797 4093 897 4138 est.
926 4081 1163 4154 Pnﬁ—
1208 4081 1277 4137 In
1315 4086 1506 4138 exitum
1552 4081 1784 4152 operum.
1834 4085 1950 4140 Non

360 4153 851 4226 placet’Pamclius,
881 4154 975 4220 qui
1022 4153 1107 4208 hic
1154 4154 1355 4226 exitum
1382 4155 1591 4224 accepit
1642 4170 1737 4223 pro
1764 4157 1948 4211 exitio.

357 4223 791 4284 Pcrl'cctissimus
821 4236 904 4279 est
931 4240 1141 4280 sensus.
1161 4223 1292 4279 Nam
1313 4241 1411 4278 vox
1440 4223 1763 4280 conterenda
1785 4227 1951 4282 estad

362 4314 582 4368 pravum
614 4312 769 4352 usum
799 4312 999 4368 rerum,
1028 4305 1081 4351 et
1110 4298 1178 4350 ita
1202 4296 1380 4350 omnia
1403 4295 1710 4368 conterent;
1738 4312 1846 4351 non
1886 4298 1953 4354 ad

356 4367 649 4443 perniciem
668 4386 679 4420 :
696 4383 823 4443 nium
847 4367 914 4422 de
935 4368 1037 4443 hac
1057 4383 1159 4421 non
1179 4368 1409 4443 disputat
1428 4367 1949 4443 'l'ertttlliauus,Lx_c.

427 4441 507 4511 (b)
550 4438 663 4494 Nos
690 4440 845 4511 igitur
870 4441 958 4511 qui
997 4437 1350 4511 Deo_cognit_o
1388 4441 1540 4493 etiam
1562 4437 1801 4511 tumulum
1842 4441 1956 4509 ejus

357 4506 893 4580 ins'pexiinustiltil'
935 4506 1258 4564 mutavimus
1307 4509 1358 4562 in
1412 4510 1511 4563 hac
1542 4508 1784 4577 periodo,
1831 4506 1955 4580 quia

361 4585 438 4641 sic
465 4583 811 4637 constitutam
854 4581 1151 4650 reperimus
1184 4582 1235 4633 in
1263 4581 1449 4635 codice
1478 4580 1776 4650 Agphardi.
1816 4580 1881 4634 Et
1911 4582 1955 4635 si

362 4653 695 4710 commodior
748 4653 995 4709 videatur
1041 4654 1307 4721 Scriptura
1362 4652 1485 4705 cod.
1536 4649 1705 4703 Fulvii
1739 4649 1954 4708 Ursini:

361 4726 473 4782 Nos
495 4726 649 4798 igitur
679 4725 766 4794 qui
796 4723 905 4779 Deo
932 4725 1133 4792 cognito
1155 4725 1307 4777 etiam
1336 4722 1574 4798 tantulum
1600 4724 1711 4793 ejus
1736 4726 1960 4793 inspexi-

360 4815 475 4852 mus
502 4792 534 4861 ,”
562 4792 701 4865 quid
732 4798 1019 4853 institutore
1062 4803 1318 4863 comperto
1358 4798 1509 4850 etiam
1548 4792 1959 4862 interpolatoi'em

358 4886 461 4924 una
487 4864 937 4940 deprehendimus,
960 4886 1051 4923 nec
1077 4870 1253 4923 mirari
1263 4911 1274 4929 .
1304 4883 1461 4935 neque
1489 4864 1720 4940 dubitare
1739 4880 1956 4936 oportet,

356 4957 472 4995 cum
494 4937 661 5011 ipsum
692 4941 967 5005 hominem,
994 4958 1124 5011 opus
1149 4951 1194 4994 et
1214 4941 1486 5010 imaginem
1515 4937 1634 5003 Dei,
1664 4941 1817 4993 totius
1840 4942 1958 4994 uni-

360 5012 614 5065 uersitatis
642 5027 1001 5080 possessorem,
1029 5012 1123 5066 illa
1163 5013 1236 5065 vis
1262 5012 1640 5076 interpolatoris
1670 5021 1715 5065 et
1740 5013 1951 5066 aemula-

362 5083 484 5137 toris
515 5084 684 5153 angeli
708 5084 772 5133 ab
802 5083 948 5137 initio
976 5085 1038 5136 tle
1063 5084 1354 5154 integritate
1397 5083 1651 5152 deiecerit,
1680 5084 1801 5149 quin
1835 5086 1949 5136 uni-

359 5168 552 5225 uersam
583 5154 918 5225 substantiam
965 5154 1098 5223 ejus,
1146 5154 1338 5222 pariter
1378 5170 1491 5205 cum
1528 5154 1639 5223 ipso
1677 5155 1953 5225 integritati

357 5224 664 5282 institutam.
694 5224 882 5292 pariter
906 5241 1021 5278 cum
1059 5225 1169 5291 ipso
1196 5225 1249 5278 in
1280 5226 1651 5294 perversitatem
1681 5224 1954 5280 demutarit

359 5294 598 5348 adversus
618 5295 979 5361 institutorem,
1010 5305 1114 5351 etc.
1144 5295 1265 5352 th.

432 5367 508 5433 (ο)
552 5364 629 5419 De
672 5368 937 5438 scripturis
976 5368 1328 5421 auctoritatem
1374 5369 1617 5438 exposcit.
1653 5366 1953 5437 Cyprianus

359 5435 427 5508 de
447 5436 773 5508 spectaculis
787 5439 861 5489 ait
887 5453 1102 5507 quoque
1133 5439 1201 5492 ita
1234 5435 1514 5508 qumsitnm
1540 5455 1567 5490 a
1598 5435 1939 5492 Christianis:

359 5506 545 5631 ivcrba
570 5507 709 5576 ejus)
730 5506 849 5575 Ubi,
870 5506 1133 5578 inquiunt,
1161 5506 1351 5578 scripta
1367 5521 1483 5562 sunt
1508 5510 1645 5562 ista?
1667 5509 1750 5561 ubi
1769 5510 1941 5573 prohi-

394 5578 466 5631 ita
485 5579 510 5631 1’
534 5587 590 5631 et
631 5577 814 5631 adiicit
857 5578 973 5631 loca
998 5581 1524 5631 SCI'iDltll‘:l!.ﬂllii)llS
1552 5580 1847 5631 niterentur
1872 5579 1939 5631 ad

394 5578 466 5632 ita
485 5579 518 5650 1"
534 5587 590 5633 et
631 5577 814 5648 adjicit
857 5577 973 5634 loca
998 5577 1524 5650 Scriptttr:e,rquibus
1552 5580 1847 5633 niterentur
1872 5579 1939 5633 ad

360 5648 561 5719 tuenda
602 5663 730 5717 Spec
752 5650 925 5712 acula,
959 5653 1098 5705 male
1121 5648 1136 5650 ἡ
1158 5648 1437 5718 explicata,
1489 5660 1606 5718 post
1634 5665 1752 5719 qnte
1776 5650 1941 5716 subji-

359 5722 434 5791 cit
464 5738 479 5773 :
518 5717 630 5773 Hoc
650 5720 703 5773 in
724 5721 834 5773 loco
863 5721 1097 5781 dixerim,
1125 5717 1274 5791 longe
1292 5719 1470 5773 melius
1490 5717 1668 5791 ’fuissei
1696 5720 1941 5774 1111111111-

362 5790 443 5844 las
466 5790 658 5845 litteras
682 5807 852 5861 nosse,
881 5808 1033 5861 quant
1054 5793 1126 5847 sic
1150 5789 1352 5883 litieras~
1363 5791 1541 5861 legere.
1571 5789 1703 5846 Lac.

2137 3732 2220 3806 (d)
2262 3731 2328 3806 In
2358 3732 2599 3806 cathedra
2630 3729 3040 3806 pestiu_ni._ldetn
3072 3730 3246 3806 habet
3261 3730 3505 3806 eruditus
3527 3729 3654 3806 Cle-

2063 3801 2219 3859 mens
2247 3803 2404 3859 Alex.
2438 3803 2716 3873 Pacdagogi
2747 3802 2837 3857 lib.
2872 3801 2958 3857 111.
2980 3816 3130 3873 1111111
3163 3803 3306 3857 enim
3356 3801 3523 3857 utitur
3552 3801 3656 3859 hoc

2065 3875 2183 3929 loco
2201 3876 2478 3945 pr0phetze
2504 3872 2657 3944 regii,
2682 3872 2944 3945 inferique
2962 3872 3282 3945 Christianis
3292 3874 3434 3927 omni
3455 3888 3654 3941 genere

2060 3943 2487 4015 spectaculorum
2510 3943 2631 4000 esSe
2657 3943 3266 4013 interdictum,snbjicit,
3291 3951 3362 3997 Οὐ
3389 3948 3437 3998 δὲ
3458 3949 3655 3998 ἀτειχί-

2061 4040 2150 4078 τως
2180 4024 2244 4072 τὰ
2265 4022 2445 4071 στάδια
2472 4028 2554 4072 καὶ
2595 4023 2660 4069 τὰ
2686 4024 2863 4085 θέατρα
2903 4019 3131 4085 καθέδραν
3175 4025 3368 4087 λοιμῶν
3404 4024 3656 4087 «pavitant

2059 4113 2134 4149 τις
2158 4091 2236 4149 ἂν,
2268 4104 2427 4158 neque
2452 4087 2539 4141 abs
2560 4088 2745 4158 requis
2769 4088 2964 4140 theatra
2986 4098 3029 4139 et
3048 4086 3336 4155 spectacula
3361 4086 3655 4140 cathedram

2057 4156 2355 4227 pestilentiae
2378 4158 2583 4213 dixerit.
2615 4156 2694 4211 Le
2720 4156 2816 4211 Pa.

2129 4228 2207 4301 (e)
2249 4228 2389 4301 Nam
2447 4229 2550 4301 etsi
2603 4230 2818 4301 justum;
2877 4224 3023 4279 illum
3070 4226 3269 4281 ridetur
3322 4227 3653 4301 praedicasse.

2059 4298 2235 4354 lunu'it
2277 4300 2570 4370 insepbum
2598 4298 3100 4370 Arimatlneensem,
3148 4314 3306 4368 quem
3356 4298 3527 4370 Lucas
3578 4300 3655 4353 ait

2057 4371 2229 4424 virum
2261 4367 2425 4426 fuisse
2456 4370 2681 4436 probum
2709 4383 2772 4422 ac
2812 4367 3036 4437 justum,
3086 4367 3185 4423 nec
3209 4368 3516 4425 interfuisse
3559 4378 3654 4423 aut

2057 4443 2397 4495 consensisse
2441 4440 2749 4496 Judarorum
2800 4438 3027 4492 consilio
3068 4440 3326 4495 adversus
3352 4439 3649 4494 Christutn.

1982 4549 2035 4609 1)
2065 4514 2281 4609 $95.59).)
2290 4509 3649 4609 9.9.???e313?35"3131‘.3§fii?“3i‘.Efﬁlﬁs‘ilni‘

2068 4582 2413 4637 Tertullianus
2434 4583 2486 4635 in
2518 4580 2648 4635 libro
2673 4581 2736 4632 de
2758 4579 3098 4650 Spectaculis,
3121 4581 3298 4635 asserit
3320 4580 3479 4650 hunc”
3495 4577 3653 4650 Psal-

2064 4671 2203 4707 ntum
2234 4663 2279 4706 et
2324 4654 2385 4707 de
2412 4652 2640 4722 losepho
2668 4648 2814 4719 posse
2837 4650 3086 4722 intelligi,
3121 4651 3208 4722 qui
3237 4666 3420 4719 corpus
3448 4648 3655 4703 Domini

2062 4726 2308 4793 sepelivit,
2331 4735 2378 4779 et
2400 4726 2462 4779 de
2490 4720 2568 4778 his
2606 4725 2691 4793 qui
2735 4725 2802 4775 ad
2829 4721 3118 4792 spectacula
3149 4720 3384 4793 Gentium
3406 4736 3509 4773 non
3534 4735 3655 4793 con-

2064 4790 2286 4849 veniunt.
2336 4796 2472 4851 Sttttl.
2513 4796 2601 4867 qui
2619 4790 2726 4850 eos
2753 4790 3178 4847 Commentarios
3205 4792 3531 4917 HiemnRuO
3554 4790 3653 4845 ad-

2065 4867 2321 4917 scrihaut.
2354 4868 2543 4917 lnserli
2571 4876 2696 4917 sunt
2721 4875 2898 4917 autem
2926 4863 3181 4917 oneribus
3206 4862 3385 4917 Beda}.
3463 4878 3529 4917 IG.

2065 4867 2321 4923 scribant.
2354 4862 2546 4923 lnserti
2571 4876 2696 4921 sunt
2721 4875 2898 4918 autem
2926 4863 3181 4931 operibus
3206 4862 3385 4917 Bt-dm.
3412 4862 3529 4917 Rto.

2137 4941 2201 5009 (Γ)
2245 4939 2369 4994 Late
2430 4950 2597 4993 tamen
2648 4951 2845 5006 semper
2873 4934 3140 5009 Scriptura
3178 4934 3353 5009 dicina
3386 4933 3652 5009 diuiditur.

2065 5010 2146 5066 Ex
2177 5003 2372 5066 divime
2399 5010 2566 5080 copiae
2596 5003 2900 5069 occasione,
2932 5014 2988 5059 ut
3014 5004 3090 5058 ait
3134 5005 3393 5060 adversus
3425 5003 3659 5059 Valenti-

2058 5085 2266 5138 niauos.
2299 5083 2420 5138 lito.

2129 5154 2207 5223 (ις)
2243 5153 2456 5207 Judwos
2481 5152 2755 5217 impiorum
2784 5148 3076 5223 concilium.
3109 5145 3220 5201 Hoc
3242 5145 3659 5223 iniseroelogio

2057 5218 2230 5279 allecti
2258 5235 2375 5278 sunt
2399 5224 2483 5276 isti
2512 5221 2823 5276 miserrimi.
2847 5219 2936 5274 Sic
2956 5227 3011 5273 et
3037 5218 3358 5286 Augustinus
3375 5218 3533 5287 epist.
3558 5218 3653 5273 51.

2057 5294 2255 5362 lmpios
2287 5305 2437 5349 vocat
2472 5293 2703 5347 .Iudmos.
2749 5290 2905 5346 Joau.
2932 5289 3395 5362 Chrysqst._orat.
3440 5288 3493 5341 2.
3527 5290 3654 5362 adv.
3706 5336 3709 5339 ,

2059 5357 2197 5426 illus.
2244 5366 2337 5419 (lat
2381 5365 2490 5418 illis
2533 5367 2772 5425 ἀσεδξωιν,
2826 5370 2881 5414 et
2934 5357 3090 5414 conc.
3119 5357 3401 5413 Trulleuse
3445 5374 3563 5428 cap.
3602 5360 3655 5413 1.

2057 5441 2341 5491 δυσσέϐειαν.
2376 5435 2628 5505 Dionysio
2657 5431 3019 5488 Alexzmdriuo
3045 5440 3302 5505 vocantur
3325 5430 3531 5498 per/itii.
3591 5430 3657 5483 κε

2045 5507 2199 5562 Joan.
2224 5501 2644 5578 Chrysostfloco
2682 5505 2844 5558 citato
2886 5510 3037 5554 vocat
3086 5501 3208 5578 illus
3238 5506 3512 5571 πιρένομον
3557 5524 3651 5555 πο-

2046 5586 2243 5642 λιτείαν,
2277 5571 2485 5631 et'inl‘ra
2515 5580 2718 5647 hosp/s7;
2743 5585 2825 5628 καὶ
2843 5594 3063 5647 μιαθους.
3092 5571 3230 5647 ⁸Ῐλᾼῧ.

2120 5649 2204 5719 th)
2257 5647 2372 5700 Vias
2400 5648 2542 5719 enim
2557 5641 2734 5719 vocant
2755 5654 2802 5698 et
2827 5644 3060 5719 cardines
3084 5641 3385 5719 balteorum.
3420 5641 3495 5696 De
3545 5641 3631 5719 liis

2043 5712 2435 5787 omm'busqum
2478 5716 2545 5770 ad
2591 5718 2803 5771 Circum
2839 5715 3116 5787 pertinent»
3162 5712 3413 5787 notabilia
3460 5715 3627 5787 multa

2039 5789 2253 5860 collegit
2281 5782 2622 5845 doctissimus
2661 5786 2955 5844 Salmasius
2988 5783 3242 5840 l’liniauis
3269 5782 3338 5840 ad
3379 5783 3625 5842 Solinmn
