4252 6270
718 339 832 399 6‘59

2139 339 2599 399 TERTULLIANI
2634 321 2640 330 '

3917 340 4029 402 640

723 459 794 516 de
841 458 1090 525 sedibus,
1145 456 1214 512 de
1261 459 1513 524 coronis,
1545 457 1613 511 de
1661 457 1901 522 exuviis,
1930 465 2128 527 quanta
2175 471 2317 528 prse-
2345 457 2400 518 Α
2428 457 2579 512 trinis
2607 455 2710 511 diis
2744 464 2964 526 parent,
2995 455 3237 524 magnis,
3293 452 3640 524 potentibus,
3698 453 4027 511 valentibus.

725 558 874 606 terea
929 563 1114 614 sacra,
1162 557 1360 618 quanta
1443 549 1703 605 sacriﬁcia
1757 548 2097 619 prazeedaut,
2157 550 2322 604 inter-

724 642 954 703 cedant,
1001 640 1329 706 succedant,
1373 650 1501 711 quot
1529 641 1788 712 collegia,
1817 649 1946 711 quot
1989 641 2317 706 sacerdotia,

724 741 855 803 quot
892 731 1066 785 ofﬁcia
1099 739 1450 795 moveantur,
1502 732 1678 787 sciunt
1708 731 1952 785 homines
2002 731 2146 785 illius
2174 731 2323 786 urbis

727 825 781 882 in
804 840 905 896 qua
929 824 1314 880 diemoniorum
1337 834 1635 880 conventus
1657 826 1894 881 eoosedit
1921 827 2025 896 (a).
2050 826 2120 879 lia
2150 826 2192 878 si
2216 825 2321 879 mi-

723 933 856 974 nore
883 933 1010 974 cura
1053 934 1147 989 per
1175 919 1479 988 provincias
1516 933 1612 989 pro
1657 918 1952 973 minoribus
1997 917 2201 972 viribus
2228 916 2323 970 ad-

723 1011 1130 1076 ministrantur,
1183 1019 1363 1065 tamen
1413 1026 1602 1065 omnes
1645 1011 1842 1079 ubique
1868 1011 2154 1065 Circenses
2201 1008 2323 1064 illuc

724 1101 1057 1172 deputandi,
1107 1103 1247 1158 unde
1301 1112 1355 1157 et
1422 1111 1710 1172 petuntur;
1767 1102 1890 1157 inde
1938 1102 2319 1171 inquinantur,

724 1195 866 1251 unde
897 1204 1199 1250 sumuntur.
1231 1194 1362 1249 Nam
1408 1205 1461 1248 et
1487 1193 1690 1248 rivulus
1723 1193 1895 1248 tenuis
1923 1208 1985 1247 ex
2016 1208 2112 1246 suo
2140 1193 2284 1246 fonte
2305 1231 2320 1255 ,

723 1297 778 1343 et
802 1288 1048 1343 surculus
1093 1287 1334 1342 modicus
1361 1302 1427 1341 ex
1454 1303 1558 1341 sua
1590 1285 1778 1340 fronde
1802 1327 1818 1352 ,
1869 1285 2180 1353 qualitatem
2211 1284 2323 1339 ori-

722 1381 863 1450 ginis
913 1380 1175 1434 continet.
1230 1379 1431 1433 Viderit
1479 1378 1698 1432 ambitio
1723 1379 1839 1432 sive
1881 1377 2156 1447 frugalitas
2203 1376 2322 1444 ejus

724 1487 830 1542 quo
857 1471 934 1543 (Ι)
987 1471 1152 1526 Deum
1200 1470 1458 1526 offendit:
1491 1470 1876 1540 qualiscunque
1917 1484 2109 1539 pompa
2150 1467 2318 1532 circi,

724 1564 824 1619 etsi
857 1580 1023 1635 pauca
1078 1565 1361 1620 simulacra
1384 1563 1761 1629 circumferat,
1797 1565 1848 1617 in
1873 1578 1978 1618 uno
2019 1563 2320 1618 idololatria

724 1668 836 1712 est:
868 1666 921 1712 et
951 1657 993 1710 si
1025 1673 1185 1712 unum
1241 1657 1485 1712 thensam
1517 1656 1730 1721 trahat,
1761 1654 1915 1710 .lovis
1962 1665 2137 1708 tamen
2171 1655 2320 1724 plau-

723 1759 893 1803 strum
926 1758 1045 1802 est:
1080 1749 1283 1818 quaevis
1329 1748 1628 1802 idololatria
1661 1747 1877 1801 sordide
1902 1747 2160 1800 instructa
2184 1787 2197 1808 ,
2232 1744 2319 1800 vel

2425 549 2657 606 Eosdem
2689 548 3066 603 Samothracas
3093 547 3424 602 existimant.
3466 545 3696 601 Obelisci
3734 547 4027 604 enormitas

2423 642 2497 714 (ε)
2527 685 2539 708 ,
2569 651 2627 697 ut
2681 641 3012 714 Hermateles
3058 640 3321 706 afﬁrmat,
3349 638 3474 719 Soli
3520 638 3804 719 prostituta
3852 657 3866 693 :
3897 641 4030 694 scri-

2427 745 2578 806 ptura
2625 734 2745 803 ejus
2777 733 2916 787 unde
2966 744 3020 787 et
3047 746 3275 797 census,
3319 729 3384 785 de
3431 717 3665 802 [Egypto
3715 733 4026 800 superstitio

2425 835 2527 882 est.
2577 825 2827 895 Frigebat
2880 823 3187 878 daemonum
3229 823 3513 880 concilium
3555 822 3672 876 sine
3713 837 3808 876 sua
3854 831 4028 878 matre

2427 934 2650 989 magna;
2729 932 2791 973 ea
2843 917 3022 987 itaque
3070 916 3175 970 illic
3225 914 3478 984 prmsidet
3535 914 3754 984 Euripo.
3812 913 4026 970 Consus

2427 1010 2446 1082 (
2475 1020 2531 1065 ut
2561 1010 2832 1079 diximus)
2859 1009 2999 1078 apud
3045 1017 3216 1062 metas
3243 1008 3343 1062 sub
3377 1019 3515 1062 terra
3557 1006 3845 1062 delitescit.
3876 1006 4030 1061 Mur-

2427 1104 2529 1158 tias
2565 1118 2780 1174 quoque
2825 1103 3022 1157 idolum
3089 1101 3213 1156 fecit
3245 1100 3349 1172 (9).
3400 1100 3643 1155 Murtiam
3689 1099 3834 1154 enim
3871 1099 4030 1156 deam

2427 1196 2626 1250 amoris
2667 1194 2738 1268 (Γ)
2783 1195 3005 1257 volunt,
3058 1194 3143 1248 cui
3177 1194 3230 1247 in
3273 1193 3359 1248 illa
3396 1202 3544 1263 parte
3593 1192 3764 1248 aedem
3806 1208 4028 1248 vovere.

2427 1287 2829 1350 Animadverte,
2861 1287 3173 1350 Christiane,
3206 1295 3335 1355 quot
3356 1285 3572 1340 nomina
3605 1283 3721 1353 (IO)
3753 1283 4030 1339 immunda

2430 1380 2776 1450 posscderint
2809 1380 3046 1434 Circum.
3074 1379 3259 1434 Aliena
3287 1388 3371 1433 est
3395 1379 3488 1433 tibi
3520 1377 3727 1448 religio,
3759 1393 3922 1447 quam
3955 1388 4035 1433 tot

2425 1471 2624 1526 diaboli
2657 1472 2886 1541 spiritus
2919 1481 3344 1542 occupaverunt.
3380 1471 3454 1525 De
3482 1469 3616 1524 locis
3639 1468 3853 1538 quidem
3881 1469 4034 1524 locus

2425 1572 2510 1619 est
2533 1562 2854 1618 retractandi
2887 1562 2954 1617 ad
2999 1561 3434 1633 praeveniendam
3476 1560 3832 1632 quorumdam
3863 1561 4033 1617 inter-

2425 1655 2781 1726 rogationem.
2815 1656 2952 1722 Quid
2975 1656 3118 1710 enim
3145 1695 3160 1720 ,
3219 1653 3396 1724 inquis
3419 1696 3433 1717 ,
3467 1655 3512 1708 si
3549 1654 3655 1708 alio
3697 1654 3749 1708 in
3789 1662 4035 1722 tempore

2426 1745 2642 1802 Circum
2671 1747 2856 1802 adiero
2882 1788 2896 1812 ,
2939 1747 3286 1817 periclitabor
3312 1746 3380 1800 de
3414 1746 3856 1816 inquinamento?
3877 1746 4032 1801 Nulla

724 1840 933 1896 modice
958 1840 1195 1911 locuples
1222 1841 1298 1912 (2)
1321 1840 1595 1910 splendida
1625 1850 1706 1894 est
1747 1854 1915 1894 censu
1953 1838 2196 1895 criminis
2221 1837 2325 1892 sui.
2357 1829 2407 1890 Β
2433 1851 2516 1895 est
2543 1840 2876 1911 prmscriptio
2918 1839 2986 1895 de
3011 1840 3166 1894 locis.
3199 1838 3332 1893 Nam
3363 1837 3475 1894 non
3500 1840 3614 1894 sola
3644 1841 3742 1894 ista
3766 1840 4026 1895 concilia-

1319 1933 1547 1988 CAPUT
1591 1931 1724 1987 VIII.
2069 1987 2074 1992 .

794 2025 866 2082 Ut
901 2025 1050 2080 etde
1099 2024 1260 2088 locis,
1310 2023 1604 2080 secundum
1655 2025 1985 2095 propositum
2018 2037 2317 2093 exsequar,

723 2119 899 2174 circus
947 2117 1056 2174 Soli
1113 2117 1478 2189 principaliter
1510 2125 1870 2172 consecratur
1921 2115 2126 2185 :cujus
2175 2112 2321 2168 mdes

724 2212 901 2267 medio
952 2212 1155 2282 spatio,
1186 2221 1241 2266 et
1287 2211 1494 2282 effigies
1543 2211 1611 2266 de
1664 2210 1878 2281 fastigio
1907 2209 2040 2264 sedis
2085 2209 2320 2273 emicat,

723 2305 867 2374 quod
925 2319 1029 2360 non
1099 2305 1404 2373 putaverint
1495 2302 1576 2375 (3')
1633 2303 1734 2360 sub
1789 2311 1933 2359 tecto
1997 2315 2323 2358 consecran-

725 2399 893 2462 dum,
940 2411 1106 2467 quem
1165 2395 1219 2450 in
1266 2405 1454 2466 aperto
1500 2395 1720 2451 habent.
1781 2395 1936 2464 Quod
1983 2394 2063 2467 (4)
2109 2401 2325 2462 Specta-

725 2490 904 2544 culmn
953 2489 1182 2558 primum
1226 2504 1256 2541 a
1300 2488 1457 2544 Circe
1496 2488 1714 2544 habent.
1758 2488 1868 2545 Soli
1925 2487 2212 2558 patrisuo,
2270 2493 2329 2539 ut

724 2581 911 2634 volunt
954 2578 1054 2651 (5),
1083 2579 1308 2635 editum.
1334 2579 1636 2634 afﬁrmant:
1669 2580 1737 2634 ab
1791 2595 1851 2634 ea
1876 2588 1930 2635 et
1974 2579 2113 2633 Circi
2145 2575 2326 2646 appel-

701 2658 978 2726 lationem
1008 2678 1471 2740 argumentantur.
1505 2669 1666 2725 Plane
1717 2670 1797 2744 (6)
1846 2669 2084 2724 veneﬁca
2111 2672 2190 2725 eis
2217 2669 2322 2724 uti—

727 2777 832 2832 que
858 2760 1127 2832 negotium
1167 2761 1337 2830 gessit
1363 2761 1466 2815 hoc
1490 2801 1503 2825 ,
1560 2761 1778 2816 nomine
1806 2776 2034 2832 quorum
2078 2763 2329 2820 sacerdos

729 2863 881 2917 erat,
929 2853 1210 2908 dmmoniis
1250 2863 1303 2908 et
1352 2854 1558 2924 angelis
1603 2854 1831 2908 scilicet.
1877 2854 2020 2923 Quot
2065 2855 2225 2925 igitur
2275 2856 2330 2911 in

729 2943 917 3001 habitu
953 2947 1054 3002 loci
1097 2947 1262 3014 ipsius
1300 2946 1640 3002 idololatrias
1688 2949 2069 3018 recognOscis!
2119 2949 2329 3020 singula

729 3048 1046 3094 ornamenta
1092 3039 1272 3107 Circi,
1323 3041 1530 3111 singula
1578 3041 1778 3109 templa
1807 3049 1951 3096 sunt.
1981 3040 2090 3096 Ova
2135 3041 2330 3097 honori

731 3128 1011 3187 Castorum
1060 3132 1136 3204 (b)
1163 3131 1509 3194 adscribunt,
1561 3134 1649 3203 qui
1683 3132 1804 3188 illos
1853 3147 1956 3187 ovo
1999 3132 2171 3190 editos
2211 3149 2330 3190 cre-

729 3222 908 3280 dendo
961 3224 1030 3280 de
1069 3240 1240 3296 cygno
1291 3223 1424 3279 Jove
1473 3239 1577 3278 non
1630 3224 1954 3280 erubescunt
1986 3223 2083 3298 (c).
2115 3224 2332 3295 Delphi-

732 3333 830 3372 nos
870 3316 1117 3388 Neptuno
1143 3327 1338 3373 vovent
1391 3316 1474 3387 (d)
1496 3359 1509 3384 ,
1542 3317 1819 3372 columnas
1847 3316 1933 3390 (7)
1975 3319 2174 3374 sessias
2200 3334 2228 3372 a
2257 3335 2336 3374 se-

731 3409 1152 3473 mentationibus,
1203 3409 1431 3466 messias
1467 3425 1498 3463 a
1541 3411 1788 3465 messibus
1816 3452 1829 3475 ,
1882 3412 2138 3467 tutelinas
2179 3428 2206 3466 a
2250 3425 2334 3467 tu-

733 3503 844 3556 telis
897 3501 975 3576 (8)
1021 3502 1293 3557 fructuum
1358 3501 1648 3557 sustinent.
1698 3505 1839 3558 Ante
1880 3503 1975 3558 has
2021 3514 2130 3558 tres
2180 3519 2330 3570 arae,

2423 1933 2546 1988 bula
2574 1932 3035 2002 spectaculorum,
3065 1932 3161 1987 sed
3189 1933 3349 1986 etiam
3374 1933 3569 2002 templa
3595 1932 3707 2001 ipsa
3733 1932 3851 1988 sine
3878 1932 4025 2001 peri-

2425 2026 2548 2079 culo
2592 2025 2891 2094 disciplina:
2943 2024 3094 2080 adire
3142 2039 3332 2080 servus
3383 2025 3476 2080 Dei
3529 2034 3739 2095 potest,
3796 2035 4022 2097 urgente

2427 2132 2615 2173 caussa
2644 2116 2872 2187 simplici
2903 2115 3184 2182 duntaxat,
3215 2132 3335 2187 qua:
3365 2131 3470 2171 non
3497 2117 3765 2188 pertineat
3792 2117 3859 2172 ad
3902 2132 4032 2187 pro-

2428 2214 2602 2281 prium
2643 2209 2758 2279 ejus
2784 2208 2886 2264 loci
2920 2209 3192 2280 negotium
3232 2207 3317 2264 vel
3361 2207 3621 2264 ofﬁcium.
3670 2210 3935 2266 Caeterum
3962 2218 4022 2265 et

2430 2303 2621 2374 platea:
2647 2343 2661 2369 ,
2713 2310 2767 2356 et
2804 2300 2982 2356 forum
3010 2343 3024 2368 ,
3074 2309 3130 2356 et
3159 2301 3364 2356 balnea:
3389 2342 3403 2366 ,
3435 2309 3491 2356 et
3519 2301 3728 2357 stabula
3757 2342 3773 2368 ,
3817 2311 3869 2357 et
3899 2302 4032 2370 ipsa:

2429 2396 2622 2451 domus
2663 2404 2864 2450 nostrae
2911 2394 3032 2449 sine
3081 2393 3238 2449 idolis
3264 2393 3488 2448 omnino
3517 2407 3628 2448 non
3657 2402 3817 2458 sunt;
3859 2401 4031 2448 totum

2430 2487 2689 2542 smculum
2721 2485 2951 2542 Satanas
2975 2494 3029 2540 et
3058 2485 3386 2558 angelicjus
3411 2484 3772 2554 repleverunt.
3801 2483 3918 2539 Non
3955 2495 4034 2537 ta-

2430 2596 2552 2635 men
2581 2577 2720 2649 quod
2750 2579 2800 2633 in
2827 2577 3028 2632 saeculo
3055 2592 3272 2645 sumus,
3304 2593 3333 2631 a
3364 2577 3471 2631 Deo
3497 2576 3831 2643 excidimus,
3862 2577 3959 2632 sed
3990 2577 4035 2632 si

2434 2671 2562 2740 quid
2615 2671 2683 2726 de
2733 2671 2916 2727 saeculi
2967 2669 3282 2726 criminibus
3331 2671 3678 2740 attigerimus.
3703 2669 3946 2725 Proinde
3989 2672 4035 2726 si

2431 2759 2756 2832 Capitolium
2777 2805 2791 2829 ,
2823 2763 2868 2818 si
2892 2761 3188 2832 Serapeum
3231 2761 3557 2817 sacriﬁcator
3577 2771 3634 2818 et
3673 2761 3930 2818 adorator
3957 2763 4038 2818 in-

2434 2863 2648 2908 travero
2668 2897 2683 2922 ,
2712 2870 2742 2909 a
2773 2855 2882 2910 Deo
2903 2855 3148 2910 excidam
3174 2896 3189 2920 ,
3243 2854 3698 2926 quemadmodum
3725 2857 3926 2912 circum
3950 2858 4037 2913 vel

2435 2945 2706 3001 theatrum
2743 2956 3033 3017 spectator.
3069 2946 3212 3001 Loca
3250 2961 3350 3001 nos
3391 2961 3496 3001 non
3525 2948 3896 3002 contaminant
3941 2964 4038 3018 per

2436 3052 2529 3104 se,
2576 3039 2670 3093 sed
2694 3054 2812 3108 qua:
2862 3039 2914 3092 in
2970 3039 3100 3093 locis
3150 3037 3321 3104 ﬁunt,
3377 3054 3406 3092 a
3437 3039 3632 3109 quibus
3658 3048 3713 3096 et
3757 3040 4035 3110 ipsa~loca

2437 3131 2789 3186 contaminari
2817 3131 3060 3186 altercati
3089 3146 3275 3185 sumus
3299 3147 3311 3183 :
3353 3129 3422 3185 de
3451 3131 3823 3187 contaminatis
3851 3139 4034 3187 conta-

2437 3225 2704 3280 minamur
2755 3223 2894 3297 (ll).
2950 3225 3242 3294 Propterea
3283 3232 3464 3279 autem
3505 3238 4030 3292 commemoramus,

2438 3316 2633 3386 quibus
2657 3315 2920 3386 ejusmodi
2953 3317 3069 3370 loca
3095 3315 3343 3370 dicentur
3361 3356 3376 3382 ,
3409 3325 3465 3370 ut
3486 3329 3675 3372 eorum
3704 3315 4032 3372 demonstre-

2438 3424 2558 3465 mus
2586 3423 2708 3465 esse
2735 3451 2748 3476 ,
2790 3425 2910 3480 qua:
2952 3408 3008 3463 in
3054 3408 3140 3464 his
3167 3407 3300 3465 locis
3343 3407 3510 3477 ﬁunt,
3560 3409 3754 3481 quibus
3799 3410 3912 3466 loca
3944 3409 4031 3466 di-

2438 3509 2647 3559 cantur.

1949 3617 2243 3674 LECTION
2249 3618 2331 3676 ES
2369 3618 2784 3676 VARIANTES.

797 3728 870 3795 (1)
905 3727 1229 3795 timaram;-
1247 3734 1505 3795 “nutuque
1522 3729 1656 3795 αὺεεςε
1681 3727 1791 3795 Βία·

796 3788 870 3854 (g)
902 3789 966 3854 Et
988 3788 1241 3853 Splendida
1269 3788 1434 3854 Lutin.'
1446 3793 1532 3840 sed
1557 3788 1810 3854 splendida
1837 3790 1994 3844 Paris.

795 3851 868 3978 (ὃ)
901 3851 1228 3924 Putaverunt.
1253 3851 1360 3918 Rig.
1388 3853 1450 3904 Et
1472 3861 1527 3904 ut
1557 3851 1666 3904 Pet.
1693 3853 1887 3905 Ciacon.

793 3912 844 3978 (ι
902 3914 996 3978 Qul
1023 3917 1132 3978 R19-
1221 3975 1230 3978 _
1386 3974 1397 3978 _

793 3974 866 4040 (ξ)
902 3975 968 4040 Ut
993 3974 1160 4026 volunt
1182 3975 1312 4040 abest
1335 3974 1443 4040 Ilig.

793 4037 868 4103 (6)
901 4039 1206 4100 Argutautur
1227 4038 1371 4101 plane
1395 4037 1515 4088 Jun.

2497 3733 2570 3798 (7)
2603 3734 2816 3798 Yomunt
2838 3733 3078 3798 columna:
3106 3733 3216 3798 Rig.

2497 3794 2570 3862 (8)
2604 3795 2780 3862 Iutela
2799 3794 2908 3862 Rig-

2495 3858 2779 3929 (9)__Murtia
2801 3858 3001 3922 quoque
3028 3859 3076 3908 id
3096 3859 3212 3910 olim
3235 3858 3354 3911 fecit
3369 3859 3519 3910 Latin.
3540 3859 3757 3911 Murtias.
3782 3859 3889 3913 Has
3905 3875 4033 3926 quo-

2433 3935 2532 3984 que
2551 3926 2659 3988 Rig.

2500 3984 2610 4045 (10)
2645 3982 2859 4045 Numina
2883 3984 3006 4033 Jun.

2491 4042 2601 4108 (III
2630 4044 3027 4096 Contaminantur
3044 4042 3154 4111 Rig.

2095 4151 2656 4210 COMMENTARIUS.

729 4281 1130 4329 armamaxam,
1177 4274 1236 4321 ut
1283 4265 1370 4320 alii
1421 4265 1702 4336 scribunt)
1745 4265 1933 4322 Junius
1981 4267 2048 4322 ab
2078 4267 2314 4335 essedo,

731 4340 968 4407 pilento,
1003 4337 1254 4406 pctorito,
1287 4337 1410 4406 quia
1439 4337 1526 4391 alii
1550 4336 1882 4392 contundunt
1907 4354 2028 4393 cum
2061 4339 2185 4392 illis.
2219 4341 2319 4394 ait-

729 4425 833 4479 que
860 4424 981 4464 esse
1012 4409 1225 4477 proprie
1252 4418 1454 4463 vectem
1483 4409 1828 4476 gestatorium
1851 4452 1866 4472 ,
1898 4409 1988 4478 qui
2034 4425 2195 4478 opera
2227 4410 2321 4464 ho-

729 4481 932 4535 minum
983 4479 1261 4534 tolleretur
1286 4481 1530 4532 manibus
1577 4479 1918 4546 humerisve,
1951 4479 2017 4534 ad
2048 4498 2167 4534 eum
2207 4497 2322 4535 mo-

729 4551 888 4616 dum,
920 4567 1027 4620 quo
1056 4550 1204 4603 sella:
1231 4549 1533 4618 gestatoria:
1559 4551 1697 4614 apud
1731 4551 2044 4606 Suetonium
2068 4593 2081 4613 ,
2110 4562 2164 4607 et
2191 4552 2317 4615 ,lee-

730 4625 849 4678 tica:
897 4621 1036 4692 apud
1077 4621 1357 4676 Senecam.
1394 4621 1534 4690 Ergo
1584 4620 1947 4676 Tertullianus
1974 4638 2002 4674 a
2029 4623 2278 4677 curribus
2302 4664 2318 4689 ,

729 4695 818 4762 qui
843 4691 1101 4761 jumentis
1119 4692 1428 4762 agebantur,
1455 4708 1482 4742 a
1505 4691 1708 4746 thensis
1726 4709 1842 4756 qua:
1867 4692 2104 4753 funibus,
2135 4696 2325 4748 transit

727 4761 796 4818 ad
829 4761 1200 4818 harmamaxas
1221 4804 1236 4825 ,
1263 4779 1382 4831 qua:
1413 4761 1651 4816 humeris
1679 4764 2002 4818 tollebantur
2047 4765 2115 4818 ab
2148 4766 2324 4817 homi-

733 4836 887 4906 nibus
913 4876 926 4900 ,
964 4834 1476 4906 rita_attestantibus
1523 4833 1758 4888 studium
1802 4851 1955 4889 sumn
1997 4851 2122 4906 erga
2173 4851 2324 4890 sacra

734 4905 1028 4961 Circensia.
1061 4903 1193 4959 Lac.

801 4976 878 5044 (a)
923 4975 946 5028 Ι
958 4975 1073 5030 llius
1105 4976 1241 5028 urbis
1267 4976 1318 5028 in
1356 4991 1455 5042 qua
1491 4976 1857 5030 dwmoniorum
1899 4985 2171 5030 conventus
2197 4993 2322 5030 con-

729 5049 878 5102 sedit.
904 5047 1128 5101 Romam
1153 5054 1206 5117 et
1239 5046 1555 5115 Capitolium
1579 5046 1860 5115 signiﬁcat.
1908 5047 1973 5101 Et
1996 5048 2319 5117 Capitolium

731 5119 949 5186 quidem
984 5117 1035 5170 in
1064 5116 1290 5187 Apolog.
1320 5133 1438 5186 pag.
1488 5118 1540 5170 7.
1569 5117 1784 5172 Curiam
1811 5119 2042 5173 Deorum
2065 5116 2184 5173 esse
2205 5120 2274 5171 ait
2299 5160 2315 5183 ,

735 5191 822 5244 ubi
874 5188 1080 5312 sicilli‘eet
1130 5189 1361 5243 Deorqu
1391 5188 1663 5259 synodus,
1698 5189 1940 5258 ejusdem
1984 5191 2319 5260 Apologctici

735 5277 850 5312 ean.
919 5301 930 5312 .
1016 5276 1082 5312 IG.
1641 5281 1649 5290 -

726 5277 850 5315 can.
878 5261 930 5314 6.
967 5261 1082 5315 lite.
1641 5281 1649 5290 -

815 5279 850 5312 ὶ.
878 5279 930 5314 υ.
967 5279 1082 5315 I‘IG.
1641 5281 1649 5290 '

799 5279 882 5400 l(b)
929 5331 1036 5383 Ova
1063 5331 1243 5385 honori
1286 5330 1601 5384 Castrorum.
1635 5329 1814 5399 Spatia
1846 5330 2230 5386 curriculorum
2264 5333 2314 5386 in

727 5403 872 5458 circo
899 5403 1014 5456 ovis
1049 5411 1225 5455 notata
1256 5400 1420 5456 fuisse
1450 5418 1514 5455 cx
1558 5401 1708 5455 Livio
1731 5444 1746 5467 ,
1782 5402 1948 5456 Dione
1969 5444 1983 5465 ,
2027 5412 2080 5458 et
2105 5403 2317 5456 Cassio.

725 5475 860 5528 doro
891 5474 1091 5538 prinms
1118 5473 1658 5544 annotavitinlciatus
1689 5473 1781 5528 lib.
1811 5473 1866 5527 4.
1899 5473 2164 5544 Parergon
2189 5489 2310 5543 cap.

726 5547 820 5599 ult.
845 5545 961 5612 Quo
981 5544 1140 5597 etiam
1164 5545 1348 5597 alludit
1375 5543 1544 5598 Varro
1569 5544 1635 5598 de
1660 5561 1716 5598 re
1742 5545 1934 5598 rustica
1968 5543 2140 5600 lib.’I.
2176 5545 2310 5600 Pan.

796 5616 870 5686 (ς)
915 5615 1014 5681 Qui
1045 5617 1159 5669 illos
1198 5617 1492 5686 ovoieditos
1543 5616 1825 5678 credendo,
1876 5616 1938 5668 de
1985 5633 2140 5685 cycno
2187 5615 2314 5669 Jove

725 5703 827 5738 non
853 5685 1170 5756 erubescunt.
1199 5687 1288 5740 Sic
1313 5685 1474 5739 habet
1506 5697 1655 5741 vetus
1705 5688 1979 5754 exemplar
2007 5686 2268 5756 Agobardi
2294 5726 2309 5752 ,

726 5757 827 5827 nisi
857 5755 997 5821 quod
1020 5755 1276 5827 syllabam
1302 5757 1591 5827 geminavit
1614 5797 1629 5821 ,
1657 5760 1806 5812 decus
1829 5774 1990 5827 cygno
2010 5798 2023 5824 ,
2057 5755 2199 5827 quod
2230 5768 2314 5813 cst

731 5823 794 5874 de
819 5838 976 5878 cucno
996 5863 1012 5892 ,
1043 5824 1155 5881 sive
1181 5825 1243 5878 de
1266 5840 1443 5893 cycno.
1475 5825 1596 5881 llic.

2496 4269 2578 4339 (d)
2617 4267 2900 4336 Delphinos
2933 4269 3176 4339 Neptuno
3203 4279 3408 4324 uomunt
3451 4271 3552 4324 col.
3587 4269 3862 4328 Iuvenalis
3911 4275 4030 4330 Sat.

2512 4339 2744 4413 Consulit
2771 4351 2887 4394 ante
2915 4341 3070 4413 fatus,
3100 4341 3560 4412 delphinorumque
3577 4344 3868 4398 columnas.
3899 4345 4036 4413 Sep-

2427 4411 2610 4485 timius
2644 4412 2924 4485 columnas
2972 4411 3103 4485 dicit
3145 4427 3363 4468 vomere
3409 4411 3732 4482 delphinos,
3782 4417 3933 4485 quasi
3963 4411 4034 4472 de

2425 4482 2796 4554 columnarum
2824 4483 2958 4538 alvis
2999 4484 3227 4539 emissos
3247 4525 3262 4549 ,
3297 4493 3354 4538 ut
3383 4499 3479 4554 per
3509 4485 3666 4542 tubos
3697 4495 3755 4541 et
3783 4482 4022 4543 canales.

2345 4581 2399 4641 D
2428 4553 2546 4610 Βία.

2503 4646 2576 4721 (_e)
2619 4645 3162 4721 Obeliscienomiitas.
3201 4647 3278 4721 De
3297 4646 3403 4702 hoc
3433 4646 3638 4721 Plinius
3659 4648 3754 4703 lib.
3786 4649 3876 4705 36.
3907 4665 4028 4721 cap.

2428 4719 2482 4792 9.
2516 4718 2569 4792 Is
2591 4728 2768 4772 autem
2796 4719 3077 4792 Obeliscus
3096 4759 3110 4783 ,
3139 4719 3306 4792 inquit
3330 4759 3345 4782 ,
3374 4734 3531 4788 quem
3565 4720 3727 4792 Divus
3755 4718 4026 4792 Augustus

2432 4790 2482 4842 iu
2515 4789 2670 4844 Circo
2700 4804 2892 4858 magno
2914 4789 3129 4850 statuit,
3157 4789 3369 4844 excisus
3395 4804 3421 4839 a
3455 4789 3990 4858 rege*Semneset;teo
4011 4833 4026 4856 ,

2429 4876 2536 4934 (pro
2571 4856 2828 4934 regnante
2874 4859 3202 4934 Pythagoras
3249 4863 3318 4934 in_
3351 4856 4033 4934 Egyptméﬁ'wm

2431 4931 2618 5002 viginti
2666 4929 3143 4999 quinque’peditm
3183 4940 3236 4986 et
3290 4929 3570 4986 dodrantis
3616 4941 3810 5002 przeter
3860 4933 4030 4988 basim

2435 5001 2676 5070 ejusdem
2713 5002 2919 5073 lapidis.
2950 5002 2997 5055 Is
3025 5017 3153 5073 vero
3173 5003 3259 5072 qui
3286 5012 3368 5073 est
3411 5003 3461 5055 in
3493 5001 3685 5073 catnpo
3711 5003 3902 5059 Martio
3931 5020 4029 5059 no-

2437 5087 2553 5126 vem
2586 5072 2810 5142 pedibus
2839 5073 3012 5126 minor
3039 5089 3067 5125 a
3099 5072 3423 5128 Sesostride.
3462 5073 3594 5128 Pan.

2495 5187 2563 5256 (Γ)
2621 5186 2874 5240 Murciam
2917 5187 3074 5258 enim
3134 5187 3282 5241 deum
3333 5189 3619 5253 mat-coris,
3674 5189 3772 5258 leg.
3829 5187 4031 5258 Rigalt.

2425 5259 2750 5327 Augustinus
2795 5273 2865 5311 tv.
2897 5257 2963 5312 de
2990 5258 3148 5312 Civit.
3205 5258 3330 5321 Dei,
3377 5274 3495 5330 cap.
3529 5260 3614 5330 l6.
3673 5257 3835 5314 Deam
3885 5257 4033 5315 Eiur-

2420 5331 2554 5384 ciam
2610 5339 2967 5388 vocaverunt,
3035 5345 3156 5397 qua:
3228 5339 3425 5399 praeter
3484 5329 3703 5384 modum
3751 5348 3858 5386 non
3918 5345 4035 5387 mo-

2424 5409 2593 5460 veret,
2629 5415 2691 5454 ac
2722 5399 2921 5454 faceret
2947 5399 3314 5454 hominem.nt
3335 5401 3410 5454 ait
3439 5401 3765 5470 Pomponius
3789 5443 3803 5467 ,
3831 5403 4029 5456 murci-

2423 5471 2550 5523 dum
2587 5512 2600 5533 ,
2649 5471 2697 5523 id
2737 5481 2854 5530 est,
2904 5472 3060 5524 nimis
3125 5470 3490 5534 desidiosum,
3533 5481 3588 5526 et
3659 5473 4028 5527 inactuosum.

2423 5543 2544 5597 RIG.
2584 5572 2653 5581 —
2687 5539 2941 5594 Murciam
2981 5540 3143 5594 Deam
3194 5544 3402 5595 amoris.
3445 5542 3730 5610 Insigniter
3771 5544 4032 5612 deceptus

2419 5613 2701 5667 Turnebus
2731 5614 2822 5666 lib."
2853 5612 2943 5667 2‘2.
2971 5615 3093 5666 adv.
3127 5628 3174 5667 c.
3203 5613 3290 5677 I7,
3313 5615 3398 5682 qui
3430 5613 3588 5682 legit:
3623 5612 3869 5667 Murtiam
3893 5615 4027 5668 enim

2420 5685 2580 5738 Deam
2611 5684 2900 5748 marmoris,
2944 5683 3084 5753 quod
3134 5700 3254 5738 cum
3308 5684 3541 5738 inSoleus
3597 5684 3671 5737 illi
3731 5684 4024 5752 videretur,

2417 5757 2641 5824 corrigit
2688 5753 2851 5806 Deam
2892 5755 3160 5820 niui-coris,
3193 5755 3373 5822 aitque
3425 5764 3726 5821 spectatum
3770 5756 3837 5810 ad
3864 5754 4018 5810 deam

2417 5825 2660 5896 segnium
2677 5824 2923 5881 Murtiam
2945 5829 3098 5898 cujus
3115 5826 3358 5882 meminit
3384 5825 3816 5884 Arttobius.Vere
3845 5827 4031 5899 legen-
