  <div class='ocr_page' id='page_1' title='image "/cluster/home/n/w/nwhite01/storage/ocr_20150623/1/hvd.32044054128335/342.png"; bbox 0 0 4252 6270; ppageno 0'>
   <div class='ocr_carea' id='block_1_1' title="bbox 2472 204 2502 231">
    <p class='ocr_par' dir='ltr' id='par_1_1' title="bbox 2472 204 2502 231">
     <span class='ocr_line' id='line_1_1' title="bbox 2472 204 2502 231; baseline 0 0"><span class='ocrx_word' id='word_1_1' title='bbox 2472 204 2502 231; x_wconf 72' lang='grc' dir='ltr'><em>Ι</em></span> 
     </span>
    </p>
   </div>
   <div class='ocr_carea' id='block_1_2' title="bbox 241 304 3540 383">
    <p class='ocr_par' dir='ltr' id='par_1_2' title="bbox 241 304 3540 383">
     <span class='ocr_line' id='line_1_2' title="bbox 241 304 3540 383; baseline 0 -3"><span class='ocrx_word' id='word_1_2' title='bbox 241 318 342 381; x_wconf 74' lang='lat' dir='ltr'><strong>Oti</strong></span> <span class='ocrx_word' id='word_1_3' title='bbox 1442 320 1643 378; x_wconf 74' lang='lat' dir='ltr'><strong>uasa</strong></span> <span class='ocrx_word' id='word_1_4' title='bbox 1680 317 1770 378; x_wconf 88' lang='lat' dir='ltr'><strong>DE</strong></span> <span class='ocrx_word' id='word_1_5' title='bbox 1808 312 2298 380; x_wconf 84' lang='lat' dir='ltr'><strong>SPECTACULIS.</strong></span> <span class='ocrx_word' id='word_1_6' title='bbox 2662 376 2667 383; x_wconf 83' lang='grc'>,</span> <span class='ocrx_word' id='word_1_7' title='bbox 3434 304 3540 381; x_wconf 68' lang='lat' dir='ltr'><strong>sta</strong></span> 
     </span>
    </p>
   </div>
   <div class='ocr_carea' id='block_1_3' title="bbox 310 526 1839 599">
    <p class='ocr_par' dir='ltr' id='par_1_3' title="bbox 310 526 1839 599">
     <span class='ocr_line' id='line_1_3' title="bbox 310 526 1839 599; baseline -0.001 -13"><span class='ocrx_word' id='word_1_8' title='bbox 310 530 467 589; x_wconf 85' lang='lat' dir='ltr'><strong>Nunc</strong></span> <span class='ocrx_word' id='word_1_9' title='bbox 492 531 561 589; x_wconf 88' lang='lat' dir='ltr'><strong>de</strong></span> <span class='ocrx_word' id='word_1_10' title='bbox 600 527 830 586; x_wconf 85' lang='lat' dir='ltr'><strong>artificio</strong></span> <span class='ocrx_word' id='word_1_11' title='bbox 866 543 975 599; x_wconf 92' lang='lat' dir='ltr'><strong>quo</strong></span> <span class='ocrx_word' id='word_1_12' title='bbox 1020 526 1318 584; x_wconf 64' lang='lat' dir='ltr'><strong>circenses“</strong></span> <span class='ocrx_word' id='word_1_13' title='bbox 1342 526 1684 584; x_wconf 75' lang='lat' dir='ltr'><strong>exhibentur.</strong></span> <span class='ocrx_word' id='word_1_14' title='bbox 1731 527 1839 585; x_wconf 82' lang='lat' dir='ltr'><strong>Res</strong></span> 
     </span>
    </p>
   </div>
   <div class='ocr_carea' id='block_1_4' title="bbox 238 618 1838 695">
    <p class='ocr_par' dir='ltr' id='par_1_4' title="bbox 238 618 1838 695">
     <span class='ocr_line' id='line_1_4' title="bbox 238 618 1838 695; baseline -0.004 -16"><span class='ocrx_word' id='word_1_15' title='bbox 238 623 513 693; x_wconf 72' lang='lat' dir='ltr'><strong>equestris</strong></span> <span class='ocrx_word' id='word_1_16' title='bbox 564 622 659 695; x_wconf 88' lang='lat' dir='ltr'><strong>(a)</strong></span> <span class='ocrx_word' id='word_1_17' title='bbox 703 628 851 676; x_wconf 91' lang='lat' dir='ltr'><strong>retro</strong></span> <span class='ocrx_word' id='word_1_18' title='bbox 898 619 1127 690; x_wconf 84' lang='lat' dir='ltr'><strong>simplex</strong></span> <span class='ocrx_word' id='word_1_19' title='bbox 1177 619 1245 675; x_wconf 87' lang='lat' dir='ltr'><strong>de</strong></span> <span class='ocrx_word' id='word_1_20' title='bbox 1290 618 1454 674; x_wconf 89' lang='lat' dir='ltr'><strong>dorso</strong></span> <span class='ocrx_word' id='word_1_21' title='bbox 1519 620 1597 691; x_wconf 83' lang='lat' dir='ltr'><strong>(I)</strong></span> <span class='ocrx_word' id='word_1_22' title='bbox 1635 618 1838 689; x_wconf 86' lang='lat' dir='ltr'><strong>ageba-</strong></span> 
     </span>
    </p>
   </div>
   <div class='ocr_carea' id='block_1_5' title="bbox 239 710 1837 784">
    <p class='ocr_par' dir='ltr' id='par_1_5' title="bbox 239 710 1837 784">
     <span class='ocr_line' id='line_1_5' title="bbox 239 710 1837 784; baseline -0.003 -14"><span class='ocrx_word' id='word_1_23' title='bbox 239 722 359 782; x_wconf 89' lang='lat' dir='ltr'><strong>tur,</strong></span> <span class='ocrx_word' id='word_1_24' title='bbox 388 723 445 769; x_wconf 90' lang='lat' dir='ltr'><strong>ct</strong></span> <span class='ocrx_word' id='word_1_25' title='bbox 489 715 671 784; x_wconf 90' lang='lat' dir='ltr'><strong>utique</strong></span> <span class='ocrx_word' id='word_1_26' title='bbox 709 711 1012 767; x_wconf 88' lang='lat' dir='ltr'><strong>communis</strong></span> <span class='ocrx_word' id='word_1_27' title='bbox 1063 725 1191 766; x_wconf 90' lang='lat' dir='ltr'><strong>usus</strong></span> <span class='ocrx_word' id='word_1_28' title='bbox 1235 726 1360 766; x_wconf 88' lang='lat' dir='ltr'><strong>reus</strong></span> <span class='ocrx_word' id='word_1_29' title='bbox 1410 725 1516 765; x_wconf 93' lang='lat' dir='ltr'><strong>non</strong></span> <span class='ocrx_word' id='word_1_30' title='bbox 1546 719 1684 765; x_wconf 85' lang='lat' dir='ltr'><strong>erat.</strong></span> <span class='ocrx_word' id='word_1_31' title='bbox 1728 710 1837 766; x_wconf 86' lang='lat' dir='ltr'><strong>Sed</strong></span> 
     </span>
    </p>
   </div>
   <div class='ocr_carea' id='block_1_6' title="bbox 240 800 1841 869">
    <p class='ocr_par' dir='ltr' id='par_1_6' title="bbox 240 800 1841 869">
     <span class='ocr_line' id='line_1_6' title="bbox 240 800 1841 869; baseline -0.004 -7"><span class='ocrx_word' id='word_1_32' title='bbox 240 819 364 862; x_wconf 84' lang='lat' dir='ltr'><strong>eum</strong></span> <span class='ocrx_word' id='word_1_33' title='bbox 394 804 461 859; x_wconf 91' lang='lat' dir='ltr'><strong>ad</strong></span> <span class='ocrx_word' id='word_1_34' title='bbox 515 804 671 860; x_wconf 86' lang='lat' dir='ltr'><strong>ludos</strong></span> <span class='ocrx_word' id='word_1_35' title='bbox 714 812 932 859; x_wconf 86' lang='lat' dir='ltr'><strong>coactus</strong></span> <span class='ocrx_word' id='word_1_36' title='bbox 983 812 1100 869; x_wconf 90' lang='lat' dir='ltr'><strong>est,</strong></span> <span class='ocrx_word' id='word_1_37' title='bbox 1147 801 1360 856; x_wconf 84' lang='lat' dir='ltr'><strong>transiit</strong></span> <span class='ocrx_word' id='word_1_38' title='bbox 1391 815 1420 855; x_wconf 90' lang='lat' dir='ltr'><strong>a</strong></span> <span class='ocrx_word' id='word_1_39' title='bbox 1469 800 1562 856; x_wconf 88' lang='lat' dir='ltr'><strong>Dei</strong></span> <span class='ocrx_word' id='word_1_40' title='bbox 1617 816 1841 857; x_wconf 89' lang='lat' dir='ltr'><strong>munere</strong></span> 
     </span>
    </p>
   </div>
   <div class='ocr_carea' id='block_1_7' title="bbox 239 892 1838 966">
    <p class='ocr_par' dir='ltr' id='par_1_7' title="bbox 239 892 1838 966">
     <span class='ocr_line' id='line_1_7' title="bbox 239 892 1838 966; baseline -0.003 -13"><span class='ocrx_word' id='word_1_41' title='bbox 239 896 309 953; x_wconf 82' lang='lat' dir='ltr'><strong>ad</strong></span> <span class='ocrx_word' id='word_1_42' title='bbox 336 896 724 953; x_wconf 81' lang='lat' dir='ltr'><strong>daemoniorum</strong></span> <span class='ocrx_word' id='word_1_43' title='bbox 750 894 947 952; x_wconf 86' lang='lat' dir='ltr'><strong>ofticia.</strong></span> <span class='ocrx_word' id='word_1_44' title='bbox 978 894 1163 966; x_wconf 87' lang='lat' dir='ltr'><strong>Itaque</strong></span> <span class='ocrx_word' id='word_1_45' title='bbox 1191 892 1402 949; x_wconf 83' lang='lat' dir='ltr'><strong>Castori</strong></span> <span class='ocrx_word' id='word_1_46' title='bbox 1429 902 1484 949; x_wconf 93' lang='lat' dir='ltr'><strong>et</strong></span> <span class='ocrx_word' id='word_1_47' title='bbox 1508 892 1712 949; x_wconf 89' lang='lat' dir='ltr'><strong>Polluci</strong></span> <span class='ocrx_word' id='word_1_48' title='bbox 1739 894 1838 949; x_wconf 83' lang='lat' dir='ltr'><strong>de-</strong></span> 
     </span>
    </p>
   </div>
   <div class='ocr_carea' id='block_1_8' title="bbox 241 972 1841 1067">
    <p class='ocr_par' dir='ltr' id='par_1_8' title="bbox 241 972 1841 1067">
     <span class='ocr_line' id='line_1_8' title="bbox 241 972 1841 1067; baseline -0.003 -23"><span class='ocrx_word' id='word_1_49' title='bbox 241 996 464 1062; x_wconf 82' lang='lat' dir='ltr'><strong>putatur</strong></span> <span class='ocrx_word' id='word_1_50' title='bbox 493 988 609 1044; x_wconf 66' lang='lat' dir='ltr'><strong>haec</strong></span> <span class='ocrx_word' id='word_1_51' title='bbox 632 972 843 1059; x_wconf 80' lang='lat' dir='ltr'><strong>species</strong></span> <span class='ocrx_word' id='word_1_52' title='bbox 861 1028 877 1055; x_wconf 90' lang='lat'><strong>,</strong></span> <span class='ocrx_word' id='word_1_53' title='bbox 902 986 1099 1058; x_wconf 88' lang='lat' dir='ltr'><strong>quibus</strong></span> <span class='ocrx_word' id='word_1_54' title='bbox 1125 999 1356 1067; x_wconf 29' lang='lat' dir='ltr'><strong>equog’a</strong></span> <span class='ocrx_word' id='word_1_55' title='bbox 1376 984 1638 1066; x_wconf 53' lang='lat' dir='ltr'><strong>Mercurio</strong></span> <span class='ocrx_word' id='word_1_56' title='bbox 1658 985 1841 1040; x_wconf 89' lang='lat' dir='ltr'><strong>distri-</strong></span> 
     </span>
    </p>
   </div>
   <div class='ocr_carea' id='block_1_9' title="bbox 238 1076 1840 1165">
    <p class='ocr_par' dir='ltr' id='par_1_9' title="bbox 238 1076 1840 1165">
     <span class='ocr_line' id='line_1_9' title="bbox 238 1076 1840 1165; baseline -0.003 -28"><span class='ocrx_word' id='word_1_57' title='bbox 238 1078 402 1163; x_wconf 58' lang='lat' dir='ltr'><strong>butos</strong></span> <span class='ocrx_word' id='word_1_58' title='bbox 443 1079 786 1165; x_wconf 61' lang='lat' dir='ltr'><strong>Stesichorus</strong></span> <span class='ocrx_word' id='word_1_59' title='bbox 824 1078 1004 1135; x_wconf 91' lang='lat' dir='ltr'><strong>docet.</strong></span> <span class='ocrx_word' id='word_1_60' title='bbox 1042 1076 1150 1133; x_wconf 86' lang='lat' dir='ltr'><strong>Sed</strong></span> <span class='ocrx_word' id='word_1_61' title='bbox 1176 1087 1232 1133; x_wconf 82' lang='lat' dir='ltr'><strong>et</strong></span> <span class='ocrx_word' id='word_1_62' title='bbox 1260 1076 1537 1148; x_wconf 86' lang='lat' dir='ltr'><strong>Neptunus</strong></span> <span class='ocrx_word' id='word_1_63' title='bbox 1576 1078 1840 1147; x_wconf 87' lang='lat' dir='ltr'><strong>equestris</strong></span> 
     </span>
    </p>
   </div>
   <div class='ocr_carea' id='block_1_10' title="bbox 239 1168 1840 1243">
    <p class='ocr_par' dir='ltr' id='par_1_10' title="bbox 239 1168 1840 1243">
     <span class='ocr_line' id='line_1_10' title="bbox 239 1168 1840 1243; baseline -0.004 -14"><span class='ocrx_word' id='word_1_64' title='bbox 239 1182 363 1239; x_wconf 89' lang='lat' dir='ltr'><strong>est,</strong></span> <span class='ocrx_word' id='word_1_65' title='bbox 386 1187 543 1243; x_wconf 84' lang='lat' dir='ltr'><strong>quem</strong></span> <span class='ocrx_word' id='word_1_66' title='bbox 583 1170 758 1229; x_wconf 71' lang='lat' dir='ltr'><strong>Graeci</strong></span> <span class='ocrx_word' id='word_1_67' title='bbox 792 1176 957 1227; x_wconf 73' lang='grc' dir='ltr'><strong>ἵππιον</strong></span> <span class='ocrx_word' id='word_1_68' title='bbox 996 1169 1286 1241; x_wconf 89' lang='lat' dir='ltr'><strong>appellant.</strong></span> <span class='ocrx_word' id='word_1_69' title='bbox 1321 1169 1398 1225; x_wconf 90' lang='lat' dir='ltr'><strong>De</strong></span> <span class='ocrx_word' id='word_1_70' title='bbox 1437 1170 1582 1240; x_wconf 89' lang='lat' dir='ltr'><strong>jugo</strong></span> <span class='ocrx_word' id='word_1_71' title='bbox 1603 1184 1731 1225; x_wconf 89' lang='lat' dir='ltr'><strong>vero</strong></span> <span class='ocrx_word' id='word_1_72' title='bbox 1761 1168 1840 1243; x_wconf 72' lang='lat'><strong>(2)</strong></span> 
     </span>
    </p>
   </div>
   <div class='ocr_carea' id='block_1_11' title="bbox 237 1254 1736 1339">
    <p class='ocr_par' dir='ltr' id='par_1_11' title="bbox 237 1254 1736 1339">
     <span class='ocr_line' id='line_1_11' title="bbox 237 1254 1736 1339; baseline -0.001 -17"><span class='ocrx_word' id='word_1_73' title='bbox 237 1264 527 1339; x_wconf 81' lang='lat' dir='ltr'><strong>quadrigas</strong></span> <span class='ocrx_word' id='word_1_74' title='bbox 554 1265 693 1337; x_wconf 79' lang='lat' dir='ltr'><strong>soli,</strong></span> <span class='ocrx_word' id='word_1_75' title='bbox 721 1265 873 1337; x_wconf 89' lang='lat' dir='ltr'><strong>bigas</strong></span> <span class='ocrx_word' id='word_1_76' title='bbox 902 1265 1044 1320; x_wconf 79' lang='lat' dir='ltr'><strong>luna:</strong></span> <span class='ocrx_word' id='word_1_77' title='bbox 1086 1254 1401 1335; x_wconf 80' lang='lat' dir='ltr'><strong>sanxeruni.</strong></span> <span class='ocrx_word' id='word_1_78' title='bbox 1435 1264 1542 1320; x_wconf 87' lang='lat' dir='ltr'><strong>Sed</strong></span> <span class='ocrx_word' id='word_1_79' title='bbox 1572 1263 1650 1336; x_wconf 79' lang='grc'><strong>(5)</strong></span> <span class='ocrx_word' id='word_1_80' title='bbox 1682 1274 1736 1321; x_wconf 90' lang='lat' dir='ltr'><strong>et</strong></span> 
     </span>
    </p>
   </div>
   <div class='ocr_carea' id='block_1_12' title="bbox 333 1380 1586 1452">
    <p class='ocr_par' dir='ltr' id='par_1_12' title="bbox 333 1380 1586 1452">
     <span class='ocr_line' id='line_1_12' title="bbox 333 1380 1586 1452; baseline -0.001 -22"><span class='ocrx_word' id='word_1_81' title='bbox 333 1381 528 1452; x_wconf 72' lang='lat' dir='ltr'><strong>Primus</strong></span> <span class='ocrx_word' id='word_1_82' title='bbox 548 1380 897 1452; x_wconf 76' lang='lat' dir='ltr'><strong>Erichthonius</strong></span> <span class='ocrx_word' id='word_1_83' title='bbox 906 1391 1087 1452; x_wconf 76' lang='lat' dir='ltr'><strong>currus</strong></span> <span class='ocrx_word' id='word_1_84' title='bbox 1108 1386 1163 1429; x_wconf 89' lang='lat' dir='ltr'><strong>et</strong></span> <span class='ocrx_word' id='word_1_85' title='bbox 1180 1385 1413 1452; x_wconf 71' lang='lat' dir='ltr'><strong>quattuor</strong></span> <span class='ocrx_word' id='word_1_86' title='bbox 1435 1392 1586 1452; x_wconf 80' lang='lat' dir='ltr'><strong>ausus</strong></span> 
     </span>
    </p>
   </div>
   <div class='ocr_carea' id='block_1_13' title="bbox 332 1443 1708 1507">
    <p class='ocr_par' dir='ltr' id='par_1_13' title="bbox 332 1443 1708 1507">
     <span class='ocr_line' id='line_1_13' title="bbox 332 1443 1708 1507; baseline -0.001 -15"><span class='ocrx_word' id='word_1_87' title='bbox 332 1443 558 1507; x_wconf 84' lang='lat' dir='ltr'><strong>Jungere</strong></span> <span class='ocrx_word' id='word_1_88' title='bbox 582 1455 756 1506; x_wconf 85' lang='lat' dir='ltr'><strong>equos,</strong></span> <span class='ocrx_word' id='word_1_89' title='bbox 781 1443 1081 1506; x_wconf 85' lang='lat' dir='ltr'><strong>rapidusque</strong></span> <span class='ocrx_word' id='word_1_90' title='bbox 1118 1443 1241 1491; x_wconf 86' lang='lat' dir='ltr'><strong>rotis</strong></span> <span class='ocrx_word' id='word_1_91' title='bbox 1262 1443 1497 1491; x_wconf 86' lang='lat' dir='ltr'><strong>insistere</strong></span> <span class='ocrx_word' id='word_1_92' title='bbox 1533 1443 1708 1492; x_wconf 88' lang='lat' dir='ltr'><strong>victor.</strong></span> 
     </span>
    </p>
   </div>
   <div class='ocr_carea' id='block_1_14' title="bbox 238 1547 1843 1621">
    <p class='ocr_par' dir='ltr' id='par_1_14' title="bbox 238 1547 1843 1621">
     <span class='ocr_line' id='line_1_14' title="bbox 238 1547 1843 1621; baseline -0.001 -14"><span class='ocrx_word' id='word_1_93' title='bbox 238 1550 630 1608; x_wconf 68' lang='lat' dir='ltr'><strong>Erichthonius</strong></span> <span class='ocrx_word' id='word_1_94' title='bbox 672 1550 923 1607; x_wconf 64' lang='lat' dir='ltr'><strong>Minerva:</strong></span> <span class='ocrx_word' id='word_1_95' title='bbox 963 1559 1020 1605; x_wconf 93' lang='lat' dir='ltr'><strong>et</strong></span> <span class='ocrx_word' id='word_1_96' title='bbox 1059 1548 1283 1605; x_wconf 83' lang='lat' dir='ltr'><strong>Vulcani</strong></span> <span class='ocrx_word' id='word_1_97' title='bbox 1334 1549 1476 1604; x_wconf 80' lang='lat' dir='ltr'><strong>titius</strong></span> <span class='ocrx_word' id='word_1_98' title='bbox 1501 1591 1516 1618; x_wconf 93' lang='lat'><strong>,</strong></span> <span class='ocrx_word' id='word_1_99' title='bbox 1548 1557 1602 1605; x_wconf 93' lang='lat' dir='ltr'><strong>et</strong></span> <span class='ocrx_word' id='word_1_100' title='bbox 1627 1547 1843 1621; x_wconf 87' lang='lat' dir='ltr'><strong>quidem</strong></span> 
     </span>
    </p>
   </div>
   <div class='ocr_carea' id='block_1_15' title="bbox 237 1641 1841 1712">
    <p class='ocr_par' dir='ltr' id='par_1_15' title="bbox 237 1641 1841 1712">
     <span class='ocr_line' id='line_1_15' title="bbox 237 1641 1841 1712; baseline -0.003 -10"><span class='ocrx_word' id='word_1_101' title='bbox 237 1644 308 1702; x_wconf 90' lang='lat' dir='ltr'><strong>de</strong></span> <span class='ocrx_word' id='word_1_102' title='bbox 335 1645 543 1702; x_wconf 87' lang='lat' dir='ltr'><strong>caduca</strong></span> <span class='ocrx_word' id='word_1_103' title='bbox 575 1645 630 1700; x_wconf 92' lang='lat' dir='ltr'><strong>in</strong></span> <span class='ocrx_word' id='word_1_104' title='bbox 657 1654 856 1701; x_wconf 90' lang='lat' dir='ltr'><strong>terram</strong></span> <span class='ocrx_word' id='word_1_105' title='bbox 895 1642 1123 1698; x_wconf 85' lang='lat' dir='ltr'><strong>libidine</strong></span> <span class='ocrx_word' id='word_1_106' title='bbox 1146 1683 1161 1708; x_wconf 89' lang='lat'><strong>,</strong></span> <span class='ocrx_word' id='word_1_107' title='bbox 1193 1649 1502 1712; x_wconf 89' lang='lat' dir='ltr'><strong>portentum</strong></span> <span class='ocrx_word' id='word_1_108' title='bbox 1530 1649 1613 1696; x_wconf 89' lang='lat' dir='ltr'><strong>est</strong></span> <span class='ocrx_word' id='word_1_109' title='bbox 1636 1641 1841 1697; x_wconf 64' lang='lat' dir='ltr'><strong>daemo-</strong></span> 
     </span>
    </p>
   </div>
   <div class='ocr_carea' id='block_1_16' title="bbox 239 1734 1842 1807">
    <p class='ocr_par' dir='ltr' id='par_1_16' title="bbox 239 1734 1842 1807">
     <span class='ocr_line' id='line_1_16' title="bbox 239 1734 1842 1807; baseline -0.002 -13"><span class='ocrx_word' id='word_1_110' title='bbox 239 1739 418 1795; x_wconf 89' lang='lat' dir='ltr'><strong>nicum</strong></span> <span class='ocrx_word' id='word_1_111' title='bbox 449 1778 465 1805; x_wconf 93' lang='lat'><strong>,</strong></span> <span class='ocrx_word' id='word_1_112' title='bbox 508 1739 618 1793; x_wconf 92' lang='lat' dir='ltr'><strong>imo</strong></span> <span class='ocrx_word' id='word_1_113' title='bbox 681 1737 924 1793; x_wconf 85' lang='lat' dir='ltr'><strong>diabolus</strong></span> <span class='ocrx_word' id='word_1_114' title='bbox 987 1736 1135 1807; x_wconf 89' lang='lat' dir='ltr'><strong>ipse,</strong></span> <span class='ocrx_word' id='word_1_115' title='bbox 1169 1751 1276 1790; x_wconf 87' lang='lat' dir='ltr'><strong>non</strong></span> <span class='ocrx_word' id='word_1_116' title='bbox 1322 1734 1562 1792; x_wconf 88' lang='lat' dir='ltr'><strong>coluber.</strong></span> <span class='ocrx_word' id='word_1_117' title='bbox 1616 1735 1673 1791; x_wconf 92' lang='lat' dir='ltr'><strong>Si</strong></span> <span class='ocrx_word' id='word_1_118' title='bbox 1712 1749 1842 1791; x_wconf 90' lang='lat' dir='ltr'><strong>vero</strong></span> 
     </span>
    </p>
   </div>
   <div class='ocr_carea' id='block_1_17' title="bbox 1867 433 3537 508">
    <p class='ocr_par' dir='ltr' id='par_1_17' title="bbox 1867 433 3537 508">
     <span class='ocr_line' id='line_1_17' title="bbox 1867 433 3537 508; baseline 0.004 -19"><span class='ocrx_word' id='word_1_119' title='bbox 1867 438 1921 502; x_wconf 79' lang='grc' dir='ltr'><strong>Α</strong></span> <span class='ocrx_word' id='word_1_120' title='bbox 1947 435 2070 490; x_wconf 89' lang='lat' dir='ltr'><strong>sita</strong></span> <span class='ocrx_word' id='word_1_121' title='bbox 2101 437 2211 492; x_wconf 89' lang='lat' dir='ltr'><strong>Deo</strong></span> <span class='ocrx_word' id='word_1_122' title='bbox 2229 478 2243 503; x_wconf 90' lang='lat'><strong>,</strong></span> <span class='ocrx_word' id='word_1_123' title='bbox 2271 434 2453 505; x_wconf 85' lang='lat' dir='ltr'><strong>utique</strong></span> <span class='ocrx_word' id='word_1_124' title='bbox 2479 434 2637 491; x_wconf 89' lang='lat' dir='ltr'><strong>etiam</strong></span> <span class='ocrx_word' id='word_1_125' title='bbox 2666 435 2751 492; x_wconf 91' lang='lat' dir='ltr'><strong>illa</strong></span> <span class='ocrx_word' id='word_1_126' title='bbox 2782 433 3085 506; x_wconf 84' lang='lat' dir='ltr'><strong>damnatur,</strong></span> <span class='ocrx_word' id='word_1_127' title='bbox 3107 449 3227 508; x_wconf 72' lang='lat' dir='ltr'><strong>qute</strong></span> <span class='ocrx_word' id='word_1_128' title='bbox 3252 436 3537 495; x_wconf 89' lang='lat' dir='ltr'><strong>elementis</strong></span> 
     </span>
    </p>
   </div>
   <div class='ocr_carea' id='block_1_18' title="bbox 1944 527 2761 600">
    <p class='ocr_par' dir='ltr' id='par_1_18' title="bbox 1944 527 2761 600">
     <span class='ocr_line' id='line_1_18' title="bbox 1944 527 2761 600; baseline -0.004 -14"><span class='ocrx_word' id='word_1_129' title='bbox 1944 527 2301 586; x_wconf 89' lang='lat' dir='ltr'><strong>mundialibus</strong></span> <span class='ocrx_word' id='word_1_130' title='bbox 2319 528 2400 600; x_wconf 90' lang='lat'><strong>(8)</strong></span> <span class='ocrx_word' id='word_1_131' title='bbox 2430 527 2761 600; x_wconf 83' lang='lat' dir='ltr'><strong>profanatur.</strong></span> 
     </span>
    </p>
   </div>
   <div class='ocr_carea' id='block_1_19' title="bbox 2572 621 2912 678">
    <p class='ocr_par' dir='ltr' id='par_1_19' title="bbox 2572 621 2912 678">
     <span class='ocr_line' id='line_1_19' title="bbox 2572 621 2912 678; baseline 0.003 -2"><span class='ocrx_word' id='word_1_132' title='bbox 2572 621 2801 678; x_wconf 82' lang='lat' dir='ltr'><strong>CAPUT</strong></span> <span class='ocrx_word' id='word_1_133' title='bbox 2846 621 2912 677; x_wconf 83' lang='lat' dir='ltr'><strong>X.</strong></span> 
     </span>
    </p>
   </div>
   <div class='ocr_carea' id='block_1_20' title="bbox 2017 713 3541 788">
    <p class='ocr_par' dir='ltr' id='par_1_20' title="bbox 2017 713 3541 788">
     <span class='ocr_line' id='line_1_20' title="bbox 2017 713 3541 788; baseline 0.003 -20"><span class='ocrx_word' id='word_1_134' title='bbox 2017 713 2377 770; x_wconf 87' lang='lat' dir='ltr'><strong>Transeamus</strong></span> <span class='ocrx_word' id='word_1_135' title='bbox 2420 714 2488 769; x_wconf 89' lang='lat' dir='ltr'><strong>ad</strong></span> <span class='ocrx_word' id='word_1_136' title='bbox 2538 714 2780 770; x_wconf 89' lang='lat' dir='ltr'><strong>scenicas</strong></span> <span class='ocrx_word' id='word_1_137' title='bbox 2825 729 2949 781; x_wconf 89' lang='lat' dir='ltr'><strong>res,</strong></span> <span class='ocrx_word' id='word_1_138' title='bbox 2998 730 3223 787; x_wconf 86' lang='lat' dir='ltr'><strong>quarum</strong></span> <span class='ocrx_word' id='word_1_139' title='bbox 3269 725 3325 773; x_wconf 91' lang='lat' dir='ltr'><strong>et</strong></span> <span class='ocrx_word' id='word_1_140' title='bbox 3372 716 3541 788; x_wconf 84' lang='lat' dir='ltr'><strong>origi-</strong></span> 
     </span>
    </p>
   </div>
   <div class='ocr_carea' id='block_1_21' title="bbox 1943 806 3542 879">
    <p class='ocr_par' dir='ltr' id='par_1_21' title="bbox 1943 806 3542 879">
     <span class='ocr_line' id='line_1_21' title="bbox 1943 806 3542 879; baseline 0.001 -18"><span class='ocrx_word' id='word_1_141' title='bbox 1943 819 2067 861; x_wconf 90' lang='lat' dir='ltr'><strong>nem</strong></span> <span class='ocrx_word' id='word_1_142' title='bbox 2118 820 2503 874; x_wconf 90' lang='lat' dir='ltr'><strong>communem,</strong></span> <span class='ocrx_word' id='word_1_143' title='bbox 2550 814 2606 862; x_wconf 90' lang='lat' dir='ltr'><strong>et</strong></span> <span class='ocrx_word' id='word_1_144' title='bbox 2654 806 2837 861; x_wconf 89' lang='lat' dir='ltr'><strong>titulos</strong></span> <span class='ocrx_word' id='word_1_145' title='bbox 2892 822 3050 877; x_wconf 89' lang='lat' dir='ltr'><strong>pares</strong></span> <span class='ocrx_word' id='word_1_146' title='bbox 3103 808 3400 865; x_wconf 88' lang='lat' dir='ltr'><strong>secundum</strong></span> <span class='ocrx_word' id='word_1_147' title='bbox 3456 810 3542 879; x_wconf 86' lang='lat' dir='ltr'><strong>ip-</strong></span> 
     </span>
    </p>
   </div>
   <div class='ocr_carea' id='block_1_22' title="bbox 1944 896 3542 970">
    <p class='ocr_par' dir='ltr' id='par_1_22' title="bbox 1944 896 3542 970">
     <span class='ocr_line' id='line_1_22' title="bbox 1944 896 3542 970; baseline 0.004 -17"><span class='ocrx_word' id='word_1_148' title='bbox 1944 912 2059 953; x_wconf 85' lang='lat' dir='ltr'><strong>sam</strong></span> <span class='ocrx_word' id='word_1_149' title='bbox 2094 896 2163 952; x_wconf 89' lang='lat' dir='ltr'><strong>ab</strong></span> <span class='ocrx_word' id='word_1_150' title='bbox 2204 897 2356 953; x_wconf 90' lang='lat' dir='ltr'><strong>initio</strong></span> <span class='ocrx_word' id='word_1_151' title='bbox 2398 896 2648 953; x_wconf 88' lang='lat' dir='ltr'><strong>ludorum</strong></span> <span class='ocrx_word' id='word_1_152' title='bbox 2678 898 3091 970; x_wconf 88' lang='lat' dir='ltr'><strong>appellationem</strong></span> <span class='ocrx_word' id='word_1_153' title='bbox 3119 910 3173 957; x_wconf 91' lang='lat' dir='ltr'><strong>et</strong></span> <span class='ocrx_word' id='word_1_154' title='bbox 3196 902 3542 959; x_wconf 87' lang='lat' dir='ltr'><strong>administra-</strong></span> 
     </span>
    </p>
   </div>
   <div class='ocr_carea' id='block_1_23' title="bbox 1943 990 3544 1068">
    <p class='ocr_par' dir='ltr' id='par_1_23' title="bbox 1943 990 3544 1068">
     <span class='ocr_line' id='line_1_23' title="bbox 1943 990 3544 1068; baseline 0.007 -24"><span class='ocrx_word' id='word_1_155' title='bbox 1943 990 2145 1046; x_wconf 90' lang='lat' dir='ltr'><strong>tionem</strong></span> <span class='ocrx_word' id='word_1_156' title='bbox 2176 990 2519 1060; x_wconf 85' lang='lat' dir='ltr'><strong>conjunctam</strong></span> <span class='ocrx_word' id='word_1_157' title='bbox 2546 1006 2670 1046; x_wconf 92' lang='lat' dir='ltr'><strong>cum</strong></span> <span class='ocrx_word' id='word_1_158' title='bbox 2699 1007 2758 1048; x_wconf 91' lang='lat' dir='ltr'><strong>re</strong></span> <span class='ocrx_word' id='word_1_159' title='bbox 2784 994 3018 1063; x_wconf 89' lang='lat' dir='ltr'><strong>equestri</strong></span> <span class='ocrx_word' id='word_1_160' title='bbox 3044 994 3154 1064; x_wconf 87' lang='lat' dir='ltr'><strong>jam</strong></span> <span class='ocrx_word' id='word_1_161' title='bbox 3184 997 3544 1068; x_wconf 68' lang='lat' dir='ltr'><strong>ostendimus,</strong></span> 
     </span>
    </p>
   </div>
   <div class='ocr_carea' id='block_1_24' title="bbox 1943 1083 3541 1158">
    <p class='ocr_par' dir='ltr' id='par_1_24' title="bbox 1943 1083 3541 1158">
     <span class='ocr_line' id='line_1_24' title="bbox 1943 1083 3541 1158; baseline 0.004 -19"><span class='ocrx_word' id='word_1_162' title='bbox 1943 1085 2248 1155; x_wconf 85' lang='lat' dir='ltr'><strong>Apparatus</strong></span> <span class='ocrx_word' id='word_1_163' title='bbox 2276 1083 2439 1140; x_wconf 90' lang='lat' dir='ltr'><strong>etiam</strong></span> <span class='ocrx_word' id='word_1_164' title='bbox 2461 1100 2527 1139; x_wconf 81' lang='lat' dir='ltr'><strong>ex</strong></span> <span class='ocrx_word' id='word_1_165' title='bbox 2559 1100 2621 1140; x_wconf 89' lang='lat' dir='ltr'><strong>ea</strong></span> <span class='ocrx_word' id='word_1_166' title='bbox 2653 1095 2804 1155; x_wconf 89' lang='lat' dir='ltr'><strong>parte</strong></span> <span class='ocrx_word' id='word_1_167' title='bbox 2829 1096 3110 1143; x_wconf 90' lang='lat' dir='ltr'><strong>consortes</strong></span> <span class='ocrx_word' id='word_1_168' title='bbox 3129 1129 3143 1154; x_wconf 88' lang='lat'><strong>,</strong></span> <span class='ocrx_word' id='word_1_169' title='bbox 3176 1105 3295 1158; x_wconf 79' lang='lat' dir='ltr'><strong>qua:</strong></span> <span class='ocrx_word' id='word_1_170' title='bbox 3324 1090 3391 1144; x_wconf 89' lang='lat' dir='ltr'><strong>ad</strong></span> <span class='ocrx_word' id='word_1_171' title='bbox 3418 1104 3541 1146; x_wconf 87' lang='lat' dir='ltr'><strong>sce-</strong></span> 
     </span>
    </p>
   </div>
   <div class='ocr_carea' id='block_1_25' title="bbox 1945 1176 3543 1255">
    <p class='ocr_par' dir='ltr' id='par_1_25' title="bbox 1945 1176 3543 1255">
     <span class='ocr_line' id='line_1_25' title="bbox 1945 1176 3543 1255; baseline 0.005 -25"><span class='ocrx_word' id='word_1_172' title='bbox 1945 1190 2069 1230; x_wconf 87' lang='lat' dir='ltr'><strong>nam</strong></span> <span class='ocrx_word' id='word_1_173' title='bbox 2095 1184 2341 1246; x_wconf 89' lang='lat' dir='ltr'><strong>spectat:</strong></span> <span class='ocrx_word' id='word_1_174' title='bbox 2370 1189 2493 1231; x_wconf 88' lang='lat' dir='ltr'><strong>nam</strong></span> <span class='ocrx_word' id='word_1_175' title='bbox 2522 1190 2553 1231; x_wconf 91' lang='lat' dir='ltr'><strong>a</strong></span> <span class='ocrx_word' id='word_1_176' title='bbox 2580 1176 2794 1247; x_wconf 88' lang='lat' dir='ltr'><strong>templis</strong></span> <span class='ocrx_word' id='word_1_177' title='bbox 2824 1188 2878 1233; x_wconf 90' lang='lat' dir='ltr'><strong>et</strong></span> <span class='ocrx_word' id='word_1_178' title='bbox 2904 1176 3014 1234; x_wconf 87' lang='lat' dir='ltr'><strong>aris</strong></span> <span class='ocrx_word' id='word_1_179' title='bbox 3033 1219 3051 1245; x_wconf 88' lang='lat'><strong>,</strong></span> <span class='ocrx_word' id='word_1_180' title='bbox 3081 1187 3135 1234; x_wconf 92' lang='lat' dir='ltr'><strong>et</strong></span> <span class='ocrx_word' id='word_1_181' title='bbox 3178 1180 3266 1255; x_wconf 77' lang='lat' dir='ltr'><strong>illa</strong></span> <span class='ocrx_word' id='word_1_182' title='bbox 3307 1179 3543 1238; x_wconf 89' lang='lat' dir='ltr'><strong>infelici-</strong></span> 
     </span>
    </p>
   </div>
   <div class='ocr_carea' id='block_1_26' title="bbox 1945 1267 3541 1345">
    <p class='ocr_par' dir='ltr' id='par_1_26' title="bbox 1945 1267 3541 1345">
     <span class='ocr_line' id='line_1_26' title="bbox 1945 1267 3541 1345; baseline 0.006 -23"><span class='ocrx_word' id='word_1_183' title='bbox 1945 1274 2057 1323; x_wconf 87' lang='lat' dir='ltr'><strong>tate</strong></span> <span class='ocrx_word' id='word_1_184' title='bbox 2083 1267 2256 1322; x_wconf 89' lang='lat' dir='ltr'><strong>tburis</strong></span> <span class='ocrx_word' id='word_1_185' title='bbox 2279 1275 2334 1322; x_wconf 92' lang='lat' dir='ltr'><strong>et</strong></span> <span class='ocrx_word' id='word_1_186' title='bbox 2358 1268 2630 1339; x_wconf 80' lang='lat' dir='ltr'><strong>sanguinis</strong></span> <span class='ocrx_word' id='word_1_187' title='bbox 2658 1267 2740 1339; x_wconf 70' lang='grc' dir='ltr'><strong>(ι’)</strong></span> <span class='ocrx_word' id='word_1_188' title='bbox 2770 1268 2914 1325; x_wconf 90' lang='lat' dir='ltr'><strong>inter</strong></span> <span class='ocrx_word' id='word_1_189' title='bbox 2942 1270 3097 1326; x_wconf 90' lang='lat' dir='ltr'><strong>tibias</strong></span> <span class='ocrx_word' id='word_1_190' title='bbox 3123 1281 3177 1327; x_wconf 92' lang='lat' dir='ltr'><strong>et</strong></span> <span class='ocrx_word' id='word_1_191' title='bbox 3218 1272 3374 1329; x_wconf 91' lang='lat' dir='ltr'><strong>tubas</strong></span> <span class='ocrx_word' id='word_1_192' title='bbox 3413 1274 3541 1345; x_wconf 89' lang='lat' dir='ltr'><strong>itur,</strong></span> 
     </span>
    </p>
   </div>
   <div class='ocr_carea' id='block_1_27' title="bbox 1950 1359 3541 1431">
    <p class='ocr_par' dir='ltr' id='par_1_27' title="bbox 1950 1359 3541 1431">
     <span class='ocr_line' id='line_1_27' title="bbox 1950 1359 3541 1431; baseline 0.005 -17"><span class='ocrx_word' id='word_1_193' title='bbox 1950 1359 2159 1416; x_wconf 91' lang='lat' dir='ltr'><strong>duobus</strong></span> <span class='ocrx_word' id='word_1_194' title='bbox 2204 1359 2651 1431; x_wconf 86' lang='lat' dir='ltr'><strong>inquinatissimis</strong></span> <span class='ocrx_word' id='word_1_195' title='bbox 2691 1360 2940 1429; x_wconf 87' lang='lat' dir='ltr'><strong>arbitris,</strong></span> <span class='ocrx_word' id='word_1_196' title='bbox 2974 1364 3218 1421; x_wconf 82' lang='lat' dir='ltr'><strong>funerum</strong></span> <span class='ocrx_word' id='word_1_197' title='bbox 3253 1377 3308 1421; x_wconf 92' lang='lat' dir='ltr'><strong>et</strong></span> <span class='ocrx_word' id='word_1_198' title='bbox 3354 1380 3541 1423; x_wconf 87' lang='lat' dir='ltr'><strong>sacro-</strong></span> 
     </span>
    </p>
   </div>
   <div class='ocr_carea' id='block_1_28' title="bbox 1949 1450 3545 1530">
    <p class='ocr_par' dir='ltr' id='par_1_28' title="bbox 1949 1450 3545 1530">
     <span class='ocr_line' id='line_1_28' title="bbox 1949 1450 3545 1530; baseline 0.006 -24"><span class='ocrx_word' id='word_1_199' title='bbox 1949 1466 2066 1506; x_wconf 91' lang='lat' dir='ltr'><strong>rum</strong></span> <span class='ocrx_word' id='word_1_200' title='bbox 2084 1492 2100 1519; x_wconf 92' lang='lat'><strong>,</strong></span> <span class='ocrx_word' id='word_1_201' title='bbox 2129 1450 2470 1522; x_wconf 87' lang='lat' dir='ltr'><strong>designatorc</strong></span> <span class='ocrx_word' id='word_1_202' title='bbox 2497 1463 2552 1509; x_wconf 93' lang='lat' dir='ltr'><strong>et</strong></span> <span class='ocrx_word' id='word_1_203' title='bbox 2577 1453 2880 1525; x_wconf 86' lang='lat' dir='ltr'><strong>haruspice.</strong></span> <span class='ocrx_word' id='word_1_204' title='bbox 2910 1454 2987 1510; x_wconf 88' lang='lat' dir='ltr'><strong>Ita</strong></span> <span class='ocrx_word' id='word_1_205' title='bbox 3007 1471 3129 1511; x_wconf 93' lang='lat' dir='ltr'><strong>cum</strong></span> <span class='ocrx_word' id='word_1_206' title='bbox 3157 1458 3225 1514; x_wconf 90' lang='lat' dir='ltr'><strong>de</strong></span> <span class='ocrx_word' id='word_1_207' title='bbox 3249 1459 3545 1530; x_wconf 78' lang='lat' dir='ltr'><strong>originibus</strong></span> 
     </span>
    </p>
   </div>
   <div class='ocr_carea' id='block_1_29' title="bbox 1950 1543 3545 1615">
    <p class='ocr_par' dir='ltr' id='par_1_29' title="bbox 1950 1543 3545 1615">
     <span class='ocr_line' id='line_1_29' title="bbox 1950 1543 3545 1615; baseline 0.008 -16"><span class='ocrx_word' id='word_1_208' title='bbox 1950 1543 2196 1601; x_wconf 91' lang='lat' dir='ltr'><strong>ludorum</strong></span> <span class='ocrx_word' id='word_1_209' title='bbox 2225 1547 2293 1602; x_wconf 92' lang='lat' dir='ltr'><strong>ad</strong></span> <span class='ocrx_word' id='word_1_210' title='bbox 2341 1547 2614 1603; x_wconf 85' lang='lat' dir='ltr'><strong>circenses</strong></span> <span class='ocrx_word' id='word_1_211' title='bbox 2656 1550 2945 1605; x_wconf 89' lang='lat' dir='ltr'><strong>transimus</strong></span> <span class='ocrx_word' id='word_1_212' title='bbox 2966 1590 2982 1615; x_wconf 87' lang='lat'><strong>,</strong></span> <span class='ocrx_word' id='word_1_213' title='bbox 3013 1551 3137 1607; x_wconf 91' lang='lat' dir='ltr'><strong>inde</strong></span> <span class='ocrx_word' id='word_1_214' title='bbox 3166 1568 3307 1609; x_wconf 93' lang='lat' dir='ltr'><strong>nunc</strong></span> <span class='ocrx_word' id='word_1_215' title='bbox 3335 1554 3401 1609; x_wconf 91' lang='lat' dir='ltr'><strong>ad</strong></span> <span class='ocrx_word' id='word_1_216' title='bbox 3427 1569 3545 1612; x_wconf 85' lang='lat' dir='ltr'><strong>sce-</strong></span> 
     </span>
    </p>
   </div>
   <div class='ocr_carea' id='block_1_30' title="bbox 1948 1624 3546 1715">
    <p class='ocr_par' dir='ltr' id='par_1_30' title="bbox 1948 1624 3546 1715">
     <span class='ocr_line' id='line_1_30' title="bbox 1948 1624 3546 1715; baseline 0.008 -25"><span class='ocrx_word' id='word_1_217' title='bbox 1948 1636 2098 1692; x_wconf 91' lang='lat' dir='ltr'><strong>nicos</strong></span> <span class='ocrx_word' id='word_1_218' title='bbox 2128 1636 2284 1693; x_wconf 91' lang='lat' dir='ltr'><strong>ludos</strong></span> <span class='ocrx_word' id='word_1_219' title='bbox 2305 1624 2587 1709; x_wconf 86' lang='lat' dir='ltr'><strong>dirigimus</strong></span> <span class='ocrx_word' id='word_1_220' title='bbox 2605 1680 2622 1706; x_wconf 90' lang='lat'><strong>,</strong></span> <span class='ocrx_word' id='word_1_221' title='bbox 2644 1654 2673 1693; x_wconf 90' lang='lat' dir='ltr'><strong>a</strong></span> <span class='ocrx_word' id='word_1_222' title='bbox 2704 1639 2805 1695; x_wconf 89' lang='lat' dir='ltr'><strong>loci</strong></span> <span class='ocrx_word' id='word_1_223' title='bbox 2827 1642 2953 1694; x_wconf 88' lang='lat' dir='ltr'><strong>vitio</strong></span> <span class='ocrx_word' id='word_1_224' title='bbox 2974 1640 3397 1713; x_wconf 55' lang='lat' dir='ltr'><strong>(9).;Tbeatrum</strong></span> <span class='ocrx_word' id='word_1_225' title='bbox 3421 1662 3546 1715; x_wconf 87' lang='lat' dir='ltr'><strong>pro-</strong></span> 
     </span>
    </p>
   </div>
   <div class='ocr_carea' id='block_1_31' title="bbox 1947 1728 3541 1818">
    <p class='ocr_par' dir='ltr' id='par_1_31' title="bbox 1947 1728 3541 1818">
     <span class='ocr_line' id='line_1_31' title="bbox 1947 1728 3541 1818; baseline 0.009 -36"><span class='ocrx_word' id='word_1_226' title='bbox 1947 1728 2063 1800; x_wconf 90' lang='lat' dir='ltr'><strong>prie</strong></span> <span class='ocrx_word' id='word_1_227' title='bbox 2090 1732 2386 1786; x_wconf 83' lang='lat' dir='ltr'><strong>sacrarium</strong></span> <span class='ocrx_word' id='word_1_228' title='bbox 2428 1730 2651 1787; x_wconf 85' lang='lat' dir='ltr'><strong>Veneris</strong></span> <span class='ocrx_word' id='word_1_229' title='bbox 2696 1744 2800 1788; x_wconf 88' lang='lat' dir='ltr'><strong>cst.</strong></span> <span class='ocrx_word' id='word_1_230' title='bbox 2849 1732 2961 1788; x_wconf 85' lang='lat' dir='ltr'><strong>lloc</strong></span> <span class='ocrx_word' id='word_1_231' title='bbox 3009 1734 3239 1818; x_wconf 67' lang='lat' dir='ltr'><strong>denique</strong></span> <span class='ocrx_word' id='word_1_232' title='bbox 3286 1737 3445 1793; x_wconf 93' lang='lat' dir='ltr'><strong>modo</strong></span> <span class='ocrx_word' id='word_1_233' title='bbox 3486 1739 3541 1797; x_wconf 94' lang='lat' dir='ltr'><strong>id</strong></span> 
     </span>
    </p>
   </div>
   <div class='ocr_carea' id='block_1_32' title="bbox 239 1825 3547 1901">
    <p class='ocr_par' dir='ltr' id='par_1_32' title="bbox 239 1825 3547 1901">
     <span class='ocr_line' id='line_1_32' title="bbox 239 1825 3547 1901; baseline 0.001 -15"><span class='ocrx_word' id='word_1_234' title='bbox 239 1828 524 1886; x_wconf 85' lang='lat' dir='ltr'><strong>Trochilus</strong></span> <span class='ocrx_word' id='word_1_235' title='bbox 552 1827 634 1898; x_wconf 71' lang='grc'><strong>(4)</strong></span> <span class='ocrx_word' id='word_1_236' title='bbox 661 1828 889 1900; x_wconf 89' lang='lat' dir='ltr'><strong>Argivus</strong></span> <span class='ocrx_word' id='word_1_237' title='bbox 938 1835 1127 1883; x_wconf 90' lang='lat' dir='ltr'><strong>auctor</strong></span> <span class='ocrx_word' id='word_1_238' title='bbox 1153 1835 1237 1882; x_wconf 86' lang='lat' dir='ltr'><strong>est</strong></span> <span class='ocrx_word' id='word_1_239' title='bbox 1265 1840 1457 1882; x_wconf 89' lang='lat' dir='ltr'><strong>currus</strong></span> <span class='ocrx_word' id='word_1_240' title='bbox 1488 1868 1503 1894; x_wconf 91' lang='lat'><strong>,</strong></span> <span class='ocrx_word' id='word_1_241' title='bbox 1542 1826 1715 1898; x_wconf 89' lang='lat' dir='ltr'><strong>primo</strong></span> <span class='ocrx_word' id='word_1_242' title='bbox 1758 1827 1836 1900; x_wconf 73' lang='grc' dir='ltr'><strong>(ὅ)</strong></span> <span class='ocrx_word' id='word_1_243' title='bbox 1870 1832 1918 1893; x_wconf 85' lang='grc' dir='ltr'><strong>Β</strong></span> <span class='ocrx_word' id='word_1_244' title='bbox 1945 1837 2117 1894; x_wconf 89' lang='lat' dir='ltr'><strong>genus</strong></span> <span class='ocrx_word' id='word_1_245' title='bbox 2141 1825 2319 1896; x_wconf 89' lang='lat' dir='ltr'><strong>operis</strong></span> <span class='ocrx_word' id='word_1_246' title='bbox 2346 1825 2397 1880; x_wconf 91' lang='lat' dir='ltr'><strong>in</strong></span> <span class='ocrx_word' id='word_1_247' title='bbox 2422 1826 2621 1881; x_wconf 66' lang='lat' dir='ltr'><strong>saeculo</strong></span> <span class='ocrx_word' id='word_1_248' title='bbox 2637 1826 2824 1882; x_wconf 85' lang='lat' dir='ltr'><strong>evasit.</strong></span> <span class='ocrx_word' id='word_1_249' title='bbox 2852 1825 2988 1882; x_wconf 88' lang='lat' dir='ltr'><strong>Nam</strong></span> <span class='ocrx_word' id='word_1_250' title='bbox 3014 1841 3158 1899; x_wconf 83' lang='lat' dir='ltr'><strong>saepe</strong></span> <span class='ocrx_word' id='word_1_251' title='bbox 3184 1830 3265 1901; x_wconf 84' lang='lat' dir='ltr'><strong>(g)</strong></span> <span class='ocrx_word' id='word_1_252' title='bbox 3291 1845 3547 1889; x_wconf 81' lang='lat' dir='ltr'><strong>censores</strong></span> 
     </span>
    </p>
   </div>
   <div class='ocr_carea' id='block_1_33' title="bbox 238 1917 1841 1991">
    <p class='ocr_par' dir='ltr' id='par_1_33' title="bbox 238 1917 1841 1991">
     <span class='ocr_line' id='line_1_33' title="bbox 238 1917 1841 1991; baseline -0.002 -14"><span class='ocrx_word' id='word_1_253' title='bbox 238 1920 435 1977; x_wconf 78' lang='lat' dir='ltr'><strong>Iunoni</strong></span> <span class='ocrx_word' id='word_1_254' title='bbox 462 1921 539 1991; x_wconf 92' lang='lat' dir='ltr'><strong>(b)</strong></span> <span class='ocrx_word' id='word_1_255' title='bbox 560 1959 577 1987; x_wconf 90' lang='lat'><strong>,</strong></span> <span class='ocrx_word' id='word_1_256' title='bbox 605 1918 659 1975; x_wconf 91' lang='lat' dir='ltr'><strong>id</strong></span> <span class='ocrx_word' id='word_1_257' title='bbox 685 1934 821 1990; x_wconf 87' lang='lat' dir='ltr'><strong>opus</strong></span> <span class='ocrx_word' id='word_1_258' title='bbox 844 1932 1000 1974; x_wconf 88' lang='lat' dir='ltr'><strong>suum</strong></span> <span class='ocrx_word' id='word_1_259' title='bbox 1023 1918 1316 1975; x_wconf 85' lang='lat' dir='ltr'><strong>dedicavit.</strong></span> <span class='ocrx_word' id='word_1_260' title='bbox 1347 1917 1404 1974; x_wconf 90' lang='lat' dir='ltr'><strong>Si</strong></span> <span class='ocrx_word' id='word_1_261' title='bbox 1428 1917 1614 1974; x_wconf 76' lang='lat' dir='ltr'><strong>Roma:</strong></span> <span class='ocrx_word' id='word_1_262' title='bbox 1638 1918 1841 1974; x_wconf 83' lang='lat' dir='ltr'><strong>Romu-</strong></span> 
     </span>
    </p>
   </div>
   <div class='ocr_carea' id='block_1_34' title="bbox 239 2009 1840 2084">
    <p class='ocr_par' dir='ltr' id='par_1_34' title="bbox 239 2009 1840 2084">
     <span class='ocr_line' id='line_1_34' title="bbox 239 2009 1840 2084; baseline -0.001 -18"><span class='ocrx_word' id='word_1_263' title='bbox 239 2011 329 2068; x_wconf 86' lang='lat' dir='ltr'><strong>lus</strong></span> <span class='ocrx_word' id='word_1_264' title='bbox 373 2011 684 2084; x_wconf 79' lang='lat' dir='ltr'><strong>quadrigam</strong></span> <span class='ocrx_word' id='word_1_265' title='bbox 730 2010 936 2081; x_wconf 89' lang='lat' dir='ltr'><strong>primus</strong></span> <span class='ocrx_word' id='word_1_266' title='bbox 986 2009 1259 2074; x_wconf 87' lang='lat' dir='ltr'><strong>ostendit,</strong></span> <span class='ocrx_word' id='word_1_267' title='bbox 1293 2016 1420 2081; x_wconf 90' lang='lat' dir='ltr'><strong>puto</strong></span> <span class='ocrx_word' id='word_1_268' title='bbox 1450 2018 1506 2066; x_wconf 88' lang='lat' dir='ltr'><strong>et</strong></span> <span class='ocrx_word' id='word_1_269' title='bbox 1548 2010 1663 2081; x_wconf 90' lang='lat' dir='ltr'><strong>ipse</strong></span> <span class='ocrx_word' id='word_1_270' title='bbox 1700 2010 1840 2066; x_wconf 89' lang='lat' dir='ltr'><strong>inter</strong></span> 
     </span>
    </p>
   </div>
   <div class='ocr_carea' id='block_1_35' title="bbox 241 2102 1841 2176">
    <p class='ocr_par' dir='ltr' id='par_1_35' title="bbox 241 2102 1841 2176">
     <span class='ocr_line' id='line_1_35' title="bbox 241 2102 1841 2176; baseline -0.002 -15"><span class='ocrx_word' id='word_1_271' title='bbox 241 2105 384 2161; x_wconf 92' lang='lat' dir='ltr'><strong>idola</strong></span> <span class='ocrx_word' id='word_1_272' title='bbox 423 2104 795 2176; x_wconf 91' lang='lat' dir='ltr'><strong>conscriptus,</strong></span> <span class='ocrx_word' id='word_1_273' title='bbox 823 2104 868 2159; x_wconf 92' lang='lat' dir='ltr'><strong>si</strong></span> <span class='ocrx_word' id='word_1_274' title='bbox 896 2103 1041 2160; x_wconf 91' lang='lat' dir='ltr'><strong>idem</strong></span> <span class='ocrx_word' id='word_1_275' title='bbox 1084 2113 1168 2158; x_wconf 91' lang='lat' dir='ltr'><strong>est</strong></span> <span class='ocrx_word' id='word_1_276' title='bbox 1191 2102 1467 2171; x_wconf 86' lang='lat' dir='ltr'><strong>Quirinus.</strong></span> <span class='ocrx_word' id='word_1_277' title='bbox 1502 2103 1721 2159; x_wconf 83' lang='lat' dir='ltr'><strong>Talibus</strong></span> <span class='ocrx_word' id='word_1_278' title='bbox 1745 2118 1841 2158; x_wconf 88' lang='lat' dir='ltr'><strong>au—</strong></span> 
     </span>
    </p>
   </div>
   <div class='ocr_carea' id='block_1_36' title="bbox 240 2194 1841 2269">
    <p class='ocr_par' dir='ltr' id='par_1_36' title="bbox 240 2194 1841 2269">
     <span class='ocr_line' id='line_1_36' title="bbox 240 2194 1841 2269; baseline -0.002 -16"><span class='ocrx_word' id='word_1_279' title='bbox 240 2197 483 2254; x_wconf 86' lang='lat' dir='ltr'><strong>ctoribus</strong></span> <span class='ocrx_word' id='word_1_280' title='bbox 511 2197 782 2269; x_wconf 60' lang='lat' dir='ltr'><strong>quadrigae</strong></span> <span class='ocrx_word' id='word_1_281' title='bbox 813 2194 1086 2267; x_wconf 79' lang='lat' dir='ltr'><strong>producta:</strong></span> <span class='ocrx_word' id='word_1_282' title='bbox 1107 2235 1123 2262; x_wconf 89' lang='lat'><strong>,</strong></span> <span class='ocrx_word' id='word_1_283' title='bbox 1152 2195 1347 2251; x_wconf 89' lang='lat' dir='ltr'><strong>merito</strong></span> <span class='ocrx_word' id='word_1_284' title='bbox 1372 2203 1429 2251; x_wconf 92' lang='lat' dir='ltr'><strong>et</strong></span> <span class='ocrx_word' id='word_1_285' title='bbox 1464 2196 1665 2267; x_wconf 80' lang='lat' dir='ltr'><strong>aurigis</strong></span> <span class='ocrx_word' id='word_1_286' title='bbox 1694 2195 1841 2250; x_wconf 90' lang='lat' dir='ltr'><strong>colo-</strong></span> 
     </span>
    </p>
   </div>
   <div class='ocr_carea' id='block_1_37' title="bbox 240 2288 1839 2363">
    <p class='ocr_par' dir='ltr' id='par_1_37' title="bbox 240 2288 1839 2363">
     <span class='ocr_line' id='line_1_37' title="bbox 240 2288 1839 2363; baseline -0.004 -14"><span class='ocrx_word' id='word_1_287' title='bbox 240 2292 393 2350; x_wconf 83' lang='lat' dir='ltr'><strong>ribus</strong></span> <span class='ocrx_word' id='word_1_288' title='bbox 438 2291 513 2363; x_wconf 73' lang='grc' dir='ltr'><strong>(υ)</strong></span> <span class='ocrx_word' id='word_1_289' title='bbox 558 2290 919 2346; x_wconf 87' lang='lat' dir='ltr'><strong>idololatriam</strong></span> <span class='ocrx_word' id='word_1_290' title='bbox 970 2289 1389 2357; x_wconf 90' lang='lat' dir='ltr'><strong>vestierunt,et</strong></span> <span class='ocrx_word' id='word_1_291' title='bbox 1416 2288 1484 2343; x_wconf 90' lang='lat' dir='ltr'><strong>ab</strong></span> <span class='ocrx_word' id='word_1_292' title='bbox 1533 2288 1685 2343; x_wconf 89' lang='lat' dir='ltr'><strong>initio</strong></span> <span class='ocrx_word' id='word_1_293' title='bbox 1730 2289 1839 2344; x_wconf 89' lang='lat' dir='ltr'><strong>duo</strong></span> 
     </span>
    </p>
   </div>
   <div class='ocr_carea' id='block_1_38' title="bbox 239 2380 1836 2455">
    <p class='ocr_par' dir='ltr' id='par_1_38' title="bbox 239 2380 1836 2455">
     <span class='ocr_line' id='line_1_38' title="bbox 239 2380 1836 2455; baseline -0.006 -13"><span class='ocrx_word' id='word_1_294' title='bbox 239 2386 344 2443; x_wconf 88' lang='lat' dir='ltr'><strong>soli</strong></span> <span class='ocrx_word' id='word_1_295' title='bbox 383 2384 602 2441; x_wconf 85' lang='lat' dir='ltr'><strong>fuerunt</strong></span> <span class='ocrx_word' id='word_1_296' title='bbox 633 2381 743 2455; x_wconf 85' lang='lat'><strong>(6),</strong></span> <span class='ocrx_word' id='word_1_297' title='bbox 773 2383 925 2439; x_wconf 86' lang='lat' dir='ltr'><strong>albus</strong></span> <span class='ocrx_word' id='word_1_298' title='bbox 962 2392 1018 2438; x_wconf 90' lang='lat' dir='ltr'><strong>et</strong></span> <span class='ocrx_word' id='word_1_299' title='bbox 1044 2380 1123 2455; x_wconf 80' lang='grc' dir='ltr'><strong>(ά)</strong></span> <span class='ocrx_word' id='word_1_300' title='bbox 1153 2396 1375 2439; x_wconf 88' lang='lat' dir='ltr'><strong>russeus</strong></span> <span class='ocrx_word' id='word_1_301' title='bbox 1407 2399 1421 2436; x_wconf 88' lang='lat'><strong>:</strong></span> <span class='ocrx_word' id='word_1_302' title='bbox 1455 2381 1606 2437; x_wconf 87' lang='lat' dir='ltr'><strong>albus</strong></span> <span class='ocrx_word' id='word_1_303' title='bbox 1637 2380 1836 2450; x_wconf 88' lang='lat' dir='ltr'><strong>hiemi,</strong></span> 
     </span>
    </p>
   </div>
   <div class='ocr_carea' id='block_1_39' title="bbox 242 2472 1842 2543">
    <p class='ocr_par' dir='ltr' id='par_1_39' title="bbox 242 2472 1842 2543">
     <span class='ocr_line' id='line_1_39' title="bbox 242 2472 1842 2543; baseline -0.004 -8"><span class='ocrx_word' id='word_1_304' title='bbox 242 2479 313 2535; x_wconf 91' lang='lat' dir='ltr'><strong>ob</strong></span> <span class='ocrx_word' id='word_1_305' title='bbox 354 2478 507 2533; x_wconf 81' lang='lat' dir='ltr'><strong>nives</strong></span> <span class='ocrx_word' id='word_1_306' title='bbox 554 2475 850 2543; x_wconf 85' lang='lat' dir='ltr'><strong>candidas;</strong></span> <span class='ocrx_word' id='word_1_307' title='bbox 892 2489 1112 2530; x_wconf 88' lang='lat' dir='ltr'><strong>russeus</strong></span> <span class='ocrx_word' id='word_1_308' title='bbox 1161 2475 1368 2542; x_wconf 55' lang='lat' dir='ltr'><strong>aestati,</strong></span> <span class='ocrx_word' id='word_1_309' title='bbox 1398 2473 1468 2529; x_wconf 93' lang='lat' dir='ltr'><strong>ob</strong></span> <span class='ocrx_word' id='word_1_310' title='bbox 1507 2473 1639 2529; x_wconf 89' lang='lat' dir='ltr'><strong>solis</strong></span> <span class='ocrx_word' id='word_1_311' title='bbox 1679 2472 1842 2528; x_wconf 91' lang='lat' dir='ltr'><strong>rubo-</strong></span> 
     </span>
    </p>
   </div>
   <div class='ocr_carea' id='block_1_40' title="bbox 243 2564 1841 2637">
    <p class='ocr_par' dir='ltr' id='par_1_40' title="bbox 243 2564 1841 2637">
     <span class='ocr_line' id='line_1_40' title="bbox 243 2564 1841 2637; baseline -0.005 -10"><span class='ocrx_word' id='word_1_312' title='bbox 243 2585 381 2634; x_wconf 88' lang='lat' dir='ltr'><strong>rem,</strong></span> <span class='ocrx_word' id='word_1_313' title='bbox 418 2568 528 2625; x_wconf 83' lang='lat' dir='ltr'><strong>voti</strong></span> <span class='ocrx_word' id='word_1_314' title='bbox 572 2574 745 2623; x_wconf 90' lang='lat' dir='ltr'><strong>erant.</strong></span> <span class='ocrx_word' id='word_1_315' title='bbox 791 2566 896 2622; x_wconf 92' lang='lat' dir='ltr'><strong>Sed</strong></span> <span class='ocrx_word' id='word_1_316' title='bbox 950 2577 1134 2637; x_wconf 87' lang='lat' dir='ltr'><strong>postea</strong></span> <span class='ocrx_word' id='word_1_317' title='bbox 1181 2573 1286 2619; x_wconf 90' lang='lat' dir='ltr'><strong>tam</strong></span> <span class='ocrx_word' id='word_1_318' title='bbox 1342 2564 1648 2635; x_wconf 88' lang='lat' dir='ltr'><strong>voluptate,</strong></span> <span class='ocrx_word' id='word_1_319' title='bbox 1678 2579 1841 2635; x_wconf 90' lang='lat' dir='ltr'><strong>quam</strong></span> 
     </span>
    </p>
   </div>
   <div class='ocr_carea' id='block_1_41' title="bbox 243 2651 1840 2734">
    <p class='ocr_par' dir='ltr' id='par_1_41' title="bbox 243 2651 1840 2734">
     <span class='ocr_line' id='line_1_41' title="bbox 243 2651 1840 2734; baseline -0.004 -16"><span class='ocrx_word' id='word_1_320' title='bbox 243 2662 625 2734; x_wconf 87' lang='lat' dir='ltr'><strong>superstitione</strong></span> <span class='ocrx_word' id='word_1_321' title='bbox 661 2651 933 2731; x_wconf 75' lang='lat' dir='ltr'><strong>provecta,</strong></span> <span class='ocrx_word' id='word_1_322' title='bbox 957 2672 1202 2715; x_wconf 89' lang='lat' dir='ltr'><strong>russeum</strong></span> <span class='ocrx_word' id='word_1_323' title='bbox 1230 2657 1324 2713; x_wconf 88' lang='lat' dir='ltr'><strong>alii</strong></span> <span class='ocrx_word' id='word_1_324' title='bbox 1345 2656 1497 2713; x_wconf 82' lang='lat' dir='ltr'><strong>Marti</strong></span> <span class='ocrx_word' id='word_1_325' title='bbox 1521 2657 1640 2724; x_wconf 90' lang='lat' dir='ltr'><strong>,alii</strong></span> <span class='ocrx_word' id='word_1_326' title='bbox 1662 2657 1840 2713; x_wconf 90' lang='lat' dir='ltr'><strong>album</strong></span> 
     </span>
    </p>
   </div>
   <div class='ocr_carea' id='block_1_42' title="bbox 246 2748 1842 2827">
    <p class='ocr_par' dir='ltr' id='par_1_42' title="bbox 246 2748 1842 2827">
     <span class='ocr_line' id='line_1_42' title="bbox 246 2748 1842 2827; baseline -0.003 -17"><span class='ocrx_word' id='word_1_327' title='bbox 246 2754 505 2827; x_wconf 86' lang='lat' dir='ltr'><strong>Zephyris</strong></span> <span class='ocrx_word' id='word_1_328' title='bbox 553 2761 1010 2809; x_wconf 90' lang='lat' dir='ltr'><strong>consecraverunt</strong></span> <span class='ocrx_word' id='word_1_329' title='bbox 1043 2768 1057 2817; x_wconf 91' lang='lat'><strong>;</strong></span> <span class='ocrx_word' id='word_1_330' title='bbox 1099 2750 1378 2807; x_wconf 89' lang='lat' dir='ltr'><strong>Prasinum</strong></span> <span class='ocrx_word' id='word_1_331' title='bbox 1423 2765 1552 2806; x_wconf 86' lang='lat' dir='ltr'><strong>vero</strong></span> <span class='ocrx_word' id='word_1_332' title='bbox 1575 2748 1653 2823; x_wconf 88' lang='lat'><strong>(7)</strong></span> <span class='ocrx_word' id='word_1_333' title='bbox 1686 2760 1842 2805; x_wconf 63' lang='lat' dir='ltr'><strong>terra:</strong></span> 
     </span>
    </p>
   </div>
   <div class='ocr_carea' id='block_1_43' title="bbox 244 2842 1841 2916">
    <p class='ocr_par' dir='ltr' id='par_1_43' title="bbox 244 2842 1841 2916">
     <span class='ocr_line' id='line_1_43' title="bbox 244 2842 1841 2916; baseline -0.003 -15"><span class='ocrx_word' id='word_1_334' title='bbox 244 2846 399 2901; x_wconf 84' lang='lat' dir='ltr'><strong>matri</strong></span> <span class='ocrx_word' id='word_1_335' title='bbox 424 2843 510 2900; x_wconf 88' lang='lat' dir='ltr'><strong>vel</strong></span> <span class='ocrx_word' id='word_1_336' title='bbox 535 2860 702 2900; x_wconf 88' lang='lat' dir='ltr'><strong>verno</strong></span> <span class='ocrx_word' id='word_1_337' title='bbox 730 2846 804 2916; x_wconf 76' lang='grc' dir='ltr'><strong>(ε)</strong></span> <span class='ocrx_word' id='word_1_338' title='bbox 826 2883 841 2908; x_wconf 88' lang='grc'><em>,</em></span> <span class='ocrx_word' id='word_1_339' title='bbox 877 2842 1140 2898; x_wconf 83' lang='lat' dir='ltr'><strong>Venetum</strong></span> <span class='ocrx_word' id='word_1_340' title='bbox 1168 2844 1307 2899; x_wconf 65' lang='lat' dir='ltr'><strong>coelo</strong></span> <span class='ocrx_word' id='word_1_341' title='bbox 1330 2853 1384 2898; x_wconf 89' lang='lat' dir='ltr'><strong>et</strong></span> <span class='ocrx_word' id='word_1_342' title='bbox 1423 2842 1588 2908; x_wconf 90' lang='lat' dir='ltr'><strong>mari,</strong></span> <span class='ocrx_word' id='word_1_343' title='bbox 1622 2843 1711 2898; x_wconf 89' lang='lat' dir='ltr'><strong>vel.</strong></span> <span class='ocrx_word' id='word_1_344' title='bbox 1741 2858 1841 2897; x_wconf 89' lang='lat' dir='ltr'><strong>au-</strong></span> 
     </span>
    </p>
   </div>
   <div class='ocr_carea' id='block_1_44' title="bbox 246 2933 1832 3006">
    <p class='ocr_par' dir='ltr' id='par_1_44' title="bbox 246 2933 1832 3006">
     <span class='ocr_line' id='line_1_44' title="bbox 246 2933 1832 3006; baseline -0.002 -13"><span class='ocrx_word' id='word_1_345' title='bbox 246 2946 451 2994; x_wconf 90' lang='lat' dir='ltr'><strong>tumno.</strong></span> <span class='ocrx_word' id='word_1_346' title='bbox 472 2935 606 2992; x_wconf 90' lang='lat' dir='ltr'><strong>Cum</strong></span> <span class='ocrx_word' id='word_1_347' title='bbox 633 2945 809 2992; x_wconf 89' lang='lat' dir='ltr'><strong>autem</strong></span> <span class='ocrx_word' id='word_1_348' title='bbox 832 2935 1008 2992; x_wconf 89' lang='lat' dir='ltr'><strong>omnis</strong></span> <span class='ocrx_word' id='word_1_349' title='bbox 1028 2933 1565 3006; x_wconf 69' lang='lat' dir='ltr'><strong>speciesidololatriie</strong></span> <span class='ocrx_word' id='word_1_350' title='bbox 1580 2933 1832 2990; x_wconf 85' lang='lat' dir='ltr'><strong>damnata</strong></span> 
     </span>
    </p>
   </div>
   <div class='ocr_carea' id='block_1_45' title="bbox 1943 1916 3542 1994">
    <p class='ocr_par' dir='ltr' id='par_1_45' title="bbox 1943 1916 3542 1994">
     <span class='ocr_line' id='line_1_45' title="bbox 1943 1916 3542 1994; baseline 0.006 -24"><span class='ocrx_word' id='word_1_351' title='bbox 1943 1916 2279 1972; x_wconf 89' lang='lat' dir='ltr'><strong>renascentia</strong></span> <span class='ocrx_word' id='word_1_352' title='bbox 2305 1917 2425 1989; x_wconf 72' lang='lat'><strong>(10)</strong></span> <span class='ocrx_word' id='word_1_353' title='bbox 2450 1932 2574 1974; x_wconf 90' lang='lat' dir='ltr'><strong>cum</strong></span> <span class='ocrx_word' id='word_1_354' title='bbox 2623 1920 2861 1975; x_wconf 80' lang='lat' dir='ltr'><strong>maxime</strong></span> <span class='ocrx_word' id='word_1_355' title='bbox 2897 1920 3104 1976; x_wconf 87' lang='lat' dir='ltr'><strong>theatra</strong></span> <span class='ocrx_word' id='word_1_356' title='bbox 3153 1922 3542 1994; x_wconf 87' lang='lat' dir='ltr'><strong>destruebant,</strong></span> 
     </span>
    </p>
   </div>
   <div class='ocr_carea' id='block_1_46' title="bbox 1945 2008 3545 2086">
    <p class='ocr_par' dir='ltr' id='par_1_46' title="bbox 1945 2008 3545 2086">
     <span class='ocr_line' id='line_1_46' title="bbox 1945 2008 3545 2086; baseline 0.008 -24"><span class='ocrx_word' id='word_1_357' title='bbox 1945 2008 2182 2064; x_wconf 90' lang='lat' dir='ltr'><strong>moribus</strong></span> <span class='ocrx_word' id='word_1_358' title='bbox 2221 2011 2598 2079; x_wconf 88' lang='lat' dir='ltr'><strong>consulentes,</strong></span> <span class='ocrx_word' id='word_1_359' title='bbox 2633 2027 2861 2082; x_wconf 88' lang='lat' dir='ltr'><strong>quorum</strong></span> <span class='ocrx_word' id='word_1_360' title='bbox 2895 2013 3102 2070; x_wconf 77' lang='lat' dir='ltr'><strong>scilicet</strong></span> <span class='ocrx_word' id='word_1_361' title='bbox 3130 2017 3427 2086; x_wconf 90' lang='lat' dir='ltr'><strong>periculum</strong></span> <span class='ocrx_word' id='word_1_362' title='bbox 3456 2019 3545 2074; x_wconf 83' lang='lat' dir='ltr'><strong>in-</strong></span> 
     </span>
    </p>
   </div>
   <div class='ocr_carea' id='block_1_47' title="bbox 1942 2100 3545 2177">
    <p class='ocr_par' dir='ltr' id='par_1_47' title="bbox 1942 2100 3545 2177">
     <span class='ocr_line' id='line_1_47' title="bbox 1942 2100 3545 2177; baseline 0.008 -21"><span class='ocrx_word' id='word_1_363' title='bbox 1942 2115 2076 2172; x_wconf 87' lang='lat' dir='ltr'><strong>gens</strong></span> <span class='ocrx_word' id='word_1_364' title='bbox 2103 2100 2172 2156; x_wconf 89' lang='lat' dir='ltr'><strong>de</strong></span> <span class='ocrx_word' id='word_1_365' title='bbox 2200 2100 2417 2158; x_wconf 86' lang='lat' dir='ltr'><strong>lascivia</strong></span> <span class='ocrx_word' id='word_1_366' title='bbox 2447 2103 2837 2175; x_wconf 88' lang='lat' dir='ltr'><strong>providebant,</strong></span> <span class='ocrx_word' id='word_1_367' title='bbox 2867 2115 2924 2161; x_wconf 91' lang='lat' dir='ltr'><strong>ttt</strong></span> <span class='ocrx_word' id='word_1_368' title='bbox 2943 2107 3052 2177; x_wconf 87' lang='lat' dir='ltr'><strong>jam</strong></span> <span class='ocrx_word' id='word_1_369' title='bbox 3083 2107 3208 2164; x_wconf 85' lang='lat' dir='ltr'><strong>hinc</strong></span> <span class='ocrx_word' id='word_1_370' title='bbox 3238 2111 3469 2168; x_wconf 83' lang='lat' dir='ltr'><strong>ethnicis</strong></span> <span class='ocrx_word' id='word_1_371' title='bbox 3491 2112 3545 2169; x_wconf 90' lang='lat' dir='ltr'><strong>in</strong></span> 
     </span>
    </p>
   </div>
   <div class='ocr_carea' id='block_1_48' title="bbox 1902 2194 3545 2271">
    <p class='ocr_par' dir='ltr' id='par_1_48' title="bbox 1902 2194 3545 2271">
     <span class='ocr_line' id='line_1_48' title="bbox 1902 2194 3545 2271; baseline 0.008 -24"><span class='ocrx_word' id='word_1_372' title='bbox 1902 2266 1907 2271; x_wconf 23' lang='grc' dir='ltr'><strong><em>η</em></strong></span> <span class='ocrx_word' id='word_1_373' title='bbox 1945 2194 2309 2249; x_wconf 86' lang='lat' dir='ltr'><strong>testimonium</strong></span> <span class='ocrx_word' id='word_1_374' title='bbox 2340 2195 2498 2252; x_wconf 88' lang='lat' dir='ltr'><strong>cedat</strong></span> <span class='ocrx_word' id='word_1_375' title='bbox 2543 2199 2814 2254; x_wconf 87' lang='lat' dir='ltr'><strong>sententia</strong></span> <span class='ocrx_word' id='word_1_376' title='bbox 2860 2199 3098 2269; x_wconf 90' lang='lat' dir='ltr'><strong>ipsorum</strong></span> <span class='ocrx_word' id='word_1_377' title='bbox 3148 2202 3433 2260; x_wconf 78' lang='lat' dir='ltr'><strong>nobiscum</strong></span> <span class='ocrx_word' id='word_1_378' title='bbox 3460 2202 3545 2260; x_wconf 82' lang='lat' dir='ltr'><strong>fa-</strong></span> 
     </span>
    </p>
   </div>
   <div class='ocr_carea' id='block_1_49' title="bbox 1943 2285 3545 2364">
    <p class='ocr_par' dir='ltr' id='par_1_49' title="bbox 1943 2285 3545 2364">
     <span class='ocr_line' id='line_1_49' title="bbox 1943 2285 3545 2364; baseline 0.008 -24"><span class='ocrx_word' id='word_1_379' title='bbox 1943 2285 2125 2354; x_wconf 87' lang='lat' dir='ltr'><strong>ciens,</strong></span> <span class='ocrx_word' id='word_1_380' title='bbox 2152 2294 2207 2341; x_wconf 93' lang='lat' dir='ltr'><strong>et</strong></span> <span class='ocrx_word' id='word_1_381' title='bbox 2245 2286 2399 2343; x_wconf 90' lang='lat' dir='ltr'><strong>nobis</strong></span> <span class='ocrx_word' id='word_1_382' title='bbox 2444 2288 2500 2343; x_wconf 94' lang='lat' dir='ltr'><strong>in</strong></span> <span class='ocrx_word' id='word_1_383' title='bbox 2529 2291 3003 2361; x_wconf 85' lang='lat' dir='ltr'><strong>exaggerationem</strong></span> <span class='ocrx_word' id='word_1_384' title='bbox 3035 2293 3335 2364; x_wconf 77' lang='lat' dir='ltr'><strong>disciplinae</strong></span> <span class='ocrx_word' id='word_1_385' title='bbox 3381 2296 3545 2353; x_wconf 90' lang='lat' dir='ltr'><strong>etiam</strong></span> 
     </span>
    </p>
   </div>
   <div class='ocr_carea' id='block_1_50' title="bbox 1942 2377 3546 2464">
    <p class='ocr_par' dir='ltr' id='par_1_50' title="bbox 1942 2377 3546 2464">
     <span class='ocr_line' id='line_1_50' title="bbox 1942 2377 3546 2464; baseline 0.008 -32"><span class='ocrx_word' id='word_1_386' title='bbox 1942 2377 2192 2434; x_wconf 67' lang='lat' dir='ltr'><strong>humana:</strong></span> <span class='ocrx_word' id='word_1_387' title='bbox 2236 2382 2606 2452; x_wconf 70' lang='lat' dir='ltr'><strong>praerogativa.</strong></span> <span class='ocrx_word' id='word_1_388' title='bbox 2647 2382 2831 2454; x_wconf 84' lang='lat' dir='ltr'><strong>Itaque</strong></span> <span class='ocrx_word' id='word_1_389' title='bbox 2878 2383 3165 2457; x_wconf 86' lang='lat' dir='ltr'><strong>Pompeius</strong></span> <span class='ocrx_word' id='word_1_390' title='bbox 3202 2386 3420 2460; x_wconf 85' lang='lat' dir='ltr'><strong>Magnus</strong></span> <span class='ocrx_word' id='word_1_391' title='bbox 3463 2389 3546 2464; x_wconf 86' lang='lat' dir='ltr'><strong>(It)</strong></span> 
     </span>
    </p>
   </div>
   <div class='ocr_carea' id='block_1_51' title="bbox 1943 2470 3547 2541">
    <p class='ocr_par' dir='ltr' id='par_1_51' title="bbox 1943 2470 3547 2541">
     <span class='ocr_line' id='line_1_51' title="bbox 1943 2470 3547 2541; baseline 0.009 -17"><span class='ocrx_word' id='word_1_392' title='bbox 1943 2470 2062 2525; x_wconf 92' lang='lat' dir='ltr'><strong>solo</strong></span> <span class='ocrx_word' id='word_1_393' title='bbox 2092 2470 2305 2528; x_wconf 88' lang='lat' dir='ltr'><strong>theatro</strong></span> <span class='ocrx_word' id='word_1_394' title='bbox 2346 2487 2445 2528; x_wconf 92' lang='lat' dir='ltr'><strong>suo</strong></span> <span class='ocrx_word' id='word_1_395' title='bbox 2482 2474 2677 2541; x_wconf 91' lang='lat' dir='ltr'><strong>minor,</strong></span> <span class='ocrx_word' id='word_1_396' title='bbox 2709 2491 2832 2531; x_wconf 90' lang='lat' dir='ltr'><strong>cum</strong></span> <span class='ocrx_word' id='word_1_397' title='bbox 2877 2477 3025 2533; x_wconf 89' lang='lat' dir='ltr'><strong>illam</strong></span> <span class='ocrx_word' id='word_1_398' title='bbox 3074 2494 3253 2536; x_wconf 87' lang='lat' dir='ltr'><strong>arcem</strong></span> <span class='ocrx_word' id='word_1_399' title='bbox 3305 2484 3547 2541; x_wconf 89' lang='lat' dir='ltr'><strong>omnium</strong></span> 
     </span>
    </p>
   </div>
   <div class='ocr_carea' id='block_1_52' title="bbox 1945 2564 3549 2649">
    <p class='ocr_par' dir='ltr' id='par_1_52' title="bbox 1945 2564 3549 2649">
     <span class='ocr_line' id='line_1_52' title="bbox 1945 2564 3549 2649; baseline 0.009 -28"><span class='ocrx_word' id='word_1_400' title='bbox 1945 2564 2334 2637; x_wconf 68' lang='lat' dir='ltr'><strong>turpitddinum</strong></span> <span class='ocrx_word' id='word_1_401' title='bbox 2362 2571 2756 2643; x_wconf 64' lang='lat' dir='ltr'><strong>exstruxisset,§</strong></span> <span class='ocrx_word' id='word_1_402' title='bbox 2770 2572 2969 2629; x_wconf 92' lang='lat' dir='ltr'><strong>veritus</strong></span> <span class='ocrx_word' id='word_1_403' title='bbox 2993 2575 3314 2649; x_wconf 89' lang='lat' dir='ltr'><strong>quandoque</strong></span> <span class='ocrx_word' id='word_1_404' title='bbox 3342 2594 3549 2635; x_wconf 85' lang='lat' dir='ltr'><strong>memo-</strong></span> 
     </span>
    </p>
   </div>
   <div class='ocr_carea' id='block_1_53' title="bbox 1943 2660 3546 2733">
    <p class='ocr_par' dir='ltr' id='par_1_53' title="bbox 1943 2660 3546 2733">
     <span class='ocr_line' id='line_1_53' title="bbox 1943 2660 3546 2733; baseline 0.007 -19"><span class='ocrx_word' id='word_1_405' title='bbox 1943 2660 2039 2714; x_wconf 80' lang='lat' dir='ltr'><strong>riae</strong></span> <span class='ocrx_word' id='word_1_406' title='bbox 2087 2675 2201 2716; x_wconf 73' lang='lat' dir='ltr'><strong>sua:</strong></span> <span class='ocrx_word' id='word_1_407' title='bbox 2242 2663 2545 2717; x_wconf 87' lang='lat' dir='ltr'><strong>censoriam</strong></span> <span class='ocrx_word' id='word_1_408' title='bbox 2597 2663 3124 2722; x_wconf 88' lang='lat' dir='ltr'><strong>animadversionem</strong></span> <span class='ocrx_word' id='word_1_409' title='bbox 3152 2710 3168 2733; x_wconf 93' lang='lat'><strong>,</strong></span> <span class='ocrx_word' id='word_1_410' title='bbox 3209 2668 3437 2725; x_wconf 88' lang='lat' dir='ltr'><strong>Veneris</strong></span> <span class='ocrx_word' id='word_1_411' title='bbox 3467 2687 3546 2724; x_wconf 71' lang='lat' dir='ltr'><strong>tc-</strong></span> 
     </span>
    </p>
   </div>
   <div class='ocr_carea' id='block_1_54' title="bbox 1943 2751 3575 2831">
    <p class='ocr_par' dir='ltr' id='par_1_54' title="bbox 1943 2751 3575 2831">
     <span class='ocr_line' id='line_1_54' title="bbox 1943 2751 3575 2831; baseline 0.007 -25"><span class='ocrx_word' id='word_1_412' title='bbox 1943 2751 2066 2807; x_wconf 92' lang='lat' dir='ltr'><strong>dem</strong></span> <span class='ocrx_word' id='word_1_413' title='bbox 2099 2753 2441 2824; x_wconf 89' lang='lat' dir='ltr'><strong>superposnit</strong></span> <span class='ocrx_word' id='word_1_414' title='bbox 2458 2795 2475 2820; x_wconf 91' lang='lat'><strong>,</strong></span> <span class='ocrx_word' id='word_1_415' title='bbox 2501 2763 2555 2810; x_wconf 90' lang='lat' dir='ltr'><strong>et</strong></span> <span class='ocrx_word' id='word_1_416' title='bbox 2575 2755 2641 2810; x_wconf 90' lang='lat' dir='ltr'><strong>ad</strong></span> <span class='ocrx_word' id='word_1_417' title='bbox 2664 2755 3061 2813; x_wconf 87' lang='lat' dir='ltr'><strong>dedicationem</strong></span> <span class='ocrx_word' id='word_1_418' title='bbox 3086 2759 3264 2815; x_wconf 91' lang='lat' dir='ltr'><strong>edicto</strong></span> <span class='ocrx_word' id='word_1_419' title='bbox 3291 2762 3545 2831; x_wconf 87' lang='lat' dir='ltr'><strong>populum</strong></span> <span class='ocrx_word' id='word_1_420' title='bbox 3570 2794 3575 2799; x_wconf 63' lang='grc' dir='ltr'><strong><em>ο</em></strong></span> 
     </span>
    </p>
   </div>
   <div class='ocr_carea' id='block_1_55' title="bbox 1946 2846 3545 2923">
    <p class='ocr_par' dir='ltr' id='par_1_55' title="bbox 1946 2846 3545 2923">
     <span class='ocr_line' id='line_1_55' title="bbox 1946 2846 3545 2923; baseline 0.007 -25"><span class='ocrx_word' id='word_1_421' title='bbox 1946 2859 2176 2911; x_wconf 89' lang='lat' dir='ltr'><strong>vocans,</strong></span> <span class='ocrx_word' id='word_1_422' title='bbox 2208 2860 2314 2901; x_wconf 91' lang='lat' dir='ltr'><strong>non</strong></span> <span class='ocrx_word' id='word_1_423' title='bbox 2357 2846 2664 2917; x_wconf 86' lang='lat' dir='ltr'><strong>theatrum,</strong></span> <span class='ocrx_word' id='word_1_424' title='bbox 2693 2848 2791 2904; x_wconf 90' lang='lat' dir='ltr'><strong>sed</strong></span> <span class='ocrx_word' id='word_1_425' title='bbox 2818 2848 3046 2906; x_wconf 79' lang='lat' dir='ltr'><strong>Veneris</strong></span> <span class='ocrx_word' id='word_1_426' title='bbox 3096 2853 3352 2923; x_wconf 91' lang='lat' dir='ltr'><strong>templum</strong></span> <span class='ocrx_word' id='word_1_427' title='bbox 3398 2870 3545 2909; x_wconf 85' lang='lat' dir='ltr'><strong>nun-</strong></span> 
     </span>
    </p>
   </div>
   <div class='ocr_carea' id='block_1_56' title="bbox 1937 2937 3546 3017">
    <p class='ocr_par' dir='ltr' id='par_1_56' title="bbox 1937 2937 3546 3017">
     <span class='ocr_line' id='line_1_56' title="bbox 1937 2937 3546 3017; baseline 0.006 -24"><span class='ocrx_word' id='word_1_428' title='bbox 1937 2937 2181 3007; x_wconf 86' lang='lat' dir='ltr'><strong>cupavit:</strong></span> <span class='ocrx_word' id='word_1_429' title='bbox 2211 2938 2306 2993; x_wconf 87' lang='lat' dir='ltr'><strong>Cui</strong></span> <span class='ocrx_word' id='word_1_430' title='bbox 2337 2939 2696 3010; x_wconf 87' lang='lat' dir='ltr'><strong>subjecimus,</strong></span> <span class='ocrx_word' id='word_1_431' title='bbox 2729 2941 2937 3012; x_wconf 88' lang='lat' dir='ltr'><strong>inquit,</strong></span> <span class='ocrx_word' id='word_1_432' title='bbox 2965 2943 3167 3013; x_wconf 89' lang='lat' dir='ltr'><strong>gradus</strong></span> <span class='ocrx_word' id='word_1_433' title='bbox 3202 2946 3546 3017; x_wconf 86' lang='lat' dir='ltr'><strong>spectaculo-</strong></span> 
     </span>
    </p>
   </div>
   <div class='ocr_carea' id='block_1_57' title="bbox 1493 3044 2332 3104">
    <p class='ocr_par' dir='ltr' id='par_1_57' title="bbox 1493 3044 2332 3104">
     <span class='ocr_line' id='line_1_57' title="bbox 1493 3044 2332 3104; baseline 0.004 -3"><span class='ocrx_word' id='word_1_434' title='bbox 1493 3044 1881 3104; x_wconf 86' lang='lat' dir='ltr'><strong>LECTIONES</strong></span> <span class='ocrx_word' id='word_1_435' title='bbox 1925 3046 2332 3104; x_wconf 81' lang='lat' dir='ltr'><strong>VABIANTES.</strong></span> 
     </span>
    </p>
   </div>
   <div class='ocr_carea' id='block_1_58' title="bbox 306 3161 940 3232">
    <p class='ocr_par' dir='ltr' id='par_1_58' title="bbox 306 3161 940 3232">
     <span class='ocr_line' id='line_1_58' title="bbox 306 3161 940 3232; baseline -0.009 -13"><span class='ocrx_word' id='word_1_436' title='bbox 306 3168 381 3232; x_wconf 84' lang='grc' dir='ltr'><strong>(Ι)</strong></span> <span class='ocrx_word' id='word_1_437' title='bbox 414 3168 489 3232; x_wconf 86' lang='lat' dir='ltr'><strong>De</strong></span> <span class='ocrx_word' id='word_1_438' title='bbox 510 3168 656 3218; x_wconf 88' lang='lat' dir='ltr'><strong>dorso</strong></span> <span class='ocrx_word' id='word_1_439' title='bbox 676 3166 807 3217; x_wconf 84' lang='lat' dir='ltr'><strong>abest</strong></span> <span class='ocrx_word' id='word_1_440' title='bbox 827 3161 940 3232; x_wconf 72' lang='lat' dir='ltr'><strong>Ilig.</strong></span> 
     </span>
    </p>
   </div>
   <div class='ocr_carea' id='block_1_59' title="bbox 329 3226 1121 3299">
    <p class='ocr_par' dir='ltr' id='par_1_59' title="bbox 329 3226 1121 3299">
     <span class='ocr_line' id='line_1_59' title="bbox 329 3226 1121 3299; baseline -0.006 -18"><span class='ocrx_word' id='word_1_441' title='bbox 329 3226 382 3299; x_wconf 60' lang='grc' dir='ltr'><strong>ἓ)</strong></span> <span class='ocrx_word' id='word_1_442' title='bbox 417 3231 492 3299; x_wconf 71' lang='lat' dir='ltr'><strong>pe</strong></span> <span class='ocrx_word' id='word_1_443' title='bbox 509 3232 629 3299; x_wconf 72' lang='lat' dir='ltr'><strong>iugo</strong></span> <span class='ocrx_word' id='word_1_444' title='bbox 653 3243 772 3299; x_wconf 78' lang='lat' dir='ltr'><strong>vero</strong></span> <span class='ocrx_word' id='word_1_445' title='bbox 787 3226 920 3279; x_wconf 68' lang='lat' dir='ltr'><strong>abest</strong></span> <span class='ocrx_word' id='word_1_446' title='bbox 943 3226 1121 3293; x_wconf 80' lang='lat' dir='ltr'><strong>Rigalt.</strong></span> 
     </span>
    </p>
   </div>
   <div class='ocr_carea' id='block_1_60' title="bbox 304 3238 1305 3542">
    <p class='ocr_par' dir='ltr' id='par_1_60' title="bbox 304 3238 1305 3542">
     <span class='ocr_line' id='line_1_60' title="bbox 329 3238 1121 3299; baseline -0.006 -18"><span class='ocrx_word' id='word_1_447' title='bbox 329 3238 382 3294; x_wconf 75' lang='lat'><strong>2)</strong></span> <span class='ocrx_word' id='word_1_448' title='bbox 418 3238 492 3281; x_wconf 87' lang='lat' dir='ltr'><strong>De</strong></span> <span class='ocrx_word' id='word_1_449' title='bbox 509 3238 629 3299; x_wconf 79' lang='lat' dir='ltr'><strong>jqu</strong></span> <span class='ocrx_word' id='word_1_450' title='bbox 653 3243 772 3280; x_wconf 87' lang='lat' dir='ltr'><strong>vero</strong></span> <span class='ocrx_word' id='word_1_451' title='bbox 787 3238 920 3279; x_wconf 75' lang='lat' dir='ltr'><strong>abest</strong></span> <span class='ocrx_word' id='word_1_452' title='bbox 943 3238 1121 3293; x_wconf 78' lang='lat' dir='ltr'><strong>mgau.</strong></span> 
     </span>
     <span class='ocr_line' id='line_1_61' title="bbox 304 3238 1305 3542; baseline -0.005 -138"><span class='ocrx_word' id='word_1_453' title='bbox 414 3291 897 3417; x_wconf 49' lang='lat' dir='ltr'><strong>igsttlliii’tilsui’aris.</strong></span> <span class='ocrx_word' id='word_1_454' title='bbox 1294 3410 1305 3421; x_wconf 81' lang='lat'><em>_</em></span> 
     </span>
     <span class='ocr_line' id='line_1_62' title="bbox 329 3413 1305 3467; baseline -0.003 0"><span class='ocrx_word' id='word_1_455' title='bbox 329 3421 359 3467; x_wconf 83' lang='lat'><strong>5</strong></span> <span class='ocrx_word' id='word_1_456' title='bbox 415 3416 594 3466; x_wconf 76' lang='lat' dir='ltr'><strong>Patria:</strong></span> <span class='ocrx_word' id='word_1_457' title='bbox 614 3415 793 3464; x_wconf 83' lang='lat' dir='ltr'><strong>Juuon&#39;t</strong></span> <span class='ocrx_word' id='word_1_458' title='bbox 826 3416 1007 3465; x_wconf 84' lang='lat' dir='ltr'><strong>Wouw.</strong></span> <span class='ocrx_word' id='word_1_459' title='bbox 1029 3415 1099 3463; x_wconf 77' lang='grc' dir='ltr'><strong>Μ.</strong></span> <span class='ocrx_word' id='word_1_460' title='bbox 1120 3413 1174 3464; x_wconf 89' lang='lat' dir='ltr'><strong>S.</strong></span> <span class='ocrx_word' id='word_1_461' title='bbox 1200 3414 1305 3464; x_wconf 72' lang='lat' dir='ltr'><strong>Lais</strong></span> 
     </span>
     <span class='ocr_line' id='line_1_63' title="bbox 330 3475 1305 3542; baseline -0.002 -15"><span class='ocrx_word' id='word_1_462' title='bbox 330 3480 383 3542; x_wconf 81' lang='lat'><strong>6)</strong></span> <span class='ocrx_word' id='word_1_463' title='bbox 418 3478 482 3529; x_wconf 80' lang='lat' dir='ltr'><strong>Et</strong></span> <span class='ocrx_word' id='word_1_464' title='bbox 504 3478 702 3539; x_wconf 87' lang='lat' dir='ltr'><strong>aurigas</strong></span> <span class='ocrx_word' id='word_1_465' title='bbox 727 3475 925 3528; x_wconf 89' lang='lat' dir='ltr'><strong>colorib.</strong></span> <span class='ocrx_word' id='word_1_466' title='bbox 950 3475 1233 3528; x_wconf 65' lang='lat' dir='ltr'><strong>idololatriae</strong></span> <span class='ocrx_word' id='word_1_467' title='bbox 1258 3489 1305 3525; x_wconf 81' lang='grc' dir='ltr'><strong>νε</strong></span> 
     </span>
    </p>
   </div>
   <div class='ocr_carea' id='block_1_61' title="bbox 329 3413 1762 3485">
    <p class='ocr_par' dir='ltr' id='par_1_61' title="bbox 329 3413 1762 3485">
     <span class='ocr_line' id='line_1_64' title="bbox 329 3413 1762 3485; baseline -0.001 -19"><span class='ocrx_word' id='word_1_468' title='bbox 329 3413 381 3485; x_wconf 55' lang='grc' dir='ltr'><strong>ᾖ)</strong></span> <span class='ocrx_word' id='word_1_469' title='bbox 415 3413 796 3485; x_wconf 52' lang='grc' dir='ltr'><strong>ξθιῐίἐιίιιωοηξ</strong></span> <span class='ocrx_word' id='word_1_470' title='bbox 1120 3413 1381 3485; x_wconf 42' lang='grc' dir='ltr'><strong>επιιαιὶητ,</strong></span> <span class='ocrx_word' id='word_1_471' title='bbox 1521 3478 1531 3485; x_wconf 80' lang='lat'>_</span> <span class='ocrx_word' id='word_1_472' title='bbox 1581 3472 1635 3485; x_wconf 48' lang='grc' dir='ltr'><strong><em>η</em></strong></span> <span class='ocrx_word' id='word_1_473' title='bbox 1693 3473 1705 3485; x_wconf 46' lang='grc'><strong>·</strong></span> <span class='ocrx_word' id='word_1_474' title='bbox 1752 3473 1762 3485; x_wconf 81' lang='lat'>_</span> 
     </span>
    </p>
   </div>
   <div class='ocr_carea' id='block_1_62' title="bbox 330 3472 1841 3547">
    <p class='ocr_par' dir='ltr' id='par_1_62' title="bbox 330 3472 1841 3547">
     <span class='ocr_line' id='line_1_65' title="bbox 330 3472 1841 3547; baseline -0.003 -20"><span class='ocrx_word' id='word_1_475' title='bbox 330 3472 383 3547; x_wconf 81' lang='lat'><strong>6)</strong></span> <span class='ocrx_word' id='word_1_476' title='bbox 418 3478 482 3529; x_wconf 80' lang='lat' dir='ltr'><strong>Et</strong></span> <span class='ocrx_word' id='word_1_477' title='bbox 504 3478 702 3539; x_wconf 87' lang='lat' dir='ltr'><strong>aurigas</strong></span> <span class='ocrx_word' id='word_1_478' title='bbox 727 3475 925 3528; x_wconf 89' lang='lat' dir='ltr'><strong>colorib.</strong></span> <span class='ocrx_word' id='word_1_479' title='bbox 950 3475 1233 3528; x_wconf 65' lang='lat' dir='ltr'><strong>idololatriae</strong></span> <span class='ocrx_word' id='word_1_480' title='bbox 1258 3474 1555 3526; x_wconf 87' lang='lat' dir='ltr'><strong>vestierunt.</strong></span> <span class='ocrx_word' id='word_1_481' title='bbox 1581 3472 1643 3524; x_wconf 87' lang='lat' dir='ltr'><strong>Et</strong></span> <span class='ocrx_word' id='word_1_482' title='bbox 1664 3473 1726 3523; x_wconf 88' lang='lat' dir='ltr'><strong>ab</strong></span> <span class='ocrx_word' id='word_1_483' title='bbox 1750 3473 1841 3524; x_wconf 86' lang='lat' dir='ltr'><strong>ini-</strong></span> 
     </span>
    </p>
   </div>
   <div class='ocr_carea' id='block_1_63' title="bbox 1861 3161 3547 3240">
    <p class='ocr_par' dir='ltr' id='par_1_63' title="bbox 1861 3161 3547 3240">
     <span class='ocr_line' id='line_1_66' title="bbox 1861 3161 3547 3240; baseline 0.009 -30"><span class='ocrx_word' id='word_1_484' title='bbox 1861 3176 1907 3240; x_wconf 68' lang='grc' dir='ltr'><strong>ρ</strong></span> <span class='ocrx_word' id='word_1_485' title='bbox 1939 3162 2147 3240; x_wconf 13' lang='grc' dir='ltr'><strong>ρρᾲςςξιξ</strong></span> <span class='ocrx_word' id='word_1_486' title='bbox 2169 3161 2380 3240; x_wconf 59' lang='lat' dir='ltr'><strong>duosoli</strong></span> <span class='ocrx_word' id='word_1_487' title='bbox 2397 3162 2599 3216; x_wconf 85' lang='lat' dir='ltr'><strong>fuerunt</strong></span> <span class='ocrx_word' id='word_1_488' title='bbox 2622 3166 2867 3219; x_wconf 82' lang='lat' dir='ltr'><strong>Wouwer.</strong></span> <span class='ocrx_word' id='word_1_489' title='bbox 2897 3181 3008 3219; x_wconf 89' lang='lat' dir='ltr'><strong>nam</strong></span> <span class='ocrx_word' id='word_1_490' title='bbox 3033 3171 3151 3234; x_wconf 90' lang='lat' dir='ltr'><strong>equi</strong></span> <span class='ocrx_word' id='word_1_491' title='bbox 3175 3170 3317 3223; x_wconf 90' lang='lat' dir='ltr'><strong>initio</strong></span> <span class='ocrx_word' id='word_1_492' title='bbox 3336 3171 3435 3225; x_wconf 90' lang='lat' dir='ltr'><strong>duo</strong></span> <span class='ocrx_word' id='word_1_493' title='bbox 3451 3172 3547 3226; x_wconf 86' lang='lat' dir='ltr'><strong>soli</strong></span> 
     </span>
    </p>
   </div>
   <div class='ocr_carea' id='block_1_64' title="bbox 1946 3222 2363 3297">
    <p class='ocr_par' dir='ltr' id='par_1_64' title="bbox 1946 3222 2363 3297">
     <span class='ocr_line' id='line_1_67' title="bbox 1946 3222 2363 3297; baseline 0 0"><span class='ocrx_word' id='word_1_494' title='bbox 1946 3222 2363 3297; x_wconf 58' lang='grc' dir='ltr'><strong>ίυςειὲομίίςριις.</strong></span> 
     </span>
    </p>
   </div>
   <div class='ocr_carea' id='block_1_65' title="bbox 2011 3287 2585 3412">
    <p class='ocr_par' dir='ltr' id='par_1_65' title="bbox 2011 3287 2585 3412">
     <span class='ocr_line' id='line_1_68' title="bbox 2011 3287 2412 3412; baseline 0.007 -77"><span class='ocrx_word' id='word_1_495' title='bbox 2011 3288 2087 3412; x_wconf 51' lang='grc' dir='ltr'><strong>ξἹ)</strong></span> <span class='ocrx_word' id='word_1_496' title='bbox 2122 3287 2246 3337; x_wconf 77' lang='lat' dir='ltr'><strong>Veri</strong></span> <span class='ocrx_word' id='word_1_497' title='bbox 2256 3287 2412 3338; x_wconf 82' lang='lat' dir='ltr'><strong>Latin.</strong></span> 
     </span>
     <span class='ocr_line' id='line_1_69' title="bbox 2032 3349 2585 3412; baseline 0.005 -15"><span class='ocrx_word' id='word_1_498' title='bbox 2032 3350 2084 3411; x_wconf 82' lang='lat'><strong>8)</strong></span> <span class='ocrx_word' id='word_1_499' title='bbox 2118 3349 2427 3412; x_wconf 71' lang='lat' dir='ltr'><strong>Mundalibus</strong></span> <span class='ocrx_word' id='word_1_500' title='bbox 2459 3352 2585 3402; x_wconf 82' lang='lat' dir='ltr'><strong>Jun.</strong></span> 
     </span>
    </p>
   </div>
   <div class='ocr_carea' id='block_1_66' title="bbox 2009 3410 3050 3547">
    <p class='ocr_par' dir='ltr' id='par_1_66' title="bbox 2009 3410 3050 3547">
     <span class='ocr_line' id='line_1_70' title="bbox 2021 3410 2580 3471; baseline 0.007 -12"><span class='ocrx_word' id='word_1_501' title='bbox 2021 3410 2082 3471; x_wconf 68' lang='lat'><strong>&#39;9)</strong></span> <span class='ocrx_word' id='word_1_502' title='bbox 2117 3410 2262 3461; x_wconf 87' lang='lat' dir='ltr'><strong>Initio</strong></span> <span class='ocrx_word' id='word_1_503' title='bbox 2286 3412 2439 3464; x_wconf 81' lang='lat' dir='ltr'><strong>Latin.</strong></span> <span class='ocrx_word' id='word_1_504' title='bbox 2464 3412 2524 3466; x_wconf 86' lang='lat' dir='ltr'><strong>Ri</strong></span> <span class='ocrx_word' id='word_1_505' title='bbox 2568 3452 2580 3463; x_wconf 94' lang='lat'><strong>.</strong></span> 
     </span>
     <span class='ocr_line' id='line_1_71' title="bbox 2009 3416 3050 3547; baseline 0.008 -24"><span class='ocrx_word' id='word_1_506' title='bbox 2009 3416 2115 3537; x_wconf 61' lang='grc' dir='ltr'><strong>ξω)</strong></span> <span class='ocrx_word' id='word_1_507' title='bbox 2148 3473 2477 3526; x_wconf 83' lang='lat' dir='ltr'><strong>Enascentia?</strong></span> <span class='ocrx_word' id='word_1_508' title='bbox 2518 3426 2640 3528; x_wconf 50' lang='lat' dir='ltr'><strong>ian.</strong></span> <span class='ocrx_word' id='word_1_509' title='bbox 2665 3485 2917 3530; x_wconf 81' lang='lat' dir='ltr'><strong>nascentia</strong></span> <span class='ocrx_word' id='word_1_510' title='bbox 2937 3477 3050 3547; x_wconf 68' lang='grc' dir='ltr'><strong>Εἰς.</strong></span> 
     </span>
    </p>
   </div>
   <div class='ocr_carea' id='block_1_67' title="bbox 1597 3583 2156 3643">
    <p class='ocr_par' dir='ltr' id='par_1_67' title="bbox 1597 3583 2156 3643">
     <span class='ocr_line' id='line_1_72' title="bbox 1597 3583 2156 3643; baseline -0.011 1"><span class='ocrx_word' id='word_1_511' title='bbox 1597 3583 2156 3643; x_wconf 78' lang='lat' dir='ltr'><strong>COMMENTARIUS.</strong></span> 
     </span>
    </p>
   </div>
   <div class='ocr_carea' id='block_1_68' title="bbox 246 3703 1823 3765">
    <p class='ocr_par' dir='ltr' id='par_1_68' title="bbox 246 3703 1823 3765">
     <span class='ocr_line' id='line_1_73' title="bbox 246 3703 1823 3765; baseline -0.004 -2"><span class='ocrx_word' id='word_1_512' title='bbox 246 3707 373 3764; x_wconf 90' lang='lat' dir='ltr'><strong>dum</strong></span> <span class='ocrx_word' id='word_1_513' title='bbox 394 3709 581 3763; x_wconf 87' lang='lat' dir='ltr'><strong>amoris</strong></span> <span class='ocrx_word' id='word_1_514' title='bbox 607 3722 728 3764; x_wconf 90' lang='lat' dir='ltr'><strong>cum</strong></span> <span class='ocrx_word' id='word_1_515' title='bbox 745 3707 949 3765; x_wconf 73' lang='lat' dir='ltr'><strong>Pamel.</strong></span> <span class='ocrx_word' id='word_1_516' title='bbox 968 3715 1023 3763; x_wconf 90' lang='lat' dir='ltr'><strong>ct</strong></span> <span class='ocrx_word' id='word_1_517' title='bbox 1038 3721 1123 3762; x_wconf 89' lang='lat' dir='ltr'><strong>res</strong></span> <span class='ocrx_word' id='word_1_518' title='bbox 1145 3703 1452 3761; x_wconf 87' lang='lat' dir='ltr'><strong>illustranda</strong></span> <span class='ocrx_word' id='word_1_519' title='bbox 1482 3718 1509 3755; x_wconf 88' lang='lat' dir='ltr'><strong>a</strong></span> <span class='ocrx_word' id='word_1_520' title='bbox 1534 3703 1705 3759; x_wconf 84' lang='lat' dir='ltr'><strong>Plinio</strong></span> <span class='ocrx_word' id='word_1_521' title='bbox 1731 3703 1823 3758; x_wconf 92' lang='lat' dir='ltr'><strong>lib.</strong></span> 
     </span>
    </p>
   </div>
   <div class='ocr_carea' id='block_1_69' title="bbox 248 3773 1824 3848">
    <p class='ocr_par' dir='ltr' id='par_1_69' title="bbox 248 3773 1824 3848">
     <span class='ocr_line' id='line_1_74' title="bbox 248 3773 1824 3848; baseline -0.003 -13"><span class='ocrx_word' id='word_1_522' title='bbox 248 3780 336 3836; x_wconf 75' lang='grc'><strong>15.</strong></span> <span class='ocrx_word' id='word_1_523' title='bbox 370 3795 487 3848; x_wconf 91' lang='lat' dir='ltr'><strong>cap.</strong></span> <span class='ocrx_word' id='word_1_524' title='bbox 519 3781 611 3835; x_wconf 72' lang='lat'><strong>29.</strong></span> <span class='ocrx_word' id='word_1_525' title='bbox 643 3780 731 3835; x_wconf 91' lang='lat' dir='ltr'><strong>ubi</strong></span> <span class='ocrx_word' id='word_1_526' title='bbox 760 3781 829 3835; x_wconf 90' lang='lat' dir='ltr'><strong>de</strong></span> <span class='ocrx_word' id='word_1_527' title='bbox 872 3777 1079 3834; x_wconf 73' lang='lat' dir='ltr'><strong>Venere</strong></span> <span class='ocrx_word' id='word_1_528' title='bbox 1104 3778 1307 3848; x_wconf 79' lang='lat' dir='ltr'><strong>Myrtea</strong></span> <span class='ocrx_word' id='word_1_529' title='bbox 1333 3784 1425 3829; x_wconf 90' lang='lat' dir='ltr'><strong>aut</strong></span> <span class='ocrx_word' id='word_1_530' title='bbox 1452 3773 1665 3848; x_wconf 78' lang='lat' dir='ltr'><strong>Martia.</strong></span> <span class='ocrx_word' id='word_1_531' title='bbox 1692 3774 1824 3830; x_wconf 64' lang='lat' dir='ltr'><strong>Lac.</strong></span> 
     </span>
    </p>
   </div>
   <div class='ocr_carea' id='block_1_70' title="bbox 322 3796 1830 3921">
    <p class='ocr_par' dir='ltr' id='par_1_70' title="bbox 322 3796 1830 3921">
     <span class='ocr_line' id='line_1_75' title="bbox 325 3796 1824 3848; baseline -0.002 -15"><span class='ocrx_word' id='word_1_532' title='bbox 325 3820 336 3833; x_wconf 86' lang='lat'><strong>.</strong></span> <span class='ocrx_word' id='word_1_533' title='bbox 370 3796 431 3835; x_wconf 73' lang='lat' dir='ltr'><strong>ca</strong></span> <span class='ocrx_word' id='word_1_534' title='bbox 472 3820 487 3836; x_wconf 72' lang='grc' dir='ltr'>ι</span> <span class='ocrx_word' id='word_1_535' title='bbox 519 3796 611 3835; x_wconf 63' lang='grc' dir='ltr'><strong>Συ.</strong></span> <span class='ocrx_word' id='word_1_536' title='bbox 643 3796 731 3835; x_wconf 85' lang='grc' dir='ltr'><strong>υυι</strong></span> <span class='ocrx_word' id='word_1_537' title='bbox 760 3796 829 3835; x_wconf 86' lang='lat' dir='ltr'><strong>ue</strong></span> <span class='ocrx_word' id='word_1_538' title='bbox 878 3796 1079 3834; x_wconf 79' lang='lat' dir='ltr'><strong>venere</strong></span> <span class='ocrx_word' id='word_1_539' title='bbox 1104 3796 1307 3848; x_wconf 73' lang='lat' dir='ltr'><strong>myrtea</strong></span> <span class='ocrx_word' id='word_1_540' title='bbox 1333 3796 1425 3829; x_wconf 71' lang='grc' dir='ltr'>ῖιιιι</span> <span class='ocrx_word' id='word_1_541' title='bbox 1452 3796 1665 3829; x_wconf 72' lang='grc' dir='ltr'><strong>Μιιηιςι.</strong></span> <span class='ocrx_word' id='word_1_542' title='bbox 1692 3796 1824 3830; x_wconf 65' lang='grc' dir='ltr'><strong>μω.</strong></span> 
     </span>
     <span class='ocr_line' id='line_1_76' title="bbox 322 3796 1830 3921; baseline -0.005 -17"><span class='ocrx_word' id='word_1_543' title='bbox 322 3852 398 3920; x_wconf 90' lang='lat' dir='ltr'><strong>(a)</strong></span> <span class='ocrx_word' id='word_1_544' title='bbox 437 3796 539 3906; x_wconf 46' lang='lat' dir='ltr'><strong>fies</strong></span> <span class='ocrx_word' id='word_1_545' title='bbox 563 3852 804 3921; x_wconf 84' lang='lat' dir='ltr'><strong>equestris</strong></span> <span class='ocrx_word' id='word_1_546' title='bbox 841 3851 1213 3921; x_wconf 50' lang='lat' dir='ltr'><strong>retrosimptex</strong></span> <span class='ocrx_word' id='word_1_547' title='bbox 1241 3848 1504 3917; x_wconf 80' lang='lat' dir='ltr'><strong>agebatur.</strong></span> <span class='ocrx_word' id='word_1_548' title='bbox 1560 3846 1617 3921; x_wconf 79' lang='lat' dir='ltr'><strong>In</strong></span> <span class='ocrx_word' id='word_1_549' title='bbox 1647 3862 1830 3921; x_wconf 74' lang='lat' dir='ltr'><strong>excin-</strong></span> 
     </span>
    </p>
   </div>
   <div class='ocr_carea' id='block_1_71' title="bbox 248 3916 1829 3992">
    <p class='ocr_par' dir='ltr' id='par_1_71' title="bbox 248 3916 1829 3992">
     <span class='ocr_line' id='line_1_77' title="bbox 248 3916 1829 3992; baseline -0.003 -16"><span class='ocrx_word' id='word_1_550' title='bbox 248 3916 389 3992; x_wconf 46' lang='lat' dir='ltr'><strong>pla&#39;ri</strong></span> <span class='ocrx_word' id='word_1_551' title='bbox 415 3916 681 3992; x_wconf 77' lang='lat' dir='ltr'><strong>Agoltardi</strong></span> <span class='ocrx_word' id='word_1_552' title='bbox 706 3922 935 3991; x_wconf 87' lang='lat' dir='ltr'><strong>legitur,</strong></span> <span class='ocrx_word' id='word_1_553' title='bbox 967 3917 1068 3973; x_wconf 84' lang='lat' dir='ltr'><strong>Res</strong></span> <span class='ocrx_word' id='word_1_554' title='bbox 1095 3916 1335 3992; x_wconf 72' lang='lat' dir='ltr'><strong>equestris</strong></span> <span class='ocrx_word' id='word_1_555' title='bbox 1370 3928 1501 3971; x_wconf 84' lang='lat' dir='ltr'><strong>retro</strong></span> <span class='ocrx_word' id='word_1_556' title='bbox 1527 3916 1745 3992; x_wconf 62' lang='lat' dir='ltr'><strong>simplex;</strong></span> <span class='ocrx_word' id='word_1_557' title='bbox 1766 3916 1829 3972; x_wconf 87' lang='lat' dir='ltr'><strong>de</strong></span> 
     </span>
    </p>
   </div>
   <div class='ocr_carea' id='block_1_72' title="bbox 246 3989 1830 4065">
    <p class='ocr_par' dir='ltr' id='par_1_72' title="bbox 246 3989 1830 4065">
     <span class='ocr_line' id='line_1_78' title="bbox 246 3989 1830 4065; baseline -0.002 -20"><span class='ocrx_word' id='word_1_558' title='bbox 246 3989 401 4047; x_wconf 75' lang='lat' dir='ltr'><strong>dorso</strong></span> <span class='ocrx_word' id='word_1_559' title='bbox 426 3989 687 4065; x_wconf 58' lang='lat' dir='ltr'><strong>agebatur.</strong></span> <span class='ocrx_word' id='word_1_560' title='bbox 723 3989 886 4047; x_wconf 63' lang='lat' dir='ltr'><strong>lictro</strong></span> <span class='ocrx_word' id='word_1_561' title='bbox 938 3992 1162 4065; x_wconf 81' lang='lat' dir='ltr'><strong>simplex</strong></span> <span class='ocrx_word' id='word_1_562' title='bbox 1183 4029 1200 4055; x_wconf 91' lang='lat'><strong>,</strong></span> <span class='ocrx_word' id='word_1_563' title='bbox 1231 3989 1335 4065; x_wconf 84' lang='lat' dir='ltr'><strong>hoc</strong></span> <span class='ocrx_word' id='word_1_564' title='bbox 1362 3999 1477 4065; x_wconf 85' lang='lat' dir='ltr'><strong>est__,</strong></span> <span class='ocrx_word' id='word_1_565' title='bbox 1523 3991 1649 4065; x_wconf 76' lang='lat' dir='ltr'><strong>olitn</strong></span> <span class='ocrx_word' id='word_1_566' title='bbox 1695 3990 1830 4065; x_wconf 81' lang='lat' dir='ltr'><strong>sim-</strong></span> 
     </span>
    </p>
   </div>
   <div class='ocr_carea' id='block_1_73' title="bbox 155 4059 1833 4141">
    <p class='ocr_par' dir='ltr' id='par_1_73' title="bbox 155 4059 1833 4141">
     <span class='ocr_line' id='line_1_79' title="bbox 155 4059 1833 4141; baseline -0.004 -21"><span class='ocrx_word' id='word_1_567' title='bbox 155 4117 180 4141; x_wconf 46' lang='lat'><strong>‘</strong></span> <span class='ocrx_word' id='word_1_568' title='bbox 247 4064 373 4141; x_wconf 56' lang='lat' dir='ltr'><strong>pler</strong></span> <span class='ocrx_word' id='word_1_569' title='bbox 399 4059 672 4141; x_wconf 63' lang='lat' dir='ltr'><strong>:tgébatur,</strong></span> <span class='ocrx_word' id='word_1_570' title='bbox 704 4065 983 4125; x_wconf 80' lang='lat' dir='ltr'><strong>nimirum,</strong></span> <span class='ocrx_word' id='word_1_571' title='bbox 1012 4059 1180 4141; x_wconf 76' lang='lat' dir='ltr'><strong>perite</strong></span> <span class='ocrx_word' id='word_1_572' title='bbox 1205 4059 1475 4141; x_wconf 74' lang='lat' dir='ltr'><strong>equitandi</strong></span> <span class='ocrx_word' id='word_1_573' title='bbox 1490 4060 1679 4141; x_wconf 83' lang='lat' dir='ltr'><strong>_stn_dio</strong></span> <span class='ocrx_word' id='word_1_574' title='bbox 1704 4062 1833 4113; x_wconf 84' lang='lat' dir='ltr'><strong>sim-</strong></span> 
     </span>
    </p>
   </div>
   <div class='ocr_carea' id='block_1_74' title="bbox 180 4130 1832 4205">
    <p class='ocr_par' dir='ltr' id='par_1_74' title="bbox 180 4130 1832 4205">
     <span class='ocr_line' id='line_1_80' title="bbox 180 4130 1832 4205; baseline -0.004 -16"><span class='ocrx_word' id='word_1_575' title='bbox 180 4142 183 4143; x_wconf 68' lang='lat'><strong><em>&#39;</em></strong></span> <span class='ocrx_word' id='word_1_576' title='bbox 248 4130 374 4205; x_wconf 78' lang='lat' dir='ltr'><strong>pltci</strong></span> <span class='ocrx_word' id='word_1_577' title='bbox 400 4130 700 4199; x_wconf 42' lang='lat' dir='ltr'><strong>fnondum</strong></span> <span class='ocrx_word' id='word_1_578' title='bbox 739 4143 1050 4189; x_wconf 86' lang='lat' dir='ltr'><strong>consecrata</strong></span> <span class='ocrx_word' id='word_1_579' title='bbox 1079 4130 1536 4205; x_wconf 68' lang='lat' dir='ltr'><strong>_d:emonits_ullzt</strong></span> <span class='ocrx_word' id='word_1_580' title='bbox 1586 4132 1832 4205; x_wconf 83' lang='lat' dir='ltr'><strong>ludorum</strong></span> 
     </span>
    </p>
   </div>
   <div class='ocr_carea' id='block_1_75' title="bbox 248 4202 1835 4276">
    <p class='ocr_par' dir='ltr' id='par_1_75' title="bbox 248 4202 1835 4276">
     <span class='ocr_line' id='line_1_81' title="bbox 248 4202 1835 4276; baseline -0.003 -16"><span class='ocrx_word' id='word_1_581' title='bbox 248 4202 574 4276; x_wconf 70' lang='lat' dir='ltr'><strong>equestrium</strong></span> <span class='ocrx_word' id='word_1_582' title='bbox 605 4204 961 4276; x_wconf 83' lang='lat' dir='ltr'><strong>solemnitate.</strong></span> <span class='ocrx_word' id='word_1_583' title='bbox 980 4202 1335 4276; x_wconf 81' lang='lat' dir='ltr'><strong>Stultissimus</strong></span> <span class='ocrx_word' id='word_1_584' title='bbox 1356 4202 1547 4276; x_wconf 83' lang='lat' dir='ltr'><strong>aliquis</strong></span> <span class='ocrx_word' id='word_1_585' title='bbox 1568 4203 1835 4276; x_wconf 85' lang='lat' dir='ltr'><strong>apposuit,</strong></span> 
     </span>
    </p>
   </div>
   <div class='ocr_carea' id='block_1_76' title="bbox 251 4274 1840 4343">
    <p class='ocr_par' dir='ltr' id='par_1_76' title="bbox 251 4274 1840 4343">
     <span class='ocr_line' id='line_1_82' title="bbox 251 4274 1840 4343; baseline -0.002 -14"><span class='ocrx_word' id='word_1_586' title='bbox 251 4274 316 4331; x_wconf 77' lang='lat' dir='ltr'><strong>de</strong></span> <span class='ocrx_word' id='word_1_587' title='bbox 342 4277 526 4343; x_wconf 85' lang='lat' dir='ltr'><strong>dorso,</strong></span> <span class='ocrx_word' id='word_1_588' title='bbox 558 4291 682 4331; x_wconf 87' lang='lat' dir='ltr'><strong>cum</strong></span> <span class='ocrx_word' id='word_1_589' title='bbox 713 4278 782 4329; x_wconf 81' lang='lat' dir='ltr'><strong>ita</strong></span> <span class='ocrx_word' id='word_1_590' title='bbox 836 4275 975 4329; x_wconf 82' lang='lat' dir='ltr'><strong>belle</strong></span> <span class='ocrx_word' id='word_1_591' title='bbox 1027 4274 1129 4329; x_wconf 83' lang='lat' dir='ltr'><strong>sibi</strong></span> <span class='ocrx_word' id='word_1_592' title='bbox 1176 4274 1516 4341; x_wconf 84' lang='lat' dir='ltr'><strong>interpretari</strong></span> <span class='ocrx_word' id='word_1_593' title='bbox 1568 4275 1840 4328; x_wconf 84' lang='lat' dir='ltr'><strong>videretur</strong></span> 
     </span>
    </p>
   </div>
   <div class='ocr_carea' id='block_1_77' title="bbox 252 4344 1841 4416">
    <p class='ocr_par' dir='ltr' id='par_1_77' title="bbox 252 4344 1841 4416">
     <span class='ocr_line' id='line_1_83' title="bbox 252 4344 1841 4416; baseline -0.004 -14"><span class='ocrx_word' id='word_1_594' title='bbox 252 4347 642 4416; x_wconf 87' lang='lat' dir='ltr'><strong>Septimianum</strong></span> <span class='ocrx_word' id='word_1_595' title='bbox 701 4346 833 4401; x_wconf 91' lang='lat' dir='ltr'><strong>illud</strong></span> <span class='ocrx_word' id='word_1_596' title='bbox 878 4356 1031 4400; x_wconf 87' lang='lat' dir='ltr'><strong>retro.</strong></span> <span class='ocrx_word' id='word_1_597' title='bbox 1069 4346 1139 4398; x_wconf 82' lang='lat' dir='ltr'><strong>At</strong></span> <span class='ocrx_word' id='word_1_598' title='bbox 1185 4345 1271 4416; x_wconf 83' lang='lat' dir='ltr'><strong>hic</strong></span> <span class='ocrx_word' id='word_1_599' title='bbox 1315 4354 1463 4398; x_wconf 89' lang='lat' dir='ltr'><strong>certe</strong></span> <span class='ocrx_word' id='word_1_600' title='bbox 1508 4345 1716 4398; x_wconf 86' lang='lat' dir='ltr'><strong>cautior</strong></span> <span class='ocrx_word' id='word_1_601' title='bbox 1743 4344 1841 4416; x_wconf 83' lang='lat' dir='ltr'><strong>fuit</strong></span> 
     </span>
    </p>
   </div>
   <div class='ocr_carea' id='block_1_78' title="bbox 253 4414 1843 4488">
    <p class='ocr_par' dir='ltr' id='par_1_78' title="bbox 253 4414 1843 4488">
     <span class='ocr_line' id='line_1_84' title="bbox 253 4414 1843 4488; baseline -0.003 -17"><span class='ocrx_word' id='word_1_602' title='bbox 253 4414 489 4473; x_wconf 84' lang='lat' dir='ltr'><strong>Isidorus</strong></span> <span class='ocrx_word' id='word_1_603' title='bbox 517 4436 530 4472; x_wconf 90' lang='lat'><strong>:</strong></span> <span class='ocrx_word' id='word_1_604' title='bbox 569 4415 708 4471; x_wconf 84' lang='lat' dir='ltr'><strong>Nam</strong></span> <span class='ocrx_word' id='word_1_605' title='bbox 755 4433 834 4472; x_wconf 88' lang='lat' dir='ltr'><strong>res</strong></span> <span class='ocrx_word' id='word_1_606' title='bbox 872 4416 1112 4488; x_wconf 83' lang='lat' dir='ltr'><strong>equestris</strong></span> <span class='ocrx_word' id='word_1_607' title='bbox 1136 4454 1151 4480; x_wconf 93' lang='lat'><strong>,</strong></span> <span class='ocrx_word' id='word_1_608' title='bbox 1183 4415 1397 4484; x_wconf 84' lang='lat' dir='ltr'><strong>inquit,</strong></span> <span class='ocrx_word' id='word_1_609' title='bbox 1427 4423 1577 4469; x_wconf 84' lang='lat' dir='ltr'><strong>antea</strong></span> <span class='ocrx_word' id='word_1_610' title='bbox 1622 4414 1843 4484; x_wconf 66' lang='lat' dir='ltr'><strong>simplex</strong></span> 
     </span>
    </p>
   </div>
   <div class='ocr_carea' id='block_1_79' title="bbox 248 4489 662 4558">
    <p class='ocr_par' dir='ltr' id='par_1_79' title="bbox 248 4489 662 4558">
     <span class='ocr_line' id='line_1_85' title="bbox 248 4489 662 4558; baseline 0.002 -16"><span class='ocrx_word' id='word_1_611' title='bbox 248 4490 512 4558; x_wconf 82' lang='lat' dir='ltr'><strong>agebatur.</strong></span> <span class='ocrx_word' id='word_1_612' title='bbox 540 4489 662 4545; x_wconf 80' lang='lat' dir='ltr'><strong>RIG.</strong></span> 
     </span>
    </p>
   </div>
   <div class='ocr_carea' id='block_1_80' title="bbox 324 4555 1843 4631">
    <p class='ocr_par' dir='ltr' id='par_1_80' title="bbox 324 4555 1843 4631">
     <span class='ocr_line' id='line_1_86' title="bbox 324 4555 1843 4631; baseline -0.001 -20"><span class='ocrx_word' id='word_1_613' title='bbox 324 4559 405 4631; x_wconf 93' lang='lat' dir='ltr'><strong>(b)</strong></span> <span class='ocrx_word' id='word_1_614' title='bbox 457 4559 651 4613; x_wconf 84' lang='lat' dir='ltr'><strong>Junoni</strong></span> <span class='ocrx_word' id='word_1_615' title='bbox 677 4559 733 4612; x_wconf 90' lang='lat' dir='ltr'><strong>id</strong></span> <span class='ocrx_word' id='word_1_616' title='bbox 771 4574 898 4627; x_wconf 85' lang='lat' dir='ltr'><strong>opus</strong></span> <span class='ocrx_word' id='word_1_617' title='bbox 941 4573 1108 4631; x_wconf 86' lang='lat' dir='ltr'><strong>suum.</strong></span> <span class='ocrx_word' id='word_1_618' title='bbox 1172 4555 1325 4631; x_wconf 74' lang='lat' dir='ltr'><strong>Legit</strong></span> <span class='ocrx_word' id='word_1_619' title='bbox 1364 4556 1629 4631; x_wconf 74' lang='lat' dir='ltr'><strong>Pamclins</strong></span> <span class='ocrx_word' id='word_1_620' title='bbox 1679 4557 1843 4625; x_wconf 84' lang='lat' dir='ltr'><strong>primo</strong></span> 
     </span>
    </p>
   </div>
   <div class='ocr_carea' id='block_1_81' title="bbox 250 4625 1841 4699">
    <p class='ocr_par' dir='ltr' id='par_1_81' title="bbox 250 4625 1841 4699">
     <span class='ocr_line' id='line_1_87' title="bbox 250 4625 1841 4699; baseline -0.002 -13"><span class='ocrx_word' id='word_1_621' title='bbox 250 4625 484 4694; x_wconf 71' lang='lat' dir='ltr'><strong>lunoni,</strong></span> <span class='ocrx_word' id='word_1_622' title='bbox 516 4631 605 4684; x_wconf 90' lang='lat' dir='ltr'><strong>alii</strong></span> <span class='ocrx_word' id='word_1_623' title='bbox 632 4625 814 4699; x_wconf 62' lang='lat' dir='ltr'><strong>primm</strong></span> <span class='ocrx_word' id='word_1_624' title='bbox 831 4630 1025 4683; x_wconf 85' lang='lat' dir='ltr'><strong>Junoni</strong></span> <span class='ocrx_word' id='word_1_625' title='bbox 1046 4670 1063 4696; x_wconf 93' lang='lat'><strong>,</strong></span> <span class='ocrx_word' id='word_1_626' title='bbox 1106 4627 1200 4682; x_wconf 89' lang='lat' dir='ltr'><strong>sed</strong></span> <span class='ocrx_word' id='word_1_627' title='bbox 1228 4627 1468 4699; x_wconf 76' lang='lat' dir='ltr'><strong>Joannes</strong></span> <span class='ocrx_word' id='word_1_628' title='bbox 1489 4641 1519 4680; x_wconf 89' lang='lat' dir='ltr'><strong>a</strong></span> <span class='ocrx_word' id='word_1_629' title='bbox 1554 4625 1746 4681; x_wconf 87' lang='lat' dir='ltr'><strong>Wouv.</strong></span> <span class='ocrx_word' id='word_1_630' title='bbox 1775 4644 1841 4683; x_wconf 73' lang='lat' dir='ltr'><strong>ex</strong></span> 
     </span>
    </p>
   </div>
   <div class='ocr_carea' id='block_1_82' title="bbox 249 4696 1841 4772">
    <p class='ocr_par' dir='ltr' id='par_1_82' title="bbox 249 4696 1841 4772">
     <span class='ocr_line' id='line_1_88' title="bbox 249 4696 1841 4772; baseline -0.003 -15"><span class='ocrx_word' id='word_1_631' title='bbox 249 4701 353 4757; x_wconf 78' lang='lat' dir='ltr'><strong>Ms.</strong></span> <span class='ocrx_word' id='word_1_632' title='bbox 384 4696 841 4772; x_wconf 29' lang='lat' dir='ltr'><strong>cot‘rexit&#39;patriw.</strong></span> <span class='ocrx_word' id='word_1_633' title='bbox 890 4700 1062 4772; x_wconf 71' lang='lat' dir='ltr'><strong>Forte</strong></span> <span class='ocrx_word' id='word_1_634' title='bbox 1084 4709 1264 4772; x_wconf 75' lang='lat' dir='ltr'><strong>autem</strong></span> <span class='ocrx_word' id='word_1_635' title='bbox 1295 4698 1412 4766; x_wconf 86' lang='lat' dir='ltr'><strong>quia</strong></span> <span class='ocrx_word' id='word_1_636' title='bbox 1443 4696 1582 4752; x_wconf 82' lang='lat' dir='ltr'><strong>Juno</strong></span> <span class='ocrx_word' id='word_1_637' title='bbox 1600 4699 1841 4772; x_wconf 48' lang='lat' dir='ltr'><strong>Argiva,</strong></span> 
     </span>
    </p>
   </div>
   <div class='ocr_carea' id='block_1_83' title="bbox 250 4767 1846 4843">
    <p class='ocr_par' dir='ltr' id='par_1_83' title="bbox 250 4767 1846 4843">
     <span class='ocr_line' id='line_1_89' title="bbox 250 4767 1846 4843; baseline -0.002 -15"><span class='ocrx_word' id='word_1_638' title='bbox 250 4772 535 4828; x_wconf 88' lang='lat' dir='ltr'><strong>Trochilus</strong></span> <span class='ocrx_word' id='word_1_639' title='bbox 564 4767 789 4843; x_wconf 76' lang='lat' dir='ltr'><strong>Argivus</strong></span> <span class='ocrx_word' id='word_1_640' title='bbox 835 4786 983 4843; x_wconf 11' lang='lat' dir='ltr'><strong>opus,</strong></span> <span class='ocrx_word' id='word_1_641' title='bbox 1014 4769 1143 4824; x_wconf 91' lang='lat' dir='ltr'><strong>illud</strong></span> <span class='ocrx_word' id='word_1_642' title='bbox 1190 4770 1418 4839; x_wconf 89' lang='lat' dir='ltr'><strong>primum</strong></span> <span class='ocrx_word' id='word_1_643' title='bbox 1454 4767 1708 4843; x_wconf 76' lang='lat' dir='ltr'><strong>populari</strong></span> <span class='ocrx_word' id='word_1_644' title='bbox 1728 4771 1846 4825; x_wconf 76' lang='lat' dir='ltr'><strong>deae</strong></span> 
     </span>
    </p>
   </div>
   <div class='ocr_carea' id='block_1_84' title="bbox 250 4838 1842 4909">
    <p class='ocr_par' dir='ltr' id='par_1_84' title="bbox 250 4838 1842 4909">
     <span class='ocr_line' id='line_1_90' title="bbox 250 4838 1842 4909; baseline -0.003 -10"><span class='ocrx_word' id='word_1_645' title='bbox 250 4844 607 4899; x_wconf 85' lang='lat' dir='ltr'><strong>consecravit.</strong></span> <span class='ocrx_word' id='word_1_646' title='bbox 642 4838 908 4897; x_wconf 72' lang='lat' dir='ltr'><strong>Memoria</strong></span> <span class='ocrx_word' id='word_1_647' title='bbox 960 4840 1138 4896; x_wconf 88' lang='lat' dir='ltr'><strong>forsan</strong></span> <span class='ocrx_word' id='word_1_648' title='bbox 1195 4845 1376 4909; x_wconf 86' lang='lat' dir='ltr'><strong>lapsus</strong></span> <span class='ocrx_word' id='word_1_649' title='bbox 1425 4848 1508 4894; x_wconf 80' lang='lat' dir='ltr'><strong>est</strong></span> <span class='ocrx_word' id='word_1_650' title='bbox 1559 4838 1796 4895; x_wconf 77' lang='lat' dir='ltr'><strong>Isidorus</strong></span> <span class='ocrx_word' id='word_1_651' title='bbox 1825 4882 1842 4908; x_wconf 91' lang='lat'><strong>,</strong></span> 
     </span>
    </p>
   </div>
   <div class='ocr_carea' id='block_1_85' title="bbox 251 4909 1841 4984">
    <p class='ocr_par' dir='ltr' id='par_1_85' title="bbox 251 4909 1841 4984">
     <span class='ocr_line' id='line_1_91' title="bbox 251 4909 1841 4984; baseline -0.002 -15"><span class='ocrx_word' id='word_1_652' title='bbox 251 4916 343 4984; x_wconf 89' lang='lat' dir='ltr'><strong>qui</strong></span> <span class='ocrx_word' id='word_1_653' title='bbox 374 4917 489 4969; x_wconf 75' lang='lat' dir='ltr'><strong>lucc</strong></span> <span class='ocrx_word' id='word_1_654' title='bbox 524 4929 629 4968; x_wconf 90' lang='lat' dir='ltr'><strong>non</strong></span> <span class='ocrx_word' id='word_1_655' title='bbox 657 4913 721 4970; x_wconf 87' lang='lat' dir='ltr'><strong>de</strong></span> <span class='ocrx_word' id='word_1_656' title='bbox 742 4913 992 4969; x_wconf 88' lang='lat' dir='ltr'><strong>Trocltilo</strong></span> <span class='ocrx_word' id='word_1_657' title='bbox 1037 4913 1132 4966; x_wconf 87' lang='lat' dir='ltr'><strong>sed</strong></span> <span class='ocrx_word' id='word_1_658' title='bbox 1175 4910 1243 4965; x_wconf 92' lang='lat' dir='ltr'><strong>de</strong></span> <span class='ocrx_word' id='word_1_659' title='bbox 1293 4909 1607 4965; x_wconf 87' lang='lat' dir='ltr'><strong>Erictltonio</strong></span> <span class='ocrx_word' id='word_1_660' title='bbox 1627 4914 1841 4983; x_wconf 85' lang='lat' dir='ltr'><strong>accipit.</strong></span> 
     </span>
    </p>
   </div>
   <div class='ocr_carea' id='block_1_86' title="bbox 250 4984 459 5042">
    <p class='ocr_par' dir='ltr' id='par_1_86' title="bbox 250 4984 459 5042">
     <span class='ocr_line' id='line_1_92' title="bbox 250 4984 459 5042; baseline -0.024 0"><span class='ocrx_word' id='word_1_661' title='bbox 250 4985 330 5042; x_wconf 77' lang='lat' dir='ltr'><strong>Ls</strong></span> <span class='ocrx_word' id='word_1_662' title='bbox 361 4984 459 5040; x_wconf 76' lang='lat' dir='ltr'><strong>Pa.</strong></span> 
     </span>
    </p>
   </div>
   <div class='ocr_carea' id='block_1_87' title="bbox 302 5051 1846 5128">
    <p class='ocr_par' dir='ltr' id='par_1_87' title="bbox 302 5051 1846 5128">
     <span class='ocr_line' id='line_1_93' title="bbox 302 5051 1846 5128; baseline 0 -17"><span class='ocrx_word' id='word_1_663' title='bbox 302 5057 378 5128; x_wconf 74' lang='grc' dir='ltr'><strong>(ε)</strong></span> <span class='ocrx_word' id='word_1_664' title='bbox 392 5054 657 5128; x_wconf 77' lang='lat' dir='ltr'><strong>Cotoribus</strong></span> <span class='ocrx_word' id='word_1_665' title='bbox 673 5054 978 5128; x_wconf 69' lang='lat' dir='ltr'><strong>idololam&#39;a:</strong></span> <span class='ocrx_word' id='word_1_666' title='bbox 996 5053 1282 5128; x_wconf 71' lang='lat' dir='ltr'><strong>vestierunt.</strong></span> <span class='ocrx_word' id='word_1_667' title='bbox 1296 5051 1515 5128; x_wconf 73' lang='lat' dir='ltr'><strong>Colores</strong></span> <span class='ocrx_word' id='word_1_668' title='bbox 1530 5051 1846 5128; x_wconf 68' lang='lat' dir='ltr'><strong>idololatria:</strong></span> 
     </span>
    </p>
   </div>
   <div class='ocr_carea' id='block_1_88' title="bbox 250 5125 1849 5197">
    <p class='ocr_par' dir='ltr' id='par_1_88' title="bbox 250 5125 1849 5197">
     <span class='ocr_line' id='line_1_94' title="bbox 250 5125 1849 5197; baseline -0.002 -13"><span class='ocrx_word' id='word_1_669' title='bbox 250 5125 385 5184; x_wconf 70' lang='lat' dir='ltr'><strong>dicit</strong></span> <span class='ocrx_word' id='word_1_670' title='bbox 409 5127 619 5182; x_wconf 85' lang='lat' dir='ltr'><strong>colores</strong></span> <span class='ocrx_word' id='word_1_671' title='bbox 643 5127 800 5182; x_wconf 90' lang='lat' dir='ltr'><strong>idolis</strong></span> <span class='ocrx_word' id='word_1_672' title='bbox 828 5127 1050 5181; x_wconf 83' lang='lat' dir='ltr'><strong>dicatos.</strong></span> <span class='ocrx_word' id='word_1_673' title='bbox 1081 5126 1411 5197; x_wconf 80' lang='lat' dir='ltr'><strong>Agitatnrunt</strong></span> <span class='ocrx_word' id='word_1_674' title='bbox 1434 5125 1693 5181; x_wconf 84' lang='lat' dir='ltr'><strong>factiones</strong></span> <span class='ocrx_word' id='word_1_675' title='bbox 1716 5143 1849 5197; x_wconf 82' lang='lat' dir='ltr'><strong>qua-</strong></span> 
     </span>
    </p>
   </div>
   <div class='ocr_carea' id='block_1_89' title="bbox 252 5196 1848 5265">
    <p class='ocr_par' dir='ltr' id='par_1_89' title="bbox 252 5196 1848 5265">
     <span class='ocr_line' id='line_1_95' title="bbox 252 5196 1848 5265; baseline 0 -12"><span class='ocrx_word' id='word_1_676' title='bbox 252 5207 376 5254; x_wconf 87' lang='lat' dir='ltr'><strong>tuor</strong></span> <span class='ocrx_word' id='word_1_677' title='bbox 437 5198 655 5253; x_wconf 89' lang='lat' dir='ltr'><strong>totidem</strong></span> <span class='ocrx_word' id='word_1_678' title='bbox 717 5198 987 5252; x_wconf 87' lang='lat' dir='ltr'><strong>coloribus</strong></span> <span class='ocrx_word' id='word_1_679' title='bbox 1037 5196 1497 5265; x_wconf 83' lang='lat' dir='ltr'><strong>distinguebantur</strong></span> <span class='ocrx_word' id='word_1_680' title='bbox 1542 5211 1557 5250; x_wconf 92' lang='lat'>:</span> <span class='ocrx_word' id='word_1_681' title='bbox 1603 5196 1848 5253; x_wconf 70' lang='lat' dir='ltr'><strong>ruffatam</strong></span> 
     </span>
    </p>
   </div>
   <div class='ocr_carea' id='block_1_90' title="bbox 248 5265 1848 5339">
    <p class='ocr_par' dir='ltr' id='par_1_90' title="bbox 248 5265 1848 5339">
     <span class='ocr_line' id='line_1_96' title="bbox 248 5265 1848 5339; baseline 0 -15"><span class='ocrx_word' id='word_1_682' title='bbox 248 5268 405 5325; x_wconf 74' lang='lat' dir='ltr'><strong>Marti</strong></span> <span class='ocrx_word' id='word_1_683' title='bbox 448 5277 893 5324; x_wconf 88' lang='lat' dir='ltr'><strong>consecraverant</strong></span> <span class='ocrx_word' id='word_1_684' title='bbox 920 5285 936 5334; x_wconf 90' lang='lat'><strong>;</strong></span> <span class='ocrx_word' id='word_1_685' title='bbox 967 5267 1203 5339; x_wconf 75' lang='lat' dir='ltr'><strong>albatam</strong></span> <span class='ocrx_word' id='word_1_686' title='bbox 1245 5265 1505 5339; x_wconf 83' lang='lat' dir='ltr'><strong>Zephyris</strong></span> <span class='ocrx_word' id='word_1_687' title='bbox 1534 5282 1549 5333; x_wconf 91' lang='lat'><strong>;</strong></span> <span class='ocrx_word' id='word_1_688' title='bbox 1578 5270 1848 5337; x_wconf 83' lang='lat' dir='ltr'><strong>prasinum</strong></span> 
     </span>
    </p>
   </div>
   <div class='ocr_carea' id='block_1_91' title="bbox 251 5337 1296 5397">
    <p class='ocr_par' dir='ltr' id='par_1_91' title="bbox 251 5337 1296 5397">
     <span class='ocr_line' id='line_1_97' title="bbox 251 5337 1296 5397; baseline -0.008 0"><span class='ocrx_word' id='word_1_689' title='bbox 251 5339 440 5397; x_wconf 78' lang='lat' dir='ltr'><strong>Terrae</strong></span> <span class='ocrx_word' id='word_1_690' title='bbox 470 5340 630 5394; x_wconf 85' lang='lat' dir='ltr'><strong>matri</strong></span> <span class='ocrx_word' id='word_1_691' title='bbox 659 5357 673 5393; x_wconf 86' lang='lat'><strong>:</strong></span> <span class='ocrx_word' id='word_1_692' title='bbox 700 5350 945 5395; x_wconf 89' lang='lat' dir='ltr'><strong>venetam</strong></span> <span class='ocrx_word' id='word_1_693' title='bbox 971 5338 1141 5395; x_wconf 73' lang='lat' dir='ltr'><strong>Ctelo.</strong></span> <span class='ocrx_word' id='word_1_694' title='bbox 1174 5337 1296 5393; x_wconf 75' lang='lat' dir='ltr'><strong>RIG.</strong></span> 
     </span>
    </p>
   </div>
   <div class='ocr_carea' id='block_1_92' title="bbox 331 5406 1847 5485">
    <p class='ocr_par' dir='ltr' id='par_1_92' title="bbox 331 5406 1847 5485">
     <span class='ocr_line' id='line_1_98' title="bbox 331 5406 1847 5485; baseline -0.005 -20"><span class='ocrx_word' id='word_1_695' title='bbox 331 5411 416 5483; x_wconf 87' lang='lat' dir='ltr'><strong>(d)</strong></span> <span class='ocrx_word' id='word_1_696' title='bbox 443 5411 599 5485; x_wconf 76' lang='lat' dir='ltr'><strong>Albus</strong></span> <span class='ocrx_word' id='word_1_697' title='bbox 619 5420 664 5464; x_wconf 89' lang='lat' dir='ltr'><strong>et</strong></span> <span class='ocrx_word' id='word_1_698' title='bbox 689 5427 910 5485; x_wconf 68' lang='lat' dir='ltr'><strong>russeus.</strong></span> <span class='ocrx_word' id='word_1_699' title='bbox 954 5409 1060 5465; x_wconf 87' lang='lat' dir='ltr'><strong>Pro</strong></span> <span class='ocrx_word' id='word_1_700' title='bbox 1077 5425 1170 5485; x_wconf 83' lang='lat' dir='ltr'><strong>_eo</strong></span> <span class='ocrx_word' id='word_1_701' title='bbox 1194 5407 1334 5485; x_wconf 85' lang='lat' dir='ltr'><strong>quod</strong></span> <span class='ocrx_word' id='word_1_702' title='bbox 1364 5406 1450 5463; x_wconf 88' lang='lat' dir='ltr'><strong>hic</strong></span> <span class='ocrx_word' id='word_1_703' title='bbox 1475 5417 1527 5485; x_wconf 82' lang='lat' dir='ltr'><strong>et</strong></span> <span class='ocrx_word' id='word_1_704' title='bbox 1554 5408 1636 5485; x_wconf 72' lang='lat' dir='ltr'><strong>bis</strong></span> <span class='ocrx_word' id='word_1_705' title='bbox 1664 5412 1847 5485; x_wconf 76' lang='lat' dir='ltr'><strong>postea</strong></span> 
     </span>
    </p>
   </div>
   <div class='ocr_carea' id='block_1_93' title="bbox 251 5474 1840 5552">
    <p class='ocr_par' dir='ltr' id='par_1_93' title="bbox 251 5474 1840 5552">
     <span class='ocr_line' id='line_1_99' title="bbox 251 5474 1840 5552; baseline -0.007 -14"><span class='ocrx_word' id='word_1_706' title='bbox 251 5474 475 5538; x_wconf 75' lang='lat' dir='ltr'><strong>russeus</strong></span> <span class='ocrx_word' id='word_1_707' title='bbox 503 5482 693 5551; x_wconf 83' lang='lat' dir='ltr'><strong>legitur</strong></span> <span class='ocrx_word' id='word_1_708' title='bbox 720 5522 736 5549; x_wconf 89' lang='lat'><strong>,</strong></span> <span class='ocrx_word' id='word_1_709' title='bbox 767 5480 1032 5552; x_wconf 72' lang='lat' dir='ltr'><strong>Cagnazus</strong></span> <span class='ocrx_word' id='word_1_710' title='bbox 1077 5474 1322 5552; x_wconf 72' lang='lat' dir='ltr'><strong>legebat,</strong></span> <span class='ocrx_word' id='word_1_711' title='bbox 1366 5489 1421 5534; x_wconf 91' lang='lat' dir='ltr'><strong>et</strong></span> <span class='ocrx_word' id='word_1_712' title='bbox 1462 5475 1712 5533; x_wconf 82' lang='lat' dir='ltr'><strong>similiter</strong></span> <span class='ocrx_word' id='word_1_713' title='bbox 1739 5474 1840 5529; x_wconf 87' lang='lat' dir='ltr'><strong>Isi-</strong></span> 
     </span>
    </p>
   </div>
   <div class='ocr_carea' id='block_1_94' title="bbox 251 5550 1845 5627">
    <p class='ocr_par' dir='ltr' id='par_1_94' title="bbox 251 5550 1845 5627">
     <span class='ocr_line' id='line_1_100' title="bbox 251 5550 1845 5627; baseline -0.006 -18"><span class='ocrx_word' id='word_1_714' title='bbox 251 5554 420 5609; x_wconf 92' lang='lat' dir='ltr'><strong>dorus</strong></span> <span class='ocrx_word' id='word_1_715' title='bbox 444 5594 461 5618; x_wconf 91' lang='lat'><strong>,</strong></span> <span class='ocrx_word' id='word_1_716' title='bbox 481 5550 899 5627; x_wconf 14' lang='lat' dir='ltr'><strong>roseus.AVerttr‘n</strong></span> <span class='ocrx_word' id='word_1_717' title='bbox 921 5550 1157 5607; x_wconf 79' lang='lat' dir='ltr'><strong>nostrain</strong></span> <span class='ocrx_word' id='word_1_718' title='bbox 1190 5550 1473 5627; x_wconf 81' lang='lat' dir='ltr'><strong>lectionem</strong></span> <span class='ocrx_word' id='word_1_719' title='bbox 1514 5559 1694 5627; x_wconf 74' lang='lat' dir='ltr'><strong>veram</strong></span> <span class='ocrx_word' id='word_1_720' title='bbox 1724 5560 1845 5627; x_wconf 80' lang='lat' dir='ltr'><strong>esse</strong></span> 
     </span>
    </p>
   </div>
   <div class='ocr_carea' id='block_1_95' title="bbox 254 5617 1846 5697">
    <p class='ocr_par' dir='ltr' id='par_1_95' title="bbox 254 5617 1846 5697">
     <span class='ocr_line' id='line_1_101' title="bbox 254 5617 1846 5697; baseline -0.006 -18"><span class='ocrx_word' id='word_1_721' title='bbox 254 5634 404 5697; x_wconf 85' lang='lat' dir='ltr'><strong>patet</strong></span> <span class='ocrx_word' id='word_1_722' title='bbox 430 5617 517 5697; x_wconf 74' lang='lat' dir='ltr'><strong>vel</strong></span> <span class='ocrx_word' id='word_1_723' title='bbox 546 5639 611 5678; x_wconf 81' lang='lat' dir='ltr'><strong>ex</strong></span> <span class='ocrx_word' id='word_1_724' title='bbox 642 5624 724 5697; x_wconf 80' lang='lat' dir='ltr'><strong>bis</strong></span> <span class='ocrx_word' id='word_1_725' title='bbox 754 5625 953 5697; x_wconf 78' lang='lat' dir='ltr'><strong>verbis,</strong></span> <span class='ocrx_word' id='word_1_726' title='bbox 962 5638 1181 5697; x_wconf 65' lang='lat' dir='ltr'><strong>russeus</strong></span> <span class='ocrx_word' id='word_1_727' title='bbox 1205 5622 1368 5697; x_wconf 66' lang='lat' dir='ltr'><strong>testati</strong></span> <span class='ocrx_word' id='word_1_728' title='bbox 1414 5621 1475 5673; x_wconf 92' lang='lat' dir='ltr'><strong>ob</strong></span> <span class='ocrx_word' id='word_1_729' title='bbox 1516 5617 1655 5697; x_wconf 71' lang='lat' dir='ltr'><strong>Satis</strong></span> <span class='ocrx_word' id='word_1_730' title='bbox 1693 5617 1846 5697; x_wconf 61' lang='lat' dir='ltr'><strong>rabo-</strong></span> 
     </span>
    </p>
   </div>
   <div class='ocr_carea' id='block_1_96' title="bbox 252 5687 1848 5821">
    <p class='ocr_par' dir='ltr' id='par_1_96' title="bbox 252 5687 1848 5821">
     <span class='ocr_line' id='line_1_102' title="bbox 252 5687 1848 5821; baseline -0.006 -70"><span class='ocrx_word' id='word_1_731' title='bbox 252 5687 385 5751; x_wconf 68' lang='lat' dir='ltr'><strong>i&#39;em.</strong></span> <span class='ocrx_word' id='word_1_732' title='bbox 414 5694 587 5821; x_wconf 45' lang='grc' dir='ltr'><strong>(ζειαὶ</strong></span> <span class='ocrx_word' id='word_1_733' title='bbox 630 5696 774 5750; x_wconf 91' lang='lat' dir='ltr'><strong>enim</strong></span> <span class='ocrx_word' id='word_1_734' title='bbox 803 5695 913 5750; x_wconf 90' lang='lat' dir='ltr'><strong>duo</strong></span> <span class='ocrx_word' id='word_1_735' title='bbox 938 5687 1053 5750; x_wconf 85' lang='lat' dir='ltr'><strong>Soli</strong></span> <span class='ocrx_word' id='word_1_736' title='bbox 1091 5693 1428 5748; x_wconf 90' lang='lat' dir='ltr'><strong>ascribantur</strong></span> <span class='ocrx_word' id='word_1_737' title='bbox 1472 5693 1595 5761; x_wconf 93' lang='lat' dir='ltr'><strong>equi</strong></span> <span class='ocrx_word' id='word_1_738' title='bbox 1634 5702 1664 5741; x_wconf 90' lang='lat' dir='ltr'><strong>a</strong></span> <span class='ocrx_word' id='word_1_739' title='bbox 1713 5687 1848 5742; x_wconf 84' lang='lat' dir='ltr'><strong>Mar-</strong></span> 
     </span>
     <span class='ocr_line' id='line_1_103' title="bbox 255 5758 1847 5821; baseline -0.006 0"><span class='ocrx_word' id='word_1_740' title='bbox 255 5766 410 5821; x_wconf 79' lang='lat' dir='ltr'><strong>tiali.</strong></span> <span class='ocrx_word' id='word_1_741' title='bbox 525 5766 685 5821; x_wconf 89' lang='lat' dir='ltr'><strong>ntbus</strong></span> <span class='ocrx_word' id='word_1_742' title='bbox 725 5776 779 5821; x_wconf 91' lang='lat' dir='ltr'><strong>et</strong></span> <span class='ocrx_word' id='word_1_743' title='bbox 809 5763 1052 5821; x_wconf 67' lang='lat' dir='ltr'><strong>IEtbon.</strong></span> <span class='ocrx_word' id='word_1_744' title='bbox 1097 5772 1153 5820; x_wconf 91' lang='lat' dir='ltr'><strong>et</strong></span> <span class='ocrx_word' id='word_1_745' title='bbox 1197 5771 1374 5821; x_wconf 63' lang='grc' dir='ltr'><strong>ξανθὸς</strong></span> <span class='ocrx_word' id='word_1_746' title='bbox 1418 5776 1594 5821; x_wconf 64' lang='grc' dir='ltr'><strong>δίκερε</strong></span> <span class='ocrx_word' id='word_1_747' title='bbox 1640 5758 1847 5814; x_wconf 84' lang='lat' dir='ltr'><strong>rufeutn</strong></span> 
     </span>
    </p>
   </div>
   <div class='ocr_carea' id='block_1_97' title="bbox 255 5758 1847 5835">
    <p class='ocr_par' dir='ltr' id='par_1_97' title="bbox 255 5758 1847 5835">
     <span class='ocr_line' id='line_1_104' title="bbox 255 5758 1847 5835; baseline -0.006 -13"><span class='ocrx_word' id='word_1_748' title='bbox 255 5758 685 5830; x_wconf 28' lang='lat' dir='ltr'><strong>tiali,’Xantbus</strong></span> <span class='ocrx_word' id='word_1_749' title='bbox 725 5776 779 5821; x_wconf 91' lang='lat' dir='ltr'><strong>et</strong></span> <span class='ocrx_word' id='word_1_750' title='bbox 809 5763 1052 5835; x_wconf 67' lang='lat' dir='ltr'><strong>IEtbon,</strong></span> <span class='ocrx_word' id='word_1_751' title='bbox 1097 5772 1153 5820; x_wconf 91' lang='lat' dir='ltr'><strong>et</strong></span> <span class='ocrx_word' id='word_1_752' title='bbox 1197 5771 1374 5830; x_wconf 64' lang='grc' dir='ltr'><strong>ξανθὸς</strong></span> <span class='ocrx_word' id='word_1_753' title='bbox 1418 5758 1594 5832; x_wconf 55' lang='lat' dir='ltr'><strong>graece</strong></span> <span class='ocrx_word' id='word_1_754' title='bbox 1640 5758 1847 5835; x_wconf 84' lang='lat' dir='ltr'><strong>r_ufe_utn</strong></span> 
     </span>
    </p>
   </div>
   <div class='ocr_carea' id='block_1_98' title="bbox 252 5829 1850 5912">
    <p class='ocr_par' dir='ltr' id='par_1_98' title="bbox 252 5829 1850 5912">
     <span class='ocr_line' id='line_1_105' title="bbox 252 5829 1850 5912; baseline -0.006 -16"><span class='ocrx_word' id='word_1_755' title='bbox 252 5829 526 5912; x_wconf 76' lang='lat' dir='ltr'><strong>signiﬁcet</strong></span> <span class='ocrx_word' id='word_1_756' title='bbox 551 5836 776 5905; x_wconf 79' lang='lat' dir='ltr'><strong>ﬂavum,</strong></span> <span class='ocrx_word' id='word_1_757' title='bbox 805 5846 862 5893; x_wconf 91' lang='lat' dir='ltr'><strong>et</strong></span> <span class='ocrx_word' id='word_1_758' title='bbox 883 5829 1111 5908; x_wconf 77' lang='lat' dir='ltr'><strong>proinde</strong></span> <span class='ocrx_word' id='word_1_759' title='bbox 1131 5829 1295 5894; x_wconf 86' lang='lat' dir='ltr'><strong>etiam</strong></span> <span class='ocrx_word' id='word_1_760' title='bbox 1337 5829 1603 5891; x_wconf 77' lang='lat' dir='ltr'><strong>russeum.</strong></span> <span class='ocrx_word' id='word_1_761' title='bbox 1641 5829 1850 5888; x_wconf 82' lang='lat' dir='ltr'><strong>Eodem</strong></span> 
     </span>
    </p>
   </div>
   <div class='ocr_carea' id='block_1_99' title="bbox 1933 3701 3525 3828">
    <p class='ocr_par' dir='ltr' id='par_1_99' title="bbox 1933 3701 3525 3828">
     <span class='ocr_line' id='line_1_106' title="bbox 1933 3701 3525 3828; baseline 0.011 -73"><span class='ocrx_word' id='word_1_762' title='bbox 1933 3701 2331 3828; x_wconf 59' lang='lat' dir='ltr'><strong>Bertioentiere</strong></span> <span class='ocrx_word' id='word_1_763' title='bbox 2354 3712 2583 3774; x_wconf 89' lang='lat' dir='ltr'><strong>quatuor</strong></span> <span class='ocrx_word' id='word_1_764' title='bbox 2612 3706 2828 3762; x_wconf 88' lang='lat' dir='ltr'><strong>nomina</strong></span> <span class='ocrx_word' id='word_1_765' title='bbox 2870 3723 3132 3780; x_wconf 88' lang='lat' dir='ltr'><strong>equorum</strong></span> <span class='ocrx_word' id='word_1_766' title='bbox 3181 3710 3323 3784; x_wconf 90' lang='lat' dir='ltr'><strong>apud</strong></span> <span class='ocrx_word' id='word_1_767' title='bbox 3367 3713 3525 3772; x_wconf 88' lang='lat' dir='ltr'><strong>Ovid.</strong></span> 
     </span>
     <span class='ocr_line' id='line_1_107' title="bbox 1981 3772 3524 3828; baseline 0 0"><span class='ocrx_word' id='word_1_768' title='bbox 1981 3787 2121 3828; x_wconf 82' lang='lat' dir='ltr'><strong>VI&#39;OIS</strong></span> <span class='ocrx_word' id='word_1_769' title='bbox 2141 3814 2156 3828; x_wconf 86' lang='lat'><strong>.</strong></span> <span class='ocrx_word' id='word_1_770' title='bbox 2190 3772 2353 3828; x_wconf 81' lang='lat' dir='ltr'><strong>Eous.</strong></span> <span class='ocrx_word' id='word_1_771' title='bbox 2380 3774 2580 3828; x_wconf 57' lang='lat' dir='ltr'><strong>[Etlton</strong></span> <span class='ocrx_word' id='word_1_772' title='bbox 2609 3786 2662 3828; x_wconf 88' lang='lat' dir='ltr'><strong>et</strong></span> <span class='ocrx_word' id='word_1_773' title='bbox 2691 3777 2926 3828; x_wconf 76' lang='lat' dir='ltr'><strong>Phlean</strong></span> <span class='ocrx_word' id='word_1_774' title='bbox 2953 3824 2965 3828; x_wconf 82' lang='lat'><strong><em>_</em></strong></span> <span class='ocrx_word' id='word_1_775' title='bbox 2996 3790 3052 3828; x_wconf 69' lang='lat' dir='ltr'><strong>at</strong></span> <span class='ocrx_word' id='word_1_776' title='bbox 3079 3798 3201 3828; x_wconf 74' lang='lat' dir='ltr'><strong>mm</strong></span> <span class='ocrx_word' id='word_1_777' title='bbox 3227 3796 3354 3828; x_wconf 68' lang='grc' dir='ltr'><strong>ςιιηι</strong></span> <span class='ocrx_word' id='word_1_778' title='bbox 3385 3788 3524 3828; x_wconf 71' lang='lat' dir='ltr'><strong>nntnl</strong></span> 
     </span>
    </p>
   </div>
   <div class='ocr_carea' id='block_1_100' title="bbox 1978 3772 3528 3857">
    <p class='ocr_par' dir='ltr' id='par_1_100' title="bbox 1978 3772 3528 3857">
     <span class='ocr_line' id='line_1_108' title="bbox 1978 3772 3528 3857; baseline 0.01 -30"><span class='ocrx_word' id='word_1_779' title='bbox 1978 3772 2121 3857; x_wconf 72' lang='lat' dir='ltr'><strong>yrois</strong></span> <span class='ocrx_word' id='word_1_780' title='bbox 2141 3814 2172 3857; x_wconf 32' lang='grc' dir='ltr'><strong>γ’</strong></span> <span class='ocrx_word' id='word_1_781' title='bbox 2190 3772 2361 3857; x_wconf 63' lang='grc' dir='ltr'><strong>Εοιιξι</strong></span> <span class='ocrx_word' id='word_1_782' title='bbox 2373 3772 2662 3857; x_wconf 31' lang='lat' dir='ltr'><strong>Ellum-et</strong></span> <span class='ocrx_word' id='word_1_783' title='bbox 2691 3772 2967 3857; x_wconf 64' lang='lat' dir='ltr'><strong>Pltlegott&#39;,</strong></span> <span class='ocrx_word' id='word_1_784' title='bbox 2991 3790 3052 3857; x_wconf 76' lang='lat' dir='ltr'><strong>et</strong></span> <span class='ocrx_word' id='word_1_785' title='bbox 3079 3772 3355 3854; x_wconf 66' lang='lat' dir='ltr'><strong>quae&#39;sunt</strong></span> <span class='ocrx_word' id='word_1_786' title='bbox 3385 3788 3528 3857; x_wconf 89' lang='lat' dir='ltr'><strong>apud</strong></span> 
     </span>
    </p>
   </div>
   <div class='ocr_carea' id='block_1_101' title="bbox 1934 3843 3521 3925">
    <p class='ocr_par' dir='ltr' id='par_1_101' title="bbox 1934 3843 3521 3925">
     <span class='ocr_line' id='line_1_109' title="bbox 1934 3843 3521 3925; baseline 0.011 -30"><span class='ocrx_word' id='word_1_787' title='bbox 1934 3843 2267 3925; x_wconf 56' lang='lat' dir='ltr'><strong>Fulgentium</strong></span> <span class='ocrx_word' id='word_1_788' title='bbox 2316 3844 2537 3925; x_wconf 46' lang='lat' dir='ltr'><strong>Illytbol.</strong></span> <span class='ocrx_word' id='word_1_789' title='bbox 2594 3849 2711 3925; x_wconf 62' lang='lat' dir='ltr'><strong>lib._</strong></span> <span class='ocrx_word' id='word_1_790' title='bbox 2739 3854 2790 3904; x_wconf 81' lang='grc'><strong>1.</strong></span> <span class='ocrx_word' id='word_1_791' title='bbox 2825 3843 3207 3925; x_wconf 46' lang='lat' dir='ltr'><strong>Erythraeos,</strong></span> <span class='ocrx_word' id='word_1_792' title='bbox 3255 3843 3476 3913; x_wconf 63' lang='lat' dir='ltr'><strong>Actaeon</strong></span> <span class='ocrx_word' id='word_1_793' title='bbox 3504 3899 3521 3923; x_wconf 92' lang='lat'><strong>,</strong></span> 
     </span>
    </p>
   </div>
   <div class='ocr_carea' id='block_1_102' title="bbox 1933 3914 3528 4000">
    <p class='ocr_par' dir='ltr' id='par_1_102' title="bbox 1933 3914 3528 4000">
     <span class='ocr_line' id='line_1_110' title="bbox 1933 3914 3528 4000; baseline 0.006 -29"><span class='ocrx_word' id='word_1_794' title='bbox 1933 3914 2164 3983; x_wconf 84' lang='lat' dir='ltr'><strong>Latnpos</strong></span> <span class='ocrx_word' id='word_1_795' title='bbox 2187 3956 2202 3982; x_wconf 91' lang='lat'><strong>,</strong></span> <span class='ocrx_word' id='word_1_796' title='bbox 2233 3914 2621 4000; x_wconf 33' lang='lat' dir='ltr'><strong>et&#39;Pl&#39;tilo-geus.</strong></span> <span class='ocrx_word' id='word_1_797' title='bbox 2669 3918 2805 4000; x_wconf 80' lang='lat' dir='ltr'><strong>Nam</strong></span> <span class='ocrx_word' id='word_1_798' title='bbox 2846 3914 3062 3995; x_wconf 64' lang='lat' dir='ltr'><strong>Pyrois,</strong></span> <span class='ocrx_word' id='word_1_799' title='bbox 3111 3940 3169 4000; x_wconf 70' lang='lat' dir='ltr'><strong>et</strong></span> <span class='ocrx_word' id='word_1_800' title='bbox 3193 3914 3528 4000; x_wconf 49' lang='lat' dir='ltr'><strong>&#39;Erytltraeus</strong></span> 
     </span>
    </p>
   </div>
   <div class='ocr_carea' id='block_1_103' title="bbox 1932 3990 3526 4064">
    <p class='ocr_par' dir='ltr' id='par_1_103' title="bbox 1932 3990 3526 4064">
     <span class='ocr_line' id='line_1_111' title="bbox 1932 3990 3526 4064; baseline 0.008 -22"><span class='ocrx_word' id='word_1_801' title='bbox 1932 4000 2180 4042; x_wconf 87' lang='lat' dir='ltr'><strong>russeum</strong></span> <span class='ocrx_word' id='word_1_802' title='bbox 2230 3990 2389 4064; x_wconf 66' lang='lat' dir='ltr'><strong>etiam</strong></span> <span class='ocrx_word' id='word_1_803' title='bbox 2431 3990 2732 4061; x_wconf 74' lang='lat' dir='ltr'><strong>signiﬁcat,</strong></span> <span class='ocrx_word' id='word_1_804' title='bbox 2763 3993 2810 4046; x_wconf 88' lang='lat' dir='ltr'><strong>si</strong></span> <span class='ocrx_word' id='word_1_805' title='bbox 2858 3990 3091 4064; x_wconf 46' lang='lat' dir='ltr'><strong>g&#39;razcam</strong></span> <span class='ocrx_word' id='word_1_806' title='bbox 3139 3990 3526 4056; x_wconf 67' lang='lat' dir='ltr'><strong>derivationem</strong></span> 
     </span>
    </p>
   </div>
   <div class='ocr_carea' id='block_1_104' title="bbox 1935 4058 2424 4128">
    <p class='ocr_par' dir='ltr' id='par_1_104' title="bbox 1935 4058 2424 4128">
     <span class='ocr_line' id='line_1_112' title="bbox 1935 4058 2424 4128; baseline 0.002 -16"><span class='ocrx_word' id='word_1_807' title='bbox 1935 4068 2260 4128; x_wconf 86' lang='lat' dir='ltr'><strong>spectemus.</strong></span> <span class='ocrx_word' id='word_1_808' title='bbox 2288 4058 2424 4113; x_wconf 71' lang='lat' dir='ltr'><strong>Pint.</strong></span> 
     </span>
    </p>
   </div>
   <div class='ocr_carea' id='block_1_105' title="bbox 2014 4126 3539 4203">
    <p class='ocr_par' dir='ltr' id='par_1_105' title="bbox 2014 4126 3539 4203">
     <span class='ocr_line' id='line_1_113' title="bbox 2014 4126 3539 4203; baseline 0.012 -23"><span class='ocrx_word' id='word_1_809' title='bbox 2014 4132 2084 4197; x_wconf 68' lang='grc' dir='ltr'><strong>(θ)</strong></span> <span class='ocrx_word' id='word_1_810' title='bbox 2116 4126 2333 4203; x_wconf 73' lang='lat' dir='ltr'><strong>_l’erno.</strong></span> <span class='ocrx_word' id='word_1_811' title='bbox 2376 4130 2507 4203; x_wconf 67' lang='lat' dir='ltr'><strong>God.</strong></span> <span class='ocrx_word' id='word_1_812' title='bbox 2541 4131 2805 4203; x_wconf 85' lang='lat' dir='ltr'><strong>Agobardi</strong></span> <span class='ocrx_word' id='word_1_813' title='bbox 2834 4178 2849 4201; x_wconf 90' lang='lat'><strong>,</strong></span> <span class='ocrx_word' id='word_1_814' title='bbox 2882 4134 3032 4191; x_wconf 86' lang='lat' dir='ltr'><strong>Vero.</strong></span> <span class='ocrx_word' id='word_1_815' title='bbox 3057 4136 3415 4197; x_wconf 86' lang='lat' dir='ltr'><strong>Cassiodorus</strong></span> <span class='ocrx_word' id='word_1_816' title='bbox 3433 4141 3539 4198; x_wconf 80' lang='lat' dir='ltr'><strong>Va-</strong></span> 
     </span>
    </p>
   </div>
   <div class='ocr_carea' id='block_1_106' title="bbox 1943 4199 3228 4266">
    <p class='ocr_par' dir='ltr' id='par_1_106' title="bbox 1943 4199 3228 4266">
     <span class='ocr_line' id='line_1_114' title="bbox 1943 4199 3228 4266; baseline 0.009 -13"><span class='ocrx_word' id='word_1_817' title='bbox 1943 4199 2071 4253; x_wconf 87' lang='lat' dir='ltr'><strong>riar.</strong></span> <span class='ocrx_word' id='word_1_818' title='bbox 2108 4201 2229 4254; x_wconf 78' lang='lat' dir='ltr'><strong>Ill.</strong></span> <span class='ocrx_word' id='word_1_819' title='bbox 2259 4201 2320 4257; x_wconf 77' lang='lat' dir='ltr'><strong>5i</strong></span> <span class='ocrx_word' id='word_1_820' title='bbox 2355 4216 2367 4251; x_wconf 92' lang='lat'>:</span> <span class='ocrx_word' id='word_1_821' title='bbox 2396 4199 2643 4256; x_wconf 76' lang='lat' dir='ltr'><strong>Prasibus</strong></span> <span class='ocrx_word' id='word_1_822' title='bbox 2672 4199 2848 4259; x_wconf 81' lang='lat' dir='ltr'><strong>virenti</strong></span> <span class='ocrx_word' id='word_1_823' title='bbox 2886 4205 3070 4261; x_wconf 85' lang='lat' dir='ltr'><strong>Verno.</strong></span> <span class='ocrx_word' id='word_1_824' title='bbox 3104 4208 3228 4266; x_wconf 80' lang='lat' dir='ltr'><strong>th.</strong></span> 
     </span>
    </p>
   </div>
   <div class='ocr_carea' id='block_1_107' title="bbox 2019 4268 3535 4347">
    <p class='ocr_par' dir='ltr' id='par_1_107' title="bbox 2019 4268 3535 4347">
     <span class='ocr_line' id='line_1_115' title="bbox 2019 4268 3535 4347; baseline 0.011 -25"><span class='ocrx_word' id='word_1_825' title='bbox 2019 4268 2083 4339; x_wconf 88' lang='lat' dir='ltr'><strong>(f)</strong></span> <span class='ocrx_word' id='word_1_826' title='bbox 2130 4268 2323 4347; x_wconf 80' lang='lat' dir='ltr'><strong>Thuris</strong></span> <span class='ocrx_word' id='word_1_827' title='bbox 2370 4282 2417 4347; x_wconf 83' lang='lat' dir='ltr'><strong>et</strong></span> <span class='ocrx_word' id='word_1_828' title='bbox 2463 4277 2744 4345; x_wconf 77' lang='lat' dir='ltr'><strong>sanguinis.</strong></span> <span class='ocrx_word' id='word_1_829' title='bbox 2796 4276 2961 4331; x_wconf 78' lang='lat' dir='ltr'><strong>Tibia:</strong></span> <span class='ocrx_word' id='word_1_830' title='bbox 3001 4293 3239 4347; x_wconf 89' lang='lat' dir='ltr'><strong>scenam,</strong></span> <span class='ocrx_word' id='word_1_831' title='bbox 3270 4282 3434 4339; x_wconf 67' lang='lat' dir='ltr'><strong>Tuba:</strong></span> <span class='ocrx_word' id='word_1_832' title='bbox 3469 4284 3535 4339; x_wconf 91' lang='lat' dir='ltr'><strong>ad</strong></span> 
     </span>
    </p>
   </div>
   <div class='ocr_carea' id='block_1_108' title="bbox 1946 4341 3541 4423">
    <p class='ocr_par' dir='ltr' id='par_1_108' title="bbox 1946 4341 3541 4423">
     <span class='ocr_line' id='line_1_116' title="bbox 1946 4341 3541 4423; baseline 0.009 -28"><span class='ocrx_word' id='word_1_833' title='bbox 1946 4341 2147 4422; x_wconf 84' lang='lat' dir='ltr'><strong>circum</strong></span> <span class='ocrx_word' id='word_1_834' title='bbox 2196 4341 2575 4423; x_wconf 45' lang='lat' dir='ltr'><strong>pertinebant,‘</strong></span> <span class='ocrx_word' id='word_1_835' title='bbox 2604 4348 2804 4423; x_wconf 59' lang='lat' dir='ltr'><strong>pariter</strong></span> <span class='ocrx_word' id='word_1_836' title='bbox 2823 4348 2892 4402; x_wconf 89' lang='lat' dir='ltr'><strong>ad</strong></span> <span class='ocrx_word' id='word_1_837' title='bbox 2931 4362 3147 4404; x_wconf 88' lang='lat' dir='ltr'><strong>scenam</strong></span> <span class='ocrx_word' id='word_1_838' title='bbox 3191 4341 3413 4423; x_wconf 80' lang='lat' dir='ltr'><strong>respicit</strong></span> <span class='ocrx_word' id='word_1_839' title='bbox 3438 4397 3454 4423; x_wconf 96' lang='lat'><strong>,</strong></span> <span class='ocrx_word' id='word_1_840' title='bbox 3484 4364 3541 4410; x_wconf 90' lang='lat' dir='ltr'><strong>et</strong></span> 
     </span>
    </p>
   </div>
   <div class='ocr_carea' id='block_1_109' title="bbox 1948 4412 2859 4481">
    <p class='ocr_par' dir='ltr' id='par_1_109' title="bbox 1948 4412 2859 4481">
     <span class='ocr_line' id='line_1_117' title="bbox 1948 4412 2859 4481; baseline 0.004 -16"><span class='ocrx_word' id='word_1_841' title='bbox 1948 4414 2167 4481; x_wconf 81' lang='lat' dir='ltr'><strong>sanguis</strong></span> <span class='ocrx_word' id='word_1_842' title='bbox 2189 4412 2318 4466; x_wconf 82' lang='lat' dir='ltr'><strong>circi</strong></span> <span class='ocrx_word' id='word_1_843' title='bbox 2349 4412 2628 4469; x_wconf 76' lang='lat' dir='ltr'><strong>feritatem.</strong></span> <span class='ocrx_word' id='word_1_844' title='bbox 2663 4416 2739 4470; x_wconf 77' lang='lat' dir='ltr'><strong>LE</strong></span> <span class='ocrx_word' id='word_1_845' title='bbox 2763 4416 2859 4472; x_wconf 80' lang='lat' dir='ltr'><strong>Ptt.</strong></span> 
     </span>
    </p>
   </div>
   <div class='ocr_carea' id='block_1_110' title="bbox 2023 4480 3546 4554">
    <p class='ocr_par' dir='ltr' id='par_1_110' title="bbox 2023 4480 3546 4554">
     <span class='ocr_line' id='line_1_118' title="bbox 2023 4480 3546 4554; baseline 0.009 -19"><span class='ocrx_word' id='word_1_846' title='bbox 2023 4480 2100 4554; x_wconf 57' lang='grc' dir='ltr'><strong>(ε)</strong></span> <span class='ocrx_word' id='word_1_847' title='bbox 2133 4480 2374 4554; x_wconf 78' lang='lat' dir='ltr'><strong>Censores</strong></span> <span class='ocrx_word' id='word_1_848' title='bbox 2391 4487 2650 4540; x_wconf 79' lang='lat' dir='ltr'><strong>nascentia</strong></span> <span class='ocrx_word' id='word_1_849' title='bbox 2673 4503 2790 4541; x_wconf 84' lang='lat' dir='ltr'><strong>cum</strong></span> <span class='ocrx_word' id='word_1_850' title='bbox 2830 4489 3050 4545; x_wconf 75' lang='lat' dir='ltr'><strong>maxime</strong></span> <span class='ocrx_word' id='word_1_851' title='bbox 3090 4493 3288 4548; x_wconf 82' lang='lat' dir='ltr'><strong>theatra</strong></span> <span class='ocrx_word' id='word_1_852' title='bbox 3316 4495 3546 4550; x_wconf 87' lang='lat' dir='ltr'><strong>destrue-</strong></span> 
     </span>
    </p>
   </div>
   <div class='ocr_carea' id='block_1_111' title="bbox 1949 4552 3548 4634">
    <p class='ocr_par' dir='ltr' id='par_1_111' title="bbox 1949 4552 3548 4634">
     <span class='ocr_line' id='line_1_119' title="bbox 1949 4552 3548 4634; baseline 0.008 -29"><span class='ocrx_word' id='word_1_853' title='bbox 1949 4552 2088 4634; x_wconf 75' lang='lat' dir='ltr'><strong>bant.</strong></span> <span class='ocrx_word' id='word_1_854' title='bbox 2139 4553 2255 4634; x_wconf 75' lang='lat' dir='ltr'><strong>Ipse</strong></span> <span class='ocrx_word' id='word_1_855' title='bbox 2288 4555 2341 4607; x_wconf 91' lang='lat' dir='ltr'><strong>In</strong></span> <span class='ocrx_word' id='word_1_856' title='bbox 2372 4557 2717 4634; x_wconf 79' lang='lat' dir='ltr'><strong>Apologetico</strong></span> <span class='ocrx_word' id='word_1_857' title='bbox 2740 4574 2904 4634; x_wconf 86' lang='lat' dir='ltr'><strong>,_cap.</strong></span> <span class='ocrx_word' id='word_1_858' title='bbox 2927 4563 3001 4634; x_wconf 88' lang='lat'><strong>_6.</strong></span> <span class='ocrx_word' id='word_1_859' title='bbox 3035 4560 3258 4634; x_wconf 84' lang='lat' dir='ltr'><strong>Theatra</strong></span> <span class='ocrx_word' id='word_1_860' title='bbox 3302 4577 3548 4634; x_wconf 87' lang='lat' dir='ltr'><strong>stupran-</strong></span> 
     </span>
    </p>
   </div>
   <div class='ocr_carea' id='block_1_112' title="bbox 1951 4625 3547 4692">
    <p class='ocr_par' dir='ltr' id='par_1_112' title="bbox 1951 4625 3547 4692">
     <span class='ocr_line' id='line_1_120' title="bbox 1951 4625 3547 4692; baseline 0.009 -16"><span class='ocrx_word' id='word_1_861' title='bbox 1951 4625 2029 4677; x_wconf 81' lang='lat' dir='ltr'><strong>dis</strong></span> <span class='ocrx_word' id='word_1_862' title='bbox 2086 4626 2306 4680; x_wconf 85' lang='lat' dir='ltr'><strong>moribus</strong></span> <span class='ocrx_word' id='word_1_863' title='bbox 2377 4625 2590 4680; x_wconf 77' lang='lat' dir='ltr'><strong>orientia</strong></span> <span class='ocrx_word' id='word_1_864' title='bbox 2658 4630 2829 4683; x_wconf 86' lang='lat' dir='ltr'><strong>statim</strong></span> <span class='ocrx_word' id='word_1_865' title='bbox 2853 4625 2865 4630; x_wconf 58' lang='grc'>⁷</span> <span class='ocrx_word' id='word_1_866' title='bbox 2902 4632 3242 4690; x_wconf 79' lang='lat' dir='ltr'><strong>destruebant.</strong></span> <span class='ocrx_word' id='word_1_867' title='bbox 3294 4625 3416 4692; x_wconf 67' lang='lat' dir='ltr'><strong>th.</strong></span> <span class='ocrx_word' id='word_1_868' title='bbox 3473 4664 3547 4677; x_wconf 90' lang='lat'><em>-</em></span> 
     </span>
    </p>
   </div>
   <div class='ocr_carea' id='block_1_113' title="bbox 1954 4693 3547 4769">
    <p class='ocr_par' dir='ltr' id='par_1_113' title="bbox 1954 4693 3547 4769">
     <span class='ocr_line' id='line_1_121' title="bbox 1954 4693 3547 4769; baseline 0.008 -20"><span class='ocrx_word' id='word_1_869' title='bbox 1954 4693 2095 4769; x_wconf 83' lang='lat' dir='ltr'><strong>Nam</strong></span> <span class='ocrx_word' id='word_1_870' title='bbox 2120 4711 2255 4765; x_wconf 67' lang='lat' dir='ltr'><strong>stupe</strong></span> <span class='ocrx_word' id='word_1_871' title='bbox 2298 4696 2977 4769; x_wconf 82' lang='lat' dir='ltr'><strong>censores.]Tumultuaria</strong></span> <span class='ocrx_word' id='word_1_872' title='bbox 3022 4703 3207 4759; x_wconf 77' lang='lat' dir='ltr'><strong>Roma:</strong></span> <span class='ocrx_word' id='word_1_873' title='bbox 3245 4706 3375 4762; x_wconf 82' lang='lat' dir='ltr'><strong>olim</strong></span> <span class='ocrx_word' id='word_1_874' title='bbox 3419 4706 3547 4761; x_wconf 85' lang='lat' dir='ltr'><strong>fuis-</strong></span> 
     </span>
    </p>
   </div>
   <div class='ocr_carea' id='block_1_114' title="bbox 1951 4766 3546 4846">
    <p class='ocr_par' dir='ltr' id='par_1_114' title="bbox 1951 4766 3546 4846">
     <span class='ocr_line' id='line_1_122' title="bbox 1951 4766 3546 4846; baseline 0.009 -26"><span class='ocrx_word' id='word_1_875' title='bbox 1951 4781 2013 4821; x_wconf 87' lang='lat' dir='ltr'><strong>se</strong></span> <span class='ocrx_word' id='word_1_876' title='bbox 2060 4766 2265 4821; x_wconf 85' lang='lat' dir='ltr'><strong>tlteatra</strong></span> <span class='ocrx_word' id='word_1_877' title='bbox 2319 4766 2676 4823; x_wconf 80' lang='lat' dir='ltr'><strong>certissimum</strong></span> <span class='ocrx_word' id='word_1_878' title='bbox 2721 4779 2840 4825; x_wconf 89' lang='lat' dir='ltr'><strong>est:</strong></span> <span class='ocrx_word' id='word_1_879' title='bbox 2870 4772 2987 4842; x_wconf 92' lang='lat' dir='ltr'><strong>lege</strong></span> <span class='ocrx_word' id='word_1_880' title='bbox 3041 4790 3274 4846; x_wconf 89' lang='lat' dir='ltr'><strong>namque</strong></span> <span class='ocrx_word' id='word_1_881' title='bbox 3319 4788 3546 4833; x_wconf 85' lang='lat' dir='ltr'><strong>cautum</strong></span> 
     </span>
    </p>
   </div>
   <div class='ocr_carea' id='block_1_115' title="bbox 1952 4846 3539 4919">
    <p class='ocr_par' dir='ltr' id='par_1_115' title="bbox 1952 4846 3539 4919">
     <span class='ocr_line' id='line_1_123' title="bbox 1952 4846 3539 4919; baseline 0.009 -28"><span class='ocrx_word' id='word_1_882' title='bbox 1952 4846 2070 4919; x_wconf 72' lang='lat' dir='ltr'><strong>erat</strong></span> <span class='ocrx_word' id='word_1_883' title='bbox 2091 4853 2206 4919; x_wconf 48' lang='grc' dir='ltr'><strong>,ηερε</strong></span> <span class='ocrx_word' id='word_1_884' title='bbox 2231 4848 2485 4909; x_wconf 86' lang='lat' dir='ltr'><strong>perpetua</strong></span> <span class='ocrx_word' id='word_1_885' title='bbox 2513 4850 2690 4919; x_wconf 62' lang='lat' dir='ltr'><strong>essent</strong></span> <span class='ocrx_word' id='word_1_886' title='bbox 2713 4882 2728 4906; x_wconf 89' lang='lat'><strong>,</strong></span> <span class='ocrx_word' id='word_1_887' title='bbox 2752 4854 2988 4919; x_wconf 65' lang='lat' dir='ltr'><strong>propter</strong></span> <span class='ocrx_word' id='word_1_888' title='bbox 3016 4860 3226 4901; x_wconf 87' lang='lat' dir='ltr'><strong>morum</strong></span> <span class='ocrx_word' id='word_1_889' title='bbox 3255 4858 3539 4919; x_wconf 85' lang='lat' dir='ltr'><strong>corrupte-</strong></span> 
     </span>
    </p>
   </div>
   <div class='ocr_carea' id='block_1_116' title="bbox 1952 4907 3543 4991">
    <p class='ocr_par' dir='ltr' id='par_1_116' title="bbox 1952 4907 3543 4991">
     <span class='ocr_line' id='line_1_124' title="bbox 1952 4907 3543 4991; baseline 0.009 -30"><span class='ocrx_word' id='word_1_890' title='bbox 1952 4907 2077 4991; x_wconf 88' lang='lat' dir='ltr'><strong>lam.</strong></span> <span class='ocrx_word' id='word_1_891' title='bbox 2107 4907 2342 4991; x_wconf 61' lang='lat' dir='ltr'><strong>Tlteatra&#39;</strong></span> <span class='ocrx_word' id='word_1_892' title='bbox 2362 4925 2556 4991; x_wconf 76' lang='lat' dir='ltr'><strong>quippe</strong></span> <span class='ocrx_word' id='word_1_893' title='bbox 2581 4907 2910 4991; x_wconf 65' lang='lat' dir='ltr'><strong>Tertulliani)</strong></span> <span class='ocrx_word' id='word_1_894' title='bbox 2932 4929 3118 4991; x_wconf 70' lang='lat' dir='ltr'><strong>nostro</strong></span> <span class='ocrx_word' id='word_1_895' title='bbox 3158 4919 3383 4991; x_wconf 82' lang='lat' dir='ltr'><strong>Apolog.</strong></span> <span class='ocrx_word' id='word_1_896' title='bbox 3406 4907 3457 4976; x_wconf 78' lang='lat' dir='ltr'><strong>é.</strong></span> <span class='ocrx_word' id='word_1_897' title='bbox 3490 4918 3543 4976; x_wconf 87' lang='lat'><strong>6.</strong></span> 
     </span>
    </p>
   </div>
   <div class='ocr_carea' id='block_1_117' title="bbox 1950 4979 3545 5060">
    <p class='ocr_par' dir='ltr' id='par_1_117' title="bbox 1950 4979 3545 5060">
     <span class='ocr_line' id='line_1_125' title="bbox 1950 4979 3545 5060; baseline 0.008 -27"><span class='ocrx_word' id='word_1_898' title='bbox 1950 4979 2243 5060; x_wconf 70' lang='lat' dir='ltr'><strong>stuprandis</strong></span> <span class='ocrx_word' id='word_1_899' title='bbox 2268 4979 2728 5060; x_wconf 71' lang='lat' dir='ltr'><strong>moribusorientia</strong></span> <span class='ocrx_word' id='word_1_900' title='bbox 2748 4983 3017 5051; x_wconf 81' lang='lat' dir='ltr'><strong>dicuntur.</strong></span> <span class='ocrx_word' id='word_1_901' title='bbox 3040 4987 3184 5060; x_wconf 88' lang='lat' dir='ltr'><strong>Idem</strong></span> <span class='ocrx_word' id='word_1_902' title='bbox 3206 4979 3359 5060; x_wconf 64' lang='lat' dir='ltr'><strong>apud</strong></span> <span class='ocrx_word' id='word_1_903' title='bbox 3375 4993 3545 5046; x_wconf 85' lang='lat' dir='ltr'><strong>Atlte-</strong></span> 
     </span>
    </p>
   </div>
   <div class='ocr_carea' id='block_1_118' title="bbox 1954 5052 3541 5132">
    <p class='ocr_par' dir='ltr' id='par_1_118' title="bbox 1954 5052 3541 5132">
     <span class='ocr_line' id='line_1_126' title="bbox 1954 5052 3541 5132; baseline 0.009 -29"><span class='ocrx_word' id='word_1_904' title='bbox 1954 5052 2167 5132; x_wconf 82' lang='lat' dir='ltr'><strong>nienses</strong></span> <span class='ocrx_word' id='word_1_905' title='bbox 2193 5052 2745 5132; x_wconf 76' lang='lat' dir='ltr'><strong>observatutn__f_uis_se</strong></span> <span class='ocrx_word' id='word_1_906' title='bbox 2789 5069 2955 5132; x_wconf 78' lang='lat' dir='ltr'><strong>nemo</strong></span> <span class='ocrx_word' id='word_1_907' title='bbox 3004 5052 3276 5130; x_wconf 77' lang='lat' dir='ltr'><strong>ambigere</strong></span> <span class='ocrx_word' id='word_1_908' title='bbox 3325 5070 3541 5132; x_wconf 85' lang='lat' dir='ltr'><strong>potest:</strong></span> 
     </span>
    </p>
   </div>
   <div class='ocr_carea' id='block_1_119' title="bbox 1951 5124 3545 5192">
    <p class='ocr_par' dir='ltr' id='par_1_119' title="bbox 1951 5124 3545 5192">
     <span class='ocr_line' id='line_1_127' title="bbox 1951 5124 3545 5192; baseline 0.008 -17"><span class='ocrx_word' id='word_1_909' title='bbox 1951 5130 2235 5192; x_wconf 82' lang='lat' dir='ltr'><strong>antequam</strong></span> <span class='ocrx_word' id='word_1_910' title='bbox 2263 5125 2406 5178; x_wconf 91' lang='lat' dir='ltr'><strong>enim</strong></span> <span class='ocrx_word' id='word_1_911' title='bbox 2434 5124 2640 5178; x_wconf 85' lang='lat' dir='ltr'><strong>stabilia</strong></span> <span class='ocrx_word' id='word_1_912' title='bbox 2668 5124 2894 5192; x_wconf 77' lang='lat' dir='ltr'><strong>fuerint,</strong></span> <span class='ocrx_word' id='word_1_913' title='bbox 2920 5124 3262 5187; x_wconf 75' lang='lat' dir='ltr'><strong>tumultuaria</strong></span> <span class='ocrx_word' id='word_1_914' title='bbox 3286 5124 3545 5190; x_wconf 81' lang='lat' dir='ltr'><strong>diceban-</strong></span> 
     </span>
    </p>
   </div>
   <div class='ocr_carea' id='block_1_120' title="bbox 1954 5193 2916 5265">
    <p class='ocr_par' dir='ltr' id='par_1_120' title="bbox 1954 5193 2916 5265">
     <span class='ocr_line' id='line_1_128' title="bbox 1954 5193 2916 5265; baseline 0.007 -19"><span class='ocrx_word' id='word_1_915' title='bbox 1954 5202 2060 5260; x_wconf 91' lang='lat' dir='ltr'><strong>tur,</strong></span> <span class='ocrx_word' id='word_1_916' title='bbox 2086 5193 2137 5248; x_wconf 90' lang='lat' dir='ltr'><strong>id</strong></span> <span class='ocrx_word' id='word_1_917' title='bbox 2166 5195 2307 5248; x_wconf 89' lang='lat' dir='ltr'><strong>euim</strong></span> <span class='ocrx_word' id='word_1_918' title='bbox 2337 5199 2469 5265; x_wconf 74' lang='grc' dir='ltr'><strong>ἰκρία</strong></span> <span class='ocrx_word' id='word_1_919' title='bbox 2494 5197 2777 5265; x_wconf 77' lang='lat' dir='ltr'><strong>signiﬁcat.</strong></span> <span class='ocrx_word' id='word_1_920' title='bbox 2807 5198 2916 5253; x_wconf 86' lang='lat' dir='ltr'><strong>Sic.</strong></span> 
     </span>
    </p>
   </div>
   <div class='ocr_carea' id='block_1_121' title="bbox 2211 5308 2959 5377">
    <p class='ocr_par' dir='ltr' id='par_1_121' title="bbox 2211 5308 2959 5377">
     <span class='ocr_line' id='line_1_129' title="bbox 2211 5308 2959 5377; baseline 0.009 -19"><span class='ocrx_word' id='word_1_921' title='bbox 2211 5308 2302 5359; x_wconf 67' lang='grc' dir='ltr'><strong>ὁπ’</strong></span> <span class='ocrx_word' id='word_1_922' title='bbox 2327 5321 2426 5368; x_wconf 64' lang='grc' dir='ltr'><strong>ὠοὺς</strong></span> <span class='ocrx_word' id='word_1_923' title='bbox 2451 5324 2636 5370; x_wconf 56' lang='lat' dir='ltr'><strong>duim“,</strong></span> <span class='ocrx_word' id='word_1_924' title='bbox 2653 5324 2725 5363; x_wconf 69' lang='grc' dir='ltr'><strong>ἀπὸ</strong></span> <span class='ocrx_word' id='word_1_925' title='bbox 2744 5331 2815 5364; x_wconf 75' lang='grc' dir='ltr'><strong>τῶν</strong></span> <span class='ocrx_word' id='word_1_926' title='bbox 2836 5326 2959 5377; x_wconf 61' lang='lat' dir='ltr'><strong>lupis”</strong></span> 
     </span>
    </p>
   </div>
   <div class='ocr_carea' id='block_1_122' title="bbox 2211 5381 2593 5435">
    <p class='ocr_par' dir='ltr' id='par_1_122' title="bbox 2211 5381 2593 5435">
     <span class='ocr_line' id='line_1_130' title="bbox 2211 5381 2593 5435; baseline 0.005 -15"><span class='ocrx_word' id='word_1_927' title='bbox 2211 5381 2457 5422; x_wconf 57' lang='grc' dir='ltr'><strong>ὓποσλίπουθ</strong></span> <span class='ocrx_word' id='word_1_928' title='bbox 2482 5387 2593 5435; x_wconf 67' lang='grc' dir='ltr'><strong>ἡμᾶς.</strong></span> 
     </span>
    </p>
   </div>
   <div class='ocr_carea' id='block_1_123' title="bbox 2019 5478 2797 5550">
    <p class='ocr_par' dir='ltr' id='par_1_123' title="bbox 2019 5478 2797 5550">
     <span class='ocr_line' id='line_1_131' title="bbox 2019 5478 2797 5550; baseline 0.009 -18"><span class='ocrx_word' id='word_1_929' title='bbox 2019 5478 2293 5550; x_wconf 64' lang='lat' dir='ltr'><strong>Aristoith.</strong></span> <span class='ocrx_word' id='word_1_930' title='bbox 2323 5480 2377 5535; x_wconf 90' lang='lat' dir='ltr'><strong>in</strong></span> <span class='ocrx_word' id='word_1_931' title='bbox 2406 5488 2557 5550; x_wconf 76' lang='grc' dir='ltr'><strong>Τισιμ.</strong></span> <span class='ocrx_word' id='word_1_932' title='bbox 2597 5482 2674 5538; x_wconf 72' lang='lat' dir='ltr'><strong>L3</strong></span> <span class='ocrx_word' id='word_1_933' title='bbox 2701 5483 2797 5538; x_wconf 79' lang='lat' dir='ltr'><strong>Pu.</strong></span> 
     </span>
    </p>
   </div>
   <div class='ocr_carea' id='block_1_124' title="bbox 2020 5548 3560 5624">
    <p class='ocr_par' dir='ltr' id='par_1_124' title="bbox 2020 5548 3560 5624">
     <span class='ocr_line' id='line_1_132' title="bbox 2020 5548 3560 5624; baseline 0.009 -23"><span class='ocrx_word' id='word_1_934' title='bbox 2020 5548 2410 5624; x_wconf 10' lang='lat' dir='ltr'><strong>(lt)i_l_’ompeius</strong></span> <span class='ocrx_word' id='word_1_935' title='bbox 2455 5548 2701 5624; x_wconf 80' lang='lat' dir='ltr'><strong>Magnus.</strong></span> <span class='ocrx_word' id='word_1_936' title='bbox 2741 5554 2877 5612; x_wconf 86' lang='lat' dir='ltr'><strong>Huic</strong></span> <span class='ocrx_word' id='word_1_937' title='bbox 2912 5554 3034 5613; x_wconf 90' lang='lat' dir='ltr'><strong>loco</strong></span> <span class='ocrx_word' id='word_1_938' title='bbox 3053 5557 3316 5615; x_wconf 83' lang='lat' dir='ltr'><strong>adsimilis</strong></span> <span class='ocrx_word' id='word_1_939' title='bbox 3338 5560 3560 5615; x_wconf 89' lang='lat' dir='ltr'><strong>omnino</strong></span> 
     </span>
    </p>
   </div>
   <div class='ocr_carea' id='block_1_125' title="bbox 1950 5618 3556 5697">
    <p class='ocr_par' dir='ltr' id='par_1_125' title="bbox 1950 5618 3556 5697">
     <span class='ocr_line' id='line_1_133' title="bbox 1950 5618 3556 5697; baseline 0.008 -23"><span class='ocrx_word' id='word_1_940' title='bbox 1950 5618 2089 5697; x_wconf 69' lang='lat' dir='ltr'><strong>alter</strong></span> <span class='ocrx_word' id='word_1_941' title='bbox 2116 5621 2205 5676; x_wconf 90' lang='lat' dir='ltr'><strong>ille</strong></span> <span class='ocrx_word' id='word_1_942' title='bbox 2231 5618 2322 5677; x_wconf 85' lang='lat' dir='ltr'><strong>ltb.</strong></span> <span class='ocrx_word' id='word_1_943' title='bbox 2352 5622 2405 5677; x_wconf 88' lang='lat'><strong>6.</strong></span> <span class='ocrx_word' id='word_1_944' title='bbox 2439 5624 2506 5697; x_wconf 77' lang='lat' dir='ltr'><strong>de</strong></span> <span class='ocrx_word' id='word_1_945' title='bbox 2543 5618 2637 5680; x_wconf 76' lang='lat' dir='ltr'><strong>all.</strong></span> <span class='ocrx_word' id='word_1_946' title='bbox 2697 5623 2798 5680; x_wconf 88' lang='lat' dir='ltr'><strong>Ubi</strong></span> <span class='ocrx_word' id='word_1_947' title='bbox 2840 5629 3073 5697; x_wconf 88' lang='lat' dir='ltr'><strong>loquitur</strong></span> <span class='ocrx_word' id='word_1_948' title='bbox 3115 5630 3186 5685; x_wconf 92' lang='lat' dir='ltr'><strong>de</strong></span> <span class='ocrx_word' id='word_1_949' title='bbox 3234 5632 3556 5687; x_wconf 82' lang='lat' dir='ltr'><strong>Alexandro</strong></span> 
     </span>
    </p>
   </div>
   <div class='ocr_carea' id='block_1_126' title="bbox 1950 5689 3555 5768">
    <p class='ocr_par' dir='ltr' id='par_1_126' title="bbox 1950 5689 3555 5768">
     <span class='ocr_line' id='line_1_134' title="bbox 1950 5689 3555 5768; baseline 0.009 -25"><span class='ocrx_word' id='word_1_950' title='bbox 1950 5689 2139 5768; x_wconf 57' lang='lat' dir='ltr'><strong>lliagno</strong></span> <span class='ocrx_word' id='word_1_951' title='bbox 2156 5731 2172 5768; x_wconf 83' lang='lat'><strong>,</strong></span> <span class='ocrx_word' id='word_1_952' title='bbox 2201 5702 2256 5747; x_wconf 87' lang='lat' dir='ltr'><strong>et</strong></span> <span class='ocrx_word' id='word_1_953' title='bbox 2281 5704 2434 5768; x_wconf 80' lang='lat' dir='ltr'><strong>vocat</strong></span> <span class='ocrx_word' id='word_1_954' title='bbox 2458 5696 2605 5768; x_wconf 85' lang='lat' dir='ltr'><strong>illum</strong></span> <span class='ocrx_word' id='word_1_955' title='bbox 2626 5738 2642 5762; x_wconf 95' lang='lat'><strong>,</strong></span> <span class='ocrx_word' id='word_1_956' title='bbox 2673 5698 2783 5751; x_wconf 84' lang='lat' dir='ltr'><strong>sata</strong></span> <span class='ocrx_word' id='word_1_957' title='bbox 2802 5689 2967 5768; x_wconf 73' lang='lat' dir='ltr'><strong>gloria</strong></span> <span class='ocrx_word' id='word_1_958' title='bbox 2995 5702 3259 5756; x_wconf 84' lang='lat' dir='ltr'><strong>minorem.</strong></span> <span class='ocrx_word' id='word_1_959' title='bbox 3309 5701 3398 5758; x_wconf 83' lang='lat' dir='ltr'><strong>En</strong></span> <span class='ocrx_word' id='word_1_960' title='bbox 3459 5705 3555 5759; x_wconf 89' lang='lat' dir='ltr'><strong>tibi</strong></span> 
     </span>
    </p>
   </div>
   <div class='ocr_carea' id='block_1_127' title="bbox 1953 5761 3560 5847">
    <p class='ocr_par' dir='ltr' id='par_1_127' title="bbox 1953 5761 3560 5847">
     <span class='ocr_line' id='line_1_135' title="bbox 1953 5761 3560 5847; baseline 0.009 -32"><span class='ocrx_word' id='word_1_961' title='bbox 1953 5761 2238 5847; x_wconf 71' lang='lat' dir='ltr'><strong>Pompeius</strong></span> <span class='ocrx_word' id='word_1_962' title='bbox 2258 5772 2313 5847; x_wconf 79' lang='lat' dir='ltr'><strong>et</strong></span> <span class='ocrx_word' id='word_1_963' title='bbox 2337 5761 2642 5847; x_wconf 71' lang='lat' dir='ltr'><strong>Alexander</strong></span> <span class='ocrx_word' id='word_1_964' title='bbox 2663 5761 2909 5847; x_wconf 70' lang='lat' dir='ltr'><strong>(uterque</strong></span> <span class='ocrx_word' id='word_1_965' title='bbox 2927 5774 3075 5847; x_wconf 79' lang='lat' dir='ltr'><strong>enim</strong></span> <span class='ocrx_word' id='word_1_966' title='bbox 3100 5772 3277 5847; x_wconf 71' lang='lat' dir='ltr'><strong>dictus</strong></span> <span class='ocrx_word' id='word_1_967' title='bbox 3300 5784 3385 5832; x_wconf 89' lang='lat' dir='ltr'><strong>est</strong></span> <span class='ocrx_word' id='word_1_968' title='bbox 3411 5773 3560 5847; x_wconf 82' lang='lat' dir='ltr'><strong>Mag-</strong></span> 
     </span>
    </p>
   </div>
   <div class='ocr_carea' id='block_1_128' title="bbox 1954 5834 3302 5913">
    <p class='ocr_par' dir='ltr' id='par_1_128' title="bbox 1954 5834 3302 5913">
     <span class='ocr_line' id='line_1_136' title="bbox 1954 5834 3302 5913; baseline 0.01 -25"><span class='ocrx_word' id='word_1_969' title='bbox 1954 5834 2091 5903; x_wconf 89' lang='lat' dir='ltr'><strong>nus)</strong></span> <span class='ocrx_word' id='word_1_970' title='bbox 2118 5834 2205 5891; x_wconf 87' lang='lat' dir='ltr'><strong>hic</strong></span> <span class='ocrx_word' id='word_1_971' title='bbox 2228 5835 2406 5893; x_wconf 91' lang='lat' dir='ltr'><strong>minor</strong></span> <span class='ocrx_word' id='word_1_972' title='bbox 2434 5840 2644 5896; x_wconf 89' lang='lat' dir='ltr'><strong>theatro</strong></span> <span class='ocrx_word' id='word_1_973' title='bbox 2668 5834 2767 5896; x_wconf 82' lang='lat' dir='ltr'><strong>suo</strong></span> <span class='ocrx_word' id='word_1_974' title='bbox 2785 5881 2802 5909; x_wconf 93' lang='lat'><strong>,</strong></span> <span class='ocrx_word' id='word_1_975' title='bbox 2822 5834 2915 5897; x_wconf 83' lang='lat' dir='ltr'><strong>ille</strong></span> <span class='ocrx_word' id='word_1_976' title='bbox 2938 5840 3135 5913; x_wconf 88' lang='lat' dir='ltr'><strong>gloria.</strong></span> <span class='ocrx_word' id='word_1_977' title='bbox 3167 5842 3302 5902; x_wconf 69' lang='lat' dir='ltr'><strong>Lac.</strong></span> 
     </span>
    </p>
   </div>
   <div class='ocr_carea' id='block_1_129' title="bbox 3676 948 3967 1069">
    <p class='ocr_par' dir='ltr' id='par_1_129' title="bbox 3676 948 3967 1069">
     <span class='ocr_line' id='line_1_137' title="bbox 3676 948 3967 1069; baseline -0.041 -31"><span class='ocrx_word' id='word_1_978' title='bbox 3676 974 3735 1069; x_wconf 50' lang='grc' dir='ltr'><strong>σι</strong></span> <span class='ocrx_word' id='word_1_979' title='bbox 3760 948 3967 1037; x_wconf 51' lang='grc' dir='ltr'><em>παπ</em></span> 
     </span>
    </p>
   </div>
  </div>
