4252 6270
314 329 422 388 6ιὸ
1550 323 1757 386 LIBER
1796 326 1883 386 DE
1920 342 1921 351 ‘

2020 326 2404 391 ECTACULIS.
2432 330 2448 377 Ἰ
3519 337 3629 403 646

313 443 580 500 creditum
607 451 721 501 erat
746 486 760 513 ,
793 443 1034 514 captivos
1059 442 1142 499 vel
1189 442 1330 500 malo
1375 442 1589 515 ingenio
1613 444 1695 518 (1)
1724 461 1913 503 servos
1941 449 1995 511 Α
2019 449 2471 519 amphitheatrum
2486 458 3020 524 consecratur,quam
3039 453 3363 525 Capitolium
3378 455 3622 514 omnium

313 534 539 595 mercati
568 540 620 594 in
649 537 916 608 exsequiis
955 538 1325 593 immolabant.
1374 537 1567 594 Postea
1601 538 1796 610 placuit
1824 538 1919 595 im-

315 632 569 703 pietatem
618 631 893 701 voluptate
934 624 1273 686 adumbrare.
1319 629 1503 702 Itaque
1530 646 1664 703 quos
1692 648 1917 702 parave-

317 735 443 781 runt
467 726 629 780 armis
646 767 661 792 ,
685 725 878 795 quibus
909 733 1036 780 tunc
1061 733 1113 779 et
1137 723 1367 795 qualiter
1385 733 1634 795 poterant
1653 726 1915 795 eruditos,

320 826 523 873 tantum
544 828 597 872 ut
614 817 788 873 occidi
806 815 1076 873 discerent
1096 856 1110 884 ,
1135 832 1260 873 mox
1287 816 1465 872 edicto
1494 818 1580 875 die
1604 818 1918 875 lnferiarum

319 912 458 983 apud
508 911 739 968 tumulos
781 912 1074 983 erogabant
1123 912 1222 983 (a).
1250 910 1327 966 Ita
1368 920 1596 970 mortem
1619 913 1923 972 homicidiis

321 1003 752 1060 consolabantur.
781 1003 911 1061 Haec
941 1004 1180 1062 muneris
1217 1000 1298 1078 (2)
1322 1005 1473 1078 origo
1493 1046 1507 1071 ,
1538 1006 1633 1063 sed
1663 1008 1919 1080 paulatim

320 1098 559 1169 provecti
590 1096 657 1152 ad
689 1105 893 1159 tantam
917 1096 1142 1167 gratiam
1170 1135 1185 1162 ,
1217 1095 1285 1152 ad
1311 1104 1562 1168 quantam
1606 1106 1661 1154 et
1686 1098 1921 1154 crudeli-

323 1198 516 1257 tatem,
540 1189 663 1260 quia
698 1188 901 1244 ferrum
941 1187 1203 1260 voluptati
1251 1187 1380 1244 satis
1421 1204 1527 1244 non
1572 1188 1916 1263 faciebat(5),

322 1283 424 1339 nisi
454 1291 508 1339 ct
534 1281 662 1338 feris
690 1281 921 1338 humana
952 1297 1179 1353 corpora
1207 1281 1621 1352 dissiparentur.
1653 1282 1807 1350 Quod
1830 1298 1917 1340 er-

320 1391 388 1447 go
413 1374 636 1432 mortuis
661 1375 931 1441 litabatur,
960 1376 1141 1447 utique
1162 1376 1519 1446 parentationi
1540 1375 1916 1445 deputabatur.

321 1468 453 1535 Qum
478 1468 686 1539 species
715 1466 941 1538 proinde
967 1467 1270 1523 idololatria
1314 1477 1428 1532 est,
1458 1469 1707 1538 quoniam
1730 1479 1784 1525 et
1806 1470 1920 1525 ido-

286 1545 295 1553 ’
321 1556 531 1617 lolatria
565 1560 955 1631 parentationis
980 1569 1062 1615 est
1090 1560 1298 1631 species
1322 1560 1419 1633 (ὁ).
1456 1560 1584 1618 Tam
1614 1561 1732 1623 inec
1757 1579 1917 1633 quam

318 1652 406 1708 illa
438 1653 664 1707 mortuis
687 1653 971 1707 ministrat.
988 1640 1055 1708 'In
1078 1659 1408 1709 mortuorum
1430 1660 1610 1708 autem
1635 1653 1791 1709 idolis
1810 1653 1920 1713 dit:-

318 1744 500 1800 monia
531 1746 871 1810 consistunt,
904 1754 959 1799 ut
996 1738 1049 1798 et
1089 1743 1268 1800 titulos
1314 1745 1760 1805 consideremus:
1792 1748 1919 1805 licet

323 1836 593 1893 transierit
634 1832 735 1890 hoc
764 1851 933 1906 genus
962 1835 1213 1892 editionis
1240 1837 1308 1893 ab
1339 1836 1635 1895 honoribus
1672 1848 1918 1897 mortuo-
1946 1814 1995 1875 Β

327 1947 442 1986 rum
471 1931 536 1985 ad
577 1931 812 1985 honores
839 1930 1166 2001 viventium,
1198 1940 1495 2002 quaesturas
1521 1932 1642 1989 dico
1668 1942 1723 1991 et
1744 1934 1917 2009 magi-

323 2032 547 2090 stratus,
575 2032 629 2078 et
653 2022 891 2105 flaminia
919 2023 999 2095 (4)
1024 2032 1078 2078 et
1107 2024 1406 2080 sacerdotia
1432 2043 1445 2080 :
1468 2041 1588 2081 cum
1611 2035 1788 2083 tamen
1818 2043 1917 2105 no:

324 2116 480 2171 minis
499 2102 727 2186 dignitas
744 2114 1306 2171 idololatriaecrimiue
1321 2125 1821 2189 teneatur,,necesse
1835 2102 1920 2176 est

322 2206 577 2278 quidquid
614 2206 888 2279 dignitatis
915 2208 1135 2264 nomine
1164 2207 1593 2289 administratur,
1620 2212 1920 2268 communi-

321 2309 407 2356 cet
431 2303 589 2354 etiam
617 2299 850 2356 maculas
879 2298 1016 2370 ejus,
1042 2315 1073 2354 a
1103 2315 1206 2371 qua
1238 2301 1398 2357 habet
1420 2316 1661 2361 caussas.
1683 2302 1828 2360 idem
1852 2304 1920 2360 de

320 2392 667 2464 apparatibus
688 2391 1159 2464 interpretabimur
1181 2395 1234 2449 in
1261 2394 1495 2464 ipsorum
1521 2394 1781 2451 honorum
1802 2411 1926 2468 sug-

321 2494 473 2556 gestu
500 2483 817 2556 deputandis
835 2526 850 2551 ,
883 2484 1026 2555 quod
1056 2501 1305 2557 purpurze
1329 2526 1345 2551 ,
1369 2486 1510 2558 quod
1537 2484 1749 2555 fasciae,
1776 2487 1921 2559 quod

321 2578 499 2643 vittaz,
527 2576 669 2648 quod
697 2591 914 2633 corona“.
938 2619 952 2644 ,
984 2576 1127 2649 quod
1152 2577 1385 2649 denique
1412 2579 1702 2636 conciones
1729 2590 1784 2636 et
1808 2580 1923 2636 edi-

320 2678 404 2725 cta
435 2666 507 2741 (c)
530 2709 546 2735 ,
578 2675 634 2724 et
676 2668 853 2738 pultes
892 2669 1261 2743 pridiante‘(d)
1303 2670 1418 2727 sine
1454 2685 1649 2743 pompa
1679 2671 1915 2744 diaboli,

322 2763 436 2819 sine
485 2762 797 2819 invitatione
842 2762 1148 2819 daemonum
1200 2779 1307 2819 non
1349 2773 1494 2820 sunt.
1522 2764 1658 2833 Quid
1696 2780 1823 2839 ergo
1849 2766 1918 2826 de

318 2852 540 2911 horrido
584 2853 665 2926 (5)
709 2853 832 2909 loco
861 2852 932 2927 (ε)
970 2868 1219 2927 perorem
1252 2894 1268 2922 ,
1299 2869 1457 2926 quem
1522 2870 1624 2912 nec
1684 2857 1917 2929 periuria

320 2945 616 3003 sustinent?
635 2945 877 3019 pluribus
898 2947 1039 3003 enim
1056 2955 1110 3004 et
1126 2946 1493 3018 asperioribus
1511 2949 1816 3005 numinibus
1834 2950 1916 3023 (6)

2022 542 2324 598 drcmonum
2345 544 2598 615 templum
2619 557 2722 603 est.
2743 546 2845 603 Tot
2862 547 2969 603 illic
2986 548 3244 606 immundi
3265 549 3485 620 spiritus
3498 564 3623 607 con-

2022 635 2233 701 sidunt,
2264 646 2394 707 quot
2440 637 2682 701 homines
2705 639 2867 709 capit.
2903 638 2971 696 Ut
2993 650 3048 696 et
3074 639 3144 695 de
3171 640 3375 699 artibus
3402 641 3626 698 concluo

2023 725 2144 781 dam
2170 768 2185 790 ,
2219 727 2439 785 Martem
2466 738 2520 787 et
2543 730 2764 787 Dianam
2795 731 2869 803 (f)
2898 731 3175 803 utriusque
3216 731 3325 789 ludi
3360 732 3624 804 prasides

2025 818 2293 876 novimus.

2620 914 2847 974 CAPUT
2887 915 3027 973 XIH.

2115 1005 2298 1085 Satis,
2353 1006 2579 1077 opinor,
2649 1009 2993 1079 implevimus
3059 1009 3342 1080 ordinem,
3393 1020 3525 1081 quot
3568 1018 3627 1067 et

2024 1097 2218 1168 quibus
2266 1098 2439 1155 modis
2482 1101 2785 1170 spectacula
2828 1100 3193 1158 idololatrian)
3243 1103 3624 1169 committant,

2023 1189 2089 1245 de
2127 1191 2511 1261 apparatibus,
2540 1192 2608 1248 de
2650 1192 2804 1249 locis.
2856 1182 3254 1253 De'sacriliciis
3296 1196 3513 1265 quidem
3544 1196 3627 1267 (1)

2024 1284 2155 1338 certi
2185 1299 2370 1340 sumus
2390 1326 2404 1351 ,
2434 1285 2577 1341 nulla
2602 1302 2671 1343 ex
2711 1297 2861 1358 parte
2886 1296 3194 1357 competere
3223 1288 3379 1345 nobis
3407 1303 3469 1343 ea
3491 1331 3506 1356 ,
3534 1288 3627 1359 qui

2026 1374 2109 1432 bis
2137 1375 2292 1435 idolis
2319 1376 2394 1449 (g)
2446 1380 2906 1448 reunntiavimus,
2946 1379 3117 1437 lCor.
3169 1381 3304 1436 Vlll.
3332 1381 3448 1437 Non
3482 1380 3629 1451 quod

2025 1467 2227 1524 idolum
2255 1471 2326 1525 sit
2346 1471 2542 1542 aliquid
2574 1473 2655 1543 (ut
2681 1474 2971 1544 Apostolus
2996 1475 3112 1547 ait),
3138 1476 3235 1532 sed
3261 1475 3627 1549 quodquteja~

2023 1561 2190 1626 ciunt,
2209 1561 2489 1619 dmmoniis
2511 1564 2733 1633 faciunt,
2763 1568 3183 1625 consistentibus
3200 1569 3408 1624 scilicet
3426 1569 3475 1623 in
3496 1583 3628 1624 con-

2023 1655 2412 1713 secrationibus
2434 1656 2700 1724 idolorum
2742 1658 2857 1714 sive
2898 1669 3251 1727 mortuorum,
3274 1662 3394 1718 sive
3417 1662 3629 1731 Species

2024 1744 2044 1817 (
2048 1754 2103 1800 ut
2128 1747 2334 1816 putant)
2351 1748 2596 1809 deorum.
2619 1749 2913 1820 Propterea
2934 1751 3116 1822 igitur,
3135 1752 3386 1821 quoniam
3402 1763 3629 1824 utraque

2022 1837 2285 1895 idolorum
2303 1841 2629 1897 conditionis
2652 1843 2808 1901 unius
2824 1836 2927 1911 est,
2943 1842 3070 1900 dum
3088 1843 3286 1899 mortui
3302 1852 3358 1899 et
3374 1844 3447 1903 dii
3460 1860 3631 1903 unum

2020 1940 2394 2004 sunt,utraque
2410 1932 2712 1991 idololatria
2728 1935 3189 2001 abstinemdsmec
3207 1936 3385 1991 minus
3399 1944 3504 1991 tem
3514 1936 3623 2005 pla,

2021 2040 2179 2095 quam
2201 2036 2545 2081 monumenta
2564 2026 2875 2097 despuimus
2900 2045 2913 2082 :
2937 2037 3184 2086 neutram
3200 2028 3285 2100 (It)
3302 2043 3450 2087 aram
3474 2028 3630 2087 nevi-

2022 2132 2138 2171 mus
2164 2115 2438 2187 (Aenxx;
2470 2116 2757 2191 lCor.,X),
2788 2127 3031 2177 neutram
3052 2120 3285 2191 efﬁgiem
3306 2118 3625 2175 adoramus:

2021 2222 2127 2263 non
2140 2208 2505 2265 sacriﬁcamus
2521 2251 2535 2276 ,
2554 2225 2661 2265 non
2678 2222 3044 2280 parentamus,
3067 2212 3162 2269 sed
3185 2228 3358 2283 neque
3371 2212 3440 2271 de
3462 2212 3631 2269 sacri-

2021 2297 2183 2358 ficato
2199 2307 2255 2358 et
2274 2309 2559 2373 parentato
2578 2302 2805 2369 edimus,
2839 2303 2962 2374 quia
2984 2318 3090 2361 non
3112 2318 3399 2375 possumus
3416 2319 3631 2362 coenam

2024 2395 2119 2452 Dei
2158 2396 2321 2452 edere
2344 2438 2358 2462 ,
2389 2407 2443 2451 et
2481 2412 2689 2455 cmuam
2717 2398 3128 2459 datnwniorum.
3180 2399 3236 2457 Si
3262 2414 3398 2470 ergo
3448 2399 3631 2471 gulam

2023 2495 2078 2543 et
2108 2497 2347 2545 ventrem
2371 2488 2438 2545 ab
2469 2489 2886 2560 inquinamentis
2915 2491 3211 2551 liberamus
3237 2533 3253 2559 ,
3284 2500 3486 2562 quanto
3514 2506 3630 2548 Ina-

2024 2580 2105 2651 gis
2124 2581 2432 2652 augustiora
2460 2592 2641 2639 nostra
2660 2624 2676 2649 ,
2701 2584 2886 2641 oculos
2914 2593 2969 2647 et
2994 2599 3185 2650 aures,
3216 2584 3286 2641 ab
3316 2584 3633 2658 idolothytis

2025 2682 2079 2729 et
2148 2676 2485 2748 necrothytis
2534 2678 2895 2749 voluptatibus
2955 2679 3477 2750 abstinemus,quae
3526 2695 3633 2738 non

2023 2765 2290 2823 intestinis
2335 2768 2740 2840 transiguntur,
2768 2770 2864 2831 sed
2892 2770 2949 2827 in
2986 2773 3105 2842 ipso
3125 2772 3319 2842 spiritu
3355 2782 3409 2828 et
3453 2772 3634 2831 anima

2021 2858 2366 2931 digeruntur:
2398 2878 2624 2933 quorum
2646 2864 2906 2921 munditia
2948 2865 3118 2937 magis
3143 2864 3211 2923 ad
3259 2865 3431 2925 Deum
3468 2856 3633 2939 perti-

2022 2958 2111 3009 net
2131 2996 2147 3020 ,
2174 2969 2334 3025 quam
2362 2956 2759 3015 intesunorum.

1538 3040 1920 3102 LECTIONES
1959 3045 2046 3102 VA
2062 3045 2378 3105 RIANTES.

398 3190 443 3245 2i
473 3190 856 3245 MuneriPnris.
975 3190 997 3197 ⁷
1106 3218 1111 3221 -

397 3256 447 3325 ξ)
482 3256 978 3325 Eerarumvoluptati
999 3256 1121 3308 satis
1140 3269 1237 3307 non
1268 3256 1418 3308 fiebat
1451 3257 1616 3310 Paris.
1660 3259 1765 3311 Lat.
1800 3258 1916 3325 Εἰς.

404 3132 447 3197 l)
473 3132 575 3197 Xel
599 3132 710 3197 mali
732 3134 891 3197 status
913 3132 1024 3197 Rig.

404 3135 421 3183 l
480 3132 575 3182 Vel
599 3132 710 3182 mali
732 3134 836 3202 stati

398 3196 426 3243 2
473 3194 664 3244 Moneri
687 3197 836 3245 Parta

397 3261 428 3308 5
488 3256 720 3306 Ferarum
741 3256 836 3307 volt

403 3322 431 3370 4
482 3318 702 3369 Flamma
726 3318 836 3385 Βία.

2094 3135 2163 3201 (5)
2194 3138 2459 3201 ΠοντεΜο
2480 3141 2592 3201 Ilia.

2089 3194 2162 3262 (6)
2194 3194 2482 3254 Nominibus
2501 3194 2654 3255 Fran.
2679 3202 2848 3257 Paris.

2080 3262 2158 3328 (7)
2198 3262 2277 3315 De
2299 3266 2570 3330 sacriﬁciis;
2594 3281 2696 3331 quo
2720 3269 2846 3319 certi
2868 3267 3026 3319 Fran.

1662 3406 2231 3479 COMMENTARIU

315 3512 440 3579 eum
472 3496 690 3585 modum
710 3497 1129 3585 qkuo'S‘uetonius
1166 3498 1340 3585 dictus
1383 3507 1486 3585 est
1509 3498 1850 3585 Tranquillus
1878 3546 1893 3568 ,
1960 3524 1963 3529 λ
1996 3505 2226 3585 deorum
2259 3510 2428 3565 victus
2450 3510 2653 3585 irridet
2679 3511 2946 3568 Arnobius
2978 3511 3071 3567 lib.
3106 3512 3156 3568 7.
3182 3512 3369 3585 dicens
3395 3528 3458 3575 se
3486 3515 3605 3585 opi-

315 3570 441 3639 quia
476 3578 624 3636 pater
644 3570 759 3637 ejus
781 3568 953 3624 dictus
979 3583 1060 3624 eSt
1093 3570 1234 3624 lenis.
1271 3571 1361 3626 Sic
1410 3568 1687 3629 Vitruvius
1721 3573 1899 3631 dictus

317 3650 397 3694 est
415 3640 605 3715 Pellio,
624 3639 892 3715 siAlciato
908 3641 1104 3715 credis,
1120 3658 1231 3715 non
1248 3642 1418 3715 Poﬂio
1437 3651 1494 3695 ut
1514 3642 1671 3713 vulgo
1686 3645 1898 3715 legitur,

317 3721 371 3766 ct
413 3711 532 3766 ideo
559 3711 742 3784 Pellio
765 3713 885 3781 quia
928 3713 1070 3781 prius
1101 3712 1292 3767 Cerdo.
1324 3712 1419 3768 Est
1444 3711 1626 3784 itaque
1656 3711 1899 3783 quidam

319 3784 525 3855 species
542 3782 769 3839 ducendi
797 3784 1025 3839 nominis
1043 3793 1246 3837 tantum
1278 3782 1737 3855 asiguilicatimie.
1770 3786 1899 3842 Lac.

388 3855 465 3925 (a)
496 3854 646 3925 Apud
663 3855 887 3927 tumulos
911 3856 1201 3927 erogabant.
1247 3854 1427 3910 PoteSt
1447 3857 1762 3925 simpliciter
1807 3874 1903 3912 ex-

321 3924 536 3998 plicari,
569 3925 807 3994 utdicat,
840 3924 1044 3985 Dabant
1064 3970 1078 3994 ,
1110 3924 1779 3998 pnebebantgladiatores,
1803 3931 1899 3998 qui

320 3996 660 4053 decertarent
700 3998 769 4052 ad
798 4002 1062 4067 tumulos;
1092 3996 1185 4055 sed
1213 4000 1413 4054 rectius
1440 4008 1524 4052 est
1572 4007 1634 4053 ut
1664 3996 1907 4069 explices

320 4069 609 4141 erogabant,
657 4070 709 4125 id
749 4079 852 4133 est,
898 4072 1273 4140 expendebant
1315 4070 1807 4141 consumebautque
1857 4072 1909 4128 in

321 4155 528 4211 rogum.
554 4141 683 4196 Nam
708 4156 830 4195 cum
862 4155 1109 4213 respectu
1151 4143 1217 4196 ad
1249 4157 1405 4213 rogos
1432 4152 1765 4197 mortuorum
1803 4143 1910 4199 dic-

322 4219 431 4287 tum
455 4213 867 4287 verbumerogo.
894 4214 997 4269 Niti
1019 4223 1190 4287 potest
1221 4214 1318 4270 ista
1346 4213 1629 4284 esplicatio
1663 4215 1904 4271 versibus

323 4281 505 4355 Virgil.
543 4284 635 4339 lib.
667 4284 771 4339 10:

444 4375 686 4440 Quattuor
712 4377 789 4427 hic
805 4378 1036 4440 juvenes,
1055 4377 1259 4429 totidem
1276 4391 1400 4440 quos
1423 4381 1600 4431 educat
1623 4376 1780 4430 Ufens

442 4439 685 4504 Yiventes
701 4439 843 4503 rapit,
873 4440 1074 4504 inferias
1096 4456 1217 4504 quos
1236 4439 1454 4493 immolet
1470 4445 1675 4493 umbris.

446 4501 743 4565 Captivoque
759 4501 877 4564 rogi
898 4501 1158 4566 perfundit
1179 4506 1417 4569 sanguine
1440 4507 1681 4559 ﬂammas.
1752 4505 1872 4556 Lm.

396 4585 476 4666 (h)
502 4588 806 4645 Idololatria
838 4594 1201 4666 parentationis
1233 4605 1304 4650 est
1335 4594 1907 4666 species.Certeidolo~

2004 3720 2193 3777 eodem
2226 3724 2316 3777 lib.

2004 3580 2116 3637 uari
2143 3590 2421 3657 propterea
2446 3583 2548 3636 illis
2578 3585 2699 3637 vino
2741 3598 2875 3653 opus
2910 3587 3113 3657 essein
3138 3584 3420 3640 sacriﬁciis
3445 3627 3459 3651 ,
3492 3580 3599 3657 quo

2005 3652 2251 3724 putreﬁat
2276 3651 2483 3708 facilius
2505 3695 2519 3718 ,
2548 3663 2602 3708 et
2631 3651 2988 3724 percoquatur
3014 3656 3183 3710 cibus.
3213 3666 3264 3711 ct
3284 3657 3452 3712 crinito
3476 3651 3603 3714 ante

2347 3723 2484 3798 Quid
2511 3727 2693 3798 [ritilla
2724 3725 2741 3798 (
2765 3723 2841 3780 sic
2864 3729 3012 3798 enim
3036 3727 3161 3797 lego
3189 3744 3214 3778 ει
3238 3728 3349 3782 frit.
3376 3744 3475 3798 pro
3500 3729 3602 3798 ﬁti-

2008 3791 2121 3863 lia),
2153 3795 2276 3866 quid
2301 3791 2541 3863 frumen':
2570 3797 2692 3866 quid
2717 3791 2925 3866 gratilla
2949 3839 2963 3863 ,
2996 3791 3121 3855 etcf
3134 3799 3271 3855 Plut.

2080 3868 2157 3934 (c)
2181 3865 2318 3948 Quid
2337 3866 2402 3948 de
2428 3865 2680 3948 [torrenda
2708 3865 3070 3948 locoperorem
3089 3910 3103 3932 ,
3147 3887 3298 3948 quem
3337 3886 3427 3948 nec
3455 3872 3630 3948 perju-

2012 3939 2090 3990 ria
2131 3938 2394 3991 sustinent.
2442 3940 2656 3997 Circum
2710 3941 3006 4009 significat,
3055 3938 3209 4011 quasi
3237 3938 3633 4011 cjuslocih'or-

2012 4022 2191 4085 rorem
2238 4023 2345 4062 non
2385 4013 2711 4085 sustinerent.
2756 4016 3063 4085 pejeraturi.
3093 4019 3206 4076 Hoc
3231 4023 3340 4080 εει,
3395 4018 3623 4074 horrore
3686 4082 3693 4083 ί

2018 4079 2119 4160 loci
2150 4090 2481 4160 tegerentur
2502 4079 2789 4160 ;_a_deoque
2813 4079 3109 4155 pejeratum
3132 4093 3269 4146 irent
3308 4092 3362 4146 in
3394 4088 3616 4160 Capilo-

2020 4150 2170 4240 lium.
2200 4151 2410 4206 Etenim
2431 4150 2779 4227 jurisjurandi
2802 4150 3066 4215 solemnia
3090 4160 3289 4221 ﬁebant
3308 4164 3363 4218 in
3386 4150 3619 4240 Capito;

2022 4223 2114 4297 “0,
2148 4252 2250 4291 non
2281 4239 2332 4293 in
2355 4223 2533 4297 Circo.
2564 4223 2627 4296 Et
2658 4241 2994 4294 notissimum
3022 4247 3106 4292 est
3131 4237 3258 4294 illud
3296 4236 3450 4291 Plinii
3472 4223 3489 4287 ξ
3512 4227 3619 4286 Alii

2037 4308 2091 4360 in
2118 4310 2229 4377 ipso
2260 4309 2511 4381 Capitolio
2542 4314 2729 4381 fallunt
2753 4355 2767 4379 ,
2796 4327 2856 4363 ac
2895 4309 3250 4379 [Mittinautem
3272 4309 3501 4381 ρείεζαηί
3519 4304 3621 4381 19"

2039 4374 2165 4432 veni.
2218 4374 2460 4453 Denique
2510 4374 2796 4440 Romulum
2840 4374 3013 4453 ipsum
3062 4374 3339 4453 pejerante
3390 4374 3623 4453 Proculo

2035 4449 2405 4507 consecratum
2441 4456 2491 4509 in
2518 4454 2783 4524 Capitolio
2821 4449 3088 4524 colebant.
3120 4449 3620 4524 Interpretationem

2045 4531 2279 4576 nostram
2308 4514 2627 4582 confirmant
2653 4526 2926 4582 sequentia
2967 4523 3208 4582 Septimii
3251 4514 3451 4576 verba:
3494 4514 3627 4569 Ptu-

2043 4594 2180 4647 rilms
2214 4594 2347 4648 enim
2379 4604 2426 4648 et
2473 4588 2813 4668 asperioriins
2848 4588 3135 4651 numinibus
3178 4588 3621 4663 Amphitheatrnm

323 4638 478 4737 mini
514 4676 683 4733 genus
710 4672 791 4717 est
814 4638 881 4716 a'd
919 4638 1133 4720 omnem
1173 4638 1909 4730 idololatricut‘nv,vsi
1934 4638 1989 4698 D
2015 4676 2339 4719 consecratur
2366 4638 2877 4737 qunix'ijapitotium.
2916 4668 3038 4723 llic.

322 4731 478 4786 vivos
507 4731 576 4807 et
601 4743 858 4807 mortuos
886 4737 1310 4807 comprelieudas
1341 4754 1355 4791 :
1387 4739 1430 4791 si
1451 4751 1580 4791 vero
1608 4745 1812 4790 tantum
1842 4736 1910 4793 de

326 4804 550 4881 mortuis
571 4805 854 4881 situsertno
873 4845 889 4869 ,
919 4804 1055 4881 quos
1082 4817 1139 4862 ut
1178 4810 1471 4881 plurimum
1483 4808 1712 4881 _agnovit
1743 4808 1912 4861 idolo-

325 4872 476 4949 latria
497 4877 769 4949 gentilium
792 4874 812 4949 [
842 4872 963 4931 nam
990 4872 1224 4949 Jupiter,
1250 4880 1389 4935 Mars
1408 4921 1423 4946 ,
1457 4872 1750 4948 Neptunus,
1782 4881 1908 4933 reli-

324 4946 414 5016 qui
445 4946 657 5024 demum
698 4947 768 5002 dii
794 4946 942 5003 fuere
974 4946 1220 5024 homines
1259 4949 1506 5024 mortui],
1538 4946 1671 5004 tunc
1697 4949 1911 5020 quidem

327 5020 625 5094 parentatio
667 5031 751 5094 eSt
780 5035 971 5094 genus,
1006 5022 1308 5077 idololatria
1347 5020 1554 5094 species
1584 5039 1598 5075 :
1630 5037 1750 5075 nam
1781 5037 1910 5077 cum

329 5092 627 5159 parentatio
666 5093 736 5146 sit
777 5093 953 5146 omnis
974 5096 1147 5157 cultus
1186 5092 1454 5149 exhibitas
1494 5095 1753 5159 mortuis,
1799 5109 1904 5149 nou

326 5158 544 5233 dubium
572 5162 699 5231 quin
731 5164 815 5217 hic
845 5166 1011 5232 possit
1036 5181 1155 5221 esse
1182 5165 1662 5233 velidololatricus,
1690 5158 1773 5221 vel
1798 5181 1907 5220 nou

327 5228 539 5286 idololat
551 5228 711 5288 ricus.
736 5228 868 5290 Lac.

401 5305 473 5377 (c)
507 5303 731 5379 Denique
771 5306 1035 5363 conciones
1062 5319 1108 5363 et
1141 5310 1324 5365 edicta.
1375 5309 1633 5366 Similiter
1679 5309 1910 5379 loquitur

329 5376 510 5454 Livius
541 5377 634 5454 lib.
663 5379 716 5433 2.
740 5380 1022 5454 concione,
1057 5382 1225 5454 inquit
1250 5424 1263 5447 ,
1292 5392 1336 5436 et
1364 5382 1526 5436 edicto
1550 5382 1668 5450 fecit
1708 5376 1862 5448 ﬁdem
1891 5423 1906 5449 ,

329 5464 392 5503 ne
409 5450 519 5518 quis
540 5449 710 5505 civem
737 5451 1034 5505 Roxuanum
1055 5449 1286 5509 vinetum
1310 5463 1402 5507 aut
1421 5449 1661 5507 clausiim
1685 5460 1909 5506 teneret.

329 5519 590 5595 Videntur
629 5526 805 5595 itaque
829 5532 952 5578 ante
978 5523 1266 5581 editionem
1300 5525 1535 5578 muneris
1566 5522 1866 5595 gladiatorii
1893 5564 1907 5589 ,

328 5603 420 5646 aut
446 5594 584 5650 inter
614 5594 1041 5661 sacrificandum,
1074 5605 1165 5650 aut
1196 5596 1352 5667 paulo
1383 5604 1537 5667 post_,
1566 5594 1725 5667 variae
1754 5609 1908 5647 usur~

329 5675 467 5732 palan
480 5666 644 5723 fuisse
672 5668 939 5723 conciones
960 5677 1006 5720 et
1035 5664 1237 5732 edicta,
1268 5675 1325 5722 ut
1348 5664 1468 5720 cum
1496 5664 1681 5719 Tacito
1702 5664 1907 5732 Ιοιμι;ιι’,

330 5736 382 5790 in
457 5741 742 5811 populum;
814 5753 933 5811 qua:
984 5739 1297 5809 plerumque
1343 5738 1505 5791 etiam
1567 5736 1915 5791 edicebantur

328 5819 514 5866 contra
530 5808 881 5867 Christianos.
900 5810 1037 5866 Pan.

404 5881 484 5955 (d)
515 5878 578 5938 Et
625 5880 789 5953 pultes
817 5878 1087 5952 pridiana.
1131 5879 1363 5941 Pultium
1390 5886 1442 5941 ct
1466 5878 1697 5938 liborum
1726 5878 1914 5940 solitos

2090 4737 2154 4807 (Γ)
2221 4730 2438 4813 Martem
2483 4751 2528 4796 et
2579 4730 2841 4813 Dianam.‘
2882 4738 3170 4813 Geminum
3222 4730 3601 4813 amphitheatri

2016 4803 2375 4882 Spictacnlum
2428 4813 2678 4882 proponit
2729 4829 2741 4864 ε
2792 4809 3113 4880 gladiatores
3159 4805 3367 4859 scilicet
3410 4803 3605 4882 quibus

2015 4876 2447 4958 prmcr.it__M;irs,
2476 4876 2542 4937 et'
2560 4876 2896 4958 venationem
2918 4923 2932 4945 ,
2961 4895 3057 4935 seu
3088 4892 3318 4958 pugnam
3340 4876 3605 4958 cumbes-

2016 4944 2102 5006 ius
2123 4994 2137 5016 ,
2169 4953 2359 5022 quibus
2389 4944 2445 5008 in
2472 4955 2748 5008 venatibus
2777 4944 2974 5017 penses
3016 4944 3131 5005 erat
3164 4944 3366 5003 "Diana.
3417 4944 3507 5002 Sic
3530 4944 3604 5002 de

2015 5025 2303 5079 Cousulatu
2332 5024 2507 5081 Manlii
2539 5024 2744 5080 Theod.
2771 5023 3102 5078 Claudianus
3130 5037 3143 5074 :

2139 5095 2544 5159 Amphitheatrali
2571 5095 2731 5146 faveat
2754 5094 2929 5144 latonia
2948 5106 3153 5159 pompae.

2085 5158 2161 5230 (g)
2190 5149 2288 5225 Qui
2326 5161 2398 5214 bis
2446 5161 2595 5214 idolis
2626 5149 3041 5213 renuntiavinius.
3062 5149 3295 5230 'Primo,
3328 5154 3378 5211 in
3422 5149 3605 5230 Sede.

2010 5224 2529 5309 sia"'s11d‘aiitistitis
2566 5246 2756 5309 manu,
2799 5230 3068 5299 aliquanto
3116 5229 3261 5294 prius
3302 5224 3603 5309 alitedavaf

2011 5318 2197 5365 crum;
2232 5303 2438 5359 Deinde
2486 5304 2537 5356 in
2570 5303 2685 5371 ipso
2732 5296 2980 5366 lavacro.
3029 5313 3220 5371 αίμιειεη
3246 5296 3466 5371 ἓάίίίιίῖί·
3505 5296 3607 5371 ,ξω

2013 5374 2155 5428 enim
2185 5363 2427 5430 Solebant
2466 5363 2676 5430 veteres
2701 5416 2714 5441 ,
2750 5381 2806 5429 ut
2848 5363 3104 5429 discimus
3144 5386 3209 5424 ex
3243 5370 3377 5425 libro
3402 5364 3472 5421 de
3498 5363 3607 5420 Co-

2016 5460 2147 5499 rona
2174 5489 2187 5510 ,
2219 5461 2336 5515 cap.
2382 5448 2438 5503 5.

2092 5519 2171 5589 (ιι)
2203 5514 2469 5596 Neutrum
2503 5537 2647 5596 amnt
2686 5516 3018 5596 ηουὶυιιιεηιη
3044 5517 3263 5596 templis
3288 5514 3604 5596 Grmcot‘llﬂ't

2016 5592 2122 5647 duo
2148 5593 2539 5655 erantaltaria,
2570 5594 2797 5646 alterum
2838 5590 3012 5657 majus
3039 5631 3052 5651 ,
3102 5590 3330 5643 alterum
3374 5590 3553 5641 minus
3587 5594 3601 5657 ξ

2018 5646 2230 5719 illud'in
2258 5664 2434 5719 medio
2458 5646 2617 5718 situm
2645 5668 2794 5731 ante:
2815 5646 3341 5734 rpaésga'dicebatur
3364 5698 3379 5720 ,
3411 5657 3513 5715 huc
3542 5646 3611 5702 ad

2019 5736 2290 5791 sinistram
2314 5744 2540 5806 πρόθεσις
2565 5730 3007 5806 ειριωιίιαὺςιίμιτβξ.
3022 5730 3491 5806 scripsitSit_ueon,
3533 5734 3630 5806 al:-

2018 5797 2392 5935 cltiicpiscop‘tjs
2416 5797 2910 5863 Thessalonicensis
2934 5803 3032 5859 lib.
3074 5797 3148 5860 de
3176 5800 3361 5874 ιωρι.
3408 5797 3629 5857 sacerd.

2020 5891 2051 5935 C
2100 5889 2291 5935 mnta.
2372 5890 2456 5935 AG.

2020 5886 2074 5937 et
2100 5889 2291 5950 mysta.
2322 5886 2456 5935 Lac.

3252 5089 3436 5140 LEPR.
