4252 6270
342 306 448 365 649

1524 298 1727 356 LIBER
1768 296 1856 354 DE
1893 294 2381 362 SPECTACULIS.

3539 316 3650 377 650

347 434 397 478 et
418 423 740 489 discordias,
766 428 823 478 et
840 419 1097 493 quidquid
1118 433 1225 476 non
1238 417 1366 476 licet
1389 417 1756 475 sacerdotibus
1777 415 1943 508 pacis.
1972 419 2027 479 Α
2052 415 2154 475 bus
2178 434 2315 491 opus
2344 438 2450 479 non
2485 435 2569 481 est
2588 467 2603 492 ,
2631 429 2982 499 praedicatur.
3006 431 3182 488 Taceo
3206 432 3274 490 de
3296 434 3518 508 reliquis
3536 477 3552 503 ,
3584 453 3650 493 ea

339 511 474 571 Inde
495 513 799 581 maledicta,
830 512 1072 568 convicia
1102 512 1220 567 sine
1239 508 1612 582 justitia,‘odii
1638 508 1801 565 etiam
1831 505 1940 561 suf-

340 602 515 677 fragia
540 605 621 676 (I)
644 604 761 660 sine
786 600 980 659 merito
1008 603 1228 657 amoris.
1260 599 1400 669 Quid
1425 600 1569 656 enim
1596 597 1940 654 consecuturi

340 712 496 754 suum
522 697 600 771 (2)
633 697 739 752 illic
763 705 949 768 agunt,
978 696 1067 767 qui
1096 696 1177 750 sui
1209 710 1317 750 non
1344 693 1508 749 sunt?
1538 693 1636 748 nisi
1670 691 1809 747 forte
1839 692 1942 746 hoc

338 791 535 856 solum,
566 805 661 861 per
686 789 830 861 quod
860 789 945 844 sui
975 804 1082 844 non
1112 797 1239 844 sunt
1284 805 1297 842 :
1335 788 1404 843 de
1429 787 1605 842 aliena
1628 784 1941 840 infelicitate

339 885 757 949 contristantur,
792 883 859 939 de
879 883 1054 938 aliena
1083 882 1336 937 felicitate
1366 882 1636 936 lanantur.
1670 877 1939 949 Quidquid

340 988 550 1050 optant,
577 977 837 1051 quidquid
864 978 1260 1044 abominantur,
1280 988 1597 1032 extraneum
1618 973 1685 1028 ab
1706 973 1813 1027 illis
1833 980 1937 1037 est,

342 1072 412 1127 ita
442 1081 496 1127 et
515 1087 670 1127 amor
694 1070 835 1141 apud
864 1070 988 1125 illos
1007 1070 1233 1134 otiosus,
1264 1067 1524 1124 etodium
1563 1066 1843 1137 injustam.
1872 1067 1942 1120 At

341 1162 563 1220 forsitan
580 1165 697 1220 sine
720 1165 799 1235 (3)
820 1177 1011 1219 caussa
1038 1177 1221 1218 amare
1249 1161 1431 1227 liceat,
1446 1160 1733 1232 quamsine
1753 1174 1941 1214 caussa

340 1259 539 1315 odisse.
560 1258 704 1314 Deus
728 1267 877 1314 certe
902 1258 1065 1313 etiam
1096 1271 1217 1311 cum
1240 1271 1430 1312 caussa
1458 1254 1707 1327 prohibet
1731 1252 1936 1320 odisse,

340 1354 428 1424 qui
459 1351 706 1408 inimicos
734 1350 879 1421 diligi
906 1349 1076 1420 jubet.
1098 1344 1242 1405 Deus
1268 1349 1429 1404 etiam
1459 1362 1582 1403 cum
1610 1360 1799 1403 caussa
1831 1360 1943 1401 ma-

341 1444 580 1500 ledicere
610 1459 716 1500 non
749 1443 899 1508 sinit,
926 1442 1019 1513 qui
1054 1426 1442 1496 maledicentes
1475 1437 1719 1495 benedici
1748 1437 1940 1509 pracci-

338 1537 417 1607 pit
446 1536 662 1610 (blatta.
687 1536 753 1592 γ.
797 1534 965 1590 Marc.
993 1533 1109 1590 Vll.
1140 1533 1290 1588 Rom.
1321 1531 1482 1601 XIII).
1512 1530 1618 1587 Sed
1639 1530 1796 1586 Circo
1815 1528 1943 1600 quid

337 1631 617 1695 amarius,
648 1629 735 1685 ubi
767 1644 835 1684 ne
867 1627 1192 1696 principibus
1220 1622 1440 1696 quidem
1468 1632 1559 1678 aut
1587 1622 1792 1677 civibus
1832 1621 1943 1677 suis

337 1721 603 1792 parcunt?
645 1719 703 1776 Si
741 1718 868 1790 quid
898 1718 1090 1773 horum
1116 1717 1309 1787 quibus
1335 1715 1523 1772 Circus
1564 1713 1711 1779 furit,
1745 1712 1941 1769 alicubi

2043 522 2162 578 qua:
2187 511 2241 565 in
2268 514 2505 571 tenebris
2528 526 2584 573 et
2608 518 2661 574 in
2701 521 2979 592 speluncis
3009 524 3121 578 suis
3144 522 3460 582 delitescere
3485 527 3647 583 dece-

2043 599 2176 667 bat,
2232 619 2301 660 ne
2351 605 2493 662 diem
2539 614 2998 670 contaminarent.
3044 614 3340 671 Erubescat
3385 629 3644 687 senatus,

2043 693 2364 752 erubescant
2388 699 2606 758 ordines
2636 718 2849 760 omnes.
2880 705 3016 775 Ipsce
3046 706 3152 761 illa:
3183 708 3403 777 pudoris
3432 709 3512 763 sui
3557 710 3642 766 in-

2044 788 2415 859 teremptrices
2438 833 2453 857 ,
2481 793 2550 849 de
2578 797 2818 866 gestibus
2844 799 2955 854 suis
2999 799 3064 855 ad
3110 799 3283 856 lucem
3308 811 3363 858 et
3388 804 3643 873 populum

2043 890 2501 949 expavescentes,
2532 888 2703 942 semel
2729 904 2875 946 anno
2904 890 3228 947 erubescant
3262 893 3364 965 (ά).
3402 894 3557 961 Quod
3598 896 3648 952 si

2043 969 2200 1025 nobis
2238 974 2415 1029 omnis
2460 976 2789 1048 impudicitia
2828 984 3165 1039 exsecranda
3191 995 3315 1053 est,
3346 984 3645 1045 cur‘liceat

2042 1063 2230 1120 audire
2257 1083 2378 1137 quae
2403 1068 2549 1141 loqui
2576 1088 2682 1128 non
2712 1074 2877 1131 licet?
2906 1077 3041 1132 Cum
3069 1079 3230 1137 etiam
3258 1080 3640 1138 scurrilitatem

2044 1168 2098 1213 et
2122 1174 2283 1217 omne
2307 1178 2505 1220 vanum
2527 1168 2749 1224 verbum
2764 1170 3060 1238 judicatum
3081 1187 3112 1227 a
3140 1174 3250 1229 Deo
3274 1176 3529 1240 sciamus.
3549 1192 3647 1232 cur

2046 1266 2199 1321 aeque
2243 1253 2402 1311 liceat
2450 1258 2657 1326 videre,
2699 1277 2821 1332 qua:
2865 1263 3047 1320 facere
3084 1264 3344 1336 flagitium
3385 1269 3501 1323 est?
3536 1268 3647 1325 Cur

2047 1358 2168 1413 qua:
2194 1361 2289 1402 ore
2311 1349 2515 1417 prolata
2536 1356 2938 1411 connnnnicant
2968 1356 3264 1425 hominem,
3299 1374 3361 1415 ea
3392 1374 3489 1431 per
3514 1375 3648 1417 ocu-

2046 1435 2130 1491 los
2154 1448 2210 1493 et
2235 1456 2393 1497 aures
2435 1442 2671 1501 admissa
2721 1463 2828 1502 non
2870 1449 3151 1505 videantur
3193 1452 3464 1510 hominem
3492 1470 3647 1511 com-

2048 1532 2322 1589 municare
2353 1552 2365 1589 :
2390 1551 2512 1591 cum
2538 1538 2747 1608 spiritui
2770 1553 3061 1611 appareant
3090 1558 3248 1600 aures
3282 1545 3353 1617 (e)
3380 1556 3433 1602 et
3460 1548 3598 1603 oculi
3623 1590 3640 1615 ,

2047 1638 2146 1679 nec
2173 1628 2342 1695 possit
2371 1628 2603 1685 mundus
2629 1635 2875 1700 praestari
2899 1636 3447 1706 ,.cujnsapparitores
3475 1642 3649 1712 inqui-

2047 1720 2279 1774 namur?
2309 1720 2485 1778 Ilabes
2507 1723 2666 1793 igitur
2688 1735 2743 1780 et
2770 1725 2963 1782 theatri
2992 1728 3441 1796 interdictionem.
3468 1732 3537 1787 de
3566 1734 3648 1789 in-

340 1815 597 1886 competit
612 1814 836 1879 sanctis,
867 1813 1029 1868 etiam
1062 1813 1114 1867 in
1137 1812 1295 1869 Circo
1334 1811 1535 1868 licebit.
1563 1811 1621 1868 Si
1648 1822 1780 1867 vero
1809 1825 1933 1866 nus-
1971 1800 2020 1860 B
2057 1810 2372 1868 terdictione
2399 1813 2763 1884 impudicitia}.

340 1920 520 1977 quam,
548 1904 670 1961 ideo
699 1918 800 1961 nec
826 1904 880 1959 in
906 1904 1084 1959 Circo.

912 1995 1141 2054 CAPUT
1179 1994 1351 2053 XVII.

413 2089 670 2147 Similiter
708 2087 1097 2159 impudicitiam
1163 2087 1239 2159 (α)
1307 2102 1523 2143 omnem
1594 2085 1806 2142 amoliri
1861 2085 1941 2158 (4)

340 2186 608 2257 jubemur.
676 2183 787 2239 Hoc
854 2183 1017 2254 igitur
1063 2180 1225 2236 modo
1266 2180 1427 2237 etiam
1471 2196 1501 2234 a
1545 2179 1756 2235 theatro
1786 2193 1942 2248 sepa-

344 2293 527 2334 ramur
560 2319 577 2344 ,
636 2274 777 2346 quod
830 2284 915 2331 est
963 2275 1229 2345 privatum
1276 2274 1657 2330 consistorium
1714 2271 1942 2342 impudi-

345 2372 487 2425 citia:
508 2411 524 2436 ,
552 2368 643 2425 ubi
673 2368 806 2424 nihil
830 2368 1112 2439 probatur,
1159 2382 1319 2439 quam
1350 2365 1491 2437 quod
1521 2366 1645 2421 alibi
1675 2381 1782 2420 non
1810 2379 1938 2436 pro-

344 2460 521 2515 batur.
551 2457 628 2513 Ita
650 2473 853 2514 summa
888 2459 1055 2530 gratia
1090 2457 1209 2528 ejus
1234 2458 1302 2513 de
1339 2456 1594 2527 spurcitia
1635 2455 1925 2526 plurimum

345 2553 660 2609 concinnata
683 2560 788 2619 est,
813 2567 971 2622 quam
999 2551 1275 2607 Atellanus
1293 2549 1367 2623 (b)
1387 2549 1755 2621 gesticulator,
1778 2566 1937 2622 quam

345 2645 541 2700 mimus
567 2645 730 2699 etiam
763 2658 858 2715 per
884 2645 1143 2700 mulieres
1161 2684 1177 2709 ,
1200 2652 1553 2713 reprzesentat
1571 2684 1587 2709 ,
1616 2658 1805 2700 sexum
1838 2661 1937 2713 pu-

344 2736 489 2792 doris
512 2737 877 2793 exterminans
896 2734 991 2809 (c),
1014 2746 1071 2790 ut
1096 2735 1305 2791 facilius
1334 2735 1479 2790 domi
1502 2751 1661 2806 quam
1693 2735 1746 2790 in
1776 2750 1937 2791 scena

350 2829 706 2895 erubescant;
755 2843 913 2899 quam
960 2827 1192 2898 denique
1246 2827 1606 2898 pantomimus
1647 2843 1677 2883 a
1714 2827 1938 2898 pueritia

347 2920 543 2990 patitur
566 2920 618 2975 in
645 2935 873 2991 corpore
892 2961 908 2987 ,
939 2929 997 2973 ut
1026 2919 1219 2975 artifex
1248 2934 1371 2975 esse
1396 2918 1588 2990 possit.
1620 2918 1740 2989 Ipsa
1770 2920 1936 2975 etiam

345 3012 636 3084 prostibula
664 3012 892 3083 publica!
922 3011 1161 3067 libidinis
1182 3011 1372 3066 hostia:
1397 3010 1452 3065 in
1478 3026 1636 3066 scena
1661 3011 1939 3081 proferun-

346 3114 451 3171 tur,
484 3106 602 3175 plus
631 3105 842 3159 miserze
864 3104 916 3158 in
944 3104 1231 3174 praesentia
1260 3102 1602 3169 feminarum,
1631 3101 1826 3172 quibus
1846 3116 1933 3158 so-

2614 1908 2842 1967 CAPUT
2879 1911 3069 1969 XVIII.

2115 1995 2208 2053 Sin
2249 2006 2304 2052 et
2346 1997 2644 2069 doctrinam
2690 2003 2964 2060 saecularis
3002 1999 3316 2077 litteratura:
3344 2048 3360 2074 ,
3406 2018 3464 2065 ut
3506 2013 3645 2067 stul-

2047 2086 2176 2143 titia:
2227 2089 2369 2159 apud
2434 2089 2601 2145 Deum
2668 2092 2975 2165 deputatam
3007 2139 3022 2163 ,
3070 2113 3462 2168 aspernamur,
3516 2102 3648 2157 satis

2049 2180 2417 2249 prmscribitur
2443 2183 2597 2239 nobis
2640 2195 2691 2240 et
2736 2187 2805 2242 de
2847 2188 2954 2243 illis
2996 2191 3280 2259 speciebus
3307 2195 3645 2264 spectaculo-

2046 2285 2166 2326 rum
2191 2312 2208 2338 ,
2237 2287 2360 2341 qua:
2384 2275 2633 2330 saeculari
2664 2276 2962 2334 litteratura
2994 2280 3249 2338 lusoriam
3284 2284 3367 2340 vel
3388 2289 3647 2356 agonisti-

2041 2376 2158 2417 cam
2189 2361 2256 2433 (n
2282 2377 2499 2420 scenam
2544 2367 2623 2437 (5)
2670 2367 3017 2441 dispungunt.
3065 2371 3218 2439 Quod
3256 2376 3302 2430 si
3337 2376 3415 2447 (6)
3446 2388 3645 2449 tragoe-

2041 2451 2144 2508 dia:
2172 2462 2225 2509 et
2252 2454 2531 2512 comoediae
2574 2458 2840 2515 scelerum
2867 2472 2922 2516 et
2951 2462 3231 2520 libidinum
3271 2468 3496 2524 actrices
3529 2467 3639 2541 (7),

2040 2557 2277 2603 cruentae
2319 2556 2375 2603 et
2418 2549 2666 2615 lasciva},
2699 2551 2877 2622 impia:
2912 2563 2967 2608 et
2997 2554 3232 2627 prodiga:
3265 2576 3279 2610 :
3318 2560 3516 2616 nullius
3559 2563 3643 2618 rei

2041 2648 2128 2692 aut
2148 2640 2368 2707 atrocis,
2394 2650 2486 2696 aut
2504 2641 2643 2707 vilis,
2669 2647 3111 2701 connuemoratio
3138 2648 3329 2703 melior
3348 2660 3433 2705 est
3462 2670 3474 2705 :
3500 2654 3645 2723 quod

2040 2732 2095 2787 in
2123 2732 2264 2789 facto
2289 2735 2553 2805 rejicitur,
2578 2737 2742 2792 etiam
2765 2738 2820 2793 in
2848 2739 2991 2793 dictu
3013 2756 3118 2794 non
3145 2751 3227 2796 est
3252 2745 3642 2814 recipiendum.

2039 2822 2194 2892 Quod
2223 2827 2267 2881 si
2291 2837 2343 2881 ct
2368 2828 2599 2883 stadium
2620 2832 2916 2885 contendas
2942 2832 2993 2885 iu
3028 2831 3321 2904 Scripturis
3348 2838 3639 2905 nominari,

2036 2932 2187 2973 sane»
2207 2918 2493 2975 obtinebis.
2526 2920 2632 2976 Sed
2664 2937 2784 2991 qua:
2812 2922 2867 2976 in
2912 2925 3084 2978 stadio
3110 2938 3395 2996 geruntur,
3426 2930 3647 3003 indigna

2038 3011 2346 3080 conspectui
2390 3011 2477 3084 (8)
2514 3020 2605 3067 tuo
2634 3029 2743 3067 non
2776 3015 3026 3084 negabis,
3057 3032 3264 3088 pugnos
3290 3029 3345 3074 ct
3374 3022 3550 3077 calces
3580 3034 3636 3078 et

2038 3104 2297 3173 colaphos
2315 3112 2371 3159 et
2401 3120 2615 3161 omnem
2644 3106 2991 3176 petulantiam
3018 3126 3228 3177 manus,
3249 3122 3303 3168 et
3328 3130 3643 3183 quamcum-

343 3195 409 3252 lis
440 3172 707 3261 latebant,
737 3172 1146 3267 perquevomnis
1185 3194 1359 3249 anatis
1384 3235 1399 3259 ,
1445 3195 1624 3248 omnis
1655 3192 1931 3262 dignitatis
1960 3172 2005 3234 (ἶ
2037 3209 2141 3266 qnc
2167 3172 2390 3251 humani
2418 3196 2527 3251 oris
2565 3172 2666 3269 (9),
2696 3198 2749 3253 id
2785 3207 2902 3266 est,
2933 3200 3129 3256 divina:
3162 3172 3409 3273 imaginis
3439 3172 3643 3277 depug-

343 3306 438 3346 ora
465 3290 911 3357 transducuntur;
943 3288 1114 3357 locus,
1132 3288 1319 3359 stipes,
1343 3287 1599 3360 elogium,
1622 3288 1783 3344 etiam
1813 3288 1931 3358 qui-

2037 3286 2331 3342 nationem.
2373 3285 2488 3343 Non
2528 3288 2764 3359 probatis
2804 3305 3031 3362 usquam
3071 3308 3238 3351 vanos
3265 3310 3458 3353 cursus
3481 3300 3643 3368 jacu-

1588 3400 1969 3459 LECTIONES
2005 3400 2420 3458 VARIANTES.

436 3525 485 3589 t)
509 3523 830 3589 Sinejustitia
852 3522 975 3582 odii;
999 3523 1145 3572 etiam
1164 3520 1393 3589 suffragia
1414 3523 1525 3589 R19.
1554 3578 1608 3589 _.

667 3587 795 3661 enim
817 3599 960 3657 suum
980 3586 1287 3662 commutari
1310 3585 1658 3662 sttntAqititRig.
1696 3646 1705 3655 _

411 3642 475 3712 (ὅὶ
502 3642 567 3712 Et
603 3647 802 3700 forsitan
841 3649 951 3698 sine
996 3647 1149 3697 Fran.
1203 3647 1366 3697 Paris.
1404 3642 1482 3696 An
1526 3642 1632 3695 fors
1667 3646 1748 3695 sit.
1791 3642 1942 3696 Seml.

344 3710 736 3840 Obmugimiliter
757 3785 852 3824 nec
872 3770 1222 3835 impudicitiam
1243 3783 1443 3822 ornnem
1467 3782 1631 3821 amare
1652 3768 1763 3835 Εἰς.

2116 3518 2181 3574 l5)
2210 3518 2368 3568 Scena
2390 3520 2514 3570 Jun.

2130 3580 2182 3641 6)
2204 3582 2344 3641 Quod
2366 3582 2465 3631 sint
2494 3581 2644 3630 Fran.
2672 3580 2867 3633 Obertlt.

2131 3645 2183 3696 7)
2207 3644 2467 3693 Auctrices
2489 3643 2642 3694 Fran.
2672 3643 2867 3696 Oberth.

2131 3705 2182 3769 8)
2207 3705 2480 3769 Conspectu
2502 3707 2625 3757 Jun.

2132 3767 2186 3832 9)
2209 3767 2522 3819 Hunianioris
2545 3770 2698 3821 Fran.

1716 3872 2276 3932 COMMENTARIUS.

344 4001 487 4049 totus
536 4008 730 4065 gurges
754 4036 768 4059 ,
801 4001 943 4049 totus
971 4007 1165 4064 vorago
1192 3992 1532 4063 expanditur,
1556 4002 1610 4049 et
1647 3992 1773 4065 fnri_t
1792 3991 1935 4065 tellit:

343 4078 436 4119 sus
462 4062 573 4119 totn
599 4062 745 4119 circo
767 4108 780 4125 .
810 4074 865 4119 et
888 4064 1043 4119 satvit
1079 4062 1401 4119 iminaniter.
1456 4066 1576 4121 Βία.
1627 4094 1699 4104 -
1729 4062 1938 4117 Diaboti

343 4137 407 4207 ab
434 4139 539 4190 alto
581 4136 904 4206 pracipitati.
953 4134 1225 4207 Sicglibro
1274 4136 1344 4190 de
1379 4136 1591 4199 Anima,
1640 4151 1757 4207 pag.
1807 4136 1934 4191 519.

343 4206 598 4263 Satanam
645 4205 999 4277 prospectarit
1039 4205 1106 4262 de
1132 4206 1271 4261 caelo
1301 4205 1863 4277 prmcipitatuin.’lttc.

413 4300 566 4355 CAP.
590 4299 731 4372 XVII
741 4330 828 4371 .-τ
843 4298 928 4372 (τι)
941 4298 1188 4372 Similiter
1201 4301 1267 4372 im
1275 4300 1572 4370 pudicitiam
1592 4316 1787 4372 omnem
1799 4315 1939 4372 amo;

345 4372 427 4425 liri
434 4372 689 4439 iubemur.
709 4370 765 4426 In
778 4369 883 4450 (tuo
899 4369 1048 4424 illum
1063 4371 1244 4425 diserti
1258 4371 1532 4425 imitantur
1549 4372 1606 4424 Β.
1624 4369 1940 4493 Cyphsc'pﬁ

345 4453 391 4493 et
416 4444 452 4493 ι.
479 4446 541 4493 de
556 4442 753 4493 ευριπ..
777 4457 824 4493 c.
853 4441 1202 4493 bltLactant.
1234 4440 1433 4493 (I.Vl.c
1468 4441 1584 4493 ‘50):
1615 4446 1784 4493 Ana.l
1822 4480 1835 4492 .
1869 4439 1938 4493 ll.

344 4453 391 4497 et
416 4444 452 4496 Ι.
472 4446 541 4513 de
556 4442 753 4513 Spem,
777 4439 824 4496 ὀ.
853 4441 1202 4509 5);Laclant.
1234 4440 1433 4506 (l.Vl,c
1468 4441 1584 4513 ‘50);
1615 4439 1938 4510 Ang.(1.'ll,

346 4514 408 4566 dc
448 4511 743 4574 Civit.'Dei,
793 4527 841 4567 c.
872 4516 926 4578 4,
966 4513 1020 4574 5,
1053 4514 1106 4579 6,
1134 4513 1189 4578 7,
1214 4512 1267 4576 8,
1301 4513 1355 4573 9.
1390 4514 1474 4577 I0,
1508 4511 1571 4567 II
1597 4555 1612 4576 ,
1646 4514 1715 4566 Ii
1739 4523 1783 4563 et
1814 4513 1926 4575 I3).

2043 4000 2160 4120 tria,
2189 4009 2257 4119 ne
2281 3994 2564 4120 pitesentia
2606 4010 2702 4051 sua
2750 3998 3043 4067 spectaculi
3070 4003 3510 4062 consuetudinem
3541 4007 3641 4064 im-

2043 4080 2109 4120 ne
2150 4081 2224 4120 ire
2254 4105 2268 4118 .
2345 4081 2431 4120 ac.

2043 4080 2268 4135 pcairet.
2302 4080 2431 4122 ωε.

2117 4138 2217 4217 (d)_
2243 4137 2415 4217 semel
2455 4152 2591 4191 anno
2646 4138 2973 4217 erubescant.
3013 4141 3333 4217 _Elnralibns
3385 4146 3635 4217 scilicet,

2044 4208 2178 4274 QIIOS
2207 4208 2361 4262 ludos
2381 4223 2408 4261 a
2442 4209 2741 4263 meretricia
2774 4210 2924 4264 turba
2947 4212 3203 4266 celebrari
3235 4216 3422 4271 solitos
3450 4208 3634 4275 narrat

2044 4276 2264 4360 Qyidius
2291 4277 2498 4360 Faster.
2523 4278 2589 4333 ν.
2620 4278 3328 4360 ξιιηὶξε.ειιίιιι.ῐηθι·θιιοῖᾳμιιι
3356 4329 3371 4353 ,
3424 4304 3641 4360 semper

2043 4349 2175 4425 alias
2191 4349 2583 4425 impudentiam
2603 4349 2835 4425 lascivia
2878 4352 3073 4425 major,
3101 4365 3155 4407 et
3195 4349 3477 4414 liberiores
3503 4349 3632 4425 jiici.

2044 4417 2148 4475 Sed
2188 4419 2473 4497 ipsa:_ali;is
2493 4418 2707 4497 quidem
2732 4420 2783 4473 in
2811 4417 3050 4497 celliset
3062 4424 3353 4480 fornicibus
3374 4417 3634 4497 ρηώἶΐοιη

2043 4500 2273 4568 εξᾳυιιι,
2316 4490 2401 4544 hic
2426 4504 2555 4568 vero
2583 4490 2634 4544 in
2667 4492 2965 4568 propatulo.
3004 4490 3393 4568 Earpavescant,
3427 4500 3590 4568 inquit
3618 4542 3633 4565 ,

345 4557 768 4639 λῑιηῇξίᾍῶζῆ,
794 4557 926 4637 νίιεξς
956 4557 1267 4655 χῖηῖςηςᾚ
1303 4557 1930 4655 ξ’,ῑηλῑλιλῖείσπῖηςᾙρ
1954 4557 2009 4616 D
2033 4560 2287 4655 affluant
2310 4561 2606 4630 ρορηιωη,
2650 4570 2697 4614 ει
2732 4557 2912 4616 saltem
2951 4557 3104 4618 εεηα
3151 4583 3286 4619 anno
3315 4557 3631 4624 ενέιιιεεὶαηιζ

345 4670 453 4723 quo
505 4656 706 4721 reliqua
762 4654 891 4707 citat
935 4654 1035 4708 sub
1064 4654 1221 4709 tinem
1251 4652 1409 4722 hujus
1455 4655 1644 4720 capitis
1674 4652 1685 4707 Ξ
1719 4652 1846 4723 Qua:
1872 4653 1936 4706 de

347 4722 549 4781 homine
572 4733 774 4788 exemit,
807 4725 897 4778 illa
926 4727 1298 4777 communicant
1329 4724 1601 4784 hominem,
1642 4735 1748 4778 etc.
1775 4740 1790 4789 ;
1818 4722 1926 4777 for-

348 4797 502 4851 taSsis
524 4805 572 4850 el
601 4799 665 4850 ad
701 4794 828 4850 illud
858 4796 1009 4851 Rom.
1041 4793 1161 4849 XIII
1198 4812 1211 4847 :
1248 4792 1369 4848 Non
1397 4795 1448 4848 in
1478 4793 1730 4848 cubilibus
1769 4802 1815 4847 et
1840 4794 1938 4846 im-

347 4866 622 4938 pndicitiis.
661 4866 794 4921 Plut.

418 4938 496 5008 (b)
526 4938 787 4993 Attelanus
817 4938 1165 5009 gesticulatur.
1196 4935 1466 5009 Lntliones
1494 4935 1745 4992 Altellani
1773 4935 1941 5009 notis-

346 5005 620 5064 simisunt
642 5009 710 5062 ab
735 5005 867 5065 urbe
893 5010 1095 5072 Atella,
1147 5016 1355 5063 vetusto
1396 5005 1656 5062 Oscorum
1698 5007 1893 5076 Oppido
1924 5025 1938 5059 :

348 5095 409 5134 ea
443 5080 494 5134 in
536 5081 683 5150 urbe
706 5081 979 5150 egregium
1021 5087 1137 5134 erat
1174 5078 1299 5132 olim
1340 5079 1832 5146 amphitheatrntn;
1867 5079 1942 5132 vi-

240 5226 245 5229 ⁴
330 5151 515 5228 ,ἀει-ἰε.
542 5150 603 5205 C.
645 5149 1028 5220 HierUIIytttttItt
1072 5151 1220 5219 epist.
1247 5149 1314 5203 ad
1342 5150 1697 5205 Sabinianum.
1726 5150 1804 5205 LE
1845 5151 1939 5203 Pu.

421 5243 497 5311 (ε)
545 5241 739 5297 Sexum
787 5243 998 5313 pudoris
1044 5242 1403 5296 exterminans.
1470 5242 1654 5297 Grteca
1708 5241 1937 5311 phrasis.

349 5312 545 5367 Sexum
603 5313 759 5383 longe
802 5330 830 5365 a
884 5314 1086 5382 pudore
1138 5313 1427 5368 abilucens.
1472 5328 1646 5383 graeca
1694 5314 1939 5367 locutio:

348 5395 588 5439 statuens
613 5394 761 5438 extra
790 5385 1048 5439 terminos
1076 5383 1707 5452 pudoris.IItG.-—Sexum
1735 5383 1943 5453 pudoris

348 5458 711 5510 exterminans.
742 5453 920 5510 Retuli
968 5455 1035 5510 ad
1067 5454 1408 5509 nttdatiunem
1453 5469 1767 5522 corponnn,
1822 5470 1945 5507 nam

349 5528 528 5580 mima:
558 5527 628 5580 ita
657 5540 803 5595 saepe
829 5527 880 5579 in
911 5524 1483 5595 theatrn.\'aler.blax.
1517 5526 1607 5578 lib.
1638 5525 1692 5579 3.
1725 5525 1947 5593 loquens

348 5596 415 5650 de
442 5597 716 5651 floralihns
739 5593 855 5660 ait,
915 5595 985 5651 Μ.
1035 5597 1224 5651 Porcio
1270 5593 1472 5650 Catone
1522 5604 1797 5663 Spectante
1850 5595 1947 5650 lmS

350 5667 507 5722 ludus
549 5670 799 5738 pupulum
844 5669 1126 5723 erubuisse
1165 5667 1455 5737 postulare,
1491 5666 1753 5738 nuntiata:
1781 5668 1947 5719 nuda.

351 5734 729 5807 rentum-Quod
768 5755 889 5794 cum
920 5740 1054 5794 Cato
1102 5734 1448 5807 cognosceret
1480 5752 1507 5789 a
1555 5734 1757 5791 Fannio
1815 5738 1946 5790 ami-

353 5810 572 5864 cissitno
597 5825 701 5865 una
730 5826 915 5865 secum
943 5811 1165 5864 sedente
1189 5814 1240 5863 in
1269 5810 1406 5863 ludis
1425 5850 1441 5876 ,
1465 5807 1711 5864 discessit
1737 5823 1767 5863 c
1795 5807 1946 5863 thea-

636 5904 1077 5964 TBRTULLIANI
1121 5902 1171 5963 I.

2039 4630 2158 4688 ﬂio.

2111 4723 2186 4794 (ε)
2226 4722 2351 4779 Cum
2400 4723 2599 4794 spiritui
2649 4734 2931 4794 appareant
2970 4741 3138 4778 aures.
3189 4725 3279 4780 Sic
3330 4736 3385 4782 et
3431 4728 3639 4789 Tullius

2040 4809 2229 4869 sensus
2256 4806 2409 4869 vocat
2447 4795 2643 4869 mentis
2681 4794 2959 4869 satellites.
3002 4794 3165 4866 Greg.
3219 4796 3375 4869 Nyss.
3429 4800 3519 4854 lib.
3570 4805 3638 4859 de

2044 4864 2275 4934 perfecta
2346 4865 2645 4937 Christiani
2722 4864 2938 4937 forma,
3009 4864 3283 4935 δεχιιλιξνης⁷
3332 4887 3414 4933 τῆς
3488 4880 3637 4937 ἀκοῆς

2043 4946 2130 4992 τὶν
2200 4942 2431 5006 ὑφήγησιν
2512 4936 2720 4989 auribus
2756 4936 3041 5006 imperium
3116 4941 3479 5006 accipientibus
3510 4988 3522 5004 .
3580 4936 3639 5000 ut

2046 5021 2185 5086 ﬂI_ItB_
2219 5005 2445 5086 Subditip
2473 5007 2699 5086 spiritui.
2749 5005 2847 5086 llic
2878 5016 3093 5086 notetur
3136 5005 3284 5066 locus
3327 5013 3635 5086 llierunymi

2046 5076 2141 5156 l_il_t.
2170 5078 2209 5131 I.
2246 5078 2363 5134 adu.
2395 5076 2684 5156 (animum,
2717 5079 2939 5156 ubi__aik
2964 5081 3197 5156 quinque
3247 5098 3447 5156 sensus?
3483 5076 3639 5156 rcges

2047 5151 2212 5205 fuisse
2258 5158 2314 5203 et
2357 5150 2623 5219 principes
2658 5149 2863 5219 seculi,
2895 5159 3018 5205 ante
3066 5152 3351 5208 adventum
3390 5149 3589 5212 Cbrisii
3622 5174 3639 5209 :

2045 5236 2180 5288 quis
2223 5230 2401 5274 tamen
2444 5219 2654 5276 JESUS
2698 5220 2767 5274 ita
2812 5221 3068 5291 subjecit,
3111 5232 3167 5276 ut
3212 5225 3328 5277 illos
3369 5229 3640 5285 occisione

2046 5291 2376 5416 ilnterfelcerit
2404 5309 2417 5346 :
2445 5291 2512 5345 ad
2537 5306 2697 5362 quam
2723 5304 2835 5345 rem
2862 5295 3225 5348 accommodat
3256 5296 3429 5350 locum
3459 5297 3643 5371 Scrip-

2072 5378 2203 5416 ιιι-ιι).
2280 5376 2365 5416 ΔΩ.

2048 5371 2203 5416 ιυιδςυ.
2231 5371 2365 5416 LAC.

2122 5454 2275 5508 C.\P.
2296 5452 2558 5508 XVIII.—
2572 5452 2635 5524 (Γ)
2670 5454 3011 5525 Agonisticam
3031 5471 3251 5509 scenam.
3271 5457 3409 5526 Quin
3434 5460 3549 5517 ltmc
3569 5464 3638 5521 de
3728 5468 3733 5473 ’

2053 5524 2399 5579 histrionibus
2412 5535 2463 5578 et
2479 5524 3116 5595 pantominisaccipicnila
3135 5529 3241 5581 sint
3255 5524 3412 5585 nemo
3431 5533 3640 5590 dubitet

2051 5602 2313 5675 ἀγωνισῖαῖ
2330 5596 2593 5675 Hesychia
2613 5603 2736 5675 sunt
2756 5602 3031 5667 bzsrpiuc‘,
3055 5598 3153 5675 |t_nc
3171 5611 3251 5652 est
3281 5601 3446 5654 mimi.
3469 5603 3642 5675 Caput

2051 5679 2228 5721 autem
2250 5670 2386 5742 istud
2406 5679 2455 5719 et
2480 5666 2717 5742 proxime
2739 5666 2971 5742 sequens
2989 5669 3328 5742 antiquorum
3355 5666 3642 5742 impunita-

2054 5746 2160 5793 tein
2178 5739 2349 5806 arguit
2367 5754 2381 5799 ;
2401 5738 2542 5791 usule
2569 5740 2734 5790 tniror
2760 5738 3110 5792 Vehementer
3128 5738 3458 5797 Christianos
3478 5747 3645 5801 homi-

2053 5824 2150 5864 nes
2168 5819 2446 5880 tantopere
2461 5810 2750 5873 laburasse,
2772 5820 2825 5863 ut
2846 5810 3224 5879 turpitudinem
3244 5813 3355 5865 suis
3375 5830 3646 5877 commen-

2892 5903 3118 5985 (Vingt
3150 5913 3204 5965 el
3234 5906 3402 5987 une.)
