4252 6264
534 317 640 381 055

1964 304 2421 369 TEBTULLIANI

3733 313 3839 374 656

532 445 615 493 tot
635 444 888 503 statuum,
921 440 980 490 ut
1032 430 1110 504 (l)
1140 429 1396 488 sacerdos
1423 435 1732 495 coronatus,
1759 426 1842 483 vel
1867 426 2137 483 coloratus
2162 430 2216 490 Α
2243 437 2335 483 aut
2354 443 2659 501 congruens
2687 428 2779 486 Dei
2808 429 2978 486 servis
3006 427 3270 505 (8),'quod
3299 429 3532 489 Domino
3584 432 3838 504 placitum

534 538 598 586 ut
623 530 783 597 leno,
812 540 972 599 quem
1019 539 1186 580 curru
1228 522 1543 594 rapiendum
1586 520 1834 577 diabolus
1878 519 2138 575 adversus

537 618 747 676 Heliam
790 615 1110 674 exornavit?
1149 614 1388 671 Placebit
1430 623 1486 669 et
1527 613 1617 669 ille
1664 612 1781 685 (2),
1828 612 1918 683 qui
1960 611 2139 667 vultus

532 727 662 767 suos
704 710 962 766 novacula
1010 708 1221 764 mutat?
1262 706 1495 763 infidelis
1525 720 1651 777 erga
1697 704 1889 761 faciem
1935 719 2086 760 suam
2116 744 2134 771 ,

532 819 693 876 quam
726 817 833 857 non
857 808 1141 857 contentus
1162 799 1398 856 Saturno
1423 807 1476 854 et
1501 798 1629 853 Isidi
1653 810 1705 854 et
1730 798 1925 854 Libero
1944 798 2135 869 proxi-

531 912 677 952 mam
706 894 907 961 facere,
950 894 1166 964 insuper
1208 892 1547 981 contumeliis
1574 891 1845 967 Marum
1885 891 1963 947 sic
1993 889 2137 960 objiw

535 990 633 1055 cit,
651 987 805 1059 quasi
825 986 894 1056 de
917 996 1185 1057 praecepto
1214 986 1425 1042 Domini
1451 984 1636 1041 ludat?
1667 986 1832 1040 Docet
1855 985 2059 1041 scilicet
2081 993 2137 1039 et

532 1080 781 1136 diabolus
844 1079 1235 1135 verberandam
1297 1077 1570 1133 maxillam
1618 1078 1887 1149 patienter
1940 1076 2135 1133 offerre

528 1166 768 1242 (Minui.
814 1169 877 1225 Vl
907 1168 951 1242 ).
996 1169 1086 1225 Sic
1129 1180 1184 1225 et
1239 1168 1510 1240 tragoedos
1559 1169 1839 1224 cothurnis
1897 1168 2130 1236 extulit,

527 1264 652 1335 quia
675 1278 833 1318 nemo
858 1272 1033 1333 potest
1062 1262 1296 1334 adjicere
1322 1263 1558 1317 cubitum
1587 1278 1748 1317 unum
1777 1262 1845 1317 ad
1871 1272 2133 1318 staturam

530 1370 681 1412 suam
715 1355 859 1427 (Luc
897 1355 1032 1427 Xll)
1073 1372 1085 1409 :
1128 1354 1443 1411 mendacem
1477 1352 1657 1410 facere
1684 1354 1796 1409 vult
1838 1353 2128 1409 Christum.

532 1449 653 1505 Jam
676 1464 806 1505 vero
834 1449 1009 1519 ipsum
1027 1462 1161 1517 opus
1175 1458 1551 1518 personarum,
1571 1460 1757 1517 quaero
1788 1461 1856 1500 an
1887 1446 1994 1501 Deo
2016 1445 2131 1516 pla-

529 1548 673 1610 ceat,
705 1541 796 1611 qui
838 1555 1054 1596 omnem
1101 1537 1506 1595 similitudinem
1537 1546 1682 1593 vetat
1715 1537 1832 1593 ﬁeri
1860 1579 1876 1604 ,
1928 1546 2131 1609 quanto

529 1632 704 1703 magis
732 1632 978 1704 imaginis
1000 1646 1132 1686 suae.
1165 1629 1283 1685 Non
1322 1640 1467 1685 amat
1491 1630 1686 1686 falsum
1717 1640 1906 1687 auctor
1935 1632 2131 1686 verita-

529 1726 644 1796 tis(
671 1725 845 1781 Exod.
890 1722 1027 1796 XX)
1058 1742 1071 1777 :
1103 1722 1424 1778 adulterium
1455 1732 1539 1780 est
1580 1723 1721 1793 apud
1772 1724 1920 1778 illum
1968 1738 2131 1779 omne

2242 538 2349 579 non
2378 524 2483 593 sit,
2515 525 2560 580 si
2583 525 2763 580 omnia
2795 533 3013 598 propter
3038 525 3313 582 diabolum
3354 516 3597 582 instituta
3620 569 3635 595 ,
3675 536 3730 582 et
3770 542 3839 583 ex

2242 614 2442 671 diaboli
2468 617 2899 673 rebusinstructa
2923 618 3340 675 monstravimus
3364 639 3378 675 :
3409 620 3543 674 nihil
3566 619 3707 676 enim
3732 634 3839 675 non

2241 705 2442 762 diaboli
2469 718 2574 777 est,
2599 708 2857 780 quidquid
2884 709 2980 765 Dei
3013 725 3120 765 non
3147 719 3250 778 est,
3280 712 3365 768 vel
3393 711 3505 768 Deo
3533 711 3787 781 diSplieet
3821 727 3836 766 :

2241 798 2345 854 hoc
2372 799 2474 855 erit
2502 814 2696 871 pompa
2720 800 2955 868 diaboli,
2996 801 3256 859 adversus
3281 819 3441 875 quam
3475 804 3530 859 in
3559 804 3836 876 signaculo

2241 889 2365 947 ﬁdei
2395 892 2682 962 ejeramus.
2729 893 2883 961 Quod
2928 904 3105 950 autem
3134 896 3401 967 ejeramus
3421 940 3436 965 ,
3465 892 3638 969 neque
3661 896 3803 955 facto
3823 940 3840 967 ,

2240 997 2418 1053 neque
2444 984 2609 1052 dicto,
2642 1000 2817 1057 neque
2845 986 2985 1053 visu,
3013 1002 3186 1059 neque
3208 997 3496 1059 prospectu
3519 989 3843 1059 participare

2239 1073 2521 1131 debemus.
2552 1075 2817 1133 Caeterum
2844 1093 3026 1135 nonne
3072 1079 3348 1150 ejeramus
3390 1090 3446 1136 et
3485 1081 3842 1137 rescindimus

2238 1165 2594 1237 signaculum,
2624 1169 2985 1226 rescindendo
3015 1173 3357 1229 testationem
3388 1174 3549 1245 ejus?
3572 1172 3842 1245 Numquid

2238 1273 2367 1330 ergo
2394 1270 2642 1333 superest
2672 1271 2730 1317 ut
2757 1263 2826 1319 ab
2865 1264 2995 1335 ipsis
3034 1264 3262 1322 ethnicis
3288 1283 3606 1338 responsum
3637 1267 3842 1340 ﬂagite-

2237 1354 2398 1408 mus?
2437 1354 2515 1409 llli
2537 1354 2646 1424 jam
2678 1356 2835 1411 nobis
2863 1357 3209 1426 renuntient,
3254 1373 3322 1414 an
3348 1359 3508 1416 liceat
3532 1360 3842 1417 christianis

2236 1446 2546 1515 spectaculo
2587 1448 2685 1503 uti.
2717 1450 2917 1520 Atquin
2962 1449 3089 1507 hinc
3131 1452 3218 1507 vel
3262 1453 3496 1510 maxime
3540 1454 3841 1526 intelligunt

2235 1536 2435 1594 factum
2483 1538 2833 1598 christianum
2855 1585 2871 1610 ,
2898 1543 2966 1600 de
2986 1544 3215 1616 repudio
3256 1548 3706 1618 spectaculorum.
3736 1549 3840 1605 lta-
3926 1540 3933 1547 ’

2233 1646 2340 1702 que
2365 1642 2524 1704 negat
2551 1634 2834 1692 manifeste
2852 1677 2869 1705 ,
2897 1638 2988 1708 qui
3038 1654 3135 1708 per
3157 1639 3300 1710 quod
3329 1641 3639 1711 agnoscitur
3677 1641 3836 1699 tollit.

2235 1724 2376 1791 Quid
2423 1736 2600 1782 autem
2638 1729 2754 1799 spei
2818 1724 3074 1800 superest
3112 1733 3166 1787 in
3231 1732 3534 1805 hujusmodi
3579 1735 3839 1792 homine?

530 1817 676 1888 quod
704 1817 941 1888 tingitur.
992 1815 1227 1874 Proinde
1271 1830 1455 1872 vocem
1476 1860 1492 1882 ,
1524 1832 1718 1883 sexus,
1762 1827 1947 1873 aetates
1976 1832 2127 1873 men—
2157 1798 2205 1858 Β
2232 1816 2402 1874 Nemo
2431 1819 2485 1874 in
2519 1798 2696 1875 castra
2728 1798 2963 1878 hostium
2996 1825 3216 1894 transit,
3241 1826 3344 1882 nisi
3376 1826 3633 1898 projectis
3673 1828 3838 1886 armis

529 1909 776 1974 tientem,
799 1923 1033 1973 amores,
1064 1908 1195 1975 iras,
1222 1909 1477 1979 gemitus,
1511 1909 1777 1981 lacrymas
1799 1910 2125 1966 adseverant.

530 2009 641 2057 tem
673 2015 781 2056 non
812 1999 1092 2071 probabit,
1134 2000 1223 2071 qui
1265 2015 1482 2057 omnem
1532 2000 1842 2073 hypocrisin
1886 2003 2125 2058 damnat.

530 2092 802 2150 Caeterum
831 2109 951 2150 cum
984 2094 1037 2149 in
1066 2094 1184 2166 lege
1201 2094 1520 2165 prmscribit,
1546 2095 1885 2151 maledictum
1900 2110 2021 2151 esse
2039 2096 2128 2166 qui

529 2187 882 2244 muliebribus
934 2186 1012 2259 (a)
1073 2187 1325 2243 vestietur
1394 2186 1837 2263 (Dent.XXll),
1883 2188 2010 2258 quid
2060 2188 2129 2244 de

530 2278 865 2349 pantomimo
907 2278 1204 2349 judicahit,
1236 2279 1326 2350 qui
1352 2279 1512 2333 etiatu
1556 2278 1905 2335 muliebribus
1932 2279 2007 2352 (b)
2036 2296 2131 2336 cu-

529 2379 683 2425 ratur
715 2369 836 2443 (5)?
864 2368 1005 2426 Sane
1055 2380 1112 2426 et
1154 2370 1245 2426 ille
1292 2369 1483 2425 artifex
1508 2386 1804 2442 pugnorum
1837 2373 2131 2444 impunitus

526 2462 665 2520 ibit?
690 2462 849 2520 Tales
872 2464 1017 2520 enim
1043 2463 1323 2519 cicatrices
1348 2472 1627 2530 caestuum,
1653 2473 1709 2519 et
1734 2464 1902 2520 callos
1928 2480 2133 2536 pugno-

527 2569 673 2619 rum,
702 2563 759 2609 et
784 2555 993 2610 aurium
1022 2556 1107 2626 (4)
1129 2554 1318 2626 fungos
1365 2572 1394 2609 a
1446 2555 1554 2611 Deo
1583 2569 1705 2611 cum
1763 2570 1862 2612 suo
1900 2558 2131 2628 plasma-

526 2654 583 2700 te
612 2644 692 2717 (5)
723 2646 952 2716 accepit.
983 2646 1107 2701 Ideo
1135 2646 1211 2700 illi
1266 2646 1349 2716 (6)
1404 2647 1586 2702 oculos
1648 2648 1789 2704 Deus
1817 2649 2126 2719 plasmavit,

529 2742 591 2790 ut
616 2736 922 2807 vapulando
950 2736 1225 2793 deﬁciant.
1254 2737 1428 2793 Taceo
1468 2738 1535 2794 de
1580 2739 1674 2794 illo
1692 2781 1708 2809 ,
1737 2742 1828 2811 qui
1859 2740 2130 2799 hominem

529 2826 677 2882 leoni
720 2842 833 2898 pra:
879 2843 944 2884 se
981 2829 1244 2900 opponit,
1278 2845 1347 2886 ne
1374 2845 1560 2902 parum
1607 2833 1679 2888 sit
1721 2832 1988 2891 homicida
2019 2834 2127 2907 (c),

535 2917 622 2990 (7)
649 2920 739 2991 qui
765 2919 1016 2978 eumdem
1041 2922 1385 2993 postmodum
1403 2922 1633 2994 jugulat.

1106 3058 1333 3117 CAPUT
1373 3059 1566 3117 XXIV.

2233 1910 2367 1975 suis,
2401 1911 2504 1966 nisi
2531 1898 2803 1969 destitutis
2833 1915 3001 1987 signis
3019 1925 3074 1972 et
3094 1921 3450 1976 sacramentis
3473 1918 3552 1992 (d)
3581 1919 3837 1992 principis

2232 2002 2336 2067 sui,
2370 2002 2474 2060 nisi
2506 2013 2692 2073 pactus
2720 2006 2880 2062 simul
2902 2008 3099 2078 perire.

2804 2100 3032 2157 CAPUT
3070 2100 3236 2159 XXV.

2304 2189 2389 2243 An
2427 2190 2520 2246 ille
2572 2191 2887 2263 recogitabit
2938 2208 3005 2248 eo
3046 2203 3287 2265 tempore
3334 2194 3403 2253 de
3460 2196 3596 2264 Deo,
3626 2196 3830 2269 positus

2233 2280 2344 2336 illic
2408 2282 2495 2338 ubi
2573 2284 2703 2339 nihil
2751 2294 2834 2339 est
2889 2284 2958 2340 de
3012 2285 3156 2341 Deo?
3212 2302 3417 2358 pacem,
3469 2290 3679 2359 opinor,
3734 2288 3829 2345 ha-

2234 2372 2381 2429 bebit
2421 2375 2472 2430 in
2518 2376 2700 2432 animo
2729 2377 3064 2434 contendens
3106 2395 3203 2450 pro
3252 2382 3473 2452 auriga;
3525 2380 3834 2452 pudicitiam

2235 2463 2460 2533 ediscet,
2501 2467 2759 2523 attonitus
2787 2469 2842 2523 in
2872 2468 3085 2524 mimos.
3124 2469 3237 2525 [mo
3268 2471 3320 2526 in
3349 2472 3496 2528 omni
3524 2473 3835 2544 spectaculo

2237 2555 2445 2612 nullum
2491 2560 2664 2630 magis
2699 2560 3011 2619 scandalum
3064 2573 3335 2630 occurret,
3382 2581 3537 2636 quam
3566 2566 3683 2636 ipse
3736 2566 3831 2624 ille

2238 2649 2527 2705 mulierum
2553 2661 2606 2707 et
2636 2652 2870 2708 virorum
2892 2657 3196 2712 accuratior
3214 2658 3389 2714 cultus
3415 2681 3427 2715 :
3456 2660 3565 2730 ipsa
3593 2675 3829 2716 consen-

2239 2741 2340 2807 sio,
2370 2741 2483 2811 ipsa
2513 2744 2566 2797 in
2598 2744 2865 2801 favoribus
2895 2744 2964 2818 (e)
3005 2756 3098 2802 aut
3133 2750 3460 2820 conspiratio
3486 2761 3579 2806 aut
3617 2752 3835 2808 dissen-

2241 2834 2325 2891 sio
2354 2835 2497 2891 inter
2538 2852 2600 2893 se
2629 2838 2697 2894 de
2743 2843 3070 2897 commercio
3133 2840 3200 2915 (Γ)
3254 2844 3512 2900 scintillas
3561 2844 3869 2903 libidinum.

2240 2927 2636 2984 constabellant
2661 2928 2763 3003 (g).
2794 2929 2963 2987 Nemo
2982 2932 3214 3004 denique
3242 2935 3296 2990 in
3322 2937 3628 3006 Spectacqu
3650 2938 3841 2992 ineun-

2242 3018 2314 3074 do
2344 3020 2490 3090 prius
2515 3022 2737 3092 cogitat,
2766 3023 2867 3079 nisi
2910 3024 3082 3081 videri
3113 3035 3168 3082 et
3196 3027 3400 3089 videre.
3434 3029 3539 3085 Sed
3589 3029 3840 3100 tragtedo

2239 3112 2569 3171 vociferante
2595 3114 2699 3188 (Ιι),
2731 3118 3150 3175 exclamationes
3182 3121 3273 3177 ille
3311 3122 3537 3193 alicujus
3564 3123 3839 3195 propheta:

607 3191 750 3259 Quot
803 3191 980 3249 adhuc
1050 3194 1226 3251 modis
1300 3197 1691 3270 perorabjmus,
1747 3200 1877 3255 nihil
1942 3218 2009 3258 ex
2048 3202 2133 3258 his
2158 3208 2203 3271 Ο
2237 3206 2568 3275 retractabit,
2600 3215 2656 3263 et
2685 3207 2824 3264 inter
2851 3209 3162 3267 eﬂ’mminati
3183 3191 3463 3270 histrionis
3484 3191 3678 3271 modos
3697 3216 3839 3285 psal-

534 3297 657 3354 qute
714 3285 1036 3356 spectaculis
1083 3285 1455 3359 deputantur,
1514 3287 1768 3360 placitum
1831 3291 1944 3348 Deo
2008 3308 2132 3351 esse

2237 3313 2387 3353 mum
2418 3313 2599 3354 secum
2629 3302 3086 3371 comminiscetur,
3115 3314 3170 3361 et
3208 3320 3330 3362 cum
3365 3305 3588 3364 athleta:
3636 3315 3835 3379 agent,

1758 3381 2147 3445 LECTIONES
2184 3388 2598 3449 VABIANTES.

692 3469 847 3522 Velut
874 3471 1063 3522 Wouw.
1088 3474 1159 3521 Μ.
1189 3474 1243 3522 S.

695 3531 758 3597 Et
780 3532 863 3582 ille
886 3531 1019 3597 obest
1041 3532 1220 3597 Rigalt.

698 3591 875 3643 Utatur
904 3591 1189 3645 Wouw.'M.
1212 3597 1265 3645 S.

694 3652 908 3704 Rudium
935 3654 1093 3705 Latin.

622 3470 641 3520 1

620 3533 651 3580 2

526 3594 650 3653 {(3

618 3655 648 3703 4

651 3467 670 3717 i

2401 3481 2521 3557 Cum
2545 3484 2871 3557 plasmaretur
2893 3486 3007 3556 Rig.

2402 3544 2733 3685 IgSaniE‘qnid.
2750 3613 2898 3682 .Pam.
2925 3614 3074 3666 Seml.

2327 3668 2375 3731 8)
2403 3674 2563 3722 Servo
2582 3671 2678 3723 Det
2700 3677 2809 3731 mg.

2327 3668 2375 3733 8)
2403 3668 2678 3723 Servo'Dei
2700 3671 2809 3741 Εἰς.

1896 3746 2459 3809 COMMENTARIUS.

532 3832 663 3887 nihil
689 3833 838 3887 enim
885 3830 972 3884 hic
1006 3830 1157 3899 juvat
1180 3831 1366 3885 mutila
1398 3832 1598 3887 codicis
1637 3834 1965 3901 Agobardini
1992 3843 2129 3896 scri-

527 3913 685 3972 ptura
706 3943 722 3969 ,
753 3901 847 3956 Tot
877 3902 1127 3972 furiarum
1157 3901 1384 3956 minister
1403 3945 1417 3967 ,
1450 3913 1520 3957 tot
1545 3916 1705 3959 status
1732 3918 1784 3960 ut
1828 3908 1962 3965 leno.
1992 3909 2126 3969 Cas-

531 3970 781 4053 Siodorus
806 3991 820 4028 :
853 3970 1114 4026 «Transit
1135 3973 1397 4053 prasinus;
1419 3988 1544 4053 pars
1559 3978 1735 4053 p0puli
1748 3992 1966 4053 iuuaret;
1994 3999 2127 4053 prte-

532 4044 676 4121 cedit
705 4053 926 4121 venetus
951 4059 965 4106 ;
989 4043 1244 4121 et._potior
1267 4045 1418 4121 turba
1446 4043 1679 4121 civitatis
1707 4043 1961 4121 afﬂigitur
1987 4043 2007 4119 ξ
2047 4055 2129 4109 ηἰ-

535 4114 613 4168 hil
658 4114 995 4190 proficientes
1044 4112 1311 4169 ferventer
1339 4115 1629 4190 insultant;
1683 4112 1847 4175 nihil'
1868 4112 2127 4190 patientes

533 4186 769 4255 graviter
797 4186 1143 4240 vulnerantur
1176 4202 1188 4237 :
1239 4196 1292 4255 et
1322 4187 1387 4240 ad
1435 4188 1621 4243 inanes
1647 4186 2022 4250 contentiones
2050 4197 2128 4252 sic

2235 3846 2522 3915 opposuit;
2557 3847 2749 3904 iterum
2774 3865 2917 3917 vero,
2941 3869 3063 3928 cum
3085 3855 3332 3911 eumdem
3362 3858 3563 3926 ipsum,
3589 3858 3739 3928 cujus
3777 3874 3843 3917 se

2237 3929 2474 4013 corporeI
2502 3928 2745 4013 ieierit,
2771 3925 3108 4013 postmodum
3132 3925 3409 4013 jugulavit.
3447 3925 3680 4013 Denique
3712 3947 3746 4013 li
3767 3946 3845 3988 on

2234 4001 2423 4112 Rarum
2462 3987 2726 4047 homicida
2771 3987 2888 4061 est,
2919 3997 3009 4066 qui
3037 3987 3368 4055 serva'iorem
3413 4014 3566 4055 suum
3594 3987 3839 4074 jugulat.

2284 4073 2358 4112 te.

2284 4073 2358 4114 lG.

2304 4128 2460 4183 CAP.
2492 4128 2785 4208 XXIV.:—
2808 4134 2886 4207 (d)
2912 4136 3087 4208 Signis
3106 4120 3161 4194 net
3180 4144 3529 4197 sacramentis.
3562 4146 3604 4198 A
3639 4143 3832 4201 militia

2236 4208 2507 4287 sumptum
2531 4212 2588 4287 ut
2609 4205 2823 4287 reliqua
2839 4205 2993 4279 hujus
3017 4217 3289 4268 tractatus.
3311 4212 3601 4270 Fulbertus
3622 4216 3832 4287 Carno-

432 4324 441 4329 _
537 4254 882 4345 descenditur
906 4264 1216 4345 ,nlanquam
1254 4254 1324 4312 de
1367 4265 1506 4312 statu
1553 4261 1900 4329 periclitantis
1940 4268 2127 4336 patria:
2155 4285 2210 4345 Β
2237 4254 2587 4345 tensis‘episg
2604 4254 2856 4334 ill-"1.1m

537 4326 829 4382 laboretur.
871 4345 890 4378 ι
936 4325 1054 4381 Βία.

614 4399 694 4481 ia)
728 4396 827 4463 Qui
866 4396 1664 4482 muliebribus”restituar:Illud
1694 4419 1904 4482 quoque
1933 4407 1994 4461 Β,
2019 4408 2128 4482 Cy-

542 4469 765 4546 prianus
790 4469 1153 4546 ςξιςξιίςίιιις-εεῃε⁸
1184 4468 1271 4534 61,
1297 4469 1361 4546 ad
1385 4468 1753 4546 Enchratium.
1807 4468 1977 4546 Atque
2006 4468 2125 4535 ca'n.

543 4539 614 4594 62
659 4539 869 4595 concilii
910 4541 963 4594 in
1008 4538 1194 4594 Trullo
1245 4541 1584 4610 prohibetur,
1636 4561 1704 4600 ne
1743 4547 1822 4601 vir
1868 4538 2132 4606 ftemineis

540 4611 813 4674 vestibus;
846 4620 1007 4681 atque
1031 4611 1193 4675 etiam
1228 4628 1293 4665 ne
1334 4612 1552 4667 fcemiua
1604 4617 1838 4672 virorum
1891 4622 2132 4676 vestibus

545 4690 725 4763 utatur
748 4723 763 4747 ,
790 4690 883 4762 aut
906 4682 1138 4763 comicos
1168 4697 1444 4763 personas,
1478 4685 1718 4740 satiricus
1740 4730 1756 4755 ,
1784 4699 1874 4744 aut
1905 4694 2131 4763 tragicas

544 4751 822 4822 quisquam
852 4751 1051 4807 induat.
1082 4751 1158 4807 Le
1181 4753 1277 4807 Pn.

619 4822 702 4893 (b)
733 4822 834 4889 Qui
859 4824 1010 4876 etiam
1030 4824 1321 4896 mulieribus
1367 4837 1594 4881 curatur.
1625 4827 1724 4896 Qui
1780 4831 2030 4887 nimirum
2084 4843 2139 4889 et

547 4907 680 4948 voce
692 4902 761 4971 _et
782 4903 951 4971 g_e_stu_
964 4902 1020 4949 ct
1062 4894 1273 4971 incessu
1298 4894 1709 4971 accuratissime
1729 4900 2088 4965 etfmminatur
2118 4947 2132 4971 ,

547 4974 608 5019 ut
628 4962 886 5019 saltandis
930 4963 1265 5020 heminarum
1314 4966 1507 5022 fabulis
1548 4984 1645 5038 pro
1688 4968 1908 5027 fmmiua
1949 4962 2137 5030 haberi

547 5035 736 5088 possit.
766 5032 887 5088 Rue.

586 5035 736 5091 ossit.
766 5035 887 5091 th.

546 5047 1027 5183 Ῑῗοῗέῗσλόἒιῖφᾳνῃηι
1056 5106 1421 5183 sithomicida,
1448 5110 1537 5183 qui
1561 5111 1789 5165 eumdem
1812 5117 2140 5183 postmodum

542 5170 774 5253 jugulat.
826 5170 1224 5253 Gladiatoribus
1269 5170 1570 5253 commissis
1624 5170 1853 5253 populus
1891 5170 2142 5242 nonnun-

551 5246 713 5327 quaiu
740 5246 1067 5327 deposcebat
1111 5246 1345 5317 leonem.
1400 5246 1830 5321 Emisso'leone,
1883 5257 2144 5327 gladiator

553 5317 795 5388 periculo
836 5318 1141 5393 proximus,
1185 5334 1515 5393 quacunque
1543 5331 1657 5378 arte
1688 5317 1926 5393 poterat",
1961 5329 2144 5386 subtili

563 5402 783 5467 recessu
811 5395 904 5443 aut
948 5387 1338 5467 declinatione,
1372 5387 1788 5467 commilitonem
1818 5387 2141 5467 opponebat.

558 5457 883 5541 Plerumque
912 5467 1091 5514 autem
1120 5460 1415 5541 accidebat,
1438 5472 1495 5541 ut
1521 5466 1787 5541 secundus
1816 5457 1919 5524 is-te
1941 5471 2144 5541 gladia-

553 5538 673 5594 tor,
704 5540 827 5611 post
876 5544 1002 5611 rem_
1034 5546 1156 5611 cum
1188 5533 1340 5611 leone
1395 5534 1620 5611 feliciter
1645 5547 1850 5611 gestam
1872 5581 1887 5605 ,
1919 5533 2143 5611 répetita

554 5600 1263 5682 commissiouegladiatoria
1284 5645 1298 5669 ,
1327 5619 1447 5682 cum
1476 5600 1760 5682 primo'ilh)
1788 5600 2140 5682 εοιὶιροὲὶιιιε,

552 5669 904 5744 jugularetur.
938 5671 1047 5726 llac
1074 5674 1283 5744 ratione
1306 5715 1321 5739 ,
1356 5669 1562 5744 primus
1588 5677 1675 5732 ille
1707 5669 2037 5739 Tertulliano
2060 5669 2142 5739 di:

556 5741 697 5814 citur
720 5755 825 5795 non
854 5757 1040 5814 parum
1068 5741 1373 5809 homicida;
1406 5747 1508 5801 hoc
1532 5758 1610 5801 est
1634 5788 1649 5814 ,
1681 5749 1873 5806 iterum
1911 5755 2140 5810 homici-

554 5807 662 5864 da:
692 5807 885 5880 nempe
909 5813 1019 5881 jam
1056 5814 1257 5885 semel,
1303 5807 1425 5872 cum
1453 5807 1727 5876 hominem
1769 5807 2054 5901 16οηίζρὖῶ
2068 5807 2139 5884 se

2307 4339 2459 4427 C;i_P.
2759 4348 2833 4419 (ρ)
2868 4349 2991 4427 ipsa
3020 4354 3072 4406 in
3098 4354 3354 4424 favoribus
3378 4367 3465 4410 aut
3495 4359 3803 4427 conspiratio
3821 4400 3837 4426 ,

2236 4422 2322 4465 aut
2349 4414 2592 4468 dissensio
2618 4417 2748 4471 inter
2770 4414 2828 4475 se
2852 4414 2914 4474 ἀὲ
2937 4414 3239 4478 commercio
3277 4428 3529 4482 scintillas
3559 4414 3840 4484 libidinum;

2237 4484 2616 4610 ﬁtilliabqlinni.
2684 4488 2868 4561 Itaque
2917 4492 3020 4550 hoc
3070 4498 3231 4551 etiam
3286 4499 3528 4568 praccipii
3580 4502 3841 4572 magister

2290 4570 2353 4609 rt
2404 4597 2419 4610 .
2468 4571 2543 4609 ι).
2624 4576 2635 4610 :

2290 4570 2419 4618 HIS,
2450 4570 2543 4609 Ill).
2577 4570 2635 4610 ιε

2392 4624 2539 4702 Ειργυς
2562 4630 2676 4690 equi
2703 4634 2900 4702 veniant
2920 4632 3066 4702 facito
3088 4636 3310 4702 studiose
3334 4641 3562 4702 requiras
3587 4656 3600 4688 :

2444 4687 2548 4738 Nec
2570 4687 2724 4752 mora,
2740 4696 2962 4758 quisquis
2986 4699 3083 4747 erit
3101 4701 3180 4747 cui
3220 4687 3350 4751 l‘avet
3365 4687 3465 4762 illa,
3486 4687 3602 4753 fave
3620 4711 3716 4754 etc.
3733 4702 3846 4755 lita.

2411 4771 2491 4861 De
2536 4781 2852 4833 commercio.
2880 4780 3157 4861 Jungcnda
3189 4783 3303 4841 haec
3332 4803 3436 4841 vox
3461 4804 3586 4861 cum
3618 4804 3843 4861 sequen-

2243 4840 2417 4929 tibus,
2451 4860 2556 4929 non
2587 4862 2707 4928 cum
2765 4840 3190 4929 praecedentibus
3227 4840 3263 4909 :7
3290 4840 3848 4929 aiiénaé"’iia}{u‘éi6-

2245 4918 2600 5001 terpunctioni
2645 4918 2860 5001 nosiraa.
2915 4923 3539 5001 Juniushcoiumercium
3607 4918 3843 5001 eiplicat

2242 4995 2513 5065 επιμιξίαν,
2546 5003 2671 5043 nam
2695 4992 2847 5068 olim,
2883 5003 3016 5068 teste
3046 4995 3197 5052 Velio
3224 4997 3433 5068 Longo.
3464 5001 3663 5055 dictum
3679 4992 3845 5057 'com-

2244 5063 2555 5134 mercium}
2575 5063 2981 5134 commiscendo
3006 5082 3127 5122 esse
3144 5111 3159 5133 ,
3193 5084 3258 5124 ex
3281 5063 3580 5125 litt'erarum
3603 5087 3849 5126 commu-

2246 5127 2916 5211 tatione.priginaiioista
2941 5134 3039 5211 hic
3060 5138 3125 5211 ad
3147 5127 3269 5195 rem
3288 5182 3307 5207 ,
3333 5155 3454 5195 nam
3485 5156 3517 5194 a
3541 5145 3844 5211 promiscua

2246 5201 2908 5277 conjttitciione__scintilhe
2954 5208 3253 5264 libidinum.
3294 5201 3488 5277 'Quod
3543 5201 3841 5270 illustratur

2397 5267 2453 5322 2.
2481 5269 2575 5328 lib.
2599 5272 2687 5327 lll.
2715 5276 2917 5348 pzedag.
2953 5277 3122 5335 Clem.
3146 5281 3301 5337 Alex.
3342 5267 3399 5337 ξι
3415 5297 3533 5353 cap.
3564 5267 3617 5338 ’1.
3649 5267 3845 5341 ιὼζίῖ.

2293 5352 2378 5393 AC.

2302 5408 3146 5507 lilfi‘t'i’PE-Fi’WIWFam-
3195 5420 3579 5507 Codexﬁsob-
3622 5424 3846 5507 Ξιαθιέ·

2249 5477 2529 5569 ξξιῄξζίηοῐι¹
2552 5477 3153 5569 ερθτηθιῃξειξιεεςίρηθε
3187 5477 3584 5569 (ιυεψᾶἠὶξῗρξῥ

2249 5548 2423 5640 lianu's'
2463 5548 2722 5640 adversus
2774 5548 3219 5640 \i:_ileutitiia_nos_,'
3251 5548 3449 5621 dixerit
3468 5548 3516 5634 ζ’
3532 5548 3848 5640 19.2335.

2247 5619 2563 5701 ﬂabellatiun
2603 5632 2934 5701 _c_orporibus.
2994 5619 3268 5691 Scintillas
3313 5619 3853 5694 "autemvabsistere

2244 5695 2417 5816 ἔζης
2441 5696 2574 5752 dixit
2603 5695 2850 5773 Virgilius
2874 5719 2889 5771 ;
2932 5714 2987 5759 et
3017 5705 3330 5763 absistendo
3357 5709 3511 5780 quasi
3549 5707 3850 5781 ﬂagellant.

2298 5778 2365 5819 IG.

2323 5835 2403 5908 (lt)
2441 5838 2550 5895 Sed
2581 5844 2807 5915 tragoedo
2854 5847 3180 5921 vociferante.
3231 5849 3478 5910 Studium
3525 5849 3630 5909 fuit
3681 5850 3856 5933 tragi-
