4252 6270
398 363 507 424 657

1598 367 1803 423 LIBER
1856 366 1942 424 DE
1978 366 2461 429 SPECTACULIS.

3604 384 3713 442 658

395 486 488 543 ille
503 485 742 542 dicturus
783 490 867 539 est
884 482 1354 554 repercutiendum
1378 496 1484 538 non
1502 496 1625 539 esse
1646 481 1860 556 (Matth.
1877 483 1945 554 V)
1972 484 1996 539 ἲ
2022 484 2078 545 Α
2102 484 2192 539 bus
2207 487 2426 559 dominis
2440 491 2625 544 servire
2637 490 2934 563 (Matt.,VI;
2957 491 2999 548 Il
3016 492 3235 563 Cor.Vl;
3254 496 3423 565 Eccl.,
3441 496 3708 573 XXXIII).

398 579 604 637 Poterit
630 586 684 634 et
713 577 781 632 de
822 575 1194 632 misericordia
1225 577 1434 631 moneri
1461 575 1671 631 defixus
1702 577 1754 630 in
1787 591 1999 632 morsus

398 685 650 737 ursorum
690 676 747 725 et
783 668 1038 739 spongias
1079 669 1424 724 retiariorum
1463 666 1579 741 (a)?
1610 669 1833 724 Avertat
1858 667 1999 724 Deus

403 778 436 818 a
462 764 572 819 suis
603 770 807 816 tantam
836 761 1130 830 voluptatis
1152 760 1395 816 exitiosae
1420 759 1792 829 cupiditatem.
1831 759 2000 827 Quale

396 863 480 910 est
502 856 645 909 eriim
667 853 736 909 de
754 853 995 909 Ecclesia
1016 852 1106 909 Dei
1139 852 1214 924 (ὁ)
1241 852 1294 907 in
1323 852 1521 908 diaboli
1552 852 1851 908 Ecclesium
1881 861 2000 907 len-

401 945 656 1004 dere?de
681 946 825 1002 ccelo
852 944 1018 1017 (quod
1058 946 1232 1015 aiunt)
1264 945 1316 999 in
1358 945 1611 1000 caenum?
1639 944 1760 999 illus
1809 958 1999 999 manus

402 1054 537 1108 quas
562 1022 632 1093 ad
664 1037 946 1093 Dominum
981 1036 1235 1092 extuleris
1275 1036 1377 1107 (ε),
1397 1035 1737 1107 postmodum
1770 1035 1996 1103 laudan-

404 1129 475 1186 do
517 1129 835 1184 histrionem
860 1127 1119 1198 fatigare?
1146 1143 1212 1182 ex
1239 1142 1335 1183 ore
1358 1141 1465 1197 quo
1492 1143 1640 1181 antea
1661 1126 1713 1181 in
1743 1126 1997 1182 Sanctum

400 1221 689 1292 protuleris
732 1220 839 1290 (ιι),
889 1219 1170 1291 gladiatori
1221 1218 1586 1275 testimonium
1645 1217 1891 1284 reddere,
1932 1223 1999 1279 εἰς

399 1319 573 1375 αἰῶνας
602 1315 687 1368 αφ’
711 1317 883 1375 αἰῶνος
917 1313 997 1384 (1)
1026 1311 1097 1384 (e)
1120 1312 1211 1368 alii
1258 1312 1480 1367 omnino
1508 1311 1687 1368 dicere
1731 1311 1833 1366 nisi
1889 1311 2000 1368 Dco

400 1406 652 1467 Christo?

973 1539 1201 1597 CAPUT
1240 1539 1434 1595 XXVI.

472 1678 580 1734 Cur
597 1692 728 1750 ergo
757 1694 861 1734 non
896 1678 1159 1747 ejusmodi
1204 1678 1366 1733 etiam
1415 1678 1696 1733 daemoniis
1745 1689 1997 1750 penetra-

396 1769 532 1825 biles
580 1768 753 1823 fiant?
818 1767 951 1822 Nam
1000 1776 1056 1824 et
1104 1769 1408 1839 exemplum
1483 1770 1717 1835 accidit,
1769 1770 1998 1826 Domino

400 1870 580 1928 teste,
635 1860 753 1931 ejus
808 1861 1049 1916 mulieris
1105 1860 1173 1932 (f)
1233 1876 1353 1932 qua:
1409 1863 1676 1917 theatrum
1734 1862 1885 1930 adiit,
1944 1846 2075 1921 etB

406 1953 531 2010 inde
555 1945 679 2009 cum
715 1953 989 2009 daemonio
1036 1953 1213 2009 rediit.
1244 1954 1429 2026 Itaque
1452 1957 1505 2010 in
1548 1956 1853 2012 exorcismo
1877 1973 1999 2014 cum

404 2055 721 2103 oneraretur
746 2046 1057 2102 imniundus
1078 2047 1316 2115 Spiritus,
1346 2048 1488 2117 quod
1514 2062 1677 2103 ausus
1696 2059 1841 2104 esset
1864 2049 2000 2107 lide-

402 2141 509 2197 lem
541 2139 765 2212 aggredi
799 2161 812 2195 :
854 2149 1171 2195 constanter
1215 2150 1285 2196 et
1308 2140 1609 2210 justissime
1638 2143 1855 2213 quidem
1897 2144 2002 2213 (in-

401 2238 542 2309 quit)
568 2236 702 2304 feci,
737 2238 788 2293 in
820 2253 942 2294 meo
993 2253 1115 2293 eam
1160 2239 1357 2294 inveni.
1390 2240 1616 2296 Constat
1658 2250 1714 2297 et
1760 2243 1847 2296 alii
1896 2242 2001 2296 lin-

406 2339 567 2386 teum
610 2331 664 2385 in
708 2331 913 2386 somnis
941 2339 1219 2386 ostensum
1248 2331 1367 2400 ejus
1407 2332 1513 2388 diei
1546 2341 1727 2398 nocte,
1749 2348 1853 2403 qua
1895 2343 2003 2387 tra-

404 2423 621 2494 goedum
665 2425 928 2493 audierat,
968 2440 1092 2481 cum
1135 2426 1556 2496 exprobratione
1583 2428 1861 2483 nominato
1890 2436 2001 2483 tra-

405 2517 586 2588 goedo,
637 2532 735 2573 nec
786 2517 923 2572 ultra
974 2519 1219 2588 quintum
1251 2518 1395 2574 diem
1451 2534 1570 2573 eam
1622 2519 1900 2575 mulierem
1950 2519 2003 2574 in

412 2610 611 2666 sacculo
663 2610 844 2666 fuisse.
875 2611 1017 2677 Quot
1044 2614 1225 2680 utique
1251 2619 1305 2666 et
1345 2611 1447 2665 alia
1470 2610 1791 2677 documenta
1818 2628 1998 2669 cesse-

407 2713 531 2758 runt
557 2702 627 2759 de
649 2702 853 2774 bisqui
882 2719 1004 2758 eum
1030 2702 1244 2759 diabolo
1271 2704 1409 2775 apud
1440 2707 1743 2775 spectacula
1765 2722 2008 2763 commu-

405 2794 634 2851 nicando
661 2810 693 2850 a
719 2795 950 2851 Domino
973 2796 1308 2853 exciderunt.
1335 2797 1500 2852 Nemo
1529 2800 1663 2854 enim
1693 2810 1854 2871 potest
1875 2800 2007 2856 duo-

2101 576 2240 646 Quid
2262 579 2368 635 luci
2393 593 2517 636 cum
2544 582 2813 639 tenebris?
2839 584 2967 656 quid
2989 586 3111 642 vitae
3136 596 3192 644 et
3219 589 3420 646 morti?

2678 716 2908 776 CAPUT
2947 719 3165 777 XXVII.

2174 846 2366 903 Odisse
2410 848 2669 906 debemus
2704 850 2836 907 istos
2884 860 3182 910 conventus
3227 861 3282 910 et
3306 861 3481 911 coetus
3526 855 3714 915 ethni-

2102 953 2312 1006 corum,
2369 940 2457 996 vel
2500 942 2643 1013 quod
2694 942 2804 1000 illic
2856 959 3051 1000 nomen
3106 945 3200 1001 Dei
3259 945 3710 1019 blasphematur,

2104 1030 2216 1086 illic
2259 1033 2555 1102 quotidiani
2584 1034 2638 1088 in
2684 1050 2782 1090 nos
2841 1035 3027 1092 leones
3072 1038 3482 1107 expostulantur
3511 1081 3529 1106 ,
3588 1040 3714 1098 inde

2105 1126 2509 1197 persecutiones
2536 1128 2903 1185 decernuntur
2932 1170 2949 1196 ,
3003 1129 3127 1186 inde
3163 1131 3493 1188 tentationes
3544 1133 3710 1188 emit-

2104 1228 2309 1275 tuntur.
2378 1220 2516 1288 Quid
2566 1219 2733 1277 facies
2803 1224 2853 1277 in
2912 1222 3004 1278 illo
3079 1221 3462 1294 suffragiorum
3519 1225 3714 1294 impio-

2103 1328 2221 1369 rum
2260 1316 2510 1370 aastuario
2558 1315 2949 1386 deprehensus,
2994 1331 3103 1372 non
3151 1317 3304 1389 quasi
3354 1317 3556 1389 aliquid
3602 1317 3714 1375 illic

2102 1407 2212 1477 pati
2239 1408 2413 1477 possis
2434 1408 2504 1462 ab
2530 1407 2860 1474 hominibus,
2887 1424 3048 1465 nemo
3067 1418 3122 1465 te
3142 1409 3420 1480 cognoscit
3456 1408 3711 1465 christia-

2101 1513 2253 1563 num,
2271 1499 2364 1554 sed
2386 1500 2620 1571 recogita
2638 1500 2763 1571 quid
2782 1500 2850 1557 de
2870 1512 2919 1557 te
2941 1501 3034 1556 fiat
3057 1496 3291 1558 in'caslo.
3323 1502 3544 1558 Dubitas
3564 1502 3712 1559 enim

2099 1592 2192 1647 illo
2213 1603 2505 1661 momento,
2530 1608 2638 1664 quo
2660 1594 2711 1648 in
2734 1594 2930 1650 diaboli
2952 1594 3193 1651 Ecclesia
3216 1595 3382 1652 fueris
3403 1595 3499 1668 (‘2),
3522 1611 3713 1654 omnes

2101 1686 2320 1757 angelos
2343 1688 2651 1759 prospicere
2669 1687 2737 1743 de
2764 1687 2921 1754 ctelo,
2951 1696 3007 1743 et
3029 1689 3269 1759 singulos
3284 1688 3561 1755 denotare,
3585 1690 3713 1760 quis

2102 1778 2490 1849 blasphemiam
2518 1779 2736 1849 dixerit,
2759 1780 2879 1850 quis
2898 1779 3149 1845 audierit,
3173 1780 3295 1850 quis
3312 1779 3572 1850 linguam,
3588 1780 3718 1850 quis

2103 1885 2262 1927 aures
2282 1870 2496 1926 diabolo
2513 1870 2772 1927 adversus
2798 1871 2967 1928 Deum
2996 1871 3479 1928 administraverit?
3500 1870 3617 1942 (Ps.
3642 1872 3710 1942 I).

2104 1962 2221 2019 Non
2243 1977 2372 2034 ergo
2402 1962 2571 2033 fugies
2597 1964 2783 2019 sedilia
2809 1963 3044 2019 hostium
3071 1962 3305 2028 Christi,
3339 1962 3488 2019 illam
3515 1963 3705 2019 cathe-

2104 2057 2260 2113 dram
2292 2057 2713 2126 pestilentiarum
2741 2056 2843 2129 (5),
2876 2057 3160 2129 ipsumque
3189 2070 3395 2122 aerem,
3426 2055 3516 2127 qui
3544 2055 3711 2112 desu-

2104 2165 2203 2221 per
2238 2150 2475 2217 incubat,
2527 2150 2773 2206 scelestis
2817 2151 3040 2206 vocibus
3089 2149 3541 2221 constupratum?
3589 2148 3712 2206 Sint

2104 2243 2283 2299 dulcia
2304 2243 2429 2298 licet
2454 2250 2507 2297 et
2531 2251 2681 2313 grata
2707 2250 2762 2297 et
2788 2241 3074 2313 simplicia,
3105 2242 3269 2297 etiam
3298 2241 3526 2297 honesta
3555 2255 3706 2312 qua:-

2106 2335 2253 2393 dam.
2286 2335 2456 2391 Nemo
2482 2341 3043 2409 venenunuemperat
3070 2332 3572 2415 leniet/elleboro,
3612 2332 3711 2389 sed

2108 2427 2341 2485 conditis
2361 2428 2757 2499 pulmetitjset
2796 2429 2946 2496 bene
2997 2427 3287 2498 saporatis,
3336 2434 3392 2483 et
3417 2426 3710 2498 plurimum

2110 2520 2357 2577 dulcibus
2379 2518 2431 2573 id
2457 2518 2582 2573 mali
2610 2518 2775 2590 injicit
2818 2535 2831 2573 :
2879 2519 2953 2573 ita
2995 2528 3054 2574 et
3094 2517 3340 2588 diabolus
3369 2517 3528 2574 letale
3568 2517 3711 2588 quod

2110 2611 2349 2679 conﬁcit,
2395 2610 2559 2666 rebus
2590 2610 2682 2665 Dei
2712 2609 3034 2682 gratissimis
3082 2620 3139 2665 et
3175 2608 3715 2678 acceptissimisim-

2111 2704 2247 2761 buit.
2270 2702 2462 2760 Omnia
2489 2702 2597 2757 illic
2628 2717 2724 2757 seu
2751 2702 2929 2770 fortia,
2952 2717 3049 2757 seu
3080 2701 3327 2767 honesta,
3357 2716 3454 2757 seu
3483 2716 3703 2765 sonora,

2110 2810 2207 2854 seu
2232 2810 2451 2861 canora,
2484 2808 2580 2850 seu
2629 2793 2863 2858 subtilia,
2915 2792 3139 2865 proinde
3165 2792 3305 2850 habe
3332 2807 3397 2849 ac
3416 2796 3462 2848 si
3490 2792 3709 2849 stillici-

1632 2933 2017 2993 LECTIONES
2052 2930 2468 2991 VARIANTES.

488 3044 536 3142 ἐξ
561 3046 1274 3142 ζαθέοιοείαηι
1297 3112 1410 3142 fin-io
1438 3112 1540 3142 ΡΛΑ
1591 3113 1759 3142 κωκυ...
1787 3108 1863 3142 Δὀὔ

489 3107 536 3173 2)
561 3107 668 3169 Quo
685 3108 913 3162 diabolus
933 3113 982 3161 in
1004 3107 1276 3163 Ecclesiam
1297 3112 1413 3164 furit
1437 3112 1556 3165 Cod.
1591 3108 1912 3181 Wouw.‘Rig.

2181 3050 2248 3116 (3)
2270 3047 2688 3101 Pestilentiariam
2716 3056 2859 3099 Fran.

1774 3239 2341 3297 COMMENTARIUS.

403 3388 589 3448 eorum
616 3374 918 3448 vastissime
948 3375 1092 3448 loqui
1122 3384 1177 3432 et
1216 3375 1595 3448 vociferanter.
1626 3376 1865 3432 lllusuat
1894 3377 1999 3434 Hea
2024 3380 2068 3442 C
2102 3378 2249 3433 tione
2297 3376 2365 3432 ad
2402 3374 2736 3431 adorandum
2784 3389 2981 3445 corpus
3025 3373 3417 3445 Christi,_cum
3444 3376 3497 3432 in
3543 3376 3707 3434 missa

402 3444 588 3520 [aldus
616 3447 671 3500 in
698 3444 1037 3520 Arnobium,‘
1064 3447 1156 3502 lib.
1182 3449 1245 3520 A7.
1277 3463 1342 3520 ex
1370 3447 1630 3520 Crantore
1650 3490 1664 3513 ,
1717 3450 1806 3520 qui
1855 3448 1999 3519 apud

404 3515 696 3589 Diogenem
728 3516 941 3589 dicebat
992 3518 1262 3589 tragoedos
1303 3518 1503 3574 habere
1554 3515 1750 3573 vocem'
1783 3515 2002 3575 a'twcliixe'

401 3610 500 3663 τον.
527 3586 984 3663 Ex_Demoslhene
1011 3586 1371 3663 qniABschini
1395 3589 1581 3659 objicit
1606 3599 2002 3663 φωνασκίαςᾉεπι-

404 3660 568 3724 ausu.
603 3657 733 3712 Nam
783 3657 1074 3714 Eschinés
1101 3660 1437 3715 histrioniam
1465 3657 1818 3715 exuri-uerat.
1868 3661 2000 3716 ιω.

473 3726 552 3799 (u)
581 3728 841 3800 Spongias
870 3731 1215 3786 retiariorum.
1268 3731 1533 3801 Spongias
1564 3732 1691 3787 dicit
1732 3733 1862 3787 retia
1920 3732 2001 3787 sic

402 3807 522 3870 apta
551 3803 831 3854 certamini
855 3843 870 3864 ,
906 3812 962 3854 ut
990 3801 1158 3857 effusa
1185 3804 1237 3856 in
1262 3803 1629 3857 adversarium
1656 3818 1776 3858 sese
1795 3818 2000 3870 expan-

401 3869 617 3944 derent,
647 3870 1035 3940 confestimque
1060 3882 1330 3928 contracta
1369 3873 1453 3944 sic
1471 3874 1794 3944 prehensum
1817 3869 2001 3944 attra-

402 3938 623 4013 herent,
650 3958 754 3996 non
788 3951 846 3996 ut
871 3938 1017 4013 vivus
1039 3953 1340 4013 caperetur,
1367 3938 1550 3999 sed'ut
1575 3945 1775 3999 retiarii
1804 3943 2002 3998 fulciua

402 4026 496 4082 seu
529 4012 756 4066 tridente
784 4012 1184 4069 confoderetur.
1217 4014 1344 4068 Tale
1364 4016 1502 4070 forte
1524 4030 1591 4068 an
1626 4015 1723 4070 fuit
1755 4025 1867 4070 rete
1896 4029 2004 4082 quo

403 4080 640 4157 Pittacus
671 4084 959 4155 Phrynona
991 4085 1390 4157 Pancratiasten
1423 4086 1682 4157 singulari
1708 4080 2004 4157 certamine

403 4152 699 4208 involutum
731 4152 1146 4226 curreptutnque
1174 4156 1461 4211 interfecit.
1486 4152 1691 4223 Σῖπὸοηον
1716 4156 1887 4212 Graeci
1923 4156 2004 4209 di-

409 4239 537 4300 xcre
575 4234 711 4300 παρὰ
756 4235 811 4280 τὸ
838 4233 973 4295 σσᾴν
994 4268 1008 4291 ,
1040 4236 1093 4281 et
1112 4239 1327 4300 σφόγγον,
1360 4227 1502 4300 quod
1536 4228 1752 4296 propius
1803 4227 2011 4300 accedit

401 4295 466 4347 ad
495 4295 713 4351 verbum
740 4304 947 4368 σφξγνειν
972 4339 986 4359 ,
1022 4295 1305 4368 ntruinquc
1354 4295 1692 4357 retiariorum
1723 4297 2003 4352 certamini

402 4368 750 4440 Conveniens.
778 4367 907 4421 Nam
939 4379 1061 4422 sunt
1090 4367 1286 4440 rctiarii
1340 4371 1603 4440 "animi
1651 4380 1767 4440 πρὸς
1816 4372 2008 4440 αὐτοὺς.

402 4465 475 4510 1—-
520 4436 783 4510 _Spongias
821 4439 1179 4510 retiariorum.
1238 4439 1389 4494 Mitto
1441 4456 1561 4510 quae
1592 4436 1853 4508 Rigaltius
1896 4439 2011 4510 fad-

404 4505 577 4561 duxit.
606 4505 829 4563 lletiarii
860 4512 1098 4578 spongiis
1149 4511 1221 4564 uti
1255 4505 1504 4565 solebant
1523 4510 1587 4563 ad
1614 4505 2001 4580 eitergendutn

403 4580 713 4645 sanguinem
740 4595 772 4634 e
798 4581 1105 4636 vulneribus
1127 4580 1473 4637 defluentem.
1498 4580 1575 4634 L1»:
1594 4580 1689 4633 Pu.
1754 4628 1764 4633 -

408 4647 560 4717 π’(Ιι)
584 4650 749 4714 Quale
774 4661 848 4704 est
893 4652 1025 4704 enim
1047 4652 1111 4705 de
1140 4651 1370 4706 Ecclesia
1400 4648 1523 4704 Dei.
1550 4650 1720 4705 Etiam
1746 4650 1811 4704 ad

430 4661 462 4691 ·’
479 4661 560 4706 lli)
584 4661 749 4706 Uuate
774 4661 848 4704 est
893 4661 1025 4704 enim
1047 4661 1111 4705 de
1140 4661 1370 4706 Ecclesia
1400 4661 1523 4704 νει.
1550 4661 1720 4705 bttam
1746 4661 1811 4704 ad
1835 4665 2005 4704 $3300-

402 4716 514 4772 Ium
544 4716 828 4792 AuguSIini
882 4721 1110 4778 durasse
1141 4722 1298 4776 istam
1347 4720 1752 4792 perversitatem
1783 4729 2011 4792 testatur

402 4791 727 4862 sanctissimi
774 4792 874 4845 viri
907 4793 1086 4861 gravis
1126 4790 1363 4862 querela
1393 4793 1443 4845 in
1474 4791 1610 4861 psal.
1638 4791 1709 4847 59
1742 4807 1756 4843 :
1793 4790 2010 4856 Quantis

401 4860 561 4914 turbis
586 4862 866 4932 implentur
899 4860 1163 4934 Ecclesitp,
1196 4864 1453 4932 stipantur
1478 4863 1728 4934 parietes,
1759 4863 2010 4934 pressaris

404 4945 460 5003 se
486 4942 669 5003 urgent
696 4974 712 4997 ,
742 4949 902 5003 prone
936 4950 990 4989 se
1014 4932 1269 4999 suﬂ'ocant
1324 4932 1670 4987 multitudine.
1706 4933 1901 4987 Rursus
1947 4933 2011 4987 ab

399 5000 473 5074 eis
495 5002 621 5074 ipsis
642 5044 657 5068 ,
689 5000 748 5056 si
763 5000 947 5059 mimus
994 5014 1092 5072 est,
1120 5006 1343 5058 curritur
1369 5004 1437 5058 ad
1458 5004 1908 5074 antpltitlteutrum.
1941 5003 2012 5058 Et

399 5069 453 5123 in
488 5069 621 5141 pSaI.
652 5074 723 5129 50
751 5094 764 5128 :
798 5074 861 5130 Si
888 5079 1019 5147 forte
1037 5069 1089 5129 in
1117 5076 1228 5146 ipso
1250 5075 1395 5130 Circo
1417 5069 1590 5143 aliqua
1609 5091 1673 5130 ea:
1699 5091 1879 5129 caussa
1909 5090 1999 5128 ea:-

384 5152 671 5217 ‘parcscant
697 5186 713 5209 ,
744 5148 983 5200 continuo
1007 5162 1061 5201 se
1083 5147 1285 5217 signant
1309 5187 1325 5210 ,
1353 5155 1399 5201 et
1428 5156 1564 5200 sttmt
1598 5147 1703 5200 illic
1743 5155 1999 5216 portantes

395 5212 452 5264 in
486 5216 678 5284 fronte,
710 5217 846 5271 unde
884 5212 1182 5272 abcederent
1206 5259 1223 5286 ,
1254 5222 1298 5272 si
1325 5217 1492 5271 hocin
1535 5218 1685 5271 corde
1716 5212 1993 5288 portarent.

1514 5288 1633 5344 Bm.

467 5356 542 5427 (c)
573 5356 701 5414 Illas
727 5376 909 5415 manus
935 5376 1063 5430 quas
1100 5360 1168 5413 ad
1195 5358 1361 5413 Deum
1387 5360 1646 5414 extuleris.
1686 5358 1871 5430 Dolet,
1903 5372 1997 5412 eas

396 5447 586 5491 manus
612 5448 731 5501 qua:
761 5428 988 5485 sublatie
1028 5431 1095 5484 ad
1143 5433 1345 5494 Deum,
1374 5432 1622 5499 occupari
1652 5430 1733 5501 rei
1762 5428 1987 5501 idolola-

394 5507 563 5562 tricze.
594 5499 794 5557 Eadem
817 5501 1035 5571 querela
1064 5503 1238 5570 magni
1262 5502 1537 5555 Athanasii
1563 5500 1785 5571 Apolog.
1805 5499 1991 5554 adver-

394 5591 489 5633 sus
513 5582 731 5646 gentes,
764 5570 851 5626 ubi
884 5573 1030 5646 dolet
1055 5573 1291 5626 membra
1324 5573 1516 5646 dicata
1541 5572 1648 5646 Deo
1677 5611 1692 5635 ,
1727 5570 1987 5646 inservire

397 5641 662 5702 idolorum
693 5644 952 5714 obsequio
974 5685 987 5705 .
1018 5644 1262 5711 interque
1288 5644 1386 5696 alia
1416 5641 1633 5696 adducit
1675 5643 1834 5694 etiam
1874 5656 1988 5714 ma-

396 5731 500 5772 nus
522 5732 640 5788 qua:
671 5715 824 5788 facta:
845 5711 929 5788 Isi;
952 5719 1390 5788 intulistis/1:56;
1415 5724 1498 5788 τὸ)
1521 5720 1633 5766 Θεὸν
1673 5716 1831 5788 ᾠκήςέ
1876 5711 1984 5765 Pu.

398 5796 516 5841 tant
542 5781 711 5857 'aliqui
756 5784 1264 5857 verbaiTertulliani
1305 5781 1380 5855 (in
1430 5783 1512 5857 his
1557 5791 1641 5837 est
1680 5781 1986 5857 Stephanus

404 5857 531 5914 Dur.
563 5853 803 5918 de'ritib.
829 5856 993 5927 eccl.)
1020 5856 1275 5927 capienda
1297 5853 1415 5914 esse
1439 5853 1504 5911 de
1527 5868 1778 5910 manuum
1802 5853 1984 5913 subla-

2104 3449 2385 3504 attollitur.
2414 3448 2546 3504 Lac.

2180 3541 2259 3612 (d)
2296 3540 2380 3596 Ea:
2407 3556 2492 3612 ore
2516 3556 2615 3609 quo
2640 3554 2815 3612 amen
2842 3540 2896 3594 in
2934 3538 3183 3594 Sanctum
3212 3538 3706 3612 protuleris.ﬂSanc-

2107 3611 2217 3669 tum
2272 3611 2511 3682 iutellige
2537 3652 2552 3677 ,
2595 3611 2913 3682 mjsterium
2942 3653 2958 3674 ,
3005 3622 3401 3666 sacramentum
3431 3653 3447 3675 ,
3500 3611 3710 3681 Corpus

2110 3683 2345 3740 Domini.
2383 3680 2596 3738 Etenim
2627 3680 2828 3753 Fidelis
2854 3682 3080 3752 quisque
3109 3682 3339 3753 oblatam
3386 3682 3557 3753 sihia
3572 3680 3713 3753 prte-

2108 3754 2225 3809 side
2244 3753 2587 3808 eucharistite
2627 3752 2920 3808 buccellam
2951 3751 3072 3808 cum
3098 3753 3180 3805 his
3210 3751 3408 3815 verbis,
3440 3751 3711 3808 CORPUS
3804 3800 3815 3811 .

2104 3825 2407 3887 CHRISTI,
2438 3824 2707 3893 accipiens
2731 3823 2943 3877 dicebat
2968 3865 2983 3887 ,
3017 3822 3230 3887 AMEN,
3263 3823 3404 3892 quod
3426 3831 3529 3885 est,
3559 3822 3705 3877 Fiat.

2106 3898 2434 3967 Augustinus
2453 3894 2715 3967 Sermone
2741 3894 2807 3967 ad
2830 3893 3061 3967 infantes
3088 3894 3155 3950 de
3183 3893 3424 3967 Sacram.
3453 3912 3466 3951 :
3492 3893 3553 3947 Si
3583 3910 3706 3962 ergo

2106 3964 2336 4022 vos'estis
2358 3982 2543 4037 corpus
2565 3964 2751 4019 Christi
2779 3975 2824 4018 et
2846 3964 3068 4018 membra
3088 4006 3102 4030 ,
3147 3965 3439 4035 mysterium
3486 3975 3710 4018 vestrum

2102 4039 2160 4092 in
2194 4054 2366 4091 mensa
2396 4036 2601 4090 Domini
2640 4038 2857 4106 positum
2881 4045 2955 4107 est
2992 4051 3009 4089 :
3058 4035 3353 4107 mysterium
3375 4034 3585 4088 Domini
3615 4050 3710 4087 ac-

2110 4110 2298 4177 cipitis.
2325 4107 2405 4161 Ad
2425 4109 2479 4160 id
2500 4105 2787 4177 quodestis
2807 4148 2821 4169 ,
2854 4105 3015 4159 Amen
3044 4105 3396 4177 respondens,
3416 4117 3712 4177 atrespon-

2114 4174 2279 4235 dendo
2308 4174 2639 4232 subscribitis.
2672 4176 2834 4246 Audis
2862 4193 2982 4246 ergo
3001 4216 3018 4239 ,
3045 4174 3312 4241 CORPUS
3338 4174 3633 4246 CHRISTI,
3666 4183 3713 4229 et

2116 4250 2392 4319 respondes
2415 4290 2428 4309 ,
2462 4246 2672 4301 AMEN.
2698 4244 2825 4319 Esto
2851 4244 3130 4319 membrum
3142 4247 3382 4319 corporis
3403 4245 3595 4301 Christi
3618 4286 3632 4310 ,
3656 4255 3714 4300 ut

2115 4316 2286 4376 verum
2311 4321 2376 4372 sit
2400 4319 2581 4372 Amen.
2625 4317 2939 4371 Ambrosius
2970 4316 3062 4386 lib.
3090 4317 3153 4373 IV
3199 4318 3268 4371 de
3296 4316 3535 4371 Sacram.
3583 4332 3709 4386 cap.

2117 4393 2172 4448 5.
2204 4391 2336 4443 Dicit
2363 4388 2449 4442 tibi
2471 4388 2708 4441 sacerdos
2730 4429 2746 4451 ,
2773 4385 3045 4443 COBPUS
3069 4386 3341 4442 CHRISTI
3367 4428 3382 4449 ,
3412 4396 3457 4440 et
3484 4397 3537 4439 tu
3583 4385 3715 4440 dicis

2118 4460 2333 4523 AMEN,
2360 4461 2455 4514 hoc
2482 4468 2555 4512 est
2595 4457 2802 4512 Verum.
2836 4456 2986 4523 Quod
3023 4458 3293 4526 conﬁtetur
3321 4457 3524 4526 lingua,
3550 4466 3717 4526 teneat

2119 4474 2333 4523 AMISLV,
2360 4474 2455 4514 noc
2482 4474 2555 4512 est
2598 4474 2802 4512 verum.
2836 4474 2985 4523 unoa
3023 4474 3293 4526 conaretur
3321 4474 3392 4511 tm
3430 4474 3524 4521 ua,
3550 4474 3711 4509 lenem

2119 4531 2351 4599 affectus.
2404 4529 2686 4585 Cornelius
2730 4527 3212 4599 Episcopus_Rotn.
3261 4528 3315 4581 in
3363 4474 3451 4599 illa
3481 4525 3711 4599 epistola

2036 4586 2091 4646 D
2116 4586 2236 4673 quae
2276 4599 2505 4673 refertur
2533 4599 2603 4654 ab
2621 4586 2985 4673 Eusebiolih.
3011 4596 3057 4673 _V
3107 4599 3244 4651 Hist.
3272 4596 3407 4652 eccl.
3597 4596 3709 4673 _5l_.

2109 4664 2230 4744 jure
2253 4671 2459 4726 notavit
2481 4672 2809 4744 sacrilega!"
2833 4669 3024 4744 Novati
3069 4678 3307 4744 mentem
3327 4707 3344 4733 ,
3374 4664 3614 4744 eo_quot_l
3643 4666 3714 4720 ab

2114 4736 2332 4800 suarum
2358 4741 2587 4811 partium
2609 4736 2863 4794 frairihus
2887 4738 3279 4811 Eucharistiam
3300 4736 3715 4807 accipientibus,

2112 4830 2214 4885 pro
2242 4808 2469 4868 formula
2524 4811 2781 4885 solemni,
2803 4825 2905 4885 qua
2953 4808 3242 4885 porrigenti
3286 4815 3712 4885 sacramentum,

2113 4879 2418 4953 dicentique
2442 4897 2640 4952 corpus
2659 4879 2858 4953 Christi
2888 4879 3312 4953 reSponrlebatur
3329 4916 3357 4953 ,Α
3378 4880 3544 4953 Amen
3569 4879 3714 4953 .jus-

2110 4949 2395 5027 jurandu-m
2426 4949 2683 5008 adversus
2724 4950 3035 5005 Pontificem
3083 4951 3242 5027 Rom.
3276 4949 3458 5027 exigit.
3483 4951 3589 5001 ἀντὶ
3620 4954 3705 5001 τοῦ

2114 5018 2261 5082 iii-uiti
2291 5031 2584 5095 λαμϐάνοντα
2603 5034 2687 5078 τὸν
2709 5027 2850 5093 ἄρτον
2870 5027 3071 5088 ἐκεῖνον,
3099 5032 3153 5076 τὸ
3178 5023 3327 5088 ἀμήν.
3358 5018 3478 5075 RIG.

2175 5119 2251 5191 (e)
2296 5126 2395 5173 ΕΙΣ
2430 5123 2675 5191 stertas
2715 5116 3118 5191 ΑΠ’ᾼΙΩΝΩΜ.
3151 5112 3400 5191 Ιιμοοᾶ..
3425 5108 3691 5191 Agebardi

2100 5181 2308 5246 tantum
2339 5190 2534 5260 legitur
2556 5229 2572 5255 ,
2605 5186 3115 5260 Et$_AIl’A:InNO$.
3151 5184 3241 5239 alii
3262 5182 3469 5260 omnino
3499 5181 3688 5260 dicere,

2101 5264 2199 5317 nisi
2229 5260 2338 5314 Deo
2359 5251 2418 5315 etv
2427 5251 2648 5314 Christo.
2678 5257 2840 5313 Notat
2866 5257 3227 5312 'I‘ertullianus
3247 5254 3389 5323 quod
3420 5251 3696 5306 acclamas

2103 5342 2213 5387 tum
2244 5332 2405 5385 fuisso
2431 5329 2729 5385 Commodo
2754 5327 2946 5383 Narrat
2975 5328 3071 5382 Dio
3099 5368 3115 5395 ,
3164 5331 3361 5381 ΝΙΚΔΣ
3390 5328 3692 5379 ΝιΚΗΣΕιΣ

2099 5404 2197 5460 ΑΠ’
2224 5401 2595 5467 AlnN02._lib.
2628 5416 2789 5455 Lxxtt.
2823 5399 2944 5454 Βία.

2163 5495 2315 5552 CAP.
2350 5494 2541 5550 XXVI.
2572 5524 2644 5534 —
2666 5493 2731 5565 (f)
2764 5492 2892 5567 Ejus
2935 5492 3176 5567 mulieris.
3211 5487 3534 5567 Exemplum
3557 5481 3702 5538 istud

2092 5567 2517 5622 laudatissitnum
2538 5560 2697 5635 atque
2714 5560 2955 5619 omnium
2980 5564 3138 5635 vulgo
3159 5562 3211 5615 in
3235 5575 3350 5616 ore.
3375 5560 3698 5635 Sttspiearer

2092 5638 2181 5695 hic
2204 5637 2485 5693 mulierem
2509 5626 2652 5689 illam
2679 5653 2706 5687 a
2736 5635 2984 5690 daemone
3009 5626 3282 5687 obsessam
3308 5671 3323 5697 ,
3351 5628 3493 5700 quod
3518 5626 3703 5700 forsan

2090 5709 2398 5765 inconsulto
2441 5716 2533 5761 aut
2574 5707 2840 5761 renitente
2867 5705 3056 5759 marito
3092 5694 3317 5757 adiverit
3343 5694 3695 5775 spectacula.

2090 5781 2291 5837 Caussa
2317 5778 2459 5833 enim
2488 5779 2586 5832 ista
2611 5779 2713 5831 erit
2739 5776 2968 5847 repudii,
3003 5785 3060 5831 ttt
3085 5774 3279 5844 legitur
3303 5767 3407 5829 libf
3426 5772 3481 5827 5.
3511 5767 3577 5825 C.
3614 5767 3700 5821 tit.

2090 5853 2181 5908 17.
2205 5851 2271 5906 de
2299 5848 2573 5920 Repudiis.
2607 5847 2683 5903 LE
2708 5848 2803 5903 Pa.

3696 5984 3710 6011 ι
