4252 6270
535 330 649 389 663

1897 322 2361 381 TERTULLIANI

3736 319 3842 380 66b

541 448 844 503 Christianis
870 447 1010 500 idola
1042 444 1377 516 fabrefacere,
1422 448 1512 495 aut
1551 440 1769 496 vendere
1810 438 2136 505 adoraturis,
2165 438 2219 499 Α
2243 437 2475 505 dacium,
2532 451 2697 508 quum
2725 444 2833 491 tota
2859 436 3155 493 substantia
3200 435 3318 507 ejus
3346 435 3580 494 mendax
3630 436 3721 492 sit.
3765 436 3842 492 Ita

541 556 603 593 ac
627 538 828 609 quidem
854 552 969 589 cum
993 534 1135 588 aliud
1165 550 1263 587 non
1296 532 1502 598 habent,
1530 532 1665 585 unde
1685 532 1852 585 vivant
1879 529 2016 601 (cap.
2050 527 2131 600 5).

546 630 794 685 Prohibet
841 627 991 681 etiam
1038 625 1428 694 aediﬁcationem
1471 623 1671 694 templi,
1717 636 1844 687 arae,
1875 620 2131 686 wdiculw,

547 725 729 779 domus
757 723 811 775 in
834 721 1076 775 honorem
1099 719 1352 773 idolorum
1395 718 1531 790 (cap.
1575 716 1655 787 8).
1690 715 1825 784 Quin
1850 716 2000 769 etiam
2040 729 2133 768 ne-

549 814 850 886 gotiationes
874 811 1115 865 mercium
1143 827 1339 877 earum,
1369 825 1483 881 qua:
1506 808 1574 863 ad
1611 807 1956 863 idololatriom
1982 805 2138 876 perti-

548 914 668 960 nent
697 905 835 977 (cap.
866 903 955 976 11)
978 921 989 956 :
1016 921 1045 956 α
1069 904 1213 975 festis
1238 919 1435 972 quoque
1465 902 1638 955 diebus
1664 901 1816 955 etiam
1845 896 2135 952 entraordi-

553 999 713 1054 nariis
771 996 1123 1051 abstinendum
1174 993 1333 1066 (cap.
1381 992 1495 1063 1⁸5)
1547 1012 1559 1047 :
1614 1007 1773 1062 neque
1802 992 1957 1045 servis
1993 990 2145 1044 ficere

546 1089 809 1145 ministros
822 1103 928 1142 esse
954 1086 1263 1141 idololatriae
1285 1086 1422 1154 (cap.
1453 1084 1545 1153 18)
1572 1103 1584 1136 :
1610 1098 1766 1152 neque
1785 1082 1976 1136 licitam
2008 1079 2142 1133 mili-

550 1184 695 1245 tiam,
723 1180 776 1233 in
798 1196 898 1245 qua
926 1177 1249 1233 militandum
1277 1178 1340 1232 sit
1362 1176 1453 1230 sub
1477 1176 1623 1247 signo
1647 1173 1839 1227 diaboli
1860 1172 1999 1246 (cap.
2025 1173 2138 1241 I9);

556 1272 920 1345 dejerationem
950 1286 1148 1324 omnem
1179 1284 1264 1324 me
1294 1267 1543 1331 Hercule,
1570 1265 1784 1321 medius
1811 1265 2018 1330 Fidius,
2053 1280 2145 1318 nec

553 1380 654 1418 non
682 1362 1049 1433 abjurationem
1070 1359 1279 1430 Jupiter
1302 1359 1392 1413 tibi
1416 1359 1486 1413 sit
1512 1360 1702 1423 iratus,
1728 1366 1771 1412 et
1801 1356 2133 1443 subsecutum,

540 1460 942 1531 responsionem,
994 1457 1102 1512 imo
1134 1456 1250 1521 tibi,
1274 1455 1483 1510 damnat
1511 1463 1556 1507 et
1579 1462 1861 1507 execratur.
1892 1451 2139 1505 Cancrum

556 1556 613 1608 in
657 1552 959 1624 perlegenda
1006 1553 1099 1605 ltoc
1140 1559 1357 1604 tractatu
1385 1549 1687 1602 discretione
1712 1562 1842 1616 opus
1869 1554 1943 1599 est
1973 1561 1992 1598 :
2024 1559 2138 1613 qua:

542 1648 682 1702 enim
706 1648 841 1701 velut
883 1645 1139 1717 generalia
1185 1643 1439 1714 principia
1476 1639 1823 1694 Tertullianus
1852 1639 1933 1692 Itic
1960 1638 2136 1708 ponit,

546 1740 657 1809 {ere
692 1739 863 1793 omnia
906 1754 1024 1790 vera
1054 1744 1208 1801 sunt;
1251 1751 1352 1788 non
1394 1742 1564 1786 autem
1594 1732 1765 1786 omnia
1811 1746 1927 1785 vera
1968 1738 2132 1797 sunt,

550 1846 665 1900 qua:
683 1830 865 1883 exinde
894 1828 1114 1881 deducit.
1143 1826 1312 1881 Luae.

1081 1917 1310 1974 CAPUT
1352 1914 1642 1971 PRIMUM.

613 2014 913 2085 Principale
969 2014 1170 2067 crimen
1242 2010 1455 2081 generis
1483 2008 1724 2073 humani,
1772 2021 2023 2062 summus
2051 2020 2140 2061 se-

538 2108 645 2163 culi
691 2117 894 2170 reatus,
922 2085 1045 2158 'tota
1102 2117 1292 2158 caussa
1351 2100 1577 2171 judicii,
1631 2098 1950 2154 idololatria.
2005 2086 2139 2152 Nam

538 2203 640 2258 etsi
666 2216 817 2257 suam
870 2198 1104 2268 speciem
1163 2204 1307 2250 tenet
1362 2193 1795 2263 unumquodque.
1835 2191 2089 2247 delictum
2122 2232 2137 2255 ,

540 2296 641 2351 etsi
695 2308 793 2348 suo
847 2307 1060 2362 quoque
1115 2288 1332 2344 nomine
1384 2288 1506 2357 (1)
1571 2286 1771 2356 judicio
1814 2284 2135 2350 destinatur,

540 2388 594 2442 in
646 2385 958 2440 idololatria:
1007 2392 1184 2435 tamen
1257 2379 1482 2434 crimine
1527 2378 1868 2448 expungitur.
1939 2376 2139 2432 Omitte

538 2479 748 2541 titulos.
806 2491 999 2547 operas
1066 2486 1395 2544 recognosce
1443 2469 1525 2543 (2)
1559 2489 1571 2524 :
1605 2470 1936 2535 idololatres,
1992 2467 2135 2524 idem

538 2568 803 2625 homicida
835 2578 938 2623 est.
980 2565 1190 2634 Quteris
1243 2578 1401 2633 quem
1446 2560 1741 2616 occiderit?
1797 2561 1843 2615 si
1888 2558 2014 2630 quid
2069 2560 2137 2615 ad

538 2662 699 2732 elogii
755 2659 1098 2715 amb'tiouem
1158 2655 1305 2717 facit.
1352 2669 1457 2709 non
1510 2662 1847 2717 extraneum,
1902 2667 2000 2707 nec
2037 2652 2140 2705 ini-

537 2755 759 2821 micum,
804 2752 896 2809 sed
937 2768 997 2808 se
1026 2751 1225 2821 ipsum.
1256 2749 1460 2818 Quibus
1499 2747 1750 2802 insidiis?
1789 2747 1991 2802 erroris
2029 2746 2133 2801 sui.

535 2847 655 2914 Quo
678 2846 819 2901 telo?
847 2843 1047 2898 oll‘eusa
1085 2842 1198 2898 Dei.
1224 2841 1366 2909 Quot
1396 2839 1603 2910 plagis?
1623 2847 1885 2909 quotquot
1910 2837 2137 2893 idolola-

538 2939 675 2992 triis.
702 2935 801 3002 Qui
841 2944 998 3005 negat
1020 2933 1342 2988 idololatren
1372 2931 1598 3000 perisse,
1644 2931 1689 2984 is
1718 2929 1932 3000 negabit
1959 2929 2137 2985 idolo-

535 3028 711 3085 latren
753 3026 1099 3082 homicidium
1149 3024 1358 3080 iecisse.
1416 3022 1646 3078 Proinde
1690 3020 1771 3094 (5)
1812 3022 2136 3079 adulterium

535 3131 588 3177 et
609 3130 851 3191 stuprum
884 3119 936 3173 in
967 3117 1157 3173 eodem
1180 3129 1535 3186 recognoscas
1560 3131 1573 3167 :
1595 3129 1715 3168 nam
1737 3114 1831 3186 qui
1852 3113 1998 3170 falsis
2021 3114 2137 3170 deis

480 3188 489 3213 ³
532 3188 721 3277 servit,
770 3213 889 3268 sine
929 3210 1093 3266 dubio
1138 3208 1347 3264 adulter
1375 3216 1459 3262 est
1499 3207 1763 3276 veritatis,
1809 3208 1932 3277 quia
1971 3222 2134 3264 omne

534 3308 730 3364 falsum
760 3305 1079 3361 adulterium
1109 3312 1209 3358 est.
1238 3300 1327 3358 Sic
1357 3309 1408 3354 et
1439 3300 1491 3354 in
1520 3300 1604 3369 (4)
1632 3308 1827 3370 stupro,
1850 3300 2131 3371 mergitur.

531 3400 663 3468 Quis
705 3399 847 3456 enim
879 3396 1170 3452 immundis
1213 3393 1489 3465 spiritibus
1529 3401 1802 3461 operatus,
1851 3406 1956 3446 non
1998 3406 2130 3447 con-

532 3502 815 3567 Spurcatus
844 3502 897 3547 et
926 3497 1307 3555 constttpratns
1338 3484 1536 3541 incedit
1571 3487 1592 3555 (
1627 3484 1837 3550 Haecin,
1880 3483 2132 3554 XXIII)?

537 3590 712 3656 Atque
741 3583 876 3639 adeo
901 3582 1192 3651 Scriptura:
1235 3588 1434 3633 sancta:
1464 3577 1633 3645 stupri
1678 3575 1939 3632 vocabulo
1968 3585 2131 3629 utun-

534 3688 621 3735 tur
647 3679 698 3731 iu
730 3675 1048 3730 idololatria:
1077 3670 1513 3742 exprobratione.
1544 3667 1772 3722 Fraudis
1796 3666 2036 3722 conditio
2066 3681 2132 3722 ea

533 3779 617 3827 est
662 3767 874 3837 opinor,
904 3764 950 3819 si
979 3765 1100 3834 quis
1128 3763 1366 3817 alienum
1400 3761 1607 3830 rapiat,
1637 3768 1729 3812 aut
1757 3757 1844 3813 alii
1888 3757 2132 3814 debitum

537 3860 785 3930 deneget,
807 3865 862 3911 et
891 3855 1074 3924 utique
1099 3868 1224 3924 erga
1244 3852 1514 3907 hominem
1538 3850 1772 3906 admissa
1796 3850 1941 3905 fraus
1963 3850 2134 3904 maxi-

532 3952 607 4010 mi
629 3948 872 4006 criminis
901 3962 1095 4001 nomen
1132 3955 1234 4001 est.
1270 3945 1485 3999 Ateuim
1530 3942 1832 3998 idololatria
1887 3941 2128 3997 fraudem

529 4044 645 4101 Deo
676 4041 819 4106 facit,
852 4040 1083 4095 honores
1128 4037 1203 4092 illi
1247 4051 1374 4091 suos
1420 4036 1712 4105 denegans,
1760 4044 1817 4090 et
1847 4034 2131 4115 conferens

528 4134 672 4199 aliis,
700 4144 758 4187 ut
784 4132 953 4187 fraudi
984 4133 1145 4186 etiam
1172 4129 1552 4185 contumeliam
1574 4128 1884 4199 conjungat.
1912 4128 2130 4197 Quodsi

532 4233 642 4279 tam
668 4226 812 4279 fraus
856 4238 1015 4294 quam
1055 4231 1301 4294 stuprum
1343 4216 1507 4292 atque
1533 4221 1854 4277 adulteriqu
1899 4231 2130 4278 mortem

530 4316 783 4383 afferunt,
814 4318 923 4393 jam
953 4317 1004 4371 in
1046 4316 1128 4372 his
1158 4329 1311 4385 aeque
1339 4312 1724 4386 (5)idololatria
1749 4314 1817 4370 de
1857 4313 2128 4371 homicidii

525 4419 679 4465 reatu
707 4423 811 4464 non
842 4409 1114 4463 liberatur.
1151 4407 1277 4463 Post
1318 4407 1440 4462 talia
1466 4405 1710 4471 crimina,
1739 4417 1846 4461 tam
1874 4407 2126 4491 exitiosa,

529 4514 640 4560 tam
671 4505 1009 4561 devoratoria
1051 4503 1262 4568 salutis,
1295 4512 1489 4556 czetera
1531 4515 1744 4572 quoque
1786 4500 2018 4570 aliquem
2062 4503 2127 4557 ad
2154 4514 2209 4574 υ

529 4598 747 4654 modum
793 4607 848 4653 et
888 4610 1130 4650 seorsum
1164 4595 1390 4665 proinde
1419 4594 1675 4663 disposita
1698 4635 1711 4655 ,
1742 4595 1794 4649 in
1826 4594 2121 4648 idololatria

532 4689 892 4746 conditionem
920 4703 1071 4742 suam
1111 4697 1523 4760 repraesentant.
1555 4687 1611 4741 l'n
1643 4687 1734 4741 illa
1761 4695 1815 4740 et
1842 4686 2123 4754 concupis-

526 4783 719 4838 centim
744 4782 944 4836 szccnli.
974 4781 1103 4848 Qua:
1142 4782 1284 4834 enim
1311 4780 1627 4834 idololatria:
1658 4779 1969 4834 solemuitas
2008 4778 2125 4834 sine

525 4873 822 4928 ambitione
850 4874 1025 4927 cultus
1054 4882 1109 4927 et
1136 4873 1392 4926 ornatus?
1420 4871 1475 4925 In
1506 4872 1593 4925 illa
1617 4872 1848 4926 lascivia:
1873 4880 1929 4926 et
1948 4871 2125 4927 ebrie-

532 4974 692 5033 tates,
740 4981 862 5022 cutn
913 4965 1199 5036 plurimum
1254 4965 1422 5018 victus
1452 4975 1506 5018 et
1551 4965 1753 5018 ventris
1793 4972 1850 5019 et
1888 4963 2125 5019 libidinis

525 5074 720 5115 caussa
741 5058 1142 5129 frequentantur
1173 5057 1274 5128 (6).
1306 5056 1363 5110 In
1395 5057 1481 5111 illa
1515 5056 1792 5127 injustitia.
1817 5056 1954 5124 Quid
1978 5057 2122 5112 enim

523 5152 775 5223 injustius
799 5166 884 5217 ea,
916 5168 1036 5220 quae
1055 5151 1275 5220 jltslilizt:
1299 5150 1511 5204 Patrem
1543 5151 1737 5206 nescit?
1764 5151 1817 5206 lu
1846 5150 1930 5205 illa
1955 5152 2119 5207 etiam

518 5245 749 5311 vanitas,
805 5259 969 5315 quum
1021 5250 1130 5298 tota
1174 5241 1290 5311 ejus
1321 5241 1459 5297 ratio
1484 5257 1620 5297 vana
1647 5243 1753 5310 sit;
1790 5243 1841 5297 in
1868 5242 1956 5298 illa
1977 5259 2119 5300 men-

2239 530 2319 596 fit,
2353 538 2411 585 ut
2436 528 2618 583 omnia
2650 528 2702 582 in
2732 527 3058 589 idololatria.
3089 538 3144 584 et
3170 528 3223 583 in
3250 528 3501 584 omnibus
3534 527 3837 584 idololatria

2239 620 2695 691 deprehendatur.
2725 618 2832 676 Sed
2872 629 2927 675 et
2968 620 3102 675 alias
3137 635 3301 691 quum
3345 621 3593 675 universa
3642 619 3840 677 delicta

2239 712 2496 768 adversus
2527 711 2810 766 Dominum
2836 712 3068 781 sapiant,
3098 711 3227 766 nihil
3254 720 3434 767 autem
3462 711 3605 783 quod
3632 711 3837 768 adver-

2240 822 2332 864 sus
2355 806 2639 862 Dominum
2668 807 2746 877 (7)
2779 808 2971 878 sapiat,
2996 800 3102 862 non
3142 806 3425 863 daemoniis
3468 815 3523 862 et
3550 805 3841 863 immundis

2245 900 2521 970 spiritibus
2551 892 2861 971 deputetur,
2907 901 3101 971 quibus
3127 899 3265 955 idola
3295 900 3692 969 mancipantur:
3723 901 3842 956 sine

2245 992 2410 1049 dubio
2440 992 2795 1048 idololatriam
2830 991 3088 1061 admittit,
3118 993 3422 1064 quicunque
3448 993 3752 1064 delinquit:
3785 993 3838 1050 id

2245 1086 2390 1142 enim
2420 1083 2545 1140 facit
2572 1085 2714 1156 quod
2742 1085 2809 1141 ad
2838 1085 3101 1141 idolorum
3135 1085 3422 1166 mancipes
3440 1086 3695 1157 pertinet.

2863 1179 3092 1236 CAPUT
3132 1179 3196 1235 II.

2316 1271 2425 1328 Sed
2500 1273 2749 1329 universa
2831 1273 3048 1329 nomina
3116 1268 3402 1329 criminum
3454 1273 3730 1330 discedant
3783 1274 3840 1331 in

2241 1378 2465 1433 operum
2521 1379 2739 1418 suorum
2782 1364 3215 1435 'pr0prietates;
3260 1374 3557 1420 remaneat
3608 1365 3838 1422 idolola-

2242 1456 2340 1510 tria
2399 1456 2449 1509 in
2500 1470 2568 1511 eo
2608 1455 2748 1526 quod
2778 1456 2892 1525 ipsa
2921 1466 3004 1512 est
3035 1473 3048 1510 :
3077 1455 3274 1510 sufﬁcit
3299 1457 3401 1511 sibi
3429 1466 3534 1510 tam
3562 1456 3836 1513 inimicum

2242 1546 2353 1602 Deo
2383 1562 2603 1613 nomen,
2633 1557 2739 1600 tam
2784 1546 3025 1618 locuples
3069 1549 3362 1602 substantia
3421 1548 3681 1614 criminis,
3711 1564 3833 1618 qua:

2244 1646 2322 1692 tot
2349 1652 2530 1714 minus
2554 1639 2803 1710 porrigit,
2828 1648 2934 1693 tam
2963 1654 3126 1694 venas
3150 1639 3388 1695 defundit
3424 1638 3526 1711 (8),
3560 1648 3616 1694 ut
3641 1640 3708 1695 de
3738 1640 3839 1695 huc

2242 1745 2362 1786 cum
2396 1732 2627 1785 maxime
2656 1733 2882 1787 materia
2908 1742 3155 1804 suscepta
3184 1733 3289 1800 sit,
3321 1742 3453 1804 quot
3482 1732 3658 1789 modis
3688 1733 3842 1790 nobis

2168 1800 2217 1860 Β
2248 1823 2593 1894 praecavenda
2626 1825 2698 1879 sit
2724 1816 3040 1883 idololatria:
3068 1800 3622 1894 latitudouQnoniam
3656 1808 3838 1879 inulti-

2245 1914 2431 1970 fariam
2456 1931 2641 1971 servos
2660 1916 2751 1970 Dei
2782 1931 2884 1971 uec
2909 1926 3111 1971 tantum
3136 1916 3400 1987 ignorata,
3425 1915 3523 1972 sed
3550 1917 3712 1972 etiam
3732 1916 3841 1971 disc

2246 2006 2492 2062 simulata
2539 2008 2824 2069 subvertit,
2848 2009 3099 2075 Plerique
3138 2008 3493 2063 idololatrian]
3526 2008 3842 2075 simpliciter

2247 2099 2558 2167 existimant
2602 2100 2685 2155 his
2723 2100 2854 2156 solis
2883 2100 3055 2155 modis
3097 2100 3554 2171 interpretandum
3586 2121 3600 2156 :
3633 2102 3678 2156 si
3722 2102 3844 2173 quis

2247 2202 2340 2247 aut
2382 2193 2650 2259 incendat,
2682 2206 2774 2247 aut
2801 2192 3061 2255 immolet,
3094 2204 3187 2247 aut
3215 2194 3501 2261 polluceat,
3532 2201 3626 2247 aut
3670 2194 3840 2251 sacris

2242 2284 2506 2355 aliquibus
2532 2293 2626 2339 aut
2648 2284 2963 2339 sacerdotiis
2984 2284 3251 2355 obligetur
3275 2303 3289 2337 :
3313 2272 3768 2355 quemadmodum
3787 2284 3832 2340 si

2240 2376 2359 2445 quis
2383 2375 2661 2432 existimet
2687 2376 3009 2432 adulterium
3040 2378 3091 2432 in
3131 2379 3356 2444 osculis,
3398 2388 3454 2434 et
3481 2380 3532 2433 in
3564 2377 3836 2448 amplexi-

2240 2468 2361 2535 bus,
2397 2478 2451 2524 et
2480 2469 2533 2523 in
2564 2469 2674 2539 ipsa
2715 2470 2892 2525 carnis
2922 2472 3308 2541 congressione
3334 2472 3666 2528 censendum
3701 2492 3715 2527 :
3744 2482 3836 2527 aut

2242 2558 2586 2615 homicidium
2612 2560 2670 2614 in
2697 2561 2809 2615 sola
2835 2562 3111 2632 sanguinis
3135 2562 3461 2632 profusione,
3487 2573 3539 2619 et
3568 2566 3617 2618 in
3635 2564 3833 2619 anima?

2239 2654 2515 2721 ereptione
2545 2655 2898 2721 reputandutn
2931 2655 2949 2726 (
2975 2656 3182 2721 illatua,
3219 2657 3280 2725 V,
3303 2658 3375 2713 22
3397 2657 3440 2731 ).
3466 2659 3673 2715 Ateuim
3722 2658 3833 2713 Do-

2241 2743 2418 2798 minus
2438 2759 2596 2813 quam
2618 2746 2901 2801 extensius
2928 2747 3025 2800 ista
3048 2747 3297 2818 disponat
3311 2751 3442 2803 certi
3469 2764 3674 2813 sumus,
3710 2765 3834 2805 cum

2241 2836 2563 2893 adulterium
2595 2839 2757 2893 etiam
2787 2840 2838 2892 in
2873 2842 3301 2911 concupiscentia
3328 2843 3606 2914 designat,
3638 2843 3682 2898 si
3704 2858 3836 2898 ocu-

2242 2931 2349 2985 lum
2374 2930 2492 3000 quis
2532 2932 2812 3003 impegerit
2842 2933 3145 3001 libidinose,
3178 2945 3232 2990 et
3260 2936 3493 2990 animam
3519 2952 3836 2993 commerce

2242 3023 2314 3077 rit
2343 3022 2611 3093 impudice
2657 3023 2927 3095 (ibidem)
2978 3043 2991 3081 :
3033 3040 3154 3081 cum
3189 3026 3537 3082 homicidium
3581 3027 3742 3083 etiam
3782 3028 3834 3082 iu

2240 3114 2406 3170 verbo
2450 3114 2722 3171 maledicti
2754 3117 2841 3172 vel
2880 3118 3104 3173 convicii
3133 3117 3338 3188 judicat
3378 3119 3481 3192 (9),
3515 3128 3571 3175 eL
3605 3120 3659 3174 in
3688 3121 3833 3175 omni

2242 3205 2441 3275 impetu
2472 3207 2585 3274 iraa,
2619 3216 2673 3262 et
2703 3207 2759 3261 in
2786 3208 3107 3280 negligentia
3143 3210 3381 3266 caritatis
3409 3211 3461 3265 in
3485 3210 3726 3267 fratrem.
3748 3212 3833 3268 Si-

2239 3307 2330 3351 cut
2359 3295 2565 3370 (Joan.,
2596 3297 2686 3364 III,
2709 3299 2798 3369 15)
2815 3299 3052 3357 Joannes
3071 3301 3228 3358 docet
3256 3302 3580 3359 homicidam
3601 3320 3723 3362 esse
3742 3306 3834 3377 qui

2239 3388 2413 3444 oderit
2459 3388 2699 3445 fratrem.
2733 3392 2981 3462 Alioquin
3030 3395 3084 3448 in
3131 3395 3345 3450 modico
3395 3396 3738 3464 consisteret,
3781 3406 3837 3454 et

2238 3482 2435 3537 diaboli
2465 3483 2735 3555 ingenium
2776 3483 2844 3539 de
2886 3486 3105 3551 malitia,
3137 3497 3192 3542 et
3237 3488 3330 3543 Dei
3380 3489 3589 3544 Domini
3623 3490 3740 3563 (I0)
3766 3489 3836 3547 de

2238 3574 2539 3645 disciplina,
2571 3591 2674 3647 qua
2712 3592 2813 3631 nos
2844 3578 3105 3633 adversus
3131 3577 3330 3633 diaboli
3358 3579 3672 3638 altitudines
3717 3581 3837 3655 (11)

2238 3668 2410 3724 munit
2439 3668 2698 3739 (Mallia,
2734 3669 2799 3735 V,
2826 3673 2899 3742 cf.
2938 3672 3125 3741 Apoc..
3160 3670 3223 3726 V.
3250 3672 3370 3743 24),
3403 3673 3448 3729 si
3494 3675 3545 3728 in
3588 3673 3672 3728 bis
3711 3673 3830 3745 (12)

2240 3770 2443 3817 tantum
2467 3761 2674 3819 delictis
2695 3761 3082 3831 judicaremur.
3115 3779 3235 3832 qua:
3260 3765 3419 3820 etiam
3446 3765 3692 3820 nationes
3729 3765 3828 3821 dc-

2236 3862 2521 3907 creverunt
2562 3852 2901 3907 vindicanda.
2953 3853 3235 3921 Quomodo
3282 3855 3574 3910 abundabit
3622 3854 3830 3925 justitia

2236 3955 2416 4000 neStra
2447 3959 2610 4013 super
2636 3945 2838 4000 scribas
2868 3957 2923 4001 et
2948 3948 3264 4018 pharismos,
3299 3959 3358 4002 nt
3388 3948 3647 4003 Dominus
3688 3963 3830 4019 prte-

2236 4037 2473 4106 scripsit,
2503 4037 2601 4091 nisi
2630 4036 3011 4092 abundantiam
3040 4038 3366 4094 adversaria:
3394 4040 3531 4109 ejus,
3564 4040 3615 4093 id
3643 4051 3727 4094 est
3754 4041 3835 4095 in-

2231 4129 2453 4200 justitia:
2480 4130 2953 4200 perspexeritnus?
2982 4129 3135 4199 Quod
3166 4132 3209 4184 si
3238 4144 3398 4200 caput
3425 4133 3696 4202 injustilize
3715 4132 3831 4188 ido-

2232 4222 2443 4278 Iolatria
2483 4231 2585 4286 est,
2615 4222 2763 4291 prius
2804 4232 2887 4278 est
2916 4223 2988 4277 uti
3022 4223 3284 4279 adversus
3307 4224 3692 4281 abundantiam
3722 4224 3834 4281 ido-

2232 4316 2458 4372 lolatria:
2491 4315 2931 4385 prmmuuiatnur.
2960 4316 3086 4372 dum
3120 4318 3260 4373 illam
3285 4332 3393 4373 non
3426 4319 3601 4374 solum
3632 4318 3685 4374 in
3715 4332 3830 4373 nta-

2234 4408 2441 4465 nifestis
2467 4409 2921 4479 recognoscimus.

2836 4501 3066 4557 CAPUT
3115 4502 3201 4559 III.

2301 4592 2506 4649 Idolum
2578 4592 2885 4663 aliquandiu
2950 4601 3096 4648 retro
3169 4610 3273 4648 non
3323 4605 3458 4650 erat.
3510 4595 3828 4667 Priusquam

2227 4685 2387 4756 hujus
2431 4684 2655 4740 monstri
2702 4686 2934 4740 artifices
2978 4685 3313 4750 ebullissent,
3363 4688 3477 4742 sola
3524 4688 3722 4757 templa
3774 4696 3832 4744 et

2229 4792 2408 4833 vacum
2458 4777 2602 4832 aedes
2654 4789 2845 4840 erant,
2905 4778 3044 4833 sicut
3118 4779 3168 4832 in
3232 4779 3551 4835 hodiernum
3605 4780 3830 4853 quibus-

2228 4869 2350 4925 dam
2422 4870 2553 4924 locis
2615 4871 2894 4925 vetustatis
2957 4873 3174 4940 vestigia
3224 4885 3560 4942 permanent.
3621 4874 3826 4931 'I‘amcu

2229 4963 2528 5018 idololatria
2558 4963 2835 5032 agebatur,
2871 4979 2973 5017 non
3006 4964 3057 5018 in
3102 4966 3203 5019 isto
3233 4966 3473 5033 nomine,
3503 4966 3597 5022 sed
3640 4966 3694 5022 in
3723 4967 3829 5023 isto

2225 5070 2409 5126 opere.
2439 5052 2572 5111 Nam
2602 5063 2656 5108 et
2686 5054 3019 5110 hodieextra
3052 5057 3307 5127 templum
3332 5070 3387 5114 et
3414 5059 3531 5113 sine
3558 5058 3705 5113 idolo
3739 5060 3825 5130 agi

2226 5157 2422 5219 potest.
2472 5148 2541 5200 At
2585 5145 2671 5199 ubi
2702 5147 2933 5203 artiliccs
2976 5156 3272 5204 statuarum
3305 5159 3361 5206 et
3407 5150 3719 5221 imaginum,
3766 5161 3825 5208 ct

2224 5241 2401 5298 oumis
2424 5240 2639 5311 generis
2675 5242 3080 5299 simulacrorum
3108 5243 3357 5301 diabolus
3385 5244 3587 5302 saeculo
3611 5246 3815 5316 intulit,

1756 5387 2053 5443 LECTION
2058 5386 2138 5444 ES
2184 5383 2595 5443 VARIAN’I‘ES.

592 5512 638 5573 1)
682 5510 921 5574 Quodque
947 5511 1145 5560 noznine
1169 5512 1294 5561 Jun.

586 5571 638 5635 2)
675 5571 1161 5635 Ομθιιειίτθοοεῃοεω
1184 5574 1304 5624 Jun.
1335 5571 1488 5625 Latin.

677 5634 894 5685 Perinde
922 5633 1077 5686 Puris.

586 5695 637 5761 ἑ)
676 5695 733 5761 1.“
756 5695 889 5761 alia.“
904 5695 1014 5761 Πίθ-

588 5755 641 5818 5)
667 5755 782 5818 jam
807 5757 882 5806 his
903 5755 1045 5818 aeque.
1070 5759 1187 5807 Iun.

587 5816 640 5876 6)
664 5816 1067 5877 Frequententur
1092 5820 1203 5881 Bia.
1267 5866 1275 5882 δ

621 5576 641 5815 Ξ

2270 5511 2347 5632 l2)
2378 5510 2624 5625 Bima;
2648 5510 2941 5623 Idam?
2959 5570 3017 5622 s.

2206 5636 2214 5672 ῖ
2292 5635 2345 5696 9)
2374 5634 2557 5708 Iudicat
2579 5636 2705 5686 Jun.

2271 5636 2378 5815 lat

2300 5758 2347 5807 II

2273 5755 2378 5878 (tt)
2412 5755 2717 5830 Latitudines
2750 5759 2931 5809 Wouw.
2961 5758 3031 5807 Μ.
3055 5756 3244 5822 S.,Rig.

2273 5818 2355 5878 (l2
2409 5818 2463 5868 Si
2486 5821 2562 5869 lus
2582 5818 2689 5871 alu.

2302 5695 2373 5747 101
2413 5695 2676 5746 Dominum
2699 5697 2825 5747 Jun.

2356 5720 2357 5725 η
2413 5697 2676 5746 Dominum

2412 5755 2688 5808 Latitudine

2356 5697 2378 5886 ξ
2409 5818 2463 5868 Si
2486 5821 2562 5869 his
2582 5818 2689 5871 alii.
