4252 6270
359 349 473 414 665

1605 357 1811 415 LIBER
1851 357 1941 416 DE
1979 356 2465 418 IDOLOLATRIA.

3500 314 3501 317 Ν
3560 364 3672 431 sos

360 474 499 531 rude
529 472 660 530 illud
689 470 962 544 negotium
1012 469 1262 528 humante
1304 471 1647 535 calamitatis,
1675 482 1730 529 et
1769 489 1966 530 nomen
1994 475 2047 535 A
2072 490 2324 531 versuros
2348 475 2625 534 daemonas
2647 485 2699 535 et
2724 477 2943 550 Spiritus
2974 476 3308 536 desertorum
3331 481 3665 557 angelorum,

362 567 431 626 de
462 569 621 625 idolis
646 576 996 623 consecutum
1027 574 1131 633 est,
1173 574 1226 621 et
1255 565 1579 636 profectum.
1610 566 1816 623 Exinde
1849 567 1961 638 jam

362 672 525 733 caput
576 660 711 717 facta
758 668 841 714 est
886 658 1203 713 idololatria:
1243 672 1333 712 ars
1376 658 1551 713 omnis
1597 673 1717 728 quae
1762 658 1962 713 idolum

362 753 633 825 quomodo
657 751 788 808 edit.
820 750 1006 821 Neque
1033 751 1176 805 enim
1205 748 1450 816 interest,
1481 764 1549 804 an
1576 750 1777 820 plastes
1811 750 1965 806 cfiiu-

362 855 473 916 gat,
509 860 575 899 an
603 843 824 898 cmlalor
850 841 1151 913 exsculpat,
1181 857 1247 896 an
1301 840 1526 913 phrygio
1554 840 1768 896 detexat
1804 859 1816 896 :
1842 842 1963 912 quia

364 952 464 993 nec
487 937 554 991 de
580 936 800 991 materia
828 932 1015 997 refert,
1043 950 1111 989 an
1136 949 1327 1006 gypso,
1362 949 1428 988 an
1456 933 1748 1000 coloribus,
1780 951 1847 989 an
1883 935 1964 989 la-

363 1029 509 1101 pide,
537 1045 605 1086 au
632 1045 779 1095 aere,
827 1044 894 1083 an
922 1036 1168 1100 argento,
1210 1044 1279 1082 an
1321 1028 1411 1082 lilo
1437 1028 1697 1083 formetur
1740 1028 1965 1084 idolum.

368 1122 593 1191 Quando
639 1123 785 1178 enim
822 1132 878 1178 et
915 1123 1035 1178 sine
1074 1121 1216 1201 idolo
1264 1122 1565 1178 idololatria
1610 1123 1740 1192 fiat,
1784 1126 1967 1195 utique

367 1230 488 1271 cum
519 1215 672 1271 adest
699 1214 897 1269 idolum
924 1213 1057 1268 nihil
1087 1215 1313 1270 interest
1344 1216 1501 1285 quale
1526 1216 1615 1283 sit,
1645 1232 1748 1288 qua
1771 1217 1838 1272 de
1862 1234 1967 1272 ma-

365 1308 517 1375 teria,
549 1325 652 1378 qua
683 1308 752 1364 de
777 1309 953 1379 efﬁgie
995 1308 1077 1379 (l)
1099 1348 1114 1373 ,
1168 1324 1239 1364 ne
1277 1310 1366 1378 qui
1400 1319 1549 1378 putet
1576 1310 1627 1365 id
1653 1312 1822 1366 solum
1851 1313 1965 1368 ido-

364 1402 473 1457 lum
502 1401 831 1467 liabenduni,
859 1399 1002 1472 quod
1027 1400 1257 1456 humana
1280 1400 1456 1471 effigie
1476 1403 1544 1456 sit
1568 1413 1962 1460 consecratum.

364 1493 446 1548 Ad
499 1494 602 1550 boc
655 1493 961 1549 necessaria
1010 1501 1093 1548 est
1121 1492 1364 1548 vocabuli
1394 1493 1765 1563 interpretatio
1802 1512 1815 1548 :
1846 1497 1966 1558 εἶδος

361 1600 538 1655 ειτηερ
581 1585 806 1640 formam
840 1593 1027 1650 sonat;
1081 1583 1241 1639 abeo
1285 1599 1381 1653 per
1415 1584 1823 1642 diminutimieui
1885 1586 1964 1661 (2)

360 1680 552 1732 εἴδωλον
579 1677 888 1739 deductum,
904 1692 1056 1746 aeque
1077 1675 1216 1745 apud
1232 1690 1330 1730 nos
1345 1677 1629 1733 formulam
1644 1678 1785 1734 fecit.
1801 1679 1966 1751 Igitur

361 1768 539 1821 omnis
558 1766 731 1822 forma
752 1767 836 1822 vel
867 1766 1093 1822 formula
1108 1766 1310 1822 idolum
1336 1782 1394 1822 se
1420 1768 1524 1824 dici
1545 1771 1807 1839 exposcit.
1836 1771 1965 1828 Inde

2069 580 2126 626 ut
2150 585 2249 641 pro
2278 570 2391 627 Deo
2415 571 2673 629 adversus
2706 573 2988 629 Dominum
3023 585 3491 632 consecrarentur.
3535 576 3668 633 0m-

2068 663 2155 717 nia
2185 664 2342 734 igitur
2366 665 2494 720 colit
2515 665 2780 721 humanus
2805 682 2980 735 error,
3003 677 3199 738 prteter
3224 668 3397 738 ipsum
3427 672 3668 729 omnium

2068 756 2421 813 conditorem.
2459 758 2656 814 Eorum
2690 761 2947 831 imagines
2972 746 3157 833 idola,
3201 761 3492 833 imaginum
3534 778 3667 820 con-

2069 852 2298 905 secretio
2344 851 2663 908 idololatria.
2707 853 2971 924 Quicquid
3012 853 3313 909 idololatria
3360 856 3665 921 committit,

2072 943 2124 997 in
2156 943 2413 1000 artificem
2437 956 2824 1019 ;quemeunque
2853 957 2909 1004 et
2937 947 3307 1018 cujuscunque
3334 947 3461 1004 idoli
3497 949 3670 1019 depu-

2072 1042 2210 1090 tetur
2236 1050 2455 1091 necesse
2483 1047 2585 1092 est.
2622 1038 2862 1109 Denique
2901 1039 3041 1095 idem
3074 1038 3257 1093 Euoch
3284 1040 3444 1095 simul
3474 1049 3531 1095 et
3553 1042 3668 1096 cul-

2071 1136 2215 1183 tores
2241 1127 2367 1182 idoli
2397 1136 2452 1183 et
2496 1128 2850 1186 fabricatores
2876 1131 2929 1185 in
2957 1131 3376 1187 comminatione
3401 1132 3669 1203 praedam-

2071 1230 2180 1274 nat.
2213 1221 2280 1275 Et
2304 1235 2491 1277 rursus
2542 1220 2627 1291 (6)
2659 1240 2672 1277 :
2704 1222 2838 1277 Juro
2871 1223 3025 1278 vobis
3068 1206 3399 1293 peccatores,
3443 1224 3585 1296 quod
3618 1226 3671 1281 in

2068 1312 2210 1367 diem
2258 1312 2531 1382 sanguinis
2579 1314 2659 1384 ('7)
2710 1313 3023 1379 perditionis
3058 1382 3067 1393 ‘
3101 1313 3413 1384 pinnitentia
3486 1326 3670 1385 parata

2068 1414 2170 1462 est.
2200 1406 2299 1473 Qui
2325 1406 2543 1461 servitis
2566 1406 2850 1477 lapidibus,
2880 1416 2933 1463 et
2962 1407 3052 1478 qui
3094 1408 3353 1477 imagines
3379 1406 3551 1464 facitis
3573 1424 3672 1463 au-

2067 1514 2188 1554 reas
2213 1508 2268 1555 et
2291 1509 2591 1570 argenteas.
2621 1510 2674 1553 et
2705 1500 2928 1567 ligneas,
2969 1508 3025 1554 et
3066 1499 3326 1570 lapideas,
3377 1510 3432 1556 et
3459 1500 3670 1569 fictiles,

2068 1602 2120 1647 et
2145 1591 2359 1647 servitis
2392 1591 2871 1661 phantasmatibus,
2903 1600 2956 1646 et
2984 1591 3289 1659 daznioniis,
3318 1601 3372 1647 ct
3392 1592 3673 1662 spiritibus

2070 1683 2354 1759 infamibus
2384 1683 2465 1758 (8)
2490 1682 2595 1757 (ά),
2625 1693 2681 1739 et
2726 1683 2975 1738 omnibus
3003 1684 3278 1739 erroribus
3327 1699 3432 1739 non
3471 1700 3670 1741 secun-

2068 1775 2195 1832 dum
2242 1778 2544 1843 scientiam,
2598 1775 2805 1830 nullum
2854 1774 2921 1830 ab
2949 1775 3015 1829 iis
3053 1775 3341 1830 invenietis
3383 1776 3670 1832 auxilium.

364 1856 666 1913 idololatria
716 1858 893 1941 omnis
940 1858 1084 1913 circa
1133 1874 1293 1914 omne
1325 1859 1528 1915 idolum
1577 1837 1881 1951 famulatus
1910 1874 1966 1921 et
1993 1837 2042 1898 Β
2073 1869 2257 1924 Esaias
2289 1883 2420 1924 vero
2450 1837 2591 1938 (Is.,
2616 1866 2798 1932 XLIV,
2825 1866 2916 1938 8),
2943 1865 3138 1932 Testes,
3168 1868 3264 1936 ait,
3293 1883 3394 1922 non
3415 1883 3503 1921 vos
3531 1868 3670 1935 estis,

364 1949 615 2006 servitus.
642 1947 769 2005 Inde
792 1936 846 2005 et
870 1950 1185 2006 omnisidoli
1209 1951 1431 2018 artifex,
1453 1953 1693 2024 ejusdem
1723 1965 1778 2011 et
1810 1936 1966 2015 unius

366 2050 448 2097 est
463 2042 707 2098 criminis
724 2060 737 2096 :
754 2043 859 2098 nisi
889 2058 1079 2113 parum
1107 2044 1468 2101 idololatriam
1486 2048 1714 2119 populus
1724 2050 1962 2119 admisit,

363 2133 485 2205 quia
500 2134 842 2190 simulacrum
857 2135 1028 2202 vituli,
1045 2146 1216 2192 etnon
1242 2138 1473 2195 hominis
1489 2139 1590 2195 sibi
1607 2143 1964 2200 consecravit.

826 2288 831 2295 ,
959 2226 1195 2283 CAPUT
1236 2228 1324 2285 IV.

435 2319 642 2376 Idolum
666 2330 772 2377 tam
795 2319 932 2388 fieri,
959 2337 1119 2394 quam
1137 2324 1262 2391 coli,
1292 2323 1432 2381 Deus
1454 2325 1719 2395 prohibet.
1745 2326 1956 2396 Quanto

363 2413 799 2484 praeceditutliat
818 2414 896 2488 (ιι)
923 2415 1063 2484 quod
1077 2415 1178 2470 coli
1199 2418 1391 2487 possit,
1424 2426 1572 2474 tanto
1586 2420 1734 2489 prius
1759 2432 1862 2487 est,
1891 2436 1959 2478 ne

363 2509 477 2572 fiat,
507 2508 550 2564 si
576 2508 676 2564 coli
708 2524 814 2564 non
840 2496 1220 2581 licet.Propter
1244 2509 1383 2565 hanc
1407 2514 1758 2579 caussam,ad
1784 2514 1959 2569 eradi-

362 2598 587 2654 candam
618 2599 826 2656 scilicet
868 2602 1146 2656 materiam
1175 2584 1509 2669 idololatriae,
1538 2602 1621 2658 lex
1634 2603 1813 2659 divina
1837 2621 1959 2676 pro-

361 2693 558 2749 clamat
582 2692 801 2764 (Exod.,
835 2693 1050 2758 XXXII;
1072 2693 1257 2759 Leuit,
1284 2693 1470 2761 X‘XVI,
1497 2697 1548 2762 l;
1578 2695 1755 2760 Deut..
1778 2698 1841 2765 V,
1865 2700 1954 2771 8):

362 2783 447 2841 Ne
461 2786 641 2855 feceris
673 2787 867 2841 idolum
901 2786 1005 2859 (b).
1028 2788 1094 2841 Et
1116 2787 1447 2861 conjungcns
1481 2788 1702 2862 (Exod.,
1729 2790 1846 2858 XX,
1877 2794 1953 2862 8),

362 2893 522 2949 neque
546 2876 933 2934 similitudinem
959 2894 1131 2933 eorum
1148 2895 1261 2948 qua:
1286 2879 1339 2935 in
1367 2880 1492 2936 caelo
1520 2891 1658 2948 sunt,
1683 2892 1731 2938 et
1766 2900 1882 2955 qua:
1905 2887 1959 2940 iu

362 2979 515 3037 terra,
548 2979 594 3025 et
621 2986 735 3042 qnte
758 2970 812 3025 iu
841 2972 990 3024 mari.
1018 2970 1155 3025 Toto
1186 2971 1387 3027 mundo
1437 2973 1701 3042 ejusmodi
1753 2976 1959 3034 artibus

361 3059 816 3118 interdixitservis
840 3063 953 3118 Dei.
974 3064 1354 3120 Antecesserat
1373 3065 1754 3138 (ὄψι-Μίθρης
1770 3069 1957 3127 Euoch

363 3153 532 3261 (4).(c)
562 3154 740 3209 omnia
766 3154 1053 3222 elementa,
1077 3171 1292 3213 onmem
1324 3158 1508 3214 mundi
1533 3162 1962 3236 sensnm(5)quae
1989 3198 2035 3261 Ο

256 3276 270 3288 -
360 3246 520 3313 caelo,
543 3262 663 3318 qua:
677 3248 958 3321 mari,qu:e
970 3257 1112 3305 terra
1131 3251 1495 3320 continentur,
1519 3252 1573 3308 in
1603 3255 1963 3313 idololatria‘m

2070 1963 2113 2015 si
2141 1970 2215 2015 est
2238 1959 2376 2015 Deus
2399 1959 2583 2029 absque
2606 1975 2705 2013 me.
2735 1958 2802 2013 Et
2824 1975 2924 2013 non
2953 1967 3096 2012 erant
3126 1967 3246 2012 tunc
3270 1958 3358 2029 qui
3396 1959 3594 2029 ﬁngunt
3621 1968 3672 2013 et

2070 2053 2388 2122 exsculpuut,
2418 2068 2591 2106 omnes
2620 2052 2756 2118 vani,
2785 2052 2871 2120 qui
2908 2052 3103 2122 faciunt
3129 2051 3273 2104 libita
3302 2050 3429 2116 sibi,
3465 2066 3581 2123 quia
3606 2051 3665 2105 il-

2070 2143 2134 2198 lis
2172 2158 2275 2197 non
2303 2142 2601 2214 proderunt.
2633 2143 2699 2199 Et
2727 2142 2985 2211 deinceps
3019 2150 3127 2196 tcta
3158 2142 3244 2197 illa
3285 2142 3671 2213 pronuntiatio,

2068 2250 2176 2306 qua
2223 2236 2276 2289 in
2314 2235 2569 2300 artiﬁces,
2625 2250 2728 2305 qua
2783 2236 2834 2289 in
2866 2236 3103 2290 cultores
3146 2234 3468 2301 detestatur,
3518 2235 3675 2305 cujus

2063 2328 2301 2385 clausula
2330 2336 2414 2383 est
2457 2326 2559 2400 (Is.
2596 2325 2781 2389 XLIV,
2811 2325 2926 2398 20),
2953 2325 3250 2399 Cognoscite
3292 2325 3429 2397 quod
3456 2324 3582 2380 riuis
3611 2327 3676 2381 sit

2060 2439 2148 2478 cor
2168 2423 2397 2488 illorum,
2429 2433 2477 2477 et
2503 2431 2676 2476 errant
2705 2421 2786 2492 (9)
2832 2421 2900 2492 (e)
2940 2429 2987 2475 et
3013 2436 3160 2475 nemo
3185 2420 3411 2474 animam
3439 2435 3583 2474 suam
3609 2419 3674 2473 li-

2060 2508 2237 2569 berare
2278 2514 2456 2586 possit.
2502 2512 2605 2569 Ubi
2651 2512 2769 2581 (10)
2820 2528 2974 2583 a‘que
3027 2512 3225 2577 David,
3260 2510 3326 2565 Et
3371 2510 3486 2585 (11)
3533 2511 3661 2566 tales

2063 2606 2188 2672 ﬁant
2216 2605 2305 2676 (f),
2336 2606 2528 2676 inquit,
2546 2605 2632 2675 qui
2661 2604 2857 2677 facium
2882 2620 2940 2657 ea
2967 2602 3082 2671 (Ps.
3117 2600 3301 2668 CXIII,
3331 2601 3420 2673 8).
3454 2603 3521 2658 Et
3544 2603 3671 2674 quid

2062 2714 2164 2771 ego
2209 2697 2435 2753 modica:
2465 2697 2741 2751 memori-.1:
2786 2696 2986 2750 homo?
3013 2696 3148 2748 ultra
3178 2694 3304 2765 quid
3347 2695 3673 2765 suggerant?

2064 2789 2192 2861 quid
2215 2789 2447 2846 recolam
2466 2788 2535 2843 de
2554 2788 2846 2857 Scripturis
2861 2789 2885 2840 ‘t
2901 2788 3052 2857 quasi
3074 2794 3165 2867 aut
3189 2802 3294 2839 non
3316 2784 3545 2839 sufficiat
3566 2799 3671 2840 vox

2065 2884 2296 2955 Spiritus
2328 2883 2532 2950 Sancti,
2559 2891 2654 2936 aut
2680 2883 2819 2937 ultra
2842 2877 3252 2935 deliberandum
3282 2884 3374 2945 sit,
3405 2893 3473 2933 an
3506 2878 3674 2933 inalt-

2066 2977 2261 3034 dixerit
2301 2986 2462 3047 atque
2490 2974 3101 3031 damnaveritDominus
3129 2973 3275 3042 ipsos
3306 2970 3457 3043 prius
3486 2972 3670 3026 artiti~

2064 3085 2154 3127 ces
2178 3085 2389 3136 eorum,
2420 3082 2649 3139 quorum
2679 3067 2913 3122 cultores
2935 3063 3209 3121 maledicit
3236 3071 3291 3119 et
3315 3062 3571 3118 damnat?

2711 3157 2938 3214 CAPUT
2976 3156 3042 3211 ν.

2141 3255 2308 3311 Plane
2348 3252 2643 3324 impensius
2683 3248 3134 3321 respondebimus
3179 3246 3246 3302 ad
3299 3245 3673 3303 excusationes

1566 3368 1951 3430 LECTIONES
1986 3368 2407 3429 VARIAN’I‘ES.
2454 3416 2457 3419 ,

426 3476 500 3551 (.1)
532 3476 699 3551 9.0“?
724 3475 885 3551 efﬁgie
906 3480 1024 3551 Jugi-

450 3539 486 3588 2⁷
541 3539 936 3590 Detninutiduem
958 3542 1079 3592 Jun.
1104 3553 1169 3595 ex
1192 3545 1263 3593 Μ.
1292 3544 1345 3594 S.

426 3540 502 3665 i5;
532 3602 675 3665 Enim
697 3603 789 3665 hoc
809 3601 927 3653 add.
955 3604 1107 3665 Frtm.

532 3602 674 3652 Enim
697 3603 789 3652 hoc
809 3601 927 3653 add.
955 3604 1107 3655 Frtm.

446 3662 498 3716 bi
533 3664 698 3714 Euoch
720 3662 853 3714 abest
873 3663 1040 3716 Paris.
1149 3671 1158 3681 '

447 3725 499 3785 5)
521 3725 733 3778 Censum
756 3728 901 3785 Itan,
927 3727 1122 3779 Ciacon.

445 3788 498 3852 6)
530 3788 839 3840 Praedamuat
863 3802 1096 3852 prorsus:
1120 3790 1243 3842 «παι-ο
1264 3792 1387 3842 Jun.

2130 3484 2203 3552 (fl)
2236 3483 2503 3552 Sanguian
2521 3486 2577 3552 et
2594 3482 2717 3552 Jun.
2831 3543 2839 3552 _

2130 3538 2200 3608 (8)
2240 3538 2435 3596 Infa'r'nis
2452 3541 2618 3595 Paris.
2645 3544 2794 3604 Jun.;
2829 3542 3008 3592 insanis
3037 3541 3226 3592 Wouw.
3255 3539 3308 3589 Μ
3333 3538 3388 3589 S.

2129 3596 2267 3683 (92.1“
2270 3608 2525 3683 FER“!!-

2521 3730 2643 3782 add.
2669 3731 2790 3781 Jun.
2817 3726 2982 3780 Paris.
3008 3724 3116 3791 Rig.

1733 3898 2295 3962 COMMENTARIUS.

435 4012 587 4068 CAP.
621 4011 865 4084 lV.—(a)
885 4011 1089 4079 Quanto
1110 4014 1347 4083 prteredit
1368 4022 1422 4068 ut
1441 4015 1543 4082 ﬁat.
1572 4014 1745 4072 Locus
1766 4018 1963 4073 notatis

361 4084 530 4139 simus
548 4084 762 4158 utscias
778 4101 1047 4158 nunquam
1064 4086 1186 4158 jure
1209 4086 1437 4158 naturali
1454 4086 1750 4158 prohibitas
1777 4089 1966 4158 imagi-

361 4170 495 4228 nes}
507 4156 582 4228 eri
609 4155 730 4228 l)ei._
746 4154 925 4223 Itaque
942 4157 1009 4209 ab
1027 4157 1172 4210 omni
1187 4158 1405 4228 suoab
1425 4156 1544 4223 ipso
1560 4157 1767 4212 Adamo
1791 4154 1963 4228 potuit

364 4226 480 4280 fieri
513 4227 687 4294 imago
714 4226 803 4281 llei
837 4238 889 4280 ιιι
913 4228 1201 4281 coleretur.
1235 4227 1400 4293 llujus
1429 4230 1711 4283 sententia:
1739 4226 1962 4286 laudan-

362 4296 464 4349 dus
480 4296 843 4370 Tertullianus
867 4299 966 4352 hoc
989 4300 1104 4351 loco
1130 4316 1142 4351 :
1174 4299 1446 4365 paritatem
1467 4299 1610 4353 enim
1632 4303 1888 4370 temporis
1906 4303 1956 4355 in

363 4378 589 4438 utraque
615 4369 911 4440 constituit.
957 4370 1104 4422 Sicut
1132 4370 1280 4423 nullo
1308 4386 1427 4421 azvo
1456 4373 1630 4436 potuit
1672 4372 1786 4425 fieri
1815 4373 1958 4440 quod

362 4452 471 4511 non
503 4439 673 4511 potuit
704 4439 843 4501 coli;
902 4441 970 4511 ila
1003 4441 1149 4493 omni
1180 4456 1295 4494 :rvo
1324 4444 1497 4508 potuit
1540 4440 1654 4495 fieri
1686 4439 1956 4511 quodpe-

364 4509 467 4562 tuit
492 4508 617 4563 coli.
644 4511 724 4563 An
755 4510 1020 4576 verojure
1047 4512 1249 4577 seripto
1271 4512 1321 4565 id
1346 4512 1567 4564 vetitum
1598 4508 1816 4577 Judinis,
1848 4508 1958 4567 dis-

362 4579 541 4653 si‘dcnt
571 4597 585 4633 :
617 4580 865 4653 doctores
887 4582 995 4635 duo
1023 4584 1119 4635 aevi
1154 4584 1312 4651 hujus
1338 4583 1662 4651 gravissimi,
1697 4583 1956 4653 Vasquius

366 4650 601 4705 aflirmat
628 4651 985 4722 prohibitum,
1014 4652 1233 4707 Soarzus
1256 4650 1445 4722 negat;
1476 4662 1750 4721 postremo
1775 4650 1954 4709 laureo

364 4734 465 4790 ego
497 4722 754 4775 lautulus.
786 4721 913 4778 Lac.

438 4790 517 4864 (Il)
574 4791 656 4846 Ne
712 4794 895 4862 feraris
937 4792 1151 4846 idolum.
1211 4793 1287 4847 Ad
1365 4795 1584 4848 verbum
1654 4797 1959 4856 transtulit.

365 4876 486 4917 cum
515 4864 730 4934 vulgato
755 4864 1070 4933 interprete,
1104 4864 1193 4921 70.
1222 4864 1407 4919 Gra‘ce
1432 4876 1511 4918 est
1538 4870 1747 4931 εἴδωλον,
1773 4883 1964 4934 quem-

364 4933 653 4987 admodum
703 4946 756 4989 et
809 4934 871 4989 B.
913 4936 1215 5006 Cyprianus
1255 4951 1375 5004 cap.
1428 4934 1521 4991 lib.
1555 4937 1609 5000 1,
1656 4938 1724 4992 de
1748 4938 1961 4993 exbort.

363 5015 525 5059 mart.
553 5020 657 5078 qua
699 5008 947 5060 versione
988 5006 1286 5078 esplicatur
1331 5022 1491 5078 rerus
1520 5007 1679 5078 hujus
1710 5009 1810 5063 loci
1842 5023 1966 5062 seu-

363 5089 457 5131 sus
479 5115 494 5137 ,
547 5077 614 5129 de
643 5092 748 5143 quo
775 5079 978 5130 Auctor
1026 5076 1183 5131 latius
1213 5079 1283 5131 lib
1335 5076 1416 5142 II“,
1448 5076 1601 5133 adv.‘
1636 5078 1960 5133 Mareioneiu

364 5146 451 5220 ubi
485 5146 666 5220 locum
692 5147 853 5214 hujus
875 5149 1169 5220 Scriptura:
1202 5150 1584 5217 interpretatur
1612 5151 1679 5204 de
1711 5152 1955 5220 imagini-

362 5214 465 5271 hus
507 5218 825 5272 idololatria:
872 5214 1227 5272 substantiam
1264 5214 1682 5276 continentibus.
1717 5214 1842 5277 um;
1866 5237 1961 5274 au-

362 5295 473 5342 tem
502 5290 765 5362 verbo,ret
790 5304 906 5359 qua:
931 5290 982 5342 in
1013 5291 1164 5355 nutri,
1190 5305 1286 5359 pro
1315 5307 1382 5345 eo
1405 5292 1546 5360 quod
1576 5308 1643 5347 ex
1665 5307 1841 5362 gra-co
1871 5292 1960 5346 alii

364 5367 514 5415 recte
544 5361 904 5416 traiisferuut:
953 5370 997 5414 et
1026 5376 1352 5431 quotcumque
1396 5364 1449 5415 in
1498 5368 1643 5432 aquis
1653 5362 1774 5488 ISsub
1801 5373 1956 5416 terra.

1698 5449 1790 5487 Αιι.

1698 5449 1790 5487 AI.

435 5499 512 5573 (c)
563 5501 909 5557 Antecesserat
954 5501 1155 5558 Euoch.
1207 5503 1366 5560 Liber
1417 5502 1638 5569 Euoch,
1682 5506 1764 5558 cui
1819 5504 1945 5558 titu-

361 5572 448 5628 lus
486 5573 755 5644 duqdecim
783 5574 1189 5643 patriarcharum
1227 5586 1577 5630 testamentum
1596 5616 1611 5639 ,
1642 5589 1785 5644 saipe
1810 5576 1943 5627 cita-

362 5653 449 5697 tur
471 5645 539 5699 ab
564 5642 815 5711 Origene,
840 5645 1131 5714 Proc0pio,
1162 5646 1511 5711 Tertulliano,
1539 5656 1595 5700 et
1614 5642 1753 5699 aliis.
1783 5644 1943 5700 Multa

361 5714 439 5768 ibi
460 5715 707 5786 vaticinia
728 5715 797 5770 de
825 5715 1120 5771 sceleribus
1165 5716 1507 5771 Hebra'orum
1537 5726 1595 5770 et
1623 5716 1794 5786 poenis
1816 5758 1831 5780 ,
1863 5717 1945 5770 in-

363 5793 554 5860 terque
601 5785 687 5840 illa
723 5795 934 5860 _ttun_et
960 5786 1080 5860 hoc
1119 5787 1480 5860 propaganda:
1510 5802 1603 5857 per
1627 5785 1941 5860 universum

366 5856 439 5908 tet
454 5871 630 5911 rarum
656 5858 842 5914 orbem
866 5856 1198 5914 idololatriie.
1232 5856 1585 5916 lactatumct
1629 5856 1759 5914 illud
1786 5857 1944 5928 vulgo

2073 4019 2144 4076 de
2174 4020 2381 4074 duabus
2407 4019 2692 4077 columnis.
2725 4013 2931 4078 lapidea
2967 4036 2978 4070 :
3009 4029 3128 4084 qum
3158 4012 3435 4084 resisteret
3468 4011 3669 4084 aquis;

2073 4091 2303 4146 lateritia
2328 4133 2343 4156 ,
2373 4107 2492 4161 qure
2521 4089 2765 4160 ignibus;
2802 4087 2851 4141 iu
2890 4081 3083 4156 quibus
3113 4083 3302 4139 inclusi
3355 4082 3482 4139 libri
3512 4081 3669 4152 hujus

2073 4164 2189 4216 viri.
2222 4162 2358 4217 Lac.

2067 4177 2189 4216 \‘ll‘l.
2222 4177 2358 4217 LAC.

2137 4254 2220 4327 id)
2252 4253 2316 4307 Et
2345 4251 2606 4327 spiritibus
2656 4249 2953 4327 infamibus.
2989 4247 3044 4327 In
3089 4246 3211 4327 cod.
3264 4246 3446 4327 Fulvii
3486 4245 3668 4327 [ll-"Sitti

2064 4317 2294 4395 legitur,
2324 4317 2635 4395 insanisaAt
2658 4317 2723 4395 iu
2748 4320 2869 4395 rod.
2905 4318 3224 4395 Agohardi_,_
3265 4319 3491 4395 infamis.
3538 4317 3666 4395 lito.

2062 4389 2135 4435 -ὲ
2160 4395 2445 4467 Spiritibns
2484 4393 2782 4467 infamibus.
2836 4391 3146 4467 Desertorcs
3175 4390 3261 4443 hic
3290 4389 3510 4467 spiritus
3538 4389 3670 4467 inla-

2066 4482 2180 4520 mes
2205 4458 2313 4521 ilici
2368 4458 2654 4523 existimo,
2710 4462 3002 4515 desertoris
3041 4474 3235 4513 nomen
3287 4475 3314 4509 ιι
3347 4458 3534 4511 militia
3566 4459 3668 4510 tte-

2063 4547 2336 4605 sumptum
2364 4546 2447 4590 est
2470 4575 2485 4595 ,
2536 4542 2605 4605 at
2638 4533 2790 4605 miles
2815 4530 3061 4605 desertor
3092 4529 3307 4605 infamis
3340 4537 3469 4605 _era_t
3501 4528 3667 4605 utnvi-

1981 4610 2034 4670 D
2061 4597 2200 4662 dere'
2226 4618 2306 4661 est
2335 4606 2371 4660 l.
2404 4606 2443 4668 1,
2478 4605 2540 4658 1).
2576 4602 2644 4658 de
2672 4603 2753 4656 bis
2778 4602 2869 4672 qui
2893 4609 3147 4654 notantur
3169 4600 3409 4654 infamia.
3442 4597 3519 4652 LE
3565 4597 3661 4651 Pu.

2143 4697 2571 4772 (e)AVCoqnoseite
2604 4695 2748 4772 quod
2799 4694 2923 4772 cinis
2970 4693 3034 4746 sit
3082 4697 3192 4772 cor.
3232 4690 3441 4772 illorum
3492 4698 3537 4742 et
3584 4706 3669 4741 er-

2068 4761 2212 4826 rant:
2236 4769 2325 4826 Sic
2347 4761 2574 4823 omnino
2621 4761 2987 4821 restituendus
3017 4772 3095 4816 est
3144 4762 3227 4816 hic
3256 4761 3429 4825 locus,
3464 4775 3559 4829 pro
3606 4774 3671 4812 eo

2070 4842 2213 4907 quod
2237 4840 2642 4907 corruptissime
2671 4836 3022 4907 legebantur,
3055 4843 3100 4885 et
3132 4844 3285 4886 terra.
3318 4831 3450 4886 Nam
3479 4846 3668 4900 inagna

2071 4905 2364 4968 dictionum
2394 4905 2643 4966 vicinitas
2667 4908 2737 4963 ob
2757 4907 2971 4960 easdem
2996 4905 3200 4959 litteras
3220 4945 3235 4963 ,
3287 4912 3341 4957 et
3383 4917 3559 4973 gra-cc
3589 4912 3671 4956 est

2069 4990 2153 5039 κιὶ
2182 4993 2473 5039 πλανῶνται.
2507 4982 2639 5035 [Ἀιι.
2676 5007 2750 5019 -
2790 4977 3088 5048 (ἰοςιιοετῡιε
3113 4974 3399 5048 quotlcinis
3425 4974 3525 5048 sit,
3557 4982 3667 5048 etc:

2073 5055 2187 5111 Iloc
2210 5055 2373 5109 Isaias
2399 5069 2503 5107 non
2535 5052 2695 5112 dicit;
2730 5042 2957 5117 imponit
3002 5042 3133 5116 ergo
3159 5046 3235 5117 illi
3263 5042 3666 5117 Tertullianns?

2071 5142 2214 5188 nou,
2267 5126 2360 5179 sed
2407 5123 2656 5195 explicat.
2712 5113 2818 5175 Ait"
2844 5118 3008 5175 Isaias
3057 5113 3125 5171 ita
3180 5113 3668 5195 llOllilﬂPS.SllliiltiS

2071 5185 2260 5262 fuisse,
2296 5204 2352 5248 ut
2378 5185 2612 5249 medium
2645 5194 2842 5260 lignum
2880 5199 3121 5244 cremcnt
3149 5186 3224 5262 ad
3244 5185 3665 5262 calefacientlum

2068 5284 2126 5322 se
2152 5308 2166 5332 ,
2220 5257 2284 5319 ad
2316 5264 2628 5336 coquendos
2658 5257 2823 5336 panes
2851 5270 2907 5315 et
2935 5274 3128 5336 carnes
3148 5301 3161 5320 ,
3194 5258 3261 5313 de
3287 5257 3667 5336 reliquouligno

2067 5327 2169 5395 sibi
2202 5339 2365 5393 Deum
2393 5327 2621 5399 faciant,
2651 5327 2704 5389 et
2735 5332 2982 5387 adorent.
3015 5332 3103 5384 Ait
3150 5344 3280 5396 ergo
3305 5327 3666 5399 Tertulliauus

2068 5410 2168 5464 sub
2193 5423 2419 5479 persona
2460 5398 2613 5479 Isaia}.
2647 5420 2742 5460 cor
2781 5404 3006 5479 deorum
3052 5416 3173 5455 esse
3217 5400 3491 5479 cinerem,
3538 5398 3665 5466 quia

2068 5471 2245 5535 media
2276 5495 2397 5548 pars
2424 5478 2632 5532 arboris
2658 5486 2709 5530 et
2739 5477 3285 5548 princeps_co_nversa
3319 5471 3372 5524 in
3401 5471 3662 5548 cinerem.

2052 5551 2238 5621 Itaque
2259 5537 2352 5604 cor
2382 5548 2627 5617 Septimii
2652 5556 2707 5601 et
2731 5537 2967 5600 medium
2995 5542 3149 5596 Isaia:
3185 5541 3328 5596 idem
3360 5548 3464 5593 est.
3493 5537 3627 5592 Lac.

2124 5643 2187 5713 (f)
2220 5642 2282 5695 Et
2307 5642 2432 5696 tales
2454 5643 2580 5713 ﬁant
2608 5639 2693 5709 qui
2718 5637 2913 5707 faciunt
2943 5652 3020 5689 ea.
3044 5634 3219 5702 Quum
3246 5630 3499 5713 repetitio
3526 5631 3661 5713 alio-

2050 5703 2179 5785 quin
2208 5724 2362 5785 esset
2394 5703 2646 5785 ejusdeni
2674 5703 3069 5785 supervacanea
3091 5746 3133 5785 ,η
3153 5704 3434 5785 omisimus
3470 5703 3611 5785 facta
3637 5727 3659 5785 τ

2048 5774 2145 5839 ιῖεε.
2180 5784 2312 5839 Nam
2336 5774 2439 5837 lib."
2457 5782 2579 5836 adv.
2607 5774 2891 5836 Gnosticos
2921 5791 3028 5831 non
3068 5775 3210 5829 aliud
3245 5774 3405 5843 legit,
3433 5784 3595 5841 quant
3640 5783 3658 5845 ι

2048 5857 2254 5914 Similes
2282 5865 2426 5911 erunt
2447 5854 2549 5910 illis
2572 5852 2655 5925 Qui
2678 5866 2738 5905 ea
2765 5850 2985 5923 faciunt.
3007 5846 3135 5902 Lac.
