4252 6264
577 287 741 352 ου’

2004 270 2467 358 mammam

3773 300 3877 363 61¢

575 425 695 468 rum
718 454 734 481 ,
766 412 1095 487 frequentior
1135 420 1219 472 est
1254 413 1333 487 (l)
1361 415 1508 471 omni
1538 415 1926 483 superstitione
1968 414 2178 471 luxuria
2204 424 2258 486 Α
2282 413 2424 485 pulis
2448 421 2505 469 et
2529 411 2821 485 magistris.
2852 411 2961 471 Sed
2991 412 3130 486 magi
3161 422 3218 471 et
3263 415 3520 490 astrologi
3564 416 3633 474 ab
3671 418 3877 478 oriente

578 514 634 564 et
656 507 900 562 ambitio.
924 507 1132 563 Lances
1161 516 1215 562 et
1242 506 1474 579 scyphos
1505 507 1711 565 facilius
1735 508 1958 565 ambitio
1974 550 1989 576 ,
2011 522 2171 579 quam

577 586 891 668 superstitio
919 598 1263 655 desiderabit.
1292 601 1529 657 Coronas
1558 616 1778 673 quoque
1817 602 1987 674 magis
2021 602 2175 657 luxu-

577 689 677 753 ria,
706 703 863 758 quam
893 689 1206 747 solemnitas
1228 704 1433 765 erogat.
1463 694 1594 750 Cum
1621 695 1780 766 igitur
1806 695 1871 750 ad
1902 695 2016 749 ha:c
2040 695 2176 750 arti-

578 784 821 838 ficiorum
852 800 1047 855 genera
1079 787 1445 853 cohortemur,
1472 806 1595 860 qua:
1625 789 1824 844 idolum
1855 788 2091 860 quidem,
2122 797 2179 845 et

577 893 699 950 qua:
746 877 890 933 idolo
929 890 1277 952 competunt,
1312 897 1418 938 non
1450 884 1753 955 attingant,
1785 884 1892 938 sint
1915 891 2094 938 autem
2121 891 2180 938 et

578 969 889 1026 hominibus
909 976 1213 1029 communia
1240 990 1384 1046 saepe
1410 964 1529 1046 qusi
1553 984 1607 1031 et
1634 976 1809 1043 idolis,
1838 975 1942 1032 hoc
1966 990 2180 1046 quoque

580 1075 775 1117 cavere
803 1062 1081 1132 debemus,
1109 1081 1177 1121 ne
1206 1066 1352 1136 quid,
1377 1066 1667 1123 scientibus
1689 1068 1864 1133 nobis,
1892 1067 1960 1122 ab
1984 1068 2179 1137 aliqui-

580 1154 682 1211 bus
705 1155 773 1211 de
818 1155 1066 1214 manibus
1091 1159 1292 1214 nostris
1323 1160 1374 1215 in
1415 1175 1527 1216 rem
1562 1160 1823 1215 idolorum
1860 1159 2177 1230 postuletur.

583 1248 735 1317 Quod
764 1249 806 1304 si
834 1253 1293 1320 concesserimus,
1319 1262 1374 1309 et
1400 1269 1504 1310 non
1532 1254 1787 1310 remediis
1809 1255 1922 1325 jam
1956 1253 2039 1325 (2)
2071 1254 2183 1311 usi-

583 1342 708 1397 tatis
748 1344 1035 1414 egerimus,
1070 1360 1175 1401 non
1222 1356 1350 1417 puto
1388 1362 1488 1403 nos
1521 1363 1550 1403 a
1590 1348 1837 1419 contagio
1865 1348 2181 1404 idololatria:

582 1449 814 1501 vacare,
872 1452 1103 1507 quorum
1150 1453 1338 1493 manus
1388 1453 1495 1494 non
1546 1439 1907 1510 ignorantium
1959 1440 2013 1494 in
2063 1439 2182 1494 offi-

585 1526 670 1583 cio
686 1528 768 1583 vel
790 1528 841 1583 in
858 1528 1061 1586 honore
1077 1538 1133 1586 et
1154 1547 1253 1586 usu
1271 1532 1659 1588 daemoniorum
1681 1526 2180 1605 deprehenduntur.

1194 1622 1421 1680 CAPUT
1460 1623 1554 1679 IX.

2273 516 2536 563 venerunt
2560 506 2799 575 (Matth.,
2826 506 2913 577 ll).
2937 507 3150 564 Scimus
3172 508 3364 580 magiae
3384 518 3442 566 et
3473 511 3776 584 astrologia:
3793 514 3877 568 in-

2278 611 2360 658 ter
2375 617 2435 657 se
2454 601 2788 657 societatem.
2807 601 2968 656 Primi
2988 602 3147 674 igitur
3164 588 3444 659 stellarum
3469 605 3786 676 interpretes
3803 604 3875 680 (ὁ)

2279 703 2495 773 natum\
2507 692 2783 749 Christum
2828 695 3281 750 annuntiaverunt
3307 739 3321 763 ,
3354 696 3513 768 primi
3566 713 3880 755 muneravc-

2279 796 2404 842 runt
2433 774 2674 858 (c):Iloc
2715 773 2933 844 nomine
2955 787 3228 843 Christum
3258 787 3497 862 (opinor)
3525 789 3628 845 sibi
3676 791 3880 862 obliga-

2283 887 2502 934 verunt.
2533 878 2670 947 Ouid
2701 880 2850 935 tum?
2873 879 3001 936 Ideo
3028 896 3171 937 nunc
3199 888 3253 937 et
3283 883 3676 947 mathematicis
3704 894 3882 953 patro-

2283 970 2550 1027 cinabitur
2569 972 2782 1027 illorum
2805 987 3081 1044 magorum
3106 974 3324 1043 religio?
3346 974 3423 1029 De
3441 973 3659 1030 Christo
3677 976 3885 1032 scilicet

2285 1077 2371 1125 est
2410 1066 2670 1123 mathesis
2716 1067 2878 1123 hodie
2906 1066 2985 1140 (Δ)
3011 1110 3026 1131 ,
3055 1068 3240 1122 stellas
3271 1066 3348 1140 (4)
3380 1066 3615 1134 Christi,
3646 1083 3749 1125 non
3781 1069 3884 1124 Sa.

2286 1163 2427 1218 turni
2465 1171 2519 1217 et
2554 1161 2738 1216 Martis
2779 1171 2833 1215 et
2875 1162 3137 1232 cujusque
3179 1162 3255 1235 (e)
3285 1203 3301 1229 ,
3346 1177 3416 1218 ex
3457 1162 3648 1219 eodem
3694 1163 3886 1220 ordine

2286 1262 2618 1309 mortuorum
2666 1253 2915 1307 observat
2946 1263 3001 1308 et
3044 1252 3316 1323 praedicat.
3361 1255 3430 1308 At
3469 1255 3611 1309 enim
3657 1256 3883 1310 scientia

2286 1346 2376 1403 illa
2409 1361 2578 1417 usque
2604 1345 2670 1401 ad
2689 1345 3040 1417 Evangelium
3068 1346 3135 1417 (Ῑ)
3159 1344 3259 1399 fuit
3282 1359 3556 1411 concessa,
3584 1356 3645 1401 ut
3671 1344 3887 1401 Christo

2287 1437 2431 1493 edito
2460 1452 2617 1492 nemo
2644 1436 2839 1492 exinde
2880 1435 3212 1492 nativitatem
3252 1436 3478 1507 alicujus
3514 1436 3582 1492 de
3620 1439 3760 1494 caelo
3805 1438 3888 1494 in-

2290 1539 2615 1602 terpretetur
2638 1530 2742 1602 (5).
2773 1529 2905 1585 Nam
2937 1539 2993 1586 et
3020 1530 3144 1585 thus
3174 1529 3305 1586 illud
3332 1539 3388 1585 et
3412 1512 3686 1602 myrrham
3714 1540 3770 1586 et
3790 1547 3888 1586 au-

2288 1641 2409 1681 rum
2440 1625 2561 1681 ideo
2591 1625 2776 1679 infanti
2801 1634 2926 1679 tunc
2956 1623 3182 1679 Domino
3213 1623 3545 1688 obtulerunt,
3574 1624 3725 1694 quasi
3748 1623 3891 1679 clau-

658 1714 1149 1771 Animadvertimus
1219 1717 1361 1773 inter
1404 1728 1571 1774 artes.
1607 1718 1767 1773 etiam
1827 1716 2188 1788 professiones
2215 1720 2461 1801 Bsulam
2504 1717 2931 1775 sacrificationis.
2958 1717 3034 1788 (g)
3080 1724 3135 1771 et
3178 1715 3362 1786 gloria:
3393 1716 3698 1783 szecularis,
3729 1731 3886 1787 quam

587 1806 846 1877 quasdam
894 1809 1153 1864 obnoxias
1210 1810 1589 1870 idololatrian.
1621 1810 1699 1866 De
1776 1811 2056 1881 astrologis
2123 1826 2191 1867 ne

589 1896 914 1967 loquendum
967 1899 1183 1969 quidem
1230 1910 1332 1956 est.
1380 1900 1483 1957 Sed
1534 1902 1784 1973 quoniam
1830 1903 2047 1973 quidam
2078 1902 2194 1959 istis

589 1988 779 2046 diebus
851 1993 1161 2063 provocavit
1233 1993 1527 2050 defendens
1584 1994 1684 2050 sibi
1739 1996 2191 2066 perseverantiam

584 2082 947 2153 professionis
968 2084 1142 2150 istius,
1168 2087 1351 2157 paucis
1378 2096 1518 2142 utar.
1542 2086 1658 2142 Non
1683 2087 1859 2158 allego
1882 2087 2023 2157 quod
2054 2086 2193 2142 idola

593 2175 1073 2248 honoret,quorum
1089 2180 1304 2233 nomina
1320 2180 1462 2235 coelo
1476 2181 1762 2250 inscripsit,
1772 2180 1965 2251 quibus
1978 2195 2192 2236 omnem

595 2268 689 2324 Dei
722 2279 1040 2338 potestatem
1064 2271 1274 2327 addixit
1298 2288 1314 2326 :
1343 2272 1484 2342 quod
1511 2283 1794 2344 propterea
1814 2272 2062 2330 homines
2085 2256 2193 2328 non

593 2370 781 2431 putant
816 2360 896 2433 (5)
927 2362 1091 2417 Deum
1138 2364 1520 2434 requirendum
1543 2407 1557 2431 ,
1589 2376 1974 2436 przesumentes
2008 2366 2193 2421 stella-

595 2468 714 2508 rum
745 2469 845 2510 nos
867 2455 1183 2511 immutabili
1212 2456 1441 2512 arbitrio
1472 2459 1576 2528 agi.
1610 2458 1786 2515 Unum
1816 2474 2083 2530 propono,
2107 2474 2197 2514 an-

594 2544 745 2615 gelos
768 2561 889 2601 esse
919 2547 1038 2602 illos
1065 2548 1374 2605 desertores
1421 2550 1513 2605 Dei
1560 2549 1738 2618 (Gem,
1770 2551 1863 2616 VI)
1883 2591 1898 2615 ,
1927 2560 2195 2607 amatores

598 2635 964 2701 heminarum,
989 2639 1290 2710 proditores
1318 2642 1478 2696 etiam
1512 2641 1670 2712 hujus
1695 2642 2042 2705 curiositatis,
2067 2657 2194 2713 pro-

513 2792 527 2809 ,
597 2737 781 2798 pterea
823 2744 1036 2801 quoque
1077 2730 1359 2788 damnatos
1399 2748 1430 2788 a
1459 2734 1588 2789 Deo.
1630 2734 1673 2789 Ο
1702 2733 1880 2788 divina
1927 2737 2196 2791 sententia

598 2838 766 2894 usque
791 2825 857 2879 ad
890 2834 1084 2880 terram
1116 2827 1382 2896 pertinax,
1406 2829 1490 2883 cui
1520 2829 1678 2883 etiam
1709 2829 2019 2897 ignorantes
2041 2831 2195 2885 testi-

601 2915 841 2970 monium
872 2915 1125 2971 reddunt.
1159 2918 1512 2988 Expellantur
1539 2921 1901 2976 mathematici
1935 2919 2015 2994 (a)
2060 2922 2198 2977 sicut

601 3009 774 3078 angeli
791 3024 1001 3065 eorum.
1017 3009 1156 3087 ws
1166 3011 1399 3091 Helltalia
1424 3013 2193 3093 interdieiturmathematicis,

2294 1810 2542 1868 Christus
2572 1820 2686 1867 erat
2720 1810 3089 1880 adempturus.
3129 1807 3284 1875 Quod
3313 1808 3473 1878 igitur
3504 1807 3691 1863 iisdem
3722 1808 3890 1880 magis

2296 1904 2561 1957 somnium
2605 1902 2721 1957 sine
2758 1900 2925 1955 dubio
2963 1913 3030 1954 ex
3064 1899 3156 1954 Dei
3186 1898 3459 1953 voluntate
3500 1898 3806 1969 suggessit,
3836 1907 3893 1955 ut

2295 1995 2439 2051 irent
2459 1995 2511 2050 in
2530 2009 2647 2061 sua,
2672 1992 2768 2048 sed
2786 1992 2910 2060 alia,
2936 2007 3041 2045 non
3071 2005 3174 2061 qua
3204 2000 3482 2055 venerant,
3498 1991 3602 2054 via,
3623 1990 3675 2055 id
3691 1999 3793 2057 est,
3825 2007 3905 2045 ne.

2296 2087 2521 2160 pristina
2539 2097 2682 2142 secta
2701 2073 2794 2140 sua
2823 2084 3139 2140 incederent
3160 2101 3174 2138 :
3199 2098 3379 2139 nonne
3400 2082 3484 2155 (6)
3503 2083 3626 2138 illos
3657 2083 3895 2139 Herodes

2296 2189 2729 2252 persequeretur,
2760 2180 2850 2250 qui
2875 2193 2975 2253 nec
3001 2186 3313 2247 persecutus
3332 2186 3436 2242 est,
3461 2177 3624 2232 etiam
3647 2175 3895 2247 ignorans

2295 2274 2401 2327 alia
2428 2273 2511 2327 via
2541 2271 2812 2343 digressos
2836 2312 2851 2336 ,
2881 2270 3134 2341 quoniam
3162 2277 3218 2323 et
3247 2282 3351 2337 qua
3380 2276 3642 2323 venerant
3686 2269 3896 2339 ignora-

2297 2366 2407 2421 bat.
2440 2364 2590 2420 Adeo
2617 2364 2758 2418 viam
2801 2372 3002 2418 rectam
3034 2360 3112 2431 (7)
3142 2369 3199 2417 et
3235 2359 3573 2431 disciplinam
3602 2359 3899 2428 intelligere

2295 2456 2575 2513 debemus.
2605 2454 2791 2524 Itaque
2829 2453 3001 2523 magis
3030 2460 3354 2522 praeceptum
3378 2492 3392 2515 ,
3425 2459 3484 2506 ut
3522 2450 3717 2506 exinde
3741 2451 3900 2505 aliter

2299 2549 2628 2605 incederent.
2649 2546 2740 2604 Sic
2761 2556 2813 2601 et
2842 2546 2944 2599 alia
2974 2545 3060 2599 illa
3089 2543 3298 2615 species
3321 2541 3403 2614 (8)
3431 2542 3619 2611 magize
3646 2555 3771 2609 qua:
3799 2541 3904 2595 mi-

2298 2642 2495 2699 raCulis
2514 2649 2789 2712 operatur,
2817 2641 2979 2695 etiam
3003 2637 3265 2693 adversus
3292 2636 3506 2707 (Exod.,
3533 2633 3648 2705 VII)
3676 2633 3904 2706 Moysen

2298 2734 2567 2796 tumulata,
2602 2732 2913 2803 patientiam
2946 2731 3038 2786 Dei
3075 2730 3235 2784 traxit
3262 2728 3330 2783 ad
3357 2727 3703 2799 Evangelium
3730 2742 3906 2798 usque

2299 2830 2463 2900 (Ach,
2500 2825 2639 2893 Vill,
2693 2826 2804 2896 18).
2852 2824 2984 2880 Nam
3030 2822 3226 2879 exinde
3265 2832 3321 2877 et
3355 2821 3541 2877 Simon
3583 2820 3765 2892 Magos
3793 2819 3904 2890 jam

2299 2920 2493 2985 ﬁdelis,
2532 2919 2783 2989 quoniam
2815 2914 3013 2987 aliquid
3057 2914 3235 2969 adhuc
3277 2912 3347 2969 de
3380 2908 3721 2970 circulatoria
3757 2921 3904 2968 secta

2300 3014 2582 3085 cogitaret,
2615 3019 2673 3066 ut
2701 3010 2907 3066 scilicet
2935 3009 3073 3064 inter
3104 3007 3359 3063 miracula
3408 3004 3762 3076 professionis
3788 3020 3904 3061 sua:

601 3100 944 3177 sicutctnlum
961 3103 1165 3177 attgele
1181 3105 1597 3163 coruunEadem
1614 3122 1768 3177 pinna
1787 3108 2025 3164 estcxilii
2040 3108 2194 3164 disci-
2217 3098 2262 3162 C
2296 3109 2456 3163 etiam
2474 3106 2729 3177 Spiritum
2757 3104 3011 3161 Sanctqu
3036 3100 3113 3175 (Ii)
3131 3117 3223 3172 per
3237 3116 3494 3157 manuum
3510 3098 3904 3171 impositionem

1831 3221 2221 3281 LECTIONES
2255 3220 2673 3280 VARIANTES.

864 3176 998 3184 Ὦ..-
1028 3174 1144 3183 Ma“
1178 3178 1189 3182 _

659 3334 734 3406 ρ)
767 3334 1020 3406 Sufﬁciam
1039 3361 1103 3406 -_—
1118 3336 1488 3402 frequentiores
1509 3349 1717 3406 Franeq.

664 3396 738 3458 (2)
777 3396 896 3448 Tam
919 3397 1072 3459 Sami.

662 3459 736 3520 (5)
769 3459 953 3510 Putent
973 3463 1095 3511 Jun.

666 3520 740 3582 (4)
774 3521 979 3572 Stellatn
1009 3524 1195 3575 Wouw.
1222 3526 1294 3575 Μ.
1317 3525 1372 3576 S.
1392 3523 1598 3594 Rigalt.’

2370 3338 2438 3404 (ὅ)
2472 3339 2836 3404 Interpretatur
2861 3333 3042 3404 ﬁigalt.

2365 3398 2438 3462 (ϐ)
2475 3402 2580 3452 Non
2602 3398 2733 3450 abest
2758 3398 2908 3450 Seml.

2365 3406 2418 3462 (6
2475 3406 2580 3452 Non
2602 3406 2733 3450 abest
2758 3406 2908 3450 Semt.

2364 3406 2438 3532 (ῖς
2472 3464 2822 3532 Satanam!-
2942 3527 2950 3532 .
3210 3522 3244 3532 ,.
3319 3521 3351 3532 ..

2366 3520 2438 3591 (8)
2476 3527 2634 3576 Aliam
2657 3524 2788 3574 illam
2812 3527 3037 3587 spectem
3064 3547 3123 3558 —
3147 3521 3387 3584 patientia
3407 3520 3564 3571 Fran.

1960 3628 2526 3687 COMMENTARIUS.

1491 3743 1711 3795 Alterius
1736 3745 1808 3794 sic

762 3804 933 3856 Altera
958 3807 1112 3868 poscit
1136 3818 1282 3868 opem
1307 3818 1392 3856 res
1414 3813 1467 3857 et
1486 3808 1706 3871 conjurat
1728 3808 1899 3857 amice.
1963 3805 2076 3855 RIG.

680 3906 833 3963 CAP.
855 3908 946 3964 IX.
978 3906 1158 3981 ——7(a)
1186 3907 1537 3981 (Expellantur
1556 3910 1930 3981 mathematici.
1978 3910 2032 3965 Si
2083 3911 2205 3979 quis

601 3979 748 4043 hmo,
780 3990 1031 4050 tanquam
1065 3976 1353 4033 iimtiliaet
1381 3976 1649 4049 superﬂua
1674 4022 1688 4043 ,
1739 3980 1905 4035 deleri
1951 3976 2205 4050 oportere

608 4049 918 4115 censuerit,
944 4051 1103 4105 habet
1123 4066 1250 4106 ecce
1279 4067 1367 4106 me
1390 4051 1852 4134 adstipulatorem.
1877 4049 1998 4107 th.

683 4143 764 4213 (h)
799 4142 963 4197 Primi
990 4144 1146 4212 igitur
1174 4145 1438 4198 stellarum
1464 4146 1788 4215 interpretes.
1816 4145 2128 4199 Chalcidius
2151 4145 2204 4200 in

607 4213 748 4269 Titii.
781 4215 912 4269 I’lat.
946 4219 1011 4269 ad
1044 4217 1227 4271 Usium
1258 4213 1672 4271 Cordubensein‘
1695 4232 1762 4271 ex
1794 4216 2018 4271 historia
2045 4232 2207 4281 quam

608 4295 765 4340 vocat
790 4286 1111 4341 sanctiorem
1144 4295 1198 4340 et
1230 4287 1676 4342 venerahiliorem
1702 4329 1717 4349 ,
1749 4288 1853 4349 ait,
1887 4298 2007 4341 ortu
2041 4288 2210 4341 stella:

605 4356 885 4425 cujusdam
917 4372 1022 4411 non
1070 4357 1285 4412 tnnrhm
1334 4370 1647 4427 mortcstlne
1693 4358 2072 4414 denttntistas.
2115 4358 2210 4413 sed

603 4428 924 4484 descensum
944 4429 1041 4483 Dei
1063 4429 1385 4483 venerabilis
1402 4431 1467 4483 ad
1492 4429 1741 4484 humanm
1761 4430 2207 4493 cmiservalioltis,

610 4513 903 4570 rerumque
933 4500 1237 4554 mortalium
1279 4500 1526 4569 gratiam.
1569 4500 1886 4555 STlCLLAM
1916 4498 2208 4555 CHRISTI.

2311 3755 2417 3800 etc.
2472 3743 2689 3799 Frustra
2739 3750 2918 3796 autem
2965 3756 3032 3795 ex
3058 3739 3163 3795 hoc
3215 3740 3332 3794 loco
3369 3736 3560 3793 Christi
3601 3735 3844 3806 genesim
3878 3751 3914 3793 e

2310 3815 2588 3870 stellarum
2637 3829 2795 3868 cursu
2847 3812 3021 3867 metiri
3072 3825 3230 3880 posse
3278 3809 3607 3880 contendunt
3656 3806 3914 3880 homines

2311 3900 2566 3957 perverse
2594 3886 2823 3957 curiosi,
2873 3884 3012 3937 inter
3041 3878 3185 3957 quos
3202 3881 3452 3957 familiam
3472 3879 3682 3957 _due_nnt
3712 3878 3913 3935 Petrus

2310 3950 2377 4011 de
2407 3956 2609 4010 Alliaco
2629 3996 2644 4020 ,
2675 3965 2729 4010 et
2757 3954 3112 4026 Hieronymus
3147 3952 3422 4026 Cardanns
3472 3950 3547 4005 Le
3579 3951 3673 4004 I‘n.

2386 4026 2458 4099 (e)
2489 4026 2553 4080 Et
2595 4028 2836 4099 cujusque
2879 4019 3383 4099 ex'eodenrordine
3426 4033 3760 4099 mortuorum.
3798 4019 3915 4099 Ilo_c

2312 4090 2533 4163 (δείξει
2559 4090 2871 4151 orditie'illo
2923 4096 3227 4162 septenario
3270 4095 3601 4162 planetarum
3624 4132 3641 4157 ,
3670 4090 3913 4163 Saturni,

2312 4161 2496 4224 Martis
2518 4210 2532 4231 ,
2574 4168 2818 4222 Merenrii
2841 4209 2856 4231 ,
2886 4176 2941 4221 et
2975 4167 3021 4219 id
3051 4182 3218 4233 genus
3249 4166 3480 4218 aliorum
3504 4206 3518 4226 ,
3547 4166 3637 4233 qni
3663 4180 3767 4215 non
3799 4161 3911 4229 dii,

2312 4241 2406 4295 sed
2437 4240 2685 4294 homines
2712 4242 2859 4290 luere
2884 4278 2901 4303 ,
2929 4248 2982 4290 et
3001 4239 3109 4302 jam
3139 4236 3351 4305 quidem
3381 4237 3603 4289 mortui.
3627 4235 3745 4290 llic.

2386 4310 2455 4381 ff)
2491 4310 2661 4377 Usque
2688 4309 2783 4381 fari
2810 4307 3167 4381 Erangelinm.
3201 4306 3276 4361 Ne
3307 4315 3456 4381 putet
3497 4306 3665 4381 lector
3689 4317 3917 4381 coaces-

2314 4376 2658 4434 sam'divinis
2687 4379 2893 4450 legibus
2915 4421 2930 4444 ,
2959 4376 3053 4450 sed
3081 4387 3283 4432 tantum
3316 4376 3564 4450 humanis
3584 4417 3600 4441 ,
3637 4376 3755 4444 quia
3787 4384 3920 4429 ante

2314 4452 2586 4507 Christum
2617 4465 2720 4504 non
2743 4448 2925 4518 punita
2947 4491 2960 4512 ,
2991 4449 3100 4502 imo
3127 4464 3220 4517 per
3240 4463 3429 4501 omnes
3456 4448 3700 4518 nationes
3726 4453 3915 4509 vagata

2319 4524 2613 4578 insolenter
2634 4563 2649 4585 ,
2680 4516 2810 4576 et'in
2841 4523 3012 4588 pretio
3038 4534 3102 4573 ac
3130 4516 3296 4588 gloria
3342 4517 3545 4572 habita.
3575 4516 3755 4588 Neque
3781 4528 3916 4588 con-

600 4569 758 4660 Ψξὲ,
776 4565 831 4660 F1"
868 4570 1178 4660 ἒνθξιεῗὶίέξ
1201 4565 1504 4660 λεεέυυάιξκπι.
1546 4571 1851 4660 ΜἮΨΨΨΡ
1877 4589 1896 4660 τ,
1933 4593 1951 4623 ί
1977 4571 2215 4660 Υίάίιέξιξε
2238 4565 2292 4624 Ῑ)
2319 4565 3235 4660 ii5‘i'.7;.".'a’itaita};(natat;
3250 4565 3647 4660 aestatis;
3659 4565 3881 4641 Christi
3896 4627 3914 4649 ,

613 4643 824 4695 stellam
856 4641 971 4711 ejus
1006 4642 1057 4697 in
1085 4642 1310 4696 Oriente
1344 4661 1391 4697 ι.
1419 4642 1713 4697 Primasius
1740 4644 1791 4696 in
1820 4642 2066 4697 ha‘rcsitn
2097 4642 2213 4696 Pri-

612 4713 1048 4784 scillianistarum
1087 4730 1153 4784 :i
1201 4717 1240 4766 A
1273 4714 1427 4784 signo
1452 4715 1649 4768 Christi
1696 4714 1763 4768 ad
1803 4713 1953 4784 signa
1984 4711 2215 4768 astrolo-

612 4783 729 4851 gica
758 4782 1145 4853 migrarennnL
1186 4803 1204 4835 ι
1236 4782 1357 4841 lito.

684 4876 761 4949 (e)
789 4876 953 4931 Primi
988 4887 1397 4930 muneravernnt.
1420 4876 1767 4949 Cltaleidins:
1797 4896 1815 4927 ι
1839 4876 2212 4949 Chaldaeorum

611 4946 856 5018 profecto
908 4949 1174 5019 Sapientes
1252 4949 1384 5012 viri,
1440 4956 1496 5001 et
1544 4946 1976 5003 consideratione
2036 4965 2213 5003 rerum

603 5019 902 5076 cwlestium
934 5021 1064 5074 satis
1092 5019 1366 5073 exercitati
1390 5059 1404 5080 ,
1433 5020 1692 5087 quaesisse
1733 5019 1979 5073 dicuntur
2008 5035 2195 5075 recen-

605 5098 712 5145 tem
739 5101 915 5145 ortnm
966 5090 1094 5144 Dei:
1147 5101 1465 5158 repertaque
1507 5089 1594 5143 illa
1639 5089 1922 5155 majestate
1966 5093 2190 5160 puerili,

604 5171 887 5217 veneratus
908 5176 1063 5226 esse,
1104 5168 1160 5214 et
1188 5170 1309 5214 vota
1341 5160 1451 5215 Deo
1483 5170 1630 5215 tanto
1657 5162 2029 5217 convenientia
2057 5178 2193 5218 nun-

604 5248 852 5301 cupasse.
892 5254 910 5285 ι
946 5233 1061 5288 lito.

677 5304 757 5379 (d)
788 5303 863 5358 De
885 5305 1086 5379 Christo
1120 5302 1315 5379 scilicet
1338 5310 1421 5379 est
1440 5303 1679 5379 mathesis
1705 5303 2187 5379 (todieqllodiet‘na,

604 5373 792 5447 inquit,
826 5375 1082 5431 mathesis
1106 5384 1195 5447 est
1217 5373 1496 5444 disciplina
1532 5375 1750 5429 Christi.
1780 5374 1943 5429 Stella
1966 5376 2189 5442 Christi,

605 5443 709 5503 hoc
737 5457 852 5511 est,
900 5447 1108 5518 genesis
1139 5443 1373 5518 Christi,
1410 5448 1651 5516 exempla
1679 5454 1734 5518 et
1775 5447 2020 5518 mandata
2071 5447 2187 5518 ejus

604 5516 935 5574 ohservamla
964 5525 1088 5571 sunt
1118 5516 1272 5570 nobis
1317 5527 1371 5571 et
1423 5516 1780 5587 [irzedicanda
1837 5516 1957 5573 th.
1997 5546 2071 5558 —
2112 5517 2191 5573 De

604 5590 807 5645 Christo
853 5588 1063 5642 scilicet.
1109 5588 1347 5653 Ironice,
1424 5590 1677 5643 mathesis
1734 5588 1878 5642 enim
1943 5588 2101 5644 hodie
2159 5605 2189 5645 e

604 5660 805 5714 Christi
840 5659 1118 5726 disciplina
1170 5673 1275 5711 non
1304 5669 1421 5723 est;
1478 5661 1598 5729 quia
1632 5658 1772 5714 ttulla
1828 5659 1987 5713 hodie
2038 5660 2189 5714 stella

606 5729 851 5801 Christus
877 5730 1095 5801 dicitur.
1137 5730 1383 5801 Doctrina
1415 5731 1503 5784 illa
1518 5745 1717 5801 eorum
1744 5740 1829 5785 est
1868 5731 1955 5799 qui
1987 5746 2189 5801 cogno-

609 5798 807 5853 minem
832 5801 1041 5855 stellam
1090 5798 1385 5855 liabuerunt
1410 5811 1466 5856 ut
1507 5800 1748 5870 Jupiter,
1794 5810 1850 5855 ut
1890 5798 2189 5870 Saturnus,

2318 4682 2441 4720 nam
2463 4665 2547 4719 isti
2578 4664 2664 4717 illa
2685 4663 2763 4717 usi
2786 4671 2912 4716 sunt
2936 4677 3000 4716 ex
3028 4658 3172 4715 mera
3198 4661 3394 4729 pietate
3419 4667 3474 4714 et
3492 4658 3776 4727 religione,
3805 4671 3919 4729 non

2321 4746 2377 4789 ιιι
2404 4736 2523 4789 alia!
2545 4742 2735 4805 gentes
2772 4733 2838 4786 ad
2867 4747 2995 4785 usus
3021 4726 3319 4786 malclicos.
3349 4728 3453 4785 Sed
3473 4726 3919 4805 ‘et_eitplica_ndus

2320 4797 2574 4861 Tertull:
2594 4820 2715 4859 cum
2761 4805 2830 4858 ait
2865 4818 3176 4858 concessam
3207 4815 3378 4871 usque
3422 4800 3490 4854 ad
3521 4797 3873 4869 Evaitgclium
3895 4837 3915 4864 ,

2320 4877 2526 4932 scilicet
2573 4889 2883 4931 concessam
2931 4883 2989 4926 ut
3042 4874 3353 4942 plurimum.
3387 4871 3520 4942 Lac.

2394 4948 2473 5018 (g)
2503 4946 2818 5018 Claustilnni
2849 4939 3259 5018 sacrificationis.
3313 4940 3617 5018 Ut_exinde
3669 4939 3919 5018 Christus

2321 5009 2508 5074 fideles
2536 5032 2666 5072 suos
2686 5016 2957 5071 abstinere
2987 5009 3214 5069 voluerit
3240 5010 3550 5084 pontiﬁcatu
3578 5009 3917 5084 retismcnlari

2316 5091 2509 5160 gloria.
2542 5088 2842 5160 Clausulam
2867 5128 2883 5150 ,
2921 5086 3082 5160 finem
3107 5094 3163 5141 et
3184 5081 3509 5160 l‘cl‘ll'lltl‘lllln.
3533 5083 3620 5137 Sic
3639 5083 3690 5160 in
3714 5081 3915 5149 Scorp.

2297 5152 2387 5217 ιῖὺί
2450 5160 2517 5215 de
2545 5159 2700 5215 Joan.
2748 5159 2900 5228 Bapt.
2935 5174 2949 5211 :
3000 5156 3241 5250 Clitusnla
3281 5154 3404 5226 legis
3441 5163 3487 5208 et
3530 5152 3918 5277 ῃνορὲῗὲανωη.

3078 5246 3083 5250 ’
3648 5238 3770 5278 ηις.

2368 5304 2448 5377 (lt)
2510 5302 2764 5377 Spiritum
2806 5299 3054 5377 Sanctum
3096 5314 3182 5377 per
3229 5294 3906 5377 manuum_impositionem

2294 5364 2656 5432 cunnilinaret.
2702 5371 3225 5427 Convenientissimo
3254 5368 3421 5421 verho
3473 5366 3709 5421 Simonis
3745 5364 3918 5418 istius

2295 5449 2498 5503 crimen
2526 5446 2765 5500 damnat.
2795 5442 2901 5498 Sed
2923 5452 2976 5496 et
3010 5441 3271 5494 hodierna:
3306 5437 3683 5492 nundinationi
3710 5449 3912 5489 eorum

2293 5535 2413 5589 qua:
2457 5517 2649 5572 feudali
2680 5513 2941 5589 vocabulo
2970 5510 3229 5589 beneficia
3278 5518 3690 5589 nuncupantur,
3734 5508 3917 5589 simo-

2294 5580 2398 5644 tiia:
2444 5590 2649 5643 crimen
2689 5586 2927 5640 tribuere
2974 5581 3379 5656 soletnos,_e_ts_i
3427 5580 3571 5656 initer
3601 5584 3917 5656 emptorem

2295 5669 2350 5716 et
2376 5659 2705 5714 venditorem
2734 5655 2813 5728 de
2827 5654 3191 5726 comparando
3221 5651 3425 5728 Spiritu
3457 5649 3663 5706 Sancto
3711 5649 3917 5728 nequi:-

2296 5731 2417 5787 dem
2459 5730 2741 5799 cogitetur.
2771 5725 2903 5781 Nam
2951 5723 3090 5801 inter
3118 5739 3227 5801 eos_
3258 5723 3363 5801 hoc
3383 5731 3603 5801 tantum
3640 5723 3820 5789 agitur
3846 5725 3915 5771 ut

2296 5801 2350 5857 in
2378 5790 2675 5872 emptorem
2706 5806 2943 5855 transeat
2964 5795 3055 5865 jus
3085 5792 3416 5867 percipiendi
3447 5790 3652 5848 reditus
3679 5802 3747 5844 ex
3766 5801 3905 5857 pos.
