4252 6264
400 288 501 353 681

1607 299 1814 360 LIBER
1859 302 1952 364 DE
1987 302 2466 369 lDOLOLATRlA.

3593 321 3698 384 682

399 407 552 479 thyta
577 406 862 478 solemnia,
886 410 1042 483 quasi
1068 411 1161 470 tibi
1182 423 1399 485 quoque
1425 418 1804 490 praescriptum
1833 421 1903 477 sit
1921 421 1992 478 de
2021 425 2075 487 Α
2098 425 2377 484 celebrans
2421 428 2726 486 hominibus
2774 430 3058 502 placebat?
3107 449 3178 492 an
3225 435 3489 496 modestia
3516 449 3571 497 et
3598 458 3697 514 pa-

399 499 489 559 die
519 543 534 568 ,
581 517 691 575 quo
717 504 893 562 minus
921 505 974 562 id
1000 506 1142 578 quod
1173 508 1379 564 homini
1401 504 1574 567 'debes
1597 553 1612 578 ,
1679 514 1766 569 vel
1809 515 1903 571 tibi
1931 517 1998 573 ab

399 594 619 654 homine
673 599 919 670 debetur,
966 603 1098 658 citra
1130 602 1236 660 diei
1264 605 1694 664 observationem
1717 610 1866 676 luas,
1913 611 1996 668 vel

400 689 646 760 recipias.
677 690 751 746 Da
781 691 1009 749 formam
1035 696 1091 751 in
1141 711 1245 768 qua
1296 697 1375 770 (1)
1401 700 1535 756 velis
1573 701 1660 773 agi
1687 711 1860 758 tecum
1895 702 1992 776 (a).

397 781 510 839 Cur
535 785 678 840 enim
702 787 780 858 {et
807 786 1014 856 lateas,
1058 805 1180 846 cum
1230 793 1529 864 ignorantia
1573 795 1792 854 alterius
1847 807 1992 853 tuam

399 879 783 936 conscientiam
813 886 1194 942 eontamines?
1225 887 1270 943 si
1296 902 1402 944 non
1452 889 1713 960 ignoraris
1738 891 1880 962 quod
1918 893 1993 948 sis

395 971 751 1042 christianus',
785 977 1028 1044 tentaris,
1062 989 1116 1045 et
1143 989 1330 1036 contra
1352 983 1741 1039 conscientiam
1772 985 1994 1042 alterius

398 1064 534 1134 agis,
567 1075 822 1137 tanquam
849 1084 958 1125 non
995 1070 1343 1129 Christianus.
1392 1074 1677 1131 Enimvero
1696 1078 1797 1132 etsi
1826 1077 1996 1134 simu-

393 1155 588 1216 laveris
641 1156 1057 1233 (2),‘teutatus,
1105 1164 1348 1222 addictus
1378 1182 1456 1222 cs.
1485 1167 1646 1224 Certe
1684 1169 1798 1224 sive
1851 1168 1952 1226 hac
1976 1212 1993 1238 ,

391 1251 506 1306 sive
533 1250 676 1320 illac,
702 1268 830 1309 reus
854 1269 914 1310 es
943 1255 1274 1314 confusionis
1302 1259 1355 1314 in
1387 1260 1496 1314 Deo
1521 1260 1541 1329 (
1550 1259 1758 1327 illan/1.,
1785 1261 1854 1330 Χ,
1875 1263 1945 1319 '52
1978 1281 1994 1330 ;

390 1343 520 1412 an,
549 1345 778 1420 IX,26).
801 1350 904 1418 Qui
918 1361 1089 1406 autem
1113 1352 1354 1424 confusus
1381 1371 1533 1426 super
1562 1371 1642 1408 me
1668 1356 1819 1424 fuerit
1843 1374 1999 1427 penes

389 1440 621 1495 homines
644 1484 659 1509 ,
713 1451 760 1497 et
790 1459 882 1514 ego
912 1446 1204 1517 confundor
1228 1463 1380 1518 super
1406 1447 1499 1504 illo
1527 1490 1543 1517 ,
1573 1446 1790 1521 inquit,
1841 1467 1993 1520 penes

389 1531 604 1590 Patrem
624 1553 811 1606 nteant,
831 1539 919 1610 qui
939 1549 1011 1596 est
1037 1541 1092 1595 in
1117 1541 1276 1596 caelis.

979 1632 1206 1690 CAPUT
1244 1633 1388 1691 XIV.

458 1723 568 1780 Sed
615 1724 760 1781 enim
809 1724 1047 1796 plerique
1085 1726 1196 1796 jam
1249 1727 1575 1786 induxerunt
1617 1729 1819 1799 animo,
1848 1731 1994 1803 igno-

2102 519 2306 586 tientia,
2339 537 2404 576 an
2433 523 2723 594 gravitate,
2758 539 2825 580 an
2854 525 3184 584 humanitate
3207 570 3221 594 ,
3255 546 3322 587 an
3346 533 3650 605 integritate
3670 537 3696 590 ?

2101 610 2334 669 Proinde
2355 629 2478 669 cum
2503 616 2652 684 dicit,
2685 616 2871 672 Omnia
2897 619 3129 675 omnibus
3151 625 3318 693 factus
3345 642 3479 693 sum,
3510 637 3562 681 ut
3592 645 3695 682 om-

2099 718 2189 758 nes
2213 705 2532 776 lucrifaciam
2558 707 2600 779 (Ι
2619 707 2737 764 Cor.
2759 709 2848 778 ΙΧ,
2865 712 2980 783 22),
3003 715 3257 784 numquid
3278 715 3572 774 idololatris
3589 721 3695 776 ido-

2100 796 2340 865 lolatres,
2365 802 2623 872 numquid
2649 805 2879 860 ethnicis
2899 805 3168 872 ethnicus,
3187 810 3448 880 numquid
3470 813 3692 870 saecula-

2099 891 2248 948 ribus
2269 894 2583 951 saacularis?
2613 895 2717 952 Sed
2735 899 2836 953 etsi
2863 914 2968 955 non
2996 900 3246 971 prohibet
3265 917 3362 958 nos
3383 909 3696 964 conversari

2099 998 2222 1039 eum
2245 985 2542 1044 idololatris
2572 998 2626 1046 et
2653 989 2908 1047 adulteris
2934 1001 2989 1048 et
3015 995 3226 1050 caeteris
3248 995 3552 1053 criminosis
3571 1041 3587 1066 ,
3615 998 3698 1054 di-

2101 1091 2231 1132 cens
2253 1078 2298 1149 (1
2327 1077 2470 1148 ϐοΐ..
2508 1080 2571 1148 ν,
2603 1082 2732 1152 10);
2769 1093 3006 1138 cwterum
3030 1086 3093 1140 de
3119 1087 3309 1142 mundo
3351 1090 3554 1144 exiretis
3578 1089 3697 1163 (7);

2102 1185 2211 1225 non
2241 1171 2423 1243 utique
2461 1187 2553 1228 eas
2580 1173 2818 1232 habenas
2858 1180 3284 1235 conversationis
3335 1181 3607 1248 immutat,
3637 1187 3708 1239 ut‘

2103 1263 2358 1333 quoniam
2386 1279 2609 1322 necesse
2648 1269 2791 1322 sitet
2833 1271 3120 1326 convivere
3142 1286 3241 1328 nos
3278 1282 3332 1328 et
3357 1276 3698 1333 commisceri

2103 1354 2182 1425 (8)
2224 1370 2345 1410 cum
2396 1360 2789 1429 peccatoribus,
2823 1360 2946 1417 ideo
2984 1371 3188 1418 etcum
3239 1365 3318 1422 eis
3362 1382 3584 1434 peccare
3613 1368 3698 1441 (9)

2100 1449 2393 1518 possimus.
2427 1449 2503 1507 lbi
2533 1461 2616 1507 est
2641 1455 3025 1510 commercium
3057 1456 3202 1523 vitae,
3227 1459 3371 1527 quod
3405 1461 3699 1530 Apostolus

2100 1544 2385 1611 concedit;
2437 1545 2524 1602 hic
2551 1561 2810 1616 peccare,
2840 1549 2982 1618 quod
3033 1566 3192 1606 nemo
3237 1553 3520 1622 permittit.
3549 1555 3702 1613 Licet

2098 1638 2385 1695 convivere
2411 1655 2533 1694 cum
2554 1640 2804 1708 ethnicis,
2838 1645 3097 1698 commori
3127 1660 3232 1699 non
3260 1646 3402 1701 licet.
3432 1646 3698 1707 Conviva-

2097 1745 2218 1785 mus
2238 1745 2360 1786 cum
2391 1731 2642 1788 omnibus
2670 1749 2684 1785 :
2713 1733 3065 1790 conlaetemnr
3089 1751 3153 1790 ex
3184 1740 3565 1796 communione
3593 1758 3695 1798 na-

385 1815 642 1874 scendum
695 1832 854 1886 esse,
908 1818 956 1872 si
1002 1817 1217 1888 quando
1271 1821 1393 1892 (5),
1445 1837 1566 1892 qua:
1615 1822 1856 1891 ethnici,
1915 1825 1992 1878 ia-
2019 1807 2068 1869 B
2097 1832 2231 1879 tura:
2259 1823 2395 1895 (10).
2429 1841 2536 1880 non
2575 1824 2992 1895 superstitionis.
3054 1826 3220 1883 Pares
3264 1829 3443 1885 anima
3472 1846 3695 1902 sumus,

383 1911 552 1978 ciunt,
595 1924 666 1966 ne
711 1925 909 1966 nomen
966 1909 1388 1982 blasphemetur.
1421 1913 1592 1970 Porro
1621 1913 1989 1986 blasphemia,

382 2019 502 2075 qua:
535 2002 690 2059 nobis
716 2003 936 2060 omnino
962 2003 1249 2061 devitanda
1275 2015 1360 2063 est
1387 2047 1403 2072 ,
1436 2006 1553 2065 haec
1576 2007 1770 2080 opinor
1792 2018 1876 2064 est
1901 2027 1914 2063 :
1941 2009 1989 2066 si

382 2097 503 2168 quis
526 2106 768 2154 nostrum
815 2097 884 2154 ad
909 2098 1109 2170 justam
1141 2099 1536 2173 blasphemiam
1584 2101 1862 2159 ethnicum
1891 2103 1984 2160 de-

381 2191 561 2259 ducat,
594 2199 686 2247 aut
710 2189 922 2259 fraude,
953 2201 1047 2247 aut
1075 2193 1292 2263 injuria,
1321 2203 1414 2250 aut
1435 2195 1786 2263 contumelia,
1811 2195 1983 2251 aliave

381 2283 602 2340 materia
622 2283 800 2355 digna:
825 2285 1062 2356 querela:
1092 2327 1107 2352 ,
1136 2286 1190 2341 in
1216 2303 1320 2357 qua
1349 2303 1545 2343 nomen
1567 2287 1761 2344 merito
1783 2303 1977 2358 percu-

381 2376 595 2441 titur,ut
609 2376 805 2446 merito
822 2377 1084 2433 irascatur
1103 2387 1157 2434 et
1175 2378 1814 2452 Dominus(4).C:cterum
1837 2381 1883 2436 si
1912 2380 1980 2436 de

383 2469 530 2523 omni
571 2466 898 2540 blaSpbemia
925 2470 1128 2526 dictum
1163 2481 1245 2528 est
1267 2490 1282 2526 :
1304 2474 1454 2529 uestri
1483 2474 1561 2544 (5)
1586 2491 1768 2529 caussa
1798 2491 1983 2530 nomen

383 2576 551 2614 meum
573 2559 950 2631 blasphematur
975 2561 1152 2632 (Rom.
1182 2563 1247 2631 ll,
1267 2564 1381 2635 24),
1411 2565 1651 2636 perimus
1708 2567 1978 2634 universi;

379 2667 502 2708 cum
520 2662 662 2710 totus
672 2655 847 2710 circus
866 2655 1107 2713 scelestis
1123 2656 1388 2730 suﬂragiis
1413 2659 1556 2714 nullo
1573 2660 1767 2716 merito
1785 2674 1983 2715 nomen

381 2745 614 2802 lacessit.
675 2747 1034 2816 Desinamus,
1091 2761 1146 2805 et
1193 2767 1297 2807 non
1338 2751 1819 2824 blaSphemabitur.
1868 2752 1983 2808 lmo

378 2839 781 2912 blasphemetur
803 2883 819 2909 ,
865 2841 994 2898 dum
1037 2857 1222 2900 sumus
1258 2845 1310 2900 in
1340 2844 1740 2912 observatione,
1773 2860 1880 2901 non
1923 2845 1978 2900 in

378 2932 777 2988 exorbitatione
824 2933 1121 3004 disciplinae
1144 2976 1160 3003 ,
1190 2934 1317 2990 dum
1357 2936 1667 3006 probamur,
1700 2952 1808 2992 non
1849 2936 1976 2992 dum

377 3024 750 3094 reprobamur.
795 3025 841 3082 0
891 3025 1280 3098 blasphemiam
1324 3027 1404 3101 (6)
1432 3030 1676 3102 martyrii
1714 3029 1971 3098 affinem,

2093 1932 2200 1973 non
2233 1916 2514 1986 disciplina
2547 1931 3046 1987 :eompossessores
3067 1919 3293 1988 mundi,
3328 1936 3436 1977 non
3463 1925 3691 1983 erroris.

2093 2008 2250 2079 Quod
2276 2009 2321 2063 si
2368 2009 2523 2065 nobis
2552 2009 2759 2065 nullum
2807 2011 2896 2081 jus
2920 2021 3006 2067 est
3030 2014 3427 2072 communionis
3456 2015 3509 2070 in
3539 2017 3691 2086 ejus-

2091 2102 2238 2158 modi
2269 2117 2390 2156 cum
2412 2101 2705 2170 extraneis,
2733 2111 2932 2172 quanto
2958 2103 3241 2160 scelestius
3268 2115 3387 2174 est,
3413 2105 3528 2162 haec
3553 2109 3698 2167 inter
3754 2133 3762 2140 ο

2088 2192 2285 2249 fratres
2333 2193 2676 2264 frequentare
2706 2191 2821 2265 (11)
2848 2198 2860 2247 !
2886 2194 3017 2262 Quis
3055 2195 3157 2252 hoc
3191 2197 3458 2255 sustinere
3485 2211 3576 2256 aut
3596 2200 3696 2259 de-

2083 2286 2309 2342 tendere
2347 2285 2571 2356 potest?
2609 2285 2808 2341 ludatis
2837 2286 2954 2343 dies
2996 2302 3124 2343 suos
3154 2287 3322 2345 fastos
3351 2289 3471 2362 (12)
3499 2307 3696 2364 expro-

2087 2375 2208 2433 brat
2236 2376 2470 2448 Spiritus
2507 2385 2725 2434 sanctus
2748 2394 2761 2430 :
2787 2376 3033 2448 Sglzbata,
3059 2379 3252 2451 inquit,
3301 2392 3466 2437 ucstra
3489 2392 3536 2438 et
3565 2401 3694 2440 neo-
3757 2381 3760 2384 ’

2087 2471 2285 2550 ntenias
2344 2479 2391 2524 et
2435 2471 2762 2526 caeremonias
2808 2472 2913 2532 odit
2954 2473 3127 2528 anima
3172 2491 3284 2530 mea
3327 2475 3475 2548 (18.,
3507 2477 3692 2553 1,”).

2091 2540 2262 2619 Nobis
2290 2561 2487 2632 quibus
2509 2562 2728 2618 sabbata
2751 2573 3006 2620 extranea
3030 2574 3156 2620 sunt
3200 2575 3257 2622 et
3307 2540 3609 2627 n‘eomenia:
3638 2540 3694 2630 et

2088 2654 2238 2711 feriae
2259 2671 2290 2710 a
2315 2655 2424 2710 Deo
2449 2654 2738 2726 aliquando
2762 2653 2972 2711 dilectae
2995 2698 3011 2724 ,
3044 2656 3370 2725 Saturnalia,
3421 2671 3475 2716 et
3494 2661 3695 2719 Janua-

2085 2748 2217 2814 rite,
2256 2757 2311 2804 et
2332 2748 2545 2804 Bruma:
2583 2747 2660 2820 (ὁ)
2691 2788 2708 2816 ,
2750 2757 2804 2804 et
2842 2748 3164 2806 Matronales
3209 2751 3280 2824 (c)
3333 2753 3680 2824 frequentan-

2085 2841 2214 2896 tur?
2241 2856 2465 2896 munera
2492 2840 2839 2896 commeant?
2886 2851 3083 2897 strena:
3112 2847 3456 2900 consonant?
3496 2849 3645 2906 lusus
3668 2891 3686 2918 ,

2070 2932 2328 2990 convivia
2374 2941 2728 3004 constrepunt
2771 2930 2926 3005 (l5)?
2952 2931 2997 2989 Ο
3027 2934 3218 2989 melior
3249 2935 3382 2992 ﬁdes
3411 2940 3688 2998 nationum

2079 3026 2135 3081 in
2164 3039 2317 3080 suam
2342 3025 2585 3080 sectam!
2615 3037 2734 3094 quze
2761 3023 2963 3078 nullam
2993 3024 3389 3082 solemnitatem
3421 3028 3690 3087 Christia-

376 3133 495 3187 qua:
525 3127 651 3174 tunc
679 3134 768 3175 me
796 3128 1024 3176 testatur
1048 3118 1434 3191 Christianum,
1465 3136 1588 3178 cum
1612 3129 1834 3194 propter
1858 3137 1978 3178 eam
2005 3125 2050 3190 C
2084 3131 2278 3172 norum
2326 3115 2428 3171 sibi
2483 3115 2718 3171 Vindicat
2740 3155 2757 3181 ν
2799 3129 2908 3171 non
2960 3116 3295 3174 Dominicum
3335 3120 3478 3177 diem
3504 3164 3520 3190 ,
3577 3139 3689 3181 non

376 3208 701 3267 detestatur!
727 3211 1041 3270 Benedictio
1066 3222 1152 3270 est
1175 3213 1428 3282 nominis,
1455 3214 1770 3270 maledictio
1788 3223 1973 3270 custo-

374 3303 504 3360 dita:
535 3305 852 3377 disciplinae.
898 3307 964 3364 Si
1017 3308 1343 3377 hominibus,
1385 3309 1598 3380 inquit,
1650 3310 1827 3365 vellem
1866 3312 1979 3381 plo-

376 3415 515 3467 cere,
537 3415 704 3456 servus
731 3401 922 3458 Christi
947 3419 1050 3457 non
1078 3419 1238 3459 essem
1265 3401 1434 3476 (Gal.,
1467 3401 1514 3472 Ι,
1538 3401 1650 3476 10).
1698 3403 1806 3460 Sed
1832 3403 1974 3458 idem

375 3491 508 3546 alibi
558 3492 779 3563 (lCor.,
810 3493 881 3563 X,
922 3497 1019 3567 55)
1041 3495 1228 3567 jubet,
1269 3497 1520 3553 omnibus
1564 3497 1784 3568 placere
1814 3513 1972 3553 cure-

373 3598 518 3640 mus.
549 3583 986 3652 Quemadmodum
1009 3607 1101 3662 ego
1121 3632 1135 3657 ,
1169 3591 1343 3663 inquit
1366 3633 1382 3659 ,
1424 3592 1660 3647 omnibus
1685 3609 1778 3664 per
1800 3592 1973 3647 omnia

371 3678 570 3750 placeo.
613 3678 879 3740 Nimirum
925 3681 1228 3743 Saturnalia
1279 3695 1336 3744 et
1384 3684 1651 3744 Kalendas
1693 3685 1970 3756 januarias

2079 3211 2436 3269 Pentecosten
2488 3209 2607 3282 (ά),
2665 3210 2877 3266 etiamsi
2920 3221 3176 3278 nossent,
3220 3213 3500 3271 nobiscum
3538 3232 3689 3274 com-

2080 3305 2467 3371 municassent;
2493 3304 2746 3386 timerent
2759 3304 2904 3359 enim
2936 3318 3004 3359 ne
3025 3304 3315 3360 Christiani
3347 3307 3681 3368 viderentur.

2079 3399 2188 3457 Nos
2209 3415 2278 3456 ne
2304 3398 2502 3456 ethnici
2530 3399 2944 3470 pronuntiemur
2969 3441 2986 3468 ,
3020 3414 3126 3455 non
3156 3416 3427 3460 veremur.
3460 3404 3518 3461 Si
3554 3408 3686 3478 quid

2077 3501 2135 3550 et
2158 3491 2305 3549 carni
2332 3489 2718 3562 indulgendum
2743 3500 2829 3546 est
2856 3489 2954 3563 (c),
2983 3489 3174 3560 habes,
3207 3509 3313 3550 non
3339 3494 3518 3554 dicam
3547 3499 3685 3558 duos

2076 3587 2198 3660 (14)
2229 3585 2346 3642 dies
2373 3583 2492 3656 (15)
2519 3592 2760 3650 tantum,
2793 3583 2890 3640 sed
2935 3593 2991 3640 et
3037 3585 3241 3656 plures.
3285 3586 3419 3645 Nam
3447 3591 3682 3651 ethnicis

2076 3678 2248 3738 semel
2296 3691 2508 3749 annuus
2531 3677 2648 3736 dies
2675 3677 2906 3752 quisque
2950 3677 3122 3738 festus
3167 3691 3252 3740 est
3283 3699 3299 3738 :
3335 3685 3430 3744 tibi
3458 3696 3680 3748 octavus

1603 3798 1899 3860 LECTION
1907 3799 1989 3858 ES
2027 3791 2442 3855 VARIANTES.

432 3932 478 3996 (1
547 3934 771 3988 Formam
791 3949 887 4002 qua
920 3938 1096 4005 Rigalt.
1145 3996 1157 4009 _
1280 4000 1291 4011 .

453 4000 485 4045 2
541 3997 603 4050 Et
623 4001 1010 4051 dissimulaberis
1031 4005 1198 4053 Paris.
1231 4003 1288 4053 R1

432 3936 507 4126 iiii
540 4063 844 4126 Quandoque
867 4066 944 4115 his
967 4065 1121 4115 Fran.
1145 4065 1257 4126 Rig.

453 3997 507 4073 Ξ)
541 3997 603 4073 lit
623 3997 1010 4073 dissimulaberis
1031 3997 1205 4073 Paris.
1231 4000 1340 4066 Rig.

453 4063 502 4135 ς»)
540 4063 844 4135 Quandoque.
967 4065 1257 4135 arm-aia.
1291 4063 1311 4066 '
1363 4123 1374 4135 .

452 4123 504 4192 ᾗ)
540 4123 784 4192 Παπειυέ
799 4127 853 4192 ei
870 4127 1106 4178 Dominus
1129 4123 1270 4192 Leo'p.
1285 4123 1481 4192 primus
1503 4131 1551 4192 et
1571 4138 1711 4192 unus.

451 4188 504 4252 5)
542 4186 630 4254 E_st
652 4201 744 4249 vae,
780 4191 920 4254 cujus
961 4202 1133 4240 caussa
1169 4186 1336 4242 Paris.
1359 4189 1479 4241 Jun.
1520 4189 1709 4242 Pamel.
1728 4200 1748 4250 ;
1795 4193 1964 4240 vestra

361 4251 704 4324 εειέξξεέιεριζ·
779 4313 794 4324 .
842 4251 855 4254 ’
901 4315 911 4324 .

425 4312 505 4438 (ὅ)
544 4311 630 4386 Ob.
643 4311 992 4386 blasphemiam
1017 4315 1169 4365 Fran.
1369 4376 1380 4386 ο
1545 4379 1555 4388 θ
1665 4378 1674 4388 .

411 4373 478 4443 _7
541 4373 757 4427 Exn-etis
795 4384 954 4428 Pam.
979 4379 1092 4432 Pet.
1134 4377 1287 4434 Rhea.
1320 4380 1432 4445 Iug.
1473 4385 1705 4434 exissetis
1747 4373 1959 4437 Semler,

359 4437 561 4487 Ciacon.

425 4497 501 4565 (8)
538 4499 851 4555 Commisceri
870 4501 1028 4556 Paris.

429 4001 449 4248 ἓ

2141 3929 2756 4010 i9l.ldfP.e‘.€9‘PPE‘i§?F
2761 3928 2962 4010 3-1.153;
3339 3993 3368 4010 ..
3431 3999 3439 4010 .

2165 3991 2219 4043 10
2283 3992 2404 4043 Cod.
2427 3991 2593 4059 Agob.‘
2607 3991 2767 4043 Paris.
2791 3991 2965 4043 aniinae
2987 4003 3176 4058 sumus,
3202 4007 3300 4049 non
3322 3993 3610 4065 disciplinae.

2165 3992 2240 4120 lli
2266 4055 2592 4120 Erequentari
2615 4055 2737 4105 Jun.

2159 4057 2240 4120 11)
2266 4057 2592 4124 Frequentari
2615 4092 2616 4097 η

2158 4119 2236 4168 12)
2266 4117 2443 4168 Festos
2462 4126 2616 4167 Pam.

2157 4180 2235 4248 15)
2247 4180 2532 4232 Commeant
2554 4185 2608 4230 et
2627 4183 2834 4243 strenae,
2856 4186 3130 4234 consonant
3150 4181 3305 4249 lusus,
3323 4198 3466 4241 conv.
3485 4198 3671 4244 constr.

2063 4245 2234 4369 halt)
2275 4306 2400 4373 Suos
2423 4302 2582 4373 Ciacc.
2609 4304 2730 4373 Jun.
2755 4308 2868 4354 tuos
2887 4303 2997 4370 Rig.
3022 4305 3197 4373 Seml.;
3219 4322 3318 4363 non
3363 4321 3529 4369 tamen
3558 4316 3672 4369 dies

2061 4367 2381 4430 tanturaned
2395 4374 2446 4416 et
2469 4367 2636 4430 plures
2654 4367 2764 4430 Rig.

2127 4430 2233 4495 (15)
2255 4424 2384 4482 ’Νοιι
2405 4424 2572 4482 tamen
2587 4427 2696 4481 dies
2711 4424 2888 4494 Rigalt.

2266 4055 2592 4118 Frequentari
2615 4055 2737 4105 Jun.

1735 4627 2104 4691 COMMENTA
2113 4622 2291 4686 RIUS.

435 4766 516 4838 (a)
556 4765 651 4845 D_a_
676 4769 896 4845 formam
943 4785 1044 4844 qua
1079 4769 1202 4828 uelis
1237 4773 1324 4845 agi
1360 4781 1703 4845 tecum,rcur4
1725 4774 1870 4845 enim
1909 4778 1955 4825 et
1980 4771 2034 4831 D
2062 4758 2508 4845 schol.nllesiodi,
2539 4757 2604 4845 Il,
2636 4776 2859 4845 operum
2885 4762 2992 4845 late
3012 4763 3254 4845 disserit._
3272 4766 3348 4845 1.x
3363 4769 3467 4845 Pa.

359 4839 545 4917 lateas.
573 4839 746 4917 Elige,
779 4839 984 4914 inquit,
1030 4861 1134 4916 qua
1165 4839 1339 4900 tecum
1371 4844 1457 4917 agi
1504 4842 1906 4917 velisjormula
1940 4860 1952 4896 :

358 4911 636 4986 christiani
670 4911 818 4986 inter
853 4911 1101 4972 ethnicos
1149 4917 1259 4971 noti
1310 4911 1626 4986 vcl'ignoti.
1652 4913 1784 4968 Nam
1830 4928 1954 4968 cum

358 4981 526 5065 apud“
540 4982 804 5065 ethnicos,
849 4987 1119 5043 solemnes
1147 4981 1489 5043 ethnicorum
1527 4987 1646 5065 dies
1670 4986 1949 5065 observas,

360 5051 642 5129 id_efiicies
665 5066 719 5109 ut
743 5056 930 5124 lateas,
962 5070 1123 5129 atque
1147 5067 1206 5114 ut
1247 5071 1298 5114 te
1313 5075 1418 5114 non
1454 5074 1576 5114 esse
1601 5056 1951 5129 christianum

359 5123 625 5200 ethnicus
663 5137 850 5196 putet;
903 5138 956 5184 et
1007 5123 1150 5185 fraus
1189 5140 1272 5186 est
1320 5145 1460 5200 qum,
1507 5131 1609 5185 hoc
1647 5129 1765 5198 ipso
1812 5127 1952 5198 quod

360 5194 716 5322 ignorantiam
741 5201 982 5256 veritatis
1003 5201 1225 5265 inducit,
1249 5194 1634 5259 conscientiam
1659 5194 1803 5256 tuam
1828 5194 1957 5255 con-

360 5274 604 5322 luminat.
681 5285 752 5322 lc.

359 5267 604 5322 luminat.
632 5268 752 5324 RIG.

433 5337 831 5412 CA_P.X|V.-—(
839 5341 892 5411 b)
907 5342 976 5398 Et
985 5342 1212 5401 Brumae.
1231 5345 1413 5400 Ferias
1427 5345 1704 5401 Brumales
1717 5341 1963 5412 intelligit

355 5423 481 5484 [tum
503 5408 775 5484 Brumalia
795 5408 1133 5484 dicebantur,
1177 5417 1374 5473 ﬁebant
1400 5429 1579 5473 autem
1621 5419 1673 5472 in
1703 5408 1963 5469 honorem

354 5479 556 5565 Bacchi
583 5484 924 5565 torcularium
949 5496 1004 5542 et
1029 5479 1316 5565 prgelorum
1338 5489 1630 5544 inventuris
1650 5489 1789 5565 circa
1812 5499 1962 5565 uten-

352 5565 477 5636 gem
497 5550 950 5636 qutzeonemmoc
963 5550 1074 5636 esi,
1089 5559 1400 5614 Januarium
1418 5571 1682 5636 nostrtnn.
1694 5556 1960 5636 Emetiam

351 5619 510 5705 feria}
540 5624 804 5706 Ambrosio
827 5619 1388 5706 vocabanturgrwcis,
1418 5647 1536 5706 quae
1561 5627 1828 5706 Brumalia
1857 5626 1964 5706 lio-

349 5694 554 5778 !nanis,
585 5712 706 5780 nam
728 5699 1010 5780 Dionysius
1024 5694 1467 5780 apud'hnsce‘est
1494 5697 1964 5780 BI‘EIIIUSLHQC'lp

351 5764 800 5851 interpretatione
843 5764 984 5827 forte
1023 5764 1380 5851 hallucinatus
1427 5783 1512 5828 est
1563 5770 1832 5851 Panielius

353 5835 519 5896 lium'
549 5836 841 5909 Gyraldum
899 5855 1132 5899 secutus.
1178 5846 1252 5902 De
1289 5849 1388 5903 hac
1438 5860 1569 5903 voce
1616 5843 1866 5902 thetzcs
1913 5842 1967 5898 in

599 5934 1044 6000 TEuTULLuat
1108 5939 1156 6000 l.

2133 4837 2212 4909 (c)
2233 4835 2295 4890 Et
2309 4834 2651 4909 _Matronatia.
2671 4834 2953 4909 Feriarum
2970 4836 3035 4891 ha
3044 4853 3160 4892 rum
3175 4841 3458 4900 celebritas
3468 4844 3660 4906 Calen-

2057 4907 2149 4966 dis
2167 4907 2373 4965 Hartiis
2388 4907 2726 4972 occurrebat,
2758 4907 2809 4961 in
2836 4908 2901 4963 iis
2924 4907 2992 4964 de
3021 4909 3278 4966 Matrihus
3306 4923 3359 4968 et
3398 4915 3656 4976 Matronis

2057 4991 2174 5039 erat
2210 4979 2546 5050 solemnitas,
2571 4978 2884 5034 dicebantur
2922 4995 3138 5050 quoque
3156 4981 3418 5040 Matralia.
3453 4990 3532 5044 Le
3558 4990 3657 5048 Pa.

2134 5052 2217 5127 (d)
2239 5051 2360 5105 Non
2371 5048 2725 5127 Pentecosten.
2744 5048 3038 5127 Intelligere
3049 5048 3336 5127 Auctorem
3359 5075 3462 5114 non
3482 5062 3658 5118 solum

2061 5120 2408 5198 Pentccosles
2443 5121 2667 5198 festum,
2689 5120 2785 5177 sed
2834 5120 3015 5190 etiam,
3043 5125 3395 5198 _uti‘loquitur
3421 5131 3507 5198 (de
3535 5132 3657 5189 Cor.

2064 5193 2228 5267 mit.),
2257 5204 2470 5259 tempus
2496 5193 2623 5247 illud
2656 5193 2923 5267 integrum
2953 5208 2984 5248 a
3027 5192 3115 5250 die
3139 5192 3361 5252 Pascha:
3395 5192 3449 5255 in
3471 5203 3641 5259 Pente

2063 5263 2271 5344 ceston,
2295 5273 2452 5344 patet_
2487 5279 2555 5318 ex
2593 5280 2659 5319 eo
2686 5263 2828 5344 quod
2853 5279 2979 5318 mox
3003 5268 3274 5344 sequitur,
3315 5286 3527 5344 excerpe
3550 5277 3663 5344 sin-

2067 5339 2215 5411 gulas
2239 5337 2584 5411 solemnitates
2605 5337 2890 5401 nationum,
2922 5337 3064 5411 et_in_
3089 5339 3317 5392 ordinem
3348 5337 3494 5407 neme,
3526 5343 3663 5402 Pen-

2069 5406 2288 5465 tecosten
2307 5406 2518 5475 implere
2540 5424 2640 5460 non
2667 5416 2922 5478 poterunt.
2951 5406 3151 5462 Eodem
3182 5411 3342 5464 modo
3366 5424 3421 5468 et
3445 5406 3506 5469 Β.
3529 5417 3662 5474 Hie-

2066 5495 2349 5560 ronymus,
2380 5479 2471 5532 lib.
2493 5477 2709 5560 advers.
2735 5477 3043 5560 hionﬁtanum
3069 5485 3123 5535 et
3145 5478 3512 5544 Luciferianos
3529 5530 3548 5556 ,
3572 5506 3665 5560 per

2067 5549 2267 5609 omnem
2298 5550 2629 5604 Pentecosten
2659 5550 2814 5604 dixit.
2838 5549 2977 5604 Pu.

2143 5621 2220 5696 (c)
2255 5622 2315 5678 Si
2503 5622 2645 5698 carni
2683 5620 3050 5698 indulgendum
3071 5630 3172 5698 _esl.
3193 5624 3495 5698 Alloquitur
3526 5630 3668 5686 chri-

2071 5692 2354 5768 stianum»:
2395 5693 2454 5768 S_i
2496 5692 2623 5762 quid
2655 5692 2910 5768 voluptati
2937 5692 3469 5768 indulgendum'cst,
3502 5703 3667 5760 habes

2073 5768 2236 5824 etiam
2269 5765 2386 5819 dics
2415 5762 2600 5829 festos,
2625 5764 2761 5818 sicut
2793 5765 2990 5835 habent
3039 5762 3280 5835 ethnici,
3335 5762 3466 5826 ιιοιι⁷
3489 5781 3668 5834 tamen

2075 5840 2194 5897 dics
2222 5848 2427 5895 tantum
2449 5843 2605 5910 atque
2623 5836 2703 5896 illi
2725 5834 2944 5905 habent,
2973 5837 3068 5894 sed
3095 5847 3148 5894 et
3174 5834 3377 5912 plures.
3401 5843 3520 5902 lito.

2781 5931 3266 6017 (Yingt-deux.)
