4252 6264
594 252 703 314 685

2037 239 2503 304 TERTULLIANI

3787 235 3895 298 εει

593 372 825 443 quisque
866 364 984 427 dies
1028 365 1132 439 (1).
1161 363 1411 436 Excerpe
1449 362 1686 435 singulas
1710 359 2082 446 solemnitates
2101 375 2196 417 na-
2222 365 2277 427 Α
2299 375 2421 418 cum
2449 367 2630 416 tamen
2656 353 2710 414 in
2739 357 3182 432 superstitionem
3211 356 3577 424 deducuntur,
3605 367 3800 440 rapere
3827 354 3897 411 ad

595 467 828 532 tionum,
850 472 905 520 et
929 463 984 518 in
1009 461 1254 519 ordinem
1294 467 1416 517 texe
1445 458 1524 532 (2)
1547 499 1564 528 ,
1593 449 1946 519 Pentecosten
1969 456 2194 544 implere

595 573 708 618 non
737 563 1011 630 poterunt.

1209 621 1437 683 CAPUT
1477 621 1598 681 XV.

667 738 778 799 Sed
833 740 855 813 (
884 738 1099 806 Matth.,
1128 738 1194 807 V,
1230 738 1300 796 Ili
1329 740 1348 811 )
1388 739 1626 808 luceant,
1679 737 1852 810 inquit
1895 735 2006 809 (a),
2038 751 2193 809 opera

590 844 783 893 uestra.
823 834 894 889 At
949 848 1093 890 nunc
1143 832 1325 890 lucent
1371 833 1611 888 tabernae
1651 840 1705 888 et
1737 831 1918 902 janua:
1969 839 2187 885 nostra}:

589 928 774 1001 plures
794 924 904 997 jam
933 925 1176 982 invenies
1203 924 1543 982 ethnicorum
1573 923 1716 980 fores
1742 922 1860 980 sine
1887 922 2119 978 lucernis
2136 930 2193 977 et

587 1019 788 1077 laureis
813 1034 971 1090 quam
996 1017 1444 1076 Christianorum.
1501 1018 1578 1074 De
1621 1017 1723 1074 ista
1751 1031 1965 1087 quoque
2013 1014 2194 1085 specie

599 1111 729 1185 quid
756 1110 965 1167 videtur
985 1111 1006 1166 ‘l
1028 1110 1085 1167 Si
1117 1110 1244 1166 idoli
1277 1111 1447 1166 honor
1473 1118 1576 1176 est,
1605 1109 1720 1164 sine
1744 1108 1909 1164 dubio
1941 1107 2069 1164 idoli
2097 1107 2193 1162 ho-

597 1221 701 1264 nor
722 1205 1020 1262 idololatria
1051 1214 1154 1262 est.
1177 1204 1234 1262 Si
1257 1204 1688 1271 hominiscaussa
1701 1211 1809 1272 est,
1839 1203 2195 1274 recogitemus

588 1313 806 1356 omnem
837 1297 1194 1354 idololatriam
1225 1297 1280 1352 in
1309 1296 1544 1353 hominis
1572 1312 1818 1352 caussam
1846 1310 1987 1353 esse.
2020 1294 2196 1352 Reco-

586 1393 817 1464 gitemus
847 1405 1064 1447 onmem
1096 1390 1456 1447 idololatriam
1489 1390 1541 1445 in
1573 1389 1824 1447 homines
1874 1405 1995 1446 esse
2023 1390 2194 1444 cultu-

589 1499 727 1554 ram,
763 1499 884 1540 cum
910 1482 1058 1554 ipsos
1076 1481 1209 1539 deos
1245 1481 1527 1538 nationum
1551 1481 1796 1538 homines
1823 1491 1970 1538 retro
1987 1480 2153 1537 fuisse
2176 1523 2194 1550 ,

587 1577 750 1636 etiam
788 1577 931 1647 apud
956 1591 1085 1633 suos
1111 1585 1345 1632 constet.
1371 1577 1561 1648 Itaque
1590 1576 1723 1632 nihil
1755 1576 2003 1643 interest,
2034 1591 2197 1647 supe-

585 1670 770 1738 rioris,
797 1685 864 1725 an
891 1668 1048 1740 hujus
1073 1669 1257 1724 saeculi
1287 1668 1417 1725 viris
1438 1668 1750 1739 superStitio
1769 1670 1868 1725 ista
1893 1677 2194 1740 prmstetur.

2295 468 2358 510 se
2385 450 2650 508 daemonia
2675 459 2732 507 et
2779 466 2996 508 omnem
3024 451 3271 522 spiritum
3299 449 3635 506 immundum
3653 464 3748 520 per
3768 463 3899 504 con-

2297 546 2619 603 secrationis
2642 545 3084 618 obligatnentum.
3116 545 3366 615 Alioquin
3393 544 3659 600 dmmonia
3693 544 3897 602 nullum

2298 643 2497 700 habent
2523 657 2716 698 nomen
2743 641 3074 713 singulatim,
3105 641 3200 698 sed
3242 641 3315 696 ibi
3347 655 3542 698 nomen
3567 641 3854 696 inveniunt
3880 681 3895 708 ,

2297 735 2387 791 ubi
2413 744 2467 791 et
2488 735 2701 806 pignus.
2735 734 2908 789 Etiam
2935 733 3076 806 apud
3105 733 3322 790 Graecos
3343 733 3643 805 Apollinem
3685 738 3896 805 oupaia-i,

2297 829 2372 902 (c)
2399 837 2453 884 et
2478 828 2721 883 Antelios
2748 827 2828 901 (d)
2873 826 3150 882 daemonas
3175 828 3437 881 ostiorum
3482 827 3742 896 praesides
3773 826 3898 896 legi-

2295 936 2435 978 mus.
2469 919 2595 976 Hmc
2625 921 2872 1000 igitur‘ab
2891 921 3040 977 initio
3063 921 3364 992 praevidens
3395 921 3628 992 Spiritus
3655 929 3892 987 sanctus,

2297 1014 2459 1071 etiam
2486 1014 2624 1068 ostia
2649 1015 2701 1069 in
2741 1014 3182 1086 superstitionem
3213 1024 3433 1070 ventura
3458 1013 3774 1085 przececinit
3799 1029 3894 1084 per

2298 1107 2729 1181 antiquissimum
2757 1107 3069 1182 prophetam
3098 1108 3305 1163 Enoch.
3345 1106 3476 1163 Nam
3494 1107 3666 1162 etalia
3682 1107 3815 1163 ostia
3835 1106 3890 1161 in

2299 1199 2506 1255 balneis
2534 1199 2750 1255 adorari
2781 1200 3046 1256 videmus.
3080 1200 3137 1255 Si
3184 1213 3361 1256 autem
3407 1216 3595 1256 eorum
3626 1208 3751 1255 sunt
3778 1213 3900 1270 qua:

2297 1290 2352 1347 in
2393 1291 2546 1347 ostiis
2585 1290 2882 1346 adorentur
2912 1291 3014 1366 (5),
3043 1291 3112 1348 ad
3149 1307 3246 1348 eos
3271 1303 3321 1347 et
3360 1292 3593 1347 lucerna:
3625 1305 3677 1347 et
3702 1291 3901 1346 laurea:

2298 1383 2662 1454 pertinebunt.
2683 1383 2832 1439 Idolo
2854 1384 3068 1450 feceris,
3097 1383 3350 1458 quicquid
3375 1387 3517 1440 ostio
3545 1383 3751 1440 feceris.
3782 1383 3900 1439 Hoc

2299 1475 2352 1530 in
2394 1475 2514 1530 loco
2543 1489 2609 1532 ex
2635 1477 2952 1531 auctoritate
2973 1491 3185 1550 quoque
3223 1477 3318 1532 Dei
3349 1487 3640 1541 contestor,
3659 1477 3780 1548 quia
3798 1491 3900 1531 nec

2313 1577 2482 1625 tutum
2519 1581 2601 1625 est
2652 1569 2969 1626 subtrahere
2997 1571 3372 1642 quodcumque
3404 1571 3493 1625 uni
3522 1570 3685 1626 fuerit
3713 1579 3890 1626 osten-

2305 1679 2448 1730 sum,
2473 1666 2657 1735 utique
2682 1665 2925 1720 omnium
2952 1679 3164 1720 caussa.
3195 1665 3320 1721 Scio
3349 1665 3570 1721 fratrem
3603 1678 3701 1734 per
3738 1664 3902 1720 visio-

580 1747 891 1820 Idololatria
917 1780 1024 1820 non
1046 1773 1265 1834 propter
1287 1778 1546 1833 personas
1573 1779 1692 1834 qua:
1718 1773 2064 1834 opponuntur
2091 1761 2194 1836 (5),
2226 1743 2275 1806 Β
2304 1773 2428 1814 nem
2458 1757 2647 1813 eadem
2676 1768 2834 1814 nocte
2857 1757 3174 1829 castigatum
3205 1758 3442 1829 graviter
3464 1798 3481 1826 ,
3509 1756 3658 1828 quod
3681 1756 3900 1826 januam

585 1856 684 1916 sed
717 1865 936 1927 propter
956 1856 1129 1912 officia
1154 1857 1254 1913 ista
1271 1855 1524 1912 damnata
1548 1867 1652 1926 est,
1680 1872 1799 1926 qua:
1820 1857 1886 1912 ad
1922 1856 2197 1912 daemones

584 1949 876 2021 pertinent.
908 1949 1202 2009 Reddenda
1226 1958 1354 2006 sunt
1384 1948 1626 2020 (Mattli.,
1660 1947 1829 2021 XXII)
1861 1947 2055 2004 ϐαβαιτὶ
2082 1964 2197 2019 qua:

584 2052 705 2098 sunt
725 2042 962 2110 Camn-is,
989 2043 1128 2100 bene
1152 2042 1294 2113 quod
1321 2042 1593 2113 opposuit,
1613 2051 1659 2097 et
1675 2058 1789 2113 qua:
1808 2052 1925 2097 sunt
1943 2040 2044 2098 Dei
2064 2041 2192 2097 Deo.

589 2135 724 2204 Quae
741 2141 871 2206 ergo
886 2144 1010 2191 sunt
1029 2133 1259 2192 Caesaris
1274 2134 1298 2189 ‘l
1314 2135 1522 2192 scilicet
1538 2134 1604 2190 de
1623 2134 1818 2206 quibus
1835 2143 1961 2190 tunc
1980 2135 2198 2190 consul-

585 2231 719 2288 tatio
746 2229 1062 2286 movebatur
1083 2215 1545 2298 ,‘praastandusne
1571 2236 1716 2283 esset
1744 2240 1937 2282 census
1973 2225 2196 2295 Caesari,

583 2337 658 2381 an
687 2337 818 2380 non:
837 2321 963 2379 Ideo
984 2331 1041 2376 et
1070 2329 1340 2376 monetam
1366 2318 1578 2378 emendi
1603 2319 1703 2376 sibi
1730 2319 1988 2376 Dominus
2017 2328 2200 2390 postu-

586 2414 740 2481 lavit,
774 2423 829 2472 et
851 2413 923 2470 de
957 2413 1190 2483 imagine
1220 2453 1234 2476 ,
1263 2411 1418 2482 cujus
1443 2420 1624 2477 esset,
1654 2411 1958 2481 requisivit.
1985 2411 2199 2467 Etcum

583 2506 844 2574 audisset,
876 2503 1108 2562 Caesaris
1136 2521 1150 2558 :
1176 2504 1414 2570 Reddite,
1447 2504 1544 2571 ait,
1565 2519 1679 2575 qua:
1696 2513 1816 2559 sunt
1837 2503 2058 2560 Cwsaris
2088 2503 2201 2560 Ciz-

583 2600 712 2666 oari,
737 2609 783 2656 et
813 2613 927 2670 quae
953 2605 1071 2652 sunt
1091 2595 1189 2651 Dei
1209 2594 1320 2650 Deo
1341 2595 1438 2667 (b);
1469 2595 1524 2654 id
1553 2605 1637 2652 est
1665 2595 1952 2666 imaginem
1971 2594 2199 2652 Cra-saris

583 2691 822 2760 Caesari,
869 2706 990 2762 qua:
1019 2690 1072 2748 in
1099 2704 1323 2746 nummo
1347 2698 1462 2756 est,
1516 2698 1572 2746 et
1619 2688 1908 2759 imaginem
1941 2688 2031 2743 Dei
2062 2689 2195 2756 Deo,

586 2800 709 2858 qua:
747 2785 803 2841 in
852 2783 1073 2840 homine
1113 2791 1241 2838 est:
1276 2791 1334 2838 ut
1384 2781 1582 2838 Caesari
1638 2782 1854 2853 quidem
1916 2785 2196 2854 pecuniam

585 2877 806 2943 reddas,
838 2875 950 2932 Deo
1004 2875 1372 2945 temetipsum.
1402 2874 1676 2944 Alioquin,
1707 2874 1835 2945 quid
1861 2874 1966 2930 erit
1993 2875 2122 2941 Dei,
2153 2875 2198 2932 si

582 2972 769 3030 omnia
790 2968 1062 3030 Cassaris?
1085 2968 1251 3039 Ergo,
1282 2966 1480 3037 inquis,
1511 2967 1689 3022 honor
1716 2966 1809 3024 Dei
1833 2977 1940 3034 est,
1964 2965 2198 3022 lucerna:

585 3079 688 3137 pro
722 3063 926 3118 foribus
947 3104 962 3128 ,
1005 3070 1060 3117 et
1083 3061 1266 3132 laurus
1294 3059 1347 3114 in
1385 3059 1672 3133 postibus?
1705 3074 1810 3116 non
1841 3059 2027 3129 utique
2054 3059 2196 3130 quod

588 3153 688 3210 Dei
717 3155 890 3208 honor
909 3159 1013 3217 est,
1044 3149 1139 3207 sed
1165 3148 1306 3221 quod
1333 3150 1452 3220 ejus
1481 3148 1572 3219 qui
1603 3163 1701 3218 pro
1731 3147 1845 3205 Deo
1887 3147 2196 3220 hujusmodi

585 3246 783 3332 officiis
814 3247 1144 3313 honoratur,
1192 3254 1455 3316 quantum
1487 3243 1542 3300 in
1568 3240 1859 3300 manifesto
1896 3251 2012 3312 est,
2046 3243 2194 3299 salva

584 3341 902 3412 operatione
947 3354 1067 3411 quae
1095 3337 1253 3395 estin
1284 3337 1500 3392 occulto
1529 3378 1546 3405 ,
1607 3335 1676 3392 ad
1705 3335 1974 3392 daemonia
1997 3351 2192 3407 perve-

583 3433 764 3492 niens.
793 3431 940 3488 Certi
969 3433 1114 3488 enim
1143 3445 1267 3487 esse
1307 3429 1569 3487 debemus
1597 3471 1612 3498 ,
1655 3431 1700 3486 si
1739 3445 1876 3502 quos
1917 3430 2052 3486 latet
2099 3445 2197 3500 per

590 3525 950 3598 ignorantiam
1000 3524 1316 3580 litteraturae
1342 3523 1660 3590 saecularis,
1714 3525 1877 3580 etiam
1930 3524 2193 3580 ostiorum

587 3617 724 3675 deos
770 3616 914 3688 apud
987 3615 1300 3680 Romanos,
1351 3613 1610 3670 Cardeam
1659 3628 1691 3668 a
1742 3614 2050 3671 cardinibus
2098 3630 2198 3687 ap-

587 3711 864 3784 pellatam,
915 3717 971 3763 et
1018 3706 1306 3763 Forculum
1361 3705 1440 3776 (4)
1502 3722 1533 3761 a
1574 3704 1779 3761 foribus
1808 3748 1823 3772 ,
1881 3716 1936 3762 et
1983 3707 2201 3764 Limen-

594 3805 768 3861 tinum
815 3816 845 3857 a
900 3800 1107 3866 limine,
1145 3808 1199 3856 et
1243 3800 1417 3870 ipsum
1473 3799 1668 3855 Ianum
1707 3814 1738 3854 a
1782 3800 1945 3872 janua
1974 3819 1988 3856 :
2017 3812 2072 3858 et
2098 3805 2203 3861 uti-

592 3910 702 3969 que
723 3893 927 3954 scimus
949 3933 966 3966 ,
1008 3891 1136 3950 licet
1163 3890 1382 3949 nomina
1409 3890 1590 3948 inania
1613 3899 1776 3964 atque
1799 3892 2028 3950 conficta
2053 3897 2160 3951 sint
2178 3938 2196 3965 ,

2299 1853 2416 1925 ejus
2445 1852 2624 1908 subito
2651 1853 2981 1908 annuntiatis
3005 1852 3210 1924 gaudiis
3231 1852 3459 1924 publicis
3479 1853 3621 1908 servi
3644 1867 3902 1907 coronas-

2299 1955 2439 2002 sent.
2483 1944 2550 2001 Et
2580 1954 2758 2002 tamen
2787 1962 2893 2000 non
2923 1945 3040 2016 ipse
3067 1955 3455 2014 corouaverat,
3504 1955 3598 2000 aut
3635 1960 3905 2016 prmcepe-

2300 2049 2386 2098 rat
2411 2080 2428 2109 ,
2457 2055 2581 2095 nam
2611 2049 2736 2096 ante
2767 2048 3126 2112 processerat,
3154 2052 3209 2096 et
3238 2055 3517 2110 regressus
3543 2039 3904 2111 reprehende-

2301 2143 2385 2190 rat
2425 2133 2506 2208 (6)
2559 2134 2758 2190 factum
2791 2152 2806 2192 :
2836 2134 2972 2191 adeo
3015 2135 3154 2206 apud
3199 2135 3485 2190 Dominum
3518 2135 3569 2190 in
3600 2134 3904 2205 hujusmodi

2303 2229 2469 2284 etiam
2522 2228 2804 2300 disciplina
2836 2227 2904 2300 (ε)
2961 2228 3178 2285 familiae
3227 2240 3429 2285 nostrae
3475 2229 3772 2284 :estimatur
3803 2230 3900 2302 (7).

2302 2319 2466 2391 Igitur
2486 2320 2630 2391 quod
2655 2322 2882 2376 attineat
2922 2321 2989 2376 ad
3019 2321 3252 2378 honores
3278 2337 3464 2392 regum
3495 2323 3580 2377 vel
3604 2323 3896 2394 imperato-

2303 2427 2422 2469 rum
2451 2412 2652 2483 (Rom.,
2681 2412 2823 2482 XIII,
2849 2414 2927 2486 7),
2953 2415 3084 2468 satis
3108 2414 3479 2484 praescriptum
3510 2414 3768 2470 habemus
3790 2456 3807 2482 ,
3850 2413 3903 2469 in

2304 2505 2451 2561 omni
2468 2507 2726 2579 obsequio
2753 2522 2873 2563 esse
2903 2523 3004 2563 nos
3028 2518 3300 2579 oportere,
3329 2507 3624 2564 secundum
3652 2507 3897 2576 Apostoli

2303 2607 2631 2670 prteceptnm
2655 2641 2674 2669 ,
2706 2599 2950 2656 subditos
2992 2601 3395 2672 magistratibus
3415 2610 3468 2657 et
3497 2600 3824 2672 principibus
3847 2609 3907 2656 et

2304 2692 2695 2761 potestatibus:
2730 2692 2824 2748 sed
2865 2693 3002 2747 intra
3033 2692 3233 2748 limites
3261 2693 3554 2764 disciplina:
3577 2732 3593 2759 ,
3623 2705 3908 2764 quousque

2305 2783 2374 2839 ab
2399 2783 2698 2840 idololatria
2749 2800 3087 2855 separamur.
3140 2786 3433 2856 Propterea
3485 2786 3630 2841 enim
3671 2796 3726 2840 et
3773 2784 3906 2840 illud

2305 2880 2613 2948 exemplum
2647 2877 2809 2933 trium
2839 2877 3064 2934 fratrum
3091 2877 3571 2950 praecucurrit,qui
3595 2877 3728 2933 alias
3749 2877 3909 2933 obse-

2303 2978 2532 3039 quentes
2559 2984 2686 3040 erga
2717 2985 2898 3041 regem
2926 2969 3424 3026 Nabuchodonosor
3451 2970 3471 3041 (
3504 2969 3668 3038 Dem,
3695 2968 3783 3039 III,
3812 2968 3904 3038 12,

2303 3060 2493 3132 seqq.),
2529 3062 2790 3118 honorem
2823 3064 3069 3134 imaginis
3097 3063 3214 3134 ejus
3233 3063 3671 3120 constantissime
3695 3079 3906 3135 respue-

2302 3164 2474 3221 runt,
2524 3155 2813 3225 probantes
2881 3155 3237 3214 idololatriam
3285 3172 3406 3213 esse
3434 3197 3450 3224 ,
3483 3157 3739 3229 quicquid
3766 3157 3902 3213 ultra

2306 3248 2525 3304 humani
2550 3248 2772 3305 honoris
2796 3249 3012 3304 modum
3041 3249 3106 3305 ad
3137 3252 3304 3306 instar
3339 3250 3534 3305 divina:
3567 3249 3905 3306 sublimitatis

2303 3344 2577 3400 extollitur
2601 3343 2704 3415 (8).
2736 3344 2823 3400 Sic
2851 3354 2905 3400 et
2922 3343 3104 3400 Daniel
3141 3343 3300 3416 (Dan.
3332 3343 3420 3413 Vl,
3443 3345 3499 3412 5,
3529 3343 3695 3417 seqq.)
3713 3353 3904 3400 cetera

2302 3435 2465 3491 Dario
2494 3437 2783 3500 subnixus,
2808 3437 3006 3491 tamdiu
3050 3436 3149 3492 fuit
3175 3437 3228 3494 in
3257 3435 3459 3504 ofﬁcio,
3486 3437 3788 3508 quamdiua
3811 3451 3904 3507 pe-

2302 3527 2473 3584 riculo
2513 3528 2812 3599 disciplina:
2862 3528 2944 3601 (9)
2989 3539 3225 3586 vacaret.
3285 3529 3418 3586 Nam
3451 3529 3503 3584 id
3534 3545 3604 3587 ne
3650 3531 3904 3596 subiret,

2304 3635 2412 3676 non
2438 3621 2607 3692 magis
2625 3621 2807 3677 leones
2833 3622 3011 3692 regios
3040 3622 3235 3687 timuit,
3257 3637 3416 3694 quam
3440 3621 3702 3693 illiregios
3727 3623 3901 3694 ignes.

2306 3713 2619 3770 Accendant
2644 3714 2806 3785 igitur
2835 3713 3074 3784 quotidie
3102 3715 3349 3770 lucernas
3377 3757 3393 3782 ,
3418 3715 3609 3786 quibus
3637 3714 3726 3768 lux
3752 3713 3904 3770 nulla

2310 3817 2432 3876 est,
2463 3807 2682 3878 alligant
2731 3808 2975 3878 postibus
3021 3807 3202 3864 lauros
3251 3809 3584 3880 postmodum
3643 3823 3901 3876 arsuras,

2307 3901 2503 3972 quibus
2533 3902 2682 3972 ignes
2710 3901 3034 3970 imminent;
3059 3903 3167 3959 illis
3184 3912 3498 3975 competunt
3515 3912 3568 3960 et
3595 3902 3908 3960 testimonia

1825 4007 2208 4072 LECTIONES
2243 4012 2661 4073 VARIANTES.

679 4127 728 4200 ῃ
763 4123 954 4200 gemo
973 4133 1176 4200 qpoqne
1196 4119 1283 4175 die
1307 4120 1460 4176 Fran.

679 4130 701 4180 ί
763 4127 954 4200 Qctavo
973 4133 1176 4186 quoque
1196 4127 1283 4175 die
1307 4127 1460 4176 Fran.

765 4187 1268 4314 iiﬁimﬁﬂm
1293 4246 1406 4316 πίῃ.
1453 4245 1544 4301 Fr.
1568 4246 1691 4300 Jun.
1739 4247 1990 4315 Lcopotd.,
2030 4251 2196 4308 ceteri

588 4323 1020 4508 OPFfuCliitdlfhig.
1045 4371 1184 4424 habet
1206 4371 1464 4429 fericulum
1479 4378 1564 4430 aut
1584 4372 1876 4428 foreculum.

679 4443 734 4506 5)
767 4439 1082 4496 Adornentur
1104 4438 1226 4488 Jun.

679 4438 734 4506 5)
767 4438 1082 4496 Adornentur
1104 4438 1226 4488 Jun.

2221 4427 2275 4487 D

2363 4129 2438 4206 (6)
2473 4129 2816 4206 Coronaverat,
2835 4145 2890 4206 ρ.
2917 4147 2965 4198 ρ.
2977 4131 3121 4206 _(nam
3144 4142 3259 4188 ante
3283 4136 3615 4204 processerat)
3634 4145 3688 4191 et
3706 4149 3908 4203 ωσι-οε·

2297 4195 2801 4258 ευενᾴθριυρὴθηᾱριιει
2821 4195 2942 4246 Jun'.
2969 4195 3122 4247 Latin.

2385 4257 2436 4331 Ζ)
2471 4257 2783 4331 Lépuddegm
2806 4286 2869 4331 τ
2893 4261 3189 4313 zestimamur
3211 4260 3389 4330 Rigalt.
3409 4263 3552 4328 Leop.

2385 4257 2436 4317 7)
2469 4256 2612 4319 Apud
2635 4259 2783 4331 deum
2806 4286 2869 4294 —

2363 4256 2441 4446 is;
2473 4319 2878 4447 eaeeae:

1971 4543 2536 4616 COMMENTARIUS.

664 4677 1110 4760 CAI_’_.X_.V.-—(g)
1138 4676 1244 4760 Sed
1273 4675 1702 4760 lqcegnt_,__inqttit,
1729 4693 1884 4760 opere
1901 4681 2192 4760 vestra._ln-

594 4756 712 4827 quit
755 4749 1144 4827 ChristusaSic
1169 4750 1265 4827 lib.
1292 4749 1360 4804 de
1387 4749 1596 4827 Pallia:
1626 4749 1828 4827 Ipsum,
1862 4752 2049 4827 inquit,
2085 4752 2195 4810 fer-

598 4819 722 4883 rum
747 4823 921 4879 virum
945 4821 1130 4877 trahit.
1169 4819 1281 4875 Hoc
1305 4829 1409 4886 est,
1436 4821 1606 4888 inquit
1635 4820 1918 4878 Homerus.
1936 4819 2072 4880 illo.

670 4893 849 4974 (b)
889 4908 1007 4974 quae
1038 4900 1154 4946 sunt
1174 4891 1271 4945 Dei
1295 4931 1312 4974 ,
1337 4889 1465 4973 Deo.
1497 4891 1723 4974 Notetur
1764 4893 2050 4964 explicatio
2085 4898 2188 4974 ista

593 4963 916 5025 Tertulliani
957 4963 1112 5035 plena
1135 4963 1433 5035 acuminis,
1464 4980 1622 5033 quam
1655 4963 1878 5020 rimatur
1903 4981 1968 5020 ex
2012 4969 2190 5024 verbis

593 5039 816 5096 Christi.
852 5036 923 5092 Ut
951 5034 1093 5108 enim
1123 5047 1373 5108 nummus
1393 5034 1603 5108 dandus
1623 5035 1820 5108 Caesari
1844 5077 1859 5101 ,
1884 5039 2005 5108 quia
2031 5055 2188 5095 num-

592 5125 717 5182 mus
747 5111 922 5179 imago
947 5115 1031 5162 est
1055 5104 1285 5182 Caesaris
1316 5121 1332 5157 :
1376 5105 1455 5162 sic
1480 5105 1643 5162 homo
1670 5105 1879 5162 dandus
1903 5104 2038 5177 Deo,
2065 5114 2189 5182 quia

591 5181 758 5239 homo
782 5174 1068 5248 est'imago
1088 5174 1214 5248 _[_)ei.
1248 5175 1378 5230 an.

663 5252 739 5324 (c)
780 5245 1066 5324 Apollinem
1085 5245 1389 5324 Thyrreum.
1415 5245 1539 5324 Fuit
1566 5247 1758 5324 Apollo
1784 5266 1984 5319 prmses
2010 5264 2190 5324 porta-

589 5318 736 5391 tum,
753 5318 1003 5378 videlicet
1026 5319 1149 5392 quia
1171 5333 1268 5392 per
1295 5318 1412 5392 illa_s
1441 5318 1832 5378 aditus'estluci
1862 5325 1914 5378 in
1942 5318 2184 5392 domum,

588 5389 928 5464 inde'aupstoc
964 5389 1161 5464 dictus.
1193 5389 1326 5444 Nam
1362 5389 1571 5464 Crmcis
1609 5398 1726 5463 θύραι
1766 5403 1846 5451 est
1865 5397 2046 5462 janua.
2079 5389 2188 5452 Ma;

586 5468 740 5524 crob.
784 5461 878 5520 lib.
911 5462 1160 5527 lSatnr.,
1191 5476 1310 5530 cap.
1353 5461 1425 5528 9,
1477 5461 1737 5520 rationem
1784 5461 2023 5523 adhibet.
2072 5468 2189 5526 Huc

627 5539 866 5594 ertinent
891 5533 1054 5590 verba
1078 5531 1395 5606 Scholiasta:
1417 5534 1588 5606 Soph.
1619 5535 1672 5590 in
1694 5537 1890 5594 Elect.:
1905 5556 2026 5594 cum
2042 5543 2185 5596 enim

635 5609 850 5664 htebnm
879 5604 1259 5675 prostaterium
1298 5617 1456 5662 vocet
1494 5604 1823 5676 Sophocles,
1873 5611 2046 5666 schol.
2079 5614 2183 5680 ait,

586 5693 922 5763 xpectat-nime:
950 5683 1025 5732 ὅτι
1070 5685 1160 5747 πρὸ
1183 5693 1276 5757 ςτῶν
1297 5683 1448 5763 θρρῶξ
1472 5682 2037 5763 ἲρργηαιηρνοειαιενξε,
2053 5700 2185 5754 quo.

581 5748 721 5804 niam
742 5761 858 5807 ante
886 5750 1018 5820 {ores
1038 5748 1298 5804 statuitur.
1324 5748 1392 5808 Et
1408 5748 1673 5808 Aristides
1689 5748 1891 5824 hymno
1911 5755 1977 5810 ad
1991 5748 2180 5813 Miner.

2297 4691 2848 4772 memipitldpollinis
2891 4707 3209 4772 πρυπυλειξσυ.
3250 4697 3578 4772 Ειηψιίιίθηι
3633 4699 3900 4758 Pbmbum

2296 4763 2423 4835 olim
2446 4763 2716 4835 depicmm
2747 4767 2798 4820 in
2822 4763 3024 4826 foribus
3050 4769 3259 4826 Videtur
3274 4763 3414 4829 effici
3437 4787 3504 4828 ex
3527 4772 3706 4829 verbis
3727 4777 3900 4832 Aruo-

2295 4832 2390 4900 bii,
2424 4832 2530 4890 lib!
2549 4835 2633 4891 VI.
2660 4836 2791 4892 Lac.

2368 4926 2796 5008 (d).Et_A__ntelios
2824 4931 3439 5008 dwmonns._lilien.,lib.
3458 4935 3526 4991 de
3546 4934 3671 5008 Cor.
3695 4936 3902 4996 Antelii

2295 4996 2516 5073 Graecis
2548 5000 2628 5073 Dii
2677 5012 2832 5069 sunt,
2879 5005 2967 5073 qui
3000 5005 3200 5060 foribus
3238 4996 3572 5062 dedicantur.
3619 5007 3708 5064 Sic
3744 5009 3900 5069 enim

2294 5085 2416 5150 aras
2438 5071 2518 5150 fel
2546 5070 3022 5150 divorumsta‘tuas
3049 5077 3314 5150 vocabant
3335 5078 3666 5150 subdivales,
3693 5091 3747 5134 ut
3770 5097 3903 5150 qua

2291 5139 2403 5196 Soli
2433 5140 2609 5200 forent
2629 5147 2922 5214 expositae:
2955 5146 3090 5202 IIinc
3117 5147 3444 5220 Hesychius:
3476 5139 3692 5212 ἀντγζλιίη
3721 5139 3817 5205 θεέὶ
3849 5161 3905 5209 οι

2295 5224 2386 5294 πρὸ
2412 5231 2500 5294 rev
2539 5223 2690 5294 nuit-sv
2723 5222 2974 5287 ἱδρὺμενοι,
3003 5229 3056 5273 et
3108 5235 3325 5294 rursus,
3373 5227 3613 5288 ἀντήλιοι,
3644 5228 3670 5275 ὸ
3695 5227 3905 5294 ἀντικρὺ

2294 5293 2433 5347 ἤλιου
2461 5290 2695 5358 ἰδρῦμενπ
2719 5299 2883 5362 βωμὸς
2912 5297 2941 5350 ἣ
2964 5293 3083 5353 θεός.
3113 5291 3252 5350 ΡΔΙ.

2365 5399 2442 5474 (e)
2483 5400 2768 5475 Disciplina
2792 5405 3005 5475 familia
3032 5415 3220 5462 nostra
3261 5408 3590 5464 mtimamur.
3618 5407 3708 5466 Sic
3732 5417 3901 5468 vetus

2291 5474 2601 5545 exemplar:
2631 5474 2982 5552 Ap_ud_Deum
3003 5479 3258 5552 ,_inqnit,
3304 5483 3356 5536 in
3389 5481 3694 5552 hujusmodi
3730 5479 3901 5540 factis

2291 5547 3227 5626 censemurex_discipljnafamilia:
3254 5547 3516 5626 nostne':
3537 5556 3637 5609 hoc
3665 5561 3782 5626 est,
3831 5553 3900 5614 in

2289 5616 2352 5694 iis
2374 5632 2493 5694 qua:
2519 5617 2584 5672 ad
2606 5619 2807 5694 crimen
2833 5616 3158 5677 idololatriae
3187 5625 3473 5692 pertinent,
3507 5616 3901 5694 imputari‘no—

2288 5685 2370 5742 bis
2392 5685 2428 5741 a
2457 5689 2565 5768 Deo
2593 5705 2712 5768 qua;
2741 5691 2810 5746 ob
2835 5707 3053 5765 pravam
3090 5685 3426 5768 disciplinam
3453 5685 3652 5757 familia
3698 5704 3897 5756 nostra

2287 5759 2658 5828 peccaverit!
2663 5762 2796 5820 dem.
