4252 6270
561 377 664 436 687
1835 359 1841 365 ·
1921 347 1926 352 ‘
1981 320 2448 416 TERTULLIANI
2799 422 2808 425 ε
3741 327 3844 391 ess

558 515 681 556 rum
710 497 829 570 quis
857 489 1178 552 sacriﬁcanti
1200 485 1516 554 tradiderit,
1539 484 1649 540 imo
1673 482 1718 540 si
1742 480 1908 538 verbo
1935 492 2150 551 quoque
2177 477 2231 538 A
2254 473 2442 532 eadem
2466 467 2795 526 conditione.
2818 463 3052 522 Tantum
3074 460 3216 518 enim
3242 454 3464 515 honoris
3484 453 3703 511 nomine
3726 467 3851 509 con-

2263 567 2278 570 -
2370 566 2383 570 -
2595 561 2644 570 ..
2773 560 2785 570 .
2837 558 2858 570 .
3064 555 3097 570 .-
3139 563 3152 570 _
3480 547 3826 570 __,_,._“,___

560 594 739 664 aliquo
765 588 1031 647 sacriﬁcio
1057 582 1365 641 necessario
1381 578 1644 652 adjuverit
1664 619 1680 646 ,
1714 575 1961 632 minister
1989 572 2154 628 habe-

558 685 705 740 bitur
730 679 1066 738 idololatriae.
1098 676 1268 748 Hujus
1298 674 1494 746 regula:
1542 685 1814 729 memores
1840 667 2002 724 etiam
2033 681 2152 721 ma-

556 773 866 848 gistratibus
893 781 947 828 et
974 769 1330 844 potestatibus
1356 767 1588 822 ofﬁcium
1618 775 1904 834 possumus
1924 758 2155 816 reddere

555 866 853 924 secundum
881 862 1213 937 patriarchas
1241 869 1296 916 et
1323 869 1545 916 caeteros
1574 856 1837 927 majores,
1883 852 1974 924 qui
2015 849 2157 921 regi-

556 959 662 1016 bus
688 956 984 1014 idololatris
1013 969 1183 1026 usque
1224 953 1290 1008 ad
1325 951 1486 1007 ﬁnem
1530 947 1850 1004 idololatria:
1888 957 2151 1016 apparuec

558 1059 708 1108 runt.
745 1050 879 1105 Hinc
929 1048 1175 1119 proxime
1198 1043 1492 1115 disputatio
1541 1039 1759 1096 suborta
1794 1035 1873 1109 (l)
1920 1044 2040 1100 est,
2085 1049 2154 1089 an

555 1160 746 1204 servus
765 1144 862 1201 Dei
887 1143 964 1214 (a)
1010 1141 1235 1212 alicujus
1264 1137 1537 1211 dignitatis
1560 1143 1653 1191 aut
1676 1132 1958 1204 potestatis
1985 1129 2157 1185 admi-

557 1239 934 1296 nistrationem
985 1235 1196 1306 capiat,
1251 1233 1296 1288 si
1337 1231 1406 1286 ab
1435 1229 1581 1286 omni
1606 1227 1794 1299 ,specie
1837 1223 2157 1281 idololatria-'2

558 1331 820 1388 intactum
844 1342 927 1396 se,
955 1337 1047 1382 aut
1072 1325 1239 1396 gratia
1257 1323 1454 1394 aliqua,
1482 1329 1574 1375 aut
1600 1318 1796 1373 astutia
1824 1316 1986 1372 etiam
2017 1329 2157 1386 prae-

559 1435 705 1484 stare
732 1423 902 1494 possit
926 1439 940 1477 :
965 1417 1256 1477 secundum
1283 1415 1424 1488 quod
1446 1423 1497 1469 et
1518 1412 1718 1483 Ioseph
1737 1405 2090 1480 (Gen.,XLI),
2109 1416 2164 1462 et

559 1516 750 1575 Daniel
781 1517 800 1588 (
834 1514 992 1581 Dan.,
1024 1511 1070 1567 II
1110 1521 1155 1567 et
1181 1507 1314 1580 VII)
1346 1505 1530 1563 mundi
1556 1504 1625 1560 ab
1654 1501 1958 1559 idololatria
1997 1498 2162 1554 exsti-

566 1622 706 1677 tere,
734 1619 789 1665 et
830 1607 1143 1679 dignitatem
1190 1613 1245 1659 et
1291 1608 1610 1674 potestatem
1655 1595 2164 1652 administraverunt

562 1705 620 1759 in
671 1709 990 1757 ornamento
1031 1707 1087 1754 et
1130 1709 1362 1768 purpura
1415 1692 1578 1748 totius
1604 1689 1683 1762 (2)
1709 1686 1928 1759 {Egypti
1952 1685 2025 1759 (ὁ)
2050 1685 2165 1740 sive

562 1795 898 1867 Babyloniae.
928 1791 1226 1848 Credamus
1268 1789 1447 1858 itaque
1467 1784 1760 1841 succedere
1791 1781 1948 1838 alicui
1982 1794 2162 1850 posse,

2254 566 2568 624 ferebantur
2594 561 2678 618 his
2699 560 2788 631 qui
2833 555 3246 614 familiaritatem
3267 566 3454 624 regum
3479 547 3846 626 merebantur.

2257 661 2413 719 Unde
2437 668 2492 716 et
2511 653 2791 731 purpurati
2815 666 3003 723 regum
3023 647 3354 704 vocabantur
3375 659 3405 700 a
3432 657 3690 715 purpura,
3713 639 3853 696 sicut

2257 756 2398 828 apud
2426 769 2524 810 nos
2552 759 2734 831 atoga
2755 745 2988 824 (candida
3017 740 3286 812 candidati
3311 759 3325 795 :
3367 737 3463 794 sed
3488 752 3594 793 non
3636 745 3695 790 ut
3722 749 3855 806 sug-

2257 857 2442 922 gestus
2468 848 2560 903 ille
2571 829 2899 922 sacerdotiis
2925 851 3139 910 quoque
3164 842 3255 890 aut
3293 831 3558 904 aliquibus
3587 829 3854 886 idolorum

2259 911 2454 998 ofﬁciis
2481 911 2925 1008 adstringeretur.
2954 930 3086 986 Nam
3115 928 3161 985 si
3188 928 3259 994 ita
3286 934 3450 990 esset,
3482 922 3672 994 utique
3692 930 3856 977 tanta:

2258 1033 2558 1093 sanctitatis
2587 1039 2643 1088 et
2684 1025 3000 1086 constantia:
3043 1023 3142 1079 viri
3190 1020 3370 1076 statim
3415 1015 3638 1073 habitus
3681 1014 3860 1086 inqui-

2260 1137 2418 1186 natos
2478 1129 2859 1189 recusassent,
2884 1117 3174 1186 statimque
3199 1109 3542 1185 apparuisset
3581 1107 3859 1164 Danielem

2262 1221 2453 1296 (Dan.,
2478 1217 2600 1288 XII)
2628 1215 2784 1273 idolis
2802 1228 2911 1270 non
2939 1209 3262 1274 deservisse,
3282 1219 3382 1263 nec
3407 1203 3589 1260 Belem
3617 1216 3718 1258 nec
3745 1200 3864 1257 dra-

2261 1331 2454 1375 conem
2482 1313 2681 1380 colere,
2711 1308 2854 1381 quod
2883 1305 3053 1362 multo
3082 1312 3266 1376 postea
3309 1299 3574 1372 apparuit.
3615 1297 3859 1369 Simplex

2265 1408 2428 1478 igitur
2451 1419 2686 1478 purpura
2717 1402 2827 1470 illa,
2855 1413 2958 1456 nec
2977 1399 3089 1470 jam
3115 1394 3390 1468 dignitatis
3414 1401 3552 1460 erat,
3579 1391 3672 1448 sed
3704 1392 3858 1463 inge-

2266 1499 2485 1557 nuitatis
2510 1495 2650 1568 apud
2673 1493 2941 1550 Barbaros
2965 1490 3196 1562 insigne.
3225 1483 3684 1556 Quemadmodum
3714 1483 3860 1544 enim

2267 1604 2323 1652 et
2350 1590 2547 1661 Ioseph
2575 1589 2594 1662 (
2622 1583 2944 1656 Gen.,XLI)
2994 1584 3085 1654 qui
3112 1595 3304 1638 servus
3331 1579 3543 1644 fuerat,
3594 1586 3651 1633 et
3678 1575 3865 1633 Daniel

2268 1686 2458 1762 (Dan.,
2475 1683 2589 1754 VII)
2619 1682 2710 1755 qui
2735 1696 2830 1752 per
2852 1677 3213 1750 captivitatem
3241 1681 3437 1731 statum
3457 1678 3710 1736 verterat,
3732 1667 3868 1724 civi-

2271 1790 2435 1837 tatem
2480 1775 2832 1849 Babyloniam
2892 1782 2946 1829 et
2993 1769 3300 1842 Egyptiam
3329 1767 3410 1841 (4)
3437 1774 3568 1822 sunt
3591 1763 3869 1821 consecuti

565 1898 627 1945 ut
651 1890 704 1943 in
733 1901 949 1959 quoquo
976 1885 1215 1949 honore,
1248 1889 1307 1936 ut
1356 1879 1434 1952 (5)
1467 1880 1519 1935 in
1549 1878 1668 1934 solo
1699 1875 1919 1932 honoris
1949 1872 2166 1929 nomine
2195 1850 2245 1910 Β
2273 1891 2372 1949 per
2399 1872 2642 1929 habitum
2691 1866 2986 1924 barbarica:
3035 1863 3380 1936 ingenuitatis
3405 1879 3418 1916 :
3450 1860 3531 1917 sic
3574 1873 3745 1932 penes
3771 1871 3871 1914 nos

565 1981 819 2047 incedat,
852 1993 1027 2050 neque
1049 1975 1347 2040 sacriﬁcet,
1384 1987 1558 2043 neque
1601 1968 1881 2026 sacriﬁciis
1930 1965 2167 2023 auctori-

563 2083 731 2130 tatem
755 2087 908 2128 suam
931 2065 1319 2132 accommodet,
1341 2079 1448 2120 non
1470 2063 1672 2118 hostias
1697 2061 1857 2129 locet,
1879 2074 1985 2115 non
2009 2073 2166 2114 curas

565 2165 892 2237 templorum
924 2160 1134 2232 deleget
1159 2201 1174 2224 ,
1208 2173 1316 2213 non
1342 2155 1623 2226 vectigalia
1651 2167 1840 2208 eorum
1872 2158 2126 2222 procuret
2152 2189 2168 2214 ,

565 2274 677 2314 non
698 2254 1002 2328 spectacula
1025 2255 1150 2308 edat
1173 2251 1243 2306 de
1267 2264 1368 2305 suo
1388 2256 1480 2303 aut
1499 2247 1568 2303 de
1589 2245 1802 2317 publico
1824 2285 1841 2311 ,
1875 2251 1969 2298 aut
2001 2242 2173 2298 eden-

570 2349 658 2406 dis
687 2350 906 2420 przesit:
943 2345 1077 2402 nihil
1113 2343 1358 2399 solemne
1401 2339 1714 2412 pronuntiet
1741 2336 1826 2392 vel
1851 2336 2028 2391 edicat
2051 2375 2066 2399 ,
2099 2347 2169 2389 ne

570 2441 718 2513 juret
743 2437 958 2511 quidem
989 2456 1003 2492 :
1046 2435 1158 2507 jam
1189 2449 1318 2490 vero
1343 2448 1461 2504 quae
1486 2439 1612 2486 sunt
1643 2428 1927 2500 potestatis
1949 2468 1966 2492 ,
1991 2439 2174 2498 (neque

575 2534 784 2606 judicet
807 2531 875 2588 de
911 2531 1086 2602 capite
1129 2527 1357 2598 alicujus
1397 2525 1485 2581 vel
1541 2521 1746 2594 pudore
1795 2521 1981 2591 (feras
2027 2518 2176 2574 enim

576 2629 648 2685 de
676 2623 967 2698 pecunia),
998 2637 1176 2694 neque
1221 2621 1441 2676 damnet
1487 2631 1662 2687 neque
1706 2613 2038 2685 prtedamnet
2064 2608 2176 2684 (c),

578 2721 854 2779 neminem
894 2717 1129 2781 vinciat,
1161 2713 1432 2770 neminem
1482 2708 1728 2766 recludat
1757 2707 1878 2778 (ά),
1928 2715 2022 2762 aut
2071 2714 2182 2761 tor-

595 2826 798 2888 queat;
830 2813 874 2871 si
903 2812 1021 2868 haec
1044 2807 1305 2866 credibile
1331 2815 1416 2862 est
1439 2804 1554 2861 ﬁeri
1583 2815 1756 2873 posse.

1150 2898 1382 2959 CAPUT
1429 2896 1611 2954 XVIII.

2269 1981 2484 2041 quoque
2504 1962 2691 2020 ﬁdeles
2719 1961 2801 2032 (5)
2828 1958 2874 2015 si
2903 1972 3126 2015 necesse
3150 1955 3336 2022 fuerit,
3368 1952 3569 2026 poterit
3610 1963 3665 2009 et
3693 1950 3873 2022 pueris

2271 2068 2534 2133 prmtexta
2555 2055 2817 2121 concedi,
2859 2064 2915 2110 et
2942 2051 3136 2124 puellis
3169 2049 3248 2123 (6)
3277 2048 3439 2115 stola,
3471 2046 3770 2103 nativitatis
3795 2045 3875 2104 in-

2273 2155 2474 2227 signia,
2505 2167 2612 2209 non
2642 2147 2930 2221 potestatis
2961 2165 2974 2201 :
3002 2143 3219 2218 generis
3245 2185 3260 2211 ,
3290 2157 3398 2198 non
3437 2140 3694 2198 honoris:
3726 2137 3878 2196 ordi-

2275 2250 2382 2317 nis,
2412 2262 2520 2303 non
2546 2241 2967 2315 superstitionis.
2998 2239 3267 2296 Cazterum
3295 2250 3532 2309 purpura
3564 2233 3652 2292 vel
3681 2242 3879 2290 caetera

2280 2339 2512 2412 insignia
2542 2337 2858 2408 dignitatum
2898 2343 2954 2389 et
2992 2338 3337 2402 potestatum,
3369 2329 3587 2384 inserta:
3635 2326 3882 2398 dignitati

2280 2442 2337 2491 et
2359 2431 2715 2505 potestatibus
2758 2419 3086 2483 idololatriae
3125 2423 3193 2480 ab
3234 2422 3389 2478 initio
3430 2421 3605 2477 dicata
3633 2460 3651 2488 ,
3683 2418 3886 2476 habent

2281 2524 2673 2599 profanationis
2726 2537 2838 2578 sua:
2894 2517 3203 2574 maculam:
3239 2531 3377 2589 cum
3427 2523 3684 2586 praeterea
3751 2510 3886 2585 ipsis

2285 2598 2449 2677 etiam
2478 2617 2636 2673 idolis
2663 2615 2957 2671 induantur
3004 2611 3083 2682 (7)
3129 2598 3412 2681 praetextae
3439 2649 3455 2674 ,
3501 2618 3558 2664 et
3601 2607 3800 2664 trabea:
3826 2614 3886 2663 et

2290 2710 2522 2767 laticlavi
2554 2707 2636 2781 (It)
2656 2750 2672 2776 ,
2696 2708 2871 2762 fasces
2899 2719 3116 2776 quoque
3139 2712 3197 2759 et
3220 2706 3384 2773 virga:
3401 2701 3757 2772 praeferantur
3785 2741 3801 2764 ,
3831 2706 3889 2754 et

2288 2803 2506 2861 merito.
2531 2801 2664 2856 Nam
2695 2797 2959 2878 daemonia
2991 2796 3334 2868 magistratus
3359 2803 3481 2851 sunt
3499 2793 3701 2868 saeculi,
3728 2791 3891 2861 hujus

2292 2896 2505 2968 collegii
2550 2894 2776 2965 insignia
2802 2891 2978 2948 fasces
3004 2902 3061 2947 et
3105 2904 3370 2961 purpuras
3399 2897 3612 2960 gestant
3639 2884 3726 2960 (i).
3752 2884 3894 2955 Quid

658 3002 777 3059 Iam
820 3014 951 3057 vero
997 2997 1068 3054 de
1117 2993 1235 3052 solo
1283 3003 1536 3062 suggesuu
1591 2996 1647 3044 et
1691 2995 1951 3058 apparatu
2013 2987 2158 3040 hono

2294 3004 2423 3060 ergo
2454 2985 2724 3058 proﬁcies,
2749 2985 2794 3040 si
2820 2992 3073 3054 suggestu
3100 2982 3314 3053 quidem
3343 2980 3513 3038 utaris
3535 3022 3551 3046 ,
3579 2993 3743 3051 opera
3767 2994 3898 3036 vero

589 3096 666 3152 ris
740 3089 1182 3154 retractandum;
1239 3084 1488 3156 proprius
1563 3080 1779 3136 habitus
1854 3076 2163 3146 uniuscujus

2298 3085 2416 3156 ejus
2437 3097 2546 3138 non
2565 3078 2910 3134 administres
2929 3077 2953 3130 ‘l
2979 3075 3150 3132 Nemo
3168 3077 3218 3130 in
3246 3073 3537 3130 immundis
3566 3073 3634 3145 (j)
3670 3071 3898 3128 mundus

591 3204 700 3261 que
720 3197 803 3243 est
828 3228 843 3252 ,
892 3194 1000 3240 tam
1052 3181 1120 3238 ad
1163 3194 1317 3236 usum
1349 3173 1750 3247 quotidianum,
1777 3185 1939 3242 quam
1981 3167 2047 3223 ad
2097 3166 2163 3223 ho

2299 3174 2472 3231 videri
2501 3179 2698 3244 potest.
2741 3170 3002 3226 Tunicam
3033 3169 3079 3225 si
3109 3167 3299 3224 induas
3327 3167 3661 3237 inquinatam
3693 3181 3786 3237 per
3811 3179 3896 3233 se,

595 3297 784 3340 norem
825 3289 881 3337 et
917 3277 1252 3350 dignitatem.
1295 3270 1464 3342 Igitur
1503 3281 1736 3339 purpura
1777 3264 1866 3319 illa
1905 3271 1962 3318 et
2004 3277 2163 3317 aurur

2305 3267 2500 3340 poterit
2532 3267 2755 3322 forsitan
2787 3265 2875 3320 illa
2919 3279 3028 3320 non
3055 3263 3323 3334 inquinari
3353 3277 3453 3332 per
3482 3273 3556 3328 te,
3591 3261 3685 3316 sed
3719 3271 3774 3316 tu
3801 3275 3902 3332 per

596 3375 825 3434 cel-vicis
849 3379 1224 3445 ornamentum
1255 3365 1448 3422 eodem
1477 3377 1630 3417 more
1656 3357 1796 3430 apud
1822 3356 2109 3428 [Egyptios
2145 3363 2202 3410 et
2302 3359 2449 3416 illam
2481 3358 2712 3414 mundus
2742 3373 2863 3414 esse
2889 3373 2995 3414 non
3026 3356 3248 3430 poteris.
3289 3354 3406 3410 Iam
3433 3369 3575 3410 nunc
3597 3355 3686 3426 qui
3717 3355 3784 3410 de
3807 3353 3904 3410 Jo-

597 3467 927 3541 Babylonios
955 3461 1188 3534 insignia
1217 3466 1372 3515 erant
1395 3453 1674 3525 dignitatis
1695 3492 1711 3516 ,
1741 3464 1850 3522 quo
1875 3463 2029 3523 more
2056 3461 2203 3515 nunc
2264 3498 2272 3506 ,
2304 3453 2442 3525 seph
2468 3451 2647 3525 (Gem,
2681 3450 2820 3523 XLI)
2844 3461 2898 3508 et
2917 3450 3102 3506 Daniel
3128 3447 3316 3521 (Dan.,
3343 3446 3456 3520 VII)
3484 3448 3903 3520 argumentaris,

602 3569 880 3634 praetexta:
902 3558 976 3629 (e)
1001 3599 1016 3622 ,
1047 3555 1133 3610 vel
1161 3554 1326 3608 traha:
1349 3591 1364 3614 ,
1395 3548 1482 3603 vel
1526 3546 1772 3616 palmatzn
1804 3543 1876 3615 (f)
1905 3584 1920 3610 ,
1965 3551 2020 3597 et
2042 3557 2163 3598 coro

2308 3549 2445 3605 scito
2470 3563 2576 3604 non
2623 3561 2839 3617 semper
2865 3543 3226 3616 comparanda
3253 3559 3376 3600 esse
3406 3552 3594 3600 vetera
3625 3553 3680 3601 et
3727 3559 3863 3600 nova
3889 3585 3906 3614 ,

607 3669 692 3711 ttae
721 3665 903 3710 aureae
943 3645 1284 3706 sacerdolum
1334 3640 1410 3713 (9)
1457 3636 1864 3711 Provillcialium
1887 3677 1903 3702 .
1953 3635 2050 3692 Sed
2098 3651 2204 3691 non
2309 3640 2465 3697 rudia
2495 3650 2550 3696 et
2570 3641 2754 3711 polita,
2786 3646 2963 3709 empta
2984 3646 3039 3695 et
3057 3636 3307 3709 explicita
3330 3677 3346 3703 ,
3377 3635 3598 3694 servilia
3626 3645 3682 3696 et
3711 3635 3909 3695 libem-

1835 3747 2212 3811 LECTIONES
2260 3753 2676 3814 VARIANTES.

677 3886 752 3948 (ι)
792 3882 974 3948 Qborta
996 3874 1128 3948 Rig._
1262 3933 1316 3948 γε
1359 3937 1388 3948 Α
1413 3944 1492 3948 ψῃ
1695 3929 1784 3948 h___

2380 3872 2452 3948 l§l
2482 3868 2768 3948 Eidelﬁﬁig-

683 3886 752 3948 (f)
792 3882 974 3934 Oborta
996 3874 1103 3942 Rig.
1595 3932 1603 3941 .
1741 3929 1750 3938 _
2405 3872 2452 3936 5)
2483 3872 2768 3938 FideliRig.

683 3950 759 4028 (Ξ)
799 3947 855 3996 ln
878 3945 1168 4010 ornamepto
1191 3933 1498 4001 praefecturae
1521 3937 1669 3984 totius
1689 3930 1802 3996 Rtg.
2379 3872 2454 4060 ἑὸ)
2482 3935 2696 4010 Puerilis
2717 3959 2778 3972 —
2799 3933 3008 3998 puerilis
3030 3931 3139 4000 Rig.

683 4009 753 4060 (οὶ
799 4007 867 4057 Ut
887 4005 1016 4056 abest
1035 4006 1143 4060 th.
2406 3999 2458 4060 7)
2491 3998 2639 4049 Idolts
2660 3997 2917 4050 tuduantur
2940 4006 3139 4060 praetexl

682 3995 754 4066 (Si
799 3995 867 4057 in
887 4005 1016 4056 abest
1035 4000 1143 4066 Rig.
1192 3995 1208 4001 ‘
1759 3995 1762 3996 '
2381 3995 2458 4063 (7)
2491 3998 2639 4049 Idolis
2660 3995 2917 4050 induantur
2940 3995 3192 4061 praeteitae
3213 3995 3367 4051 Latin.
3393 3999 3512 4050 Jun.

682 4064 757 4140 (4)
796 4069 1052 4134 Egyptum
1073 4065 1226 4116 Fran.

2007 4152 2566 4219 COMMENTARIUS.

635 4299 644 4305 ’
704 4297 857 4355 CAP.
883 4291 1126 4351 XVII.—
1145 4287 1224 4362 (a)
1265 4287 1346 4362 An
1369 4300 1540 4362 servus
1569 4280 1678 4336 Dei.
1704 4279 2021 4362 Undeuapuld
2051 4278 2232 4362 Philo—
2335 4271 2651 4362 idololatria:
2685 4268 2872 4362 {quod
2914 4268 3001 4362 hic
3028 4269 3324 4362 attingitur,
3357 4269 3525 4362 liquet
3553 4286 3618 4326 ex
3646 4285 3796 4353 more
3825 4287 3921 4329 ro-

635 4341 1290 4434 noui-mult;'ﬁgere‘est,
1314 4358 1377 4434 in
1400 4357 1542 4411 hunc
1570 4369 1784 4434 sensum
1828 4341 2123 4434 libz'Quod
2152 4350 2232 4404 vir
2336 4360 2517 4434 mano,
2546 4358 2652 4434 quo
2695 4341 2840 4434 illam
2888 4341 3170 4424 gestabant
3213 4341 3667 4434 triurnp’ltatores:
3722 4343 3919 4400 trium-

640 4411 1448 4500 Ii‘oiius'llbe'r-sitfIbi—mirifice
1475 4426 1682 4482 extollit
1725 4424 1921 4479 senarii
1953 4411 2234 4500 istitts_au—
2336 4411 2678 4500 phus‘a‘u’tcm
2711 4421 2852 4467 totus
2880 4413 3212 4500 mancipatus
3239 4411 3336 4466 fuit
3365 4412 3540 4468 idolis.
3573 4413 3697 4469 Lac.

638 4525 841 4570 ctorem
865 4528 878 4563 :
905 4513 980 4570 ’τὶς
1006 4510 1103 4562 ἐστὶ
1132 4510 1325 4565 δοῦλσςς
1356 4508 1438 4556 τοῦ
1467 4502 1620 4553 ϐινεῖν
1645 4505 1862 4568 ἄφροντις
1887 4500 1966 4548 ὢν.
1993 4493 2069 4548 LE
2100 4494 2196 4547 PR.

725 4581 1118 4654 (b)Potesta(em
1143 4573 1618 4654 administraverunt
1638 4570 1688 4622 in
1717 4575 2009 4622 ornamento
2035 4576 2086 4654 ei
2113 4581 2238 4646 pur-

2413 4487 2488 4559 (g)
2505 4485 2720 4559 Coronea
2743 4499 2911 4539 aurea:
2925 4485 3241 4538 sacerdotum
3265 4485 3666 4559 provincialium.
3681 4486 3818 4540 Satis
3836 4487 3927 4542 in-

2345 4554 2598 4617 decorum
2619 4556 2831 4612 videtur
2855 4571 3082 4610 coronas
3109 4570 3300 4610 aureas
3335 4554 3449 4610 dari
3477 4557 3840 4612 sacerdotibus
3867 4559 3925 4614 in

640 4626 772 4730 ριηῖα
789 4626 947 4708 ἲοιὶιιε
967 4647 1206 4720 Ερωηὰ
1229 4644 1317 4700 Sic
1339 4640 1848 4730 emendavimusﬂex'
1881 4626 2230 4730 princedenti-
2258 4636 2312 4696 D
2338 4629 2647 4730 prt‘winciisk,
2692 4643 2806 4730 non,
2822 4628 2980 4682 etiam
3003 4626 3210 4681 Romae.
3240 4626 3352 4730 μου
3379 4635 3556 4730 ta‘men
3585 4628 3930 4688 innnitlectio

849 4726 859 4730 -
941 4722 971 4730 -.
1272 4717 1281 4727 -
1363 4715 1401 4730 -,
1484 4729 1487 4730 ,
1526 4728 1564 4730 __
1585 4711 1720 4730 n-.e-
1801 4727 1828 4730 _.
1857 4724 1915 4730 ..λ
1963 4723 2050 4730 Δ..-
2095 4717 2213 4730 -..-..
2343 4720 2409 4730 -...
2436 4710 2551 4730 καί..
2633 4699 2768 4730 ἰη-ην
2810 4708 2945 4730 at...“
2972 4698 3232 4730 amandnain
3256 4699 3358 4730 ἱιηιι
3456 4699 3541 4730 ηἶιι
3579 4701 3623 4730 οἳ
3657 4699 3900 4730 Abh-“nn

647 4708 750 4784 Illis
760 4708 1252 4782 actionibus'secum
1272 4715 1498 4769 invicem
1517 4709 1920 4784 collatisNulgo
1938 4708 2232 4784 legebatur,

647 4779 1034 4856 Infor'itamento
1058 4801 1104 4846 et
1135 4804 1363 4860 purpura
1391 4786 1600 4860 extitere
1621 4781 1770 4835 totius
1800 4779 2039 4860 {Egypti
2057 4779 2199 4860 .Enn.

724 4848 998 4941 (e)—Neque
1012 4848 1249 4941 .darn'net',
1269 4874 1429 4941 neg‘ue
1459 4854 1790 4941 prcedalmnet.
1809 4848 2034 4941 Damnat
2050 4848 2238 4932 udex,

649 4921 986 5012 praidatnriat
1012 4921 1303 5012 legislator.
1327 4921 1568 5012 Utroque
1593 4923 1859 5012 abstineat
1879 4921 2236 5012 Christianus,

653 4991 763 5068 iis;
775 4991 1044 5078 deﬁcapite
1064 4991 1388 5073 cujusquam
1409 4991 1500 5053 aut
1521 4997 1692 5066 legem
1709 5003 1801 5049 aut
1824 4993 2142 5049 sententiam
2166 4991 2243 5047 fc-

651 5093 754 5141 rat.
779 5081 898 5136 Rm.

735 5125 1128 5225 (tl-)“Keminem
1154 5142 1400 5198 recludat.
1429 5138 1642 5196 Profani
1686 5146 1952 5201 auctores,
1982 5125 2242 5225 quotquot

655 5207 812 5287 sunt:
843 5223 946 5277 hoc
976 5219 1139 5275 verbo
1165 5225 1405 5287 utuntur,
1438 5227 1537 5282 pro
1562 5224 1744 5265 resero
1773 5208 2039 5287 etaperio
2053 5225 2092 5287 _:
2143 5207 2245 5261 Ec-

655 5278 945 5354 clesiastici
996 5305 1126 5347 vero
1162 5278 1459 5356 saepissime
1487 5297 1588 5356 pro
1612 5278 2240 5356 contiariosigniﬁeato,

657 5349 915 5424 videlicet
935 5380 1033 5434 pro
1063 5349 1302 5434 include.
1341 5357 1417 5410 Ita
1447 5349 1548 5409 hoc
1571 5353 1711 5434 loco
1731 5349 1974 5434 Tertull.
1997 5358 2051 5405 et
2094 5349 2237 5434 Hier.

661 5420 842 5510 ejiiéi.‘
863 5420 951 5492 ad.
997 5433 1321 5510 Paulinum}
1350 5435 1462 5510 post
1504 5423 1792 5477 solitudinis
1815 5422 2096 5477 libertatem
2119 5420 2244 5476 urbe

658 5496 805 5583 quasi
824 5513 1167 5583 car_c_e_r_e_sunt
1191 5499 1396 5583 reclusi.
1430 5496 1561 5551 Lac.

731 5563 882 5638 CAP.
904 5576 1166 5634 XVIII.——
1190 5570 1265 5643 (e)
1287 5569 1576 5624 Prwlemtaz.
1604 5565 1720 5643 Non
1751 5563 2129 5643 dnbiu_m_qu_in
2159 5563 2253 5643 du-

656 5635 977 5722 plex—fuerit
1003 5635 1292 5722 praetexta:
1321 5655 1631 5722 puerorum,
1659 5638 1726 5692 de
1765 5653 1876 5719 qua.
1908 5636 2043 5690 infra
2074 5635 2249 5722 loqui-

658 5704 906 5790 tuthum
927 5704 1036 5790 non
1059 5717 1287 5790 obligata
1309 5704 1476 5790 sacris
1494 5709 1646 5790 pullis;
1667 5719 1720 5790 et
1741 5704 2166 5790 magistratuum,
2181 5704 2250 5761 de

795 5777 899 5863 hic.
921 5800 976 5863 et
999 5789 1110 5841 hmo
1133 5777 1365 5863 planoxia'
1393 5789 1507 5835 erat
1527 5777 1858 5859 idololatrias.
1887 5777 2018 5832 Lac.

733 5861 799 5929 (f)
837 5848 1102 5912 Palmatw.
1133 5855 1421 5929 Palmatam
1455 5851 1979 5929 vestcm,_sive‘t‘oga,
2012 5848 2131 5902 sive
2162 5856 2248 5901 tu-

659 5917 982 5994 nica'l'uerit,
1008 5940 1130 5982 nam
1157 5923 1432 5990 utriusque
1458 5934 1585 5975 usus
1614 5918 1746 5987 fuit,
1774 5917 2058 5988 obligatam
2085 5919 2249 5975 fuisse

2343 4697 2573 4773 vulgata,
2609 4697 2945 4754 Sacerdolum
2972 4698 3380 4773 provincialium.
3405 4697 3542 4773 Quid
3579 4701 3623 4754 si
3656 4699 3932 4773 disjunga-

2345 4767 2497 4830 mus?
2519 4782 2576 4826 ut
2603 4785 2778 4826 aurea:
2805 4767 3020 4824 coronae
3042 4767 3240 4824 fuerint
3267 4770 3628 4832 sacerdotum,
3654 4767 3864 4827 fuerint
3877 4784 3934 4828 et

2343 4841 2780 4971 provincialium;
2813 4855 3006 4910 nempe
3031 4839 3464 4928 Magistratuum;
3505 4841 3574 4896 de
3601 4843 3794 4912 quibus
3820 4845 3936 4915 ipse

2371 4918 2422 4971 Ib
2451 4915 2520 4970 de
2561 4913 2771 4968 Corona
2789 4953 2805 4971 .
2834 4927 2954 4971 cap.
2992 4912 3059 4965 15
3086 4929 3099 4964 :
3131 4911 3264 4966 bunt
3291 4921 3338 4966 et
3372 4912 3705 4971 provinciales
3733 4931 3933 4971 aurem.

2352 4911 2422 5000 lib
2451 4915 2520 4998 de
2561 4913 2771 4996 Corona
2789 4953 2805 4979 ,
2834 4927 2954 4982 cap.
2972 4911 3264 5000 ,ιβηενδυηῑ
3291 4921 3338 5000 et
3372 4911 3705 4997 prouinciales
3733 4911 3933 4982 auréw,

2343 4988 2624 5058 imaginum
2639 4985 2772 5056 jam,
2807 5000 2910 5040 non
2935 4984 3157 5038 virorum
3193 4984 3364 5054 capita
3390 4985 3590 5056 majora
3631 4997 3968 5050 quwrenles..

3742 5057 3862 5114 Rm.

2419 5130 2499 5201 (h)
2517 5128 2582 5183 Et
2607 5127 2851 5201 laticlavi.
2869 5126 3059 5201 Latum
3081 5126 3288 5182 clavum
3318 5129 3404 5182 hic
3448 5127 3766 5184 idololatria:
3792 5129 3942 5186 attri-

2345 5199 2488 5284 buit,
2530 5210 2586 5256 et
2604 5273 2614 5282 .
2625 5199 2840 5284 quidem
2870 5199 3091 5284 optime;
3115 5214 3264 5284 nam,
3289 5209 3348 5254 ut
3373 5209 3670 5284 auctorum.
3694 5201 3941 5284 omnium

2323 5273 2667 5329 testimoniis
2694 5277 2932 5335 constat,
2977 5281 3254 5325 senatores
3301 5286 3408 5326 non
3447 5271 3607 5326 modo
3649 5271 3738 5340 jus
3768 5272 3941 5329 habeo

2346 5345 2496 5424 bant,
2523 5341 2748 5424 laticlavi
2778 5340 2873 5424 sed
2895 5342 3056 5424 etiam
3083 5341 3394 5424 sacerdotes
3413 5352 3468 5424 et
3495 5342 3945 5424 sacriﬁculiNes-

2347 5418 2416 5472 tis
2443 5426 2620 5488 autem
2644 5413 2732 5488 illa
2758 5412 2866 5468 κατ’
2893 5421 3149 5488 avaram/1:9
3171 5412 3366 5488 dicitur
3388 5414 3558 5488 _latt_ts
3606 5413 3816 5484 clavus,
3841 5429 3943 5488 pro

2352 5500 2504 5546 veste
2528 5487 2612 5543 cui
2637 5483 2831 5538 afﬁxus
2857 5494 2972 5538 erat
2993 5484 3133 5540 latus
3159 5483 3358 5541 clavus.
3387 5484 3467 5540 Ls:
3497 5485 3593 5540 Pn.

2427 5559 2493 5632 (i)
2513 5557 2683 5628 Hujus
2702 5554 2904 5632 collegii
2927 5556 3149 5632 insignia
3167 5559 3331 5632 fasces
3342 5567 3398 5632 et
3414 5573 3699 5632 purpuras.
3722 5558 3946 5632 Poterat

2355 5625 2485 5688 ferri
2512 5625 2723 5702 vulgata
2753 5625 2912 5702 lectio
2930 5667 2946 5692 ,
2980 5625 3144 5702 Unius
3169 5625 3388 5702 collegii.
3414 5625 3753 5702 Magistratus
3779 5631 3942 5700 hujus

2353 5697 2794 5785 saeculicollegas
2809 5697 3016 5785 habent
3031 5697 3334 5785 Dazmonia',
3353 5715 3473 5772 quae
3492 5697 3564 5756 ob
3585 5717 3705 5758 eam
3725 5697 3946 5759 causam

2322 5773 2584 5846 .insignia
2630 5770 2842 5841 collegii
2893 5778 3139 5841 gestant,
3187 5768 3451 5829 fasces'et
3498 5787 3786 5846 purpuras.
3833 5783 3945 5831 etc.

3710 5845 3834 5902 Rm.

2429 5914 2493 5986 (j)
2519 5913 2586 5972 In
2623 5914 2915 5974 immundis.
2944 5910 3163 5977 Scilicet
3193 5915 3432 5979 vestibus
3449 5957 3465 5992 ,
3496 5915 3950 5990 quemadmodum
