2126 3135
191 174 244 204 689

790 170 892 199 LIBER
918 170 964 199 DE
982 170 1224 200 IDOLOLATRIA.

1784 172 1837 201 690

189 235 236 263 lia.
262 234 328 263 Nam
353 234 390 263 illi
415 234 495 263 etiam
510 233 580 262 servi
595 233 749 262 conditione
762 237 839 260 erant
854 242 861 260 :
878 237 906 260 tu
921 239 987 260 vero
999 233 1026 263 A
1040 236 1065 260 te
1078 231 1301 260 eommonel‘aciat
1321 239 1416 261 omnes
1431 232 1509 268 hujus
1523 234 1613 263 saeculi
1628 235 1786 271 petestates,
1808 240 1836 262 et

190 282 289 310 nullius
304 289 414 314 servus,
442 281 468 308 in
493 285 622 316 quantum
649 280 734 307 solius
755 278 873 311 Christi,
900 279 945 313 qui
961 284 987 306 te

189 330 270 357 etiam
284 329 436 364 captivitate
447 328 537 356 smeuli
554 327 688 361 liberavit,
703 326 742 363 (1)
756 334 788 354 ex
802 326 886 353 forma
901 325 987 353 domi-

189 376 249 403 nica
263 374 302 410 (a)
313 382 393 411 agere
405 374 527 403 debebis.
541 374 590 401 Ille
604 373 735 401 Dominus
751 372 777 400 in
797 371 948 400 humilitate
960 376 988 399 et

188 422 354 457 ignobilitate
367 421 479 449 incessit
493 421 629 448 domicilio
642 420 680 456 (ΕΞ)
696 420 814 447 incertus
824 418 915 454 (Luc.,
927 417 985 452 IX):

190 468 260 495 Nam
274 468 370 499 Filius.
386 468 482 502 inquit,
502 467 611 494 hominis
624 475 674 493 non
686 466 760 493 habet
775 466 816 493 ubi
829 470 988 501 caputsuum

189 515 305 548 collocat;
318 515 416 543 vestitu
428 514 554 548 incultus,
571 513 742 550 nequeenim
756 512 868 540 dixisset
879 512 987 549 (Matth.

189 561 236 595 XI,
250 562 267 589 8
279 561 289 597 )
304 570 310 588 :
323 561 393 589 Ecce
405 562 448 596 qui
459 561 552 588 teneris
566 560 721 592 vestiuntur,
734 559 761 586 in
774 559 889 586 dantibus
901 566 989 594 regum

188 614 258 641 sunt;
281 609 353 637 vultu
376 609 492 644 denique
518 612 542 635 et
569 611 673 643 aspectu
698 606 842 642 inglorius,
866 606 935 633 sicut
963 609 991 634 et

189 657 281 685 Esaias
292 655 342 693 (Is.
354 654 457 691 Llll,2)
471 655 701 690 pronuntiaverat.
712 653 739 680 Si
755 656 914 689 potestatem
924 659 990 687 quo-

188 711 241 738 quc
253 702 353 730 nullam
365 709 400 729 ne
411 701 437 728 in
448 708 511 728 suos
519 700 627 736 quidem
639 699 870 734 exercuit,quibus
878 698 988 727 sordido

188 748 341 776 ministerio
357 748 464 775 functus
479 746 619 783 est(Joan.
636 745 708 782 Xlll)
723 754 729 773 :
746 746 768 773 si
783 753 873 781 regem
889 753 918 773 se
942 746 988 773 de-

187 795 271 831 nique
290 794 347 822 ﬁeri
358 792 406 829 (b),
417 793 540 821 conscius
554 793 595 820 sui
610 793 683 827 regni
697 813 704 823 .
717 791 814 827 refugit
828 791 916 827 (Joan.
932 791 990 827 Vl).

187 841 346 877 plenissime
360 840 434 868 dedit
444 840 559 867 formam
575 838 631 866 suis
641 837 782 873 dirigendo
795 838 836 873 ('5)
851 837 923 865 omni
937 836 991 864 fas-

189 888 253 922 tigio
267 887 304 923 (c)
320 892 349 915 et
360 890 486 922 suggestu
500 890 554 913 tam
568 884 609 920 (ι)
623 884 760 920 dignitatis
774 891 853 919 quam
870 888 989 919 potesta-

190 935 234 963 tis.
248 934 314 968 Quis
324 934 395 962 enim
411 932 496 968 magis
511 932 553 960 his
568 940 632 959 usus
641 931 736 959 'l'uissct
747 938 827 966 quam
837 930 987 959 DeiFilius?

190 981 284 1017 quales
299 984 326 1009 et
338 980 430 1016 quanti
445 979 485 1015 (5)
499 987 561 1007 eum
577 979 664 1006 fasces
679 978 877 1014 producerent!
902 978 989 1013 qualis

192 1033 307 1062 purpura
322 1025 357 1053 de
371 1025 492 1053 humeris
514 1024 572 1060 ejus
596 1024 723 1052 ﬁorerct!
740 1023 820 1059 quale
845 1031 940 1051 aurum
955 1023 990 1051 de

192 1073 278 1108 capite
288 1071 405 1100 radiaret
417 1092 424 1102 .
440 1071 491 1099 nisi
502 1071 613 1106 gloriam
625 1070 717 1098 seaculi
732 1070 847 1098 alienam
860 1073 887 1097 et
900 1069 950 1097 sibi
964 1074 991 1097 et

193 1120 249 1147 suis
262 1118 426 1154 judicasset!
448 1117 541 1153 Igitur,
556 1124 616 1151 quae
629 1116 724 1149 noluit,
740 1116 853 1151 rejecit;
867 1123 927 1151 quae
949 1115 990 1151 (6)

194 1165 299 1201 rejecit.
314 1164 468 1195 damnavit;
485 1170 545 1199 quae
555 1163 703 1195 damnavit,
727 1162 753 1189 in
771 1170 868 1198 pompa
892 1161 991 1190 diaboli

195 1211 343 1248 deputavit.
357 1211 414 1239 Non
428 1210 499 1238 enim
516 1209 687 1242 damnasset,
704 1209 753 1237 nisi
768 1216 821 1236 non
843 1216 908 1236 sua:
924 1208 992 1236 alte-

196 1260 253 1287 rius
267 1262 356 1286 autem
369 1264 430 1285 esse
443 1264 496 1284 non
512 1260 641 1291 possent,
658 1255 709 1283 nisi
731 1255 831 1283 diaboli
843 1276 850 1288 ,
871 1263 931 1290 qua:
945 1255 993 1283 Dei

196 1313 249 1333 non
261 1308 331 1332 Sunt.
346 1303 386 1332 Tu
400 1303 422 1331 si
436 1302 535 1331 diaboli
546 1309 671 1337 pompam
685 1302 792 1337 ejerasti
805 1301 855 1338 (d).
867 1301 994 1338 quicquid

197 1360 229 1380 ex
244 1359 275 1380 ea
289 1350 409 1387 attigeris
420 1370 427 1384 ,
444 1349 471 1378 id
492 1348 564 1378 scias
586 1356 646 1378 esse
668 1348 863 1382 idololatriam;
886 1349 928 1377 vel
944 1349 995 1377 hoc

1002 910 1026 940 B

1039 278 1193 314 dignitates,
1209 286 1263 306 non
1277 278 1364 306 solum
1376 280 1477 308 alienas
1488 302 1495 315 ,
1509 288 1601 309 verum
1615 286 1643 310 et
1655 282 1777 310 inimicas
1786 282 1836 310 Dei

1039 333 1116 358 esse,
1139 325 1211 363 quod
1235 333 1284 361 per
1298 326 1357 354 illas
1371 326 1499 356 adversus
1522 328 1571 356 Dei
1590 336 1683 357 servos
1705 329 1836 364 supplicia

1039 372 1160 400 consulta
1173 376 1233 400 sunt
1249 372 1302 407 (e),
1324 380 1372 408 per
1387 373 1445 401 illas
1466 378 1495 402 et
1512 382 1598 410 poenae
1621 375 1657 411 (Γ)
1679 374 1713 402 ad
1741 374 1839 410 impios

1040 423 1140 454 paratm
1162 418 1313 453 irrogantur
1327 419 1378 454 (7).
1395 419 1449 447 Sed
1462 425 1490 448 et
1511 421 1636 448 nativitas
1649 425 1677 449 et
1688 420 1839 448 substantia

1041 470 1084 492 tua
1097 465 1219 492 molestae
1231 464 1278 492 tibi
1293 470 1356 493 sunt
1375 465 1506 495 adversus
1521 467 1708 495 idololatriam.
1726 467 1767 496 Ad
1780 467 1839 495 evi—

1040 511 1149 539 tandum
1164 511 1281 538 remedia
1295 511 1390 539 deesse
1401 520 1453 540 non
1469 518 1598 549 possunt;
1613 521 1673 541 cum
1687 513 1737 541 etsi
1749 513 1840 542 deluc~

1041 559 1095 587 rint
1105 579 1113 590 ,
1129 559 1247 594 supersit
1259 559 1366 587 unicum
1376 560 1441 588 illud
1452 568 1505 596 quo
1521 561 1560 598 (8)
1574 561 1676 591 felicior
1685 560 1770 591 factus
1786 569 1840 592 non

1042 606 1070 634 in
1083 605 1162 634 terris
1173 605 1362 641 magistratus,
1379 607 1426 635 sed
1441 608 1467 636 in
1482 608 1570 637 caelis.

1344 674 1459 703 CAPUT
1485 675 1556 703 XIX.

1079 745 1174 773 Posset
1185 745 1213 772 in
1225 745 1277 773 isto
1289 735 1405 780 capitulo
1417 745 1497 773 etiam
1510 745 1543 774 de
1551 746 1645 775 militia
1659 746 1796 776 deﬁnitum
1806 750 1845 777 vi-

1042 792 1111 825 deri,
1124 800 1183 827 quae
1198 792 1267 820 inter
1276 792 1434 828 dignitatem
1447 797 1474 820 et
1488 797 1646 827 potestatem
1663 799 1714 822 est.
1727 796 1762 822 At
1773 803 1844 824 nunc

1042 839 1077 867 de
1094 838 1146 866 isto
1161 839 1304 874 quaeritur,
1318 846 1351 866 an
1365 838 1452 867 ﬁdelis
1466 839 1499 867 ad
1511 839 1633 868 militiam
1648 842 1769 869 converti
1784 850 1844 877 pos-

1043 886 1088 920 sit,
1100 891 1127 914 et
1135 894 1168 914 an
1179 886 1273 914 militia
1286 885 1319 913 ad
1333 885 1412 913 ﬁdem
1423 886 1527 914 admitti
1536 887 1616 915 etiam
1625 888 1747 923 caligata,
1757 890 1798 917 vel
1808 890 1844 917 iu-

1040 933 1122 961 l‘erior
1132 941 1245 969 quaeque
1253 933 1304 969 (9),
1316 933 1357 960 cui
1368 940 1420 960 non
1431 934 1466 960 sit
1476 934 1622 961 neeeSsitas
1632 933 1845 963 immolationqu

1041 980 1083 1008 vel
1099 980 1252 1015 capitalium
1266 979 1436 1014 judiciorum.
1454 979 1512 1007 Non
1535 981 1661 1009 convenit
1676 988 1844 1010 sacramento

1042 1026 1135 1054 divino
1150 1030 1177 1054 et
1193 1026 1322 1059 humano,
1330 1026 1407 1061 signo.
1419 1026 1521 1054 Christi
1535 1031 1561 1054 et
1574 1027 1651 1065 εἰςηο
1663 1027 1773 1061 diaboli,
1784 1036 1845 1057 cas.

1044 1073 1092 1100 tris
1105 1072 1173 1100 lucis
1186 1076 1216 1100 et
1230 1072 1327 1100 castris
1342 1073 1513 1100 tenebrarum
1529 1082 1536 1100 :
1555 1081 1608 1101 non
1623 1078 1712 1108 potest
1723 1082 1777 1102 una
1790 1076 1848 1103 ani-

1045 1126 1087 1146 ma
1099 1118 1203 1146 duobus
1213 1118 1320 1150 deberi,’
1328 1119 1383 1146 Dco
1398 1123 1425 1146 et
1436 1119 1845 1155 Czesari(Matth.,XXII;Exod.,

1042 1164 1093 1199 III;
1111 1165 1208 1198 Ewod.,
1220 1164 1343 1197 XXVIII;
1357 1165 1465 1199 Matth.,
1489 1165 1538 1198 III;
1554 1166 1650 1199 Ειοάη
1664 1167 1751 1200 XVII;
1768 1167 1846 1201 Luc.,

1043 1212 1098 1245 III;
1125 1211 1232 1246 Malth.,
1245 1212 1310 1245 VIII;
1327 1211 1420 1240 Matth.
1431 1212 1539 1249 XXVI).
1555 1212 1589 1240 Et
1603 1213 1705 1249 virgam
1729 1216 1848 1249 portavit

1044 1258 1166 1295 Moyses,
1183 1258 1291 1286 ﬁbulam
1307 1258 1346 1294 (θ)
1360 1264 1387 1286 et
1399 1259 1506 1291 Aaron;
1521 1259 1637 1294 cingitur
1652 1260 1710 1288 loro
1729 1266 1755 1289 et
1764 1261 1848 1289 Joan-

1046 1313 1109 1339 nes;
1121 1313 1216 1342 agmen
1227 1306 1282 1342 agit
1295 1311 1322 1333 et
1332 1306 1410 1333 .lesus
1425 1305 1497 1333 Nave
1507 1315 1514 1339 ;
1526 1306 1633 1334 bellavit
1646 1311 1672 1334 et
1684 1307 1809 1342 populus,
1823 1309 1846 1336 si

1046 1354 1135 1389 placet
1151 1352 1253 1382 ludere.
1270 1352 1411 1388 Quomodo
1432 1357 1522 1380 autem
1538 1352 1646 1381 bellabit
1657 1352 1707 1389 (h),
1720 1353 1774 1381 imo
1788 1354 1846 1390 (10)

818 1407 1009 1439 LECTIONES
1028 1410 1236 1440 VARIANTES.

228 1470 264 1504 (ἰ)
278 1470 314 1504 Ει
326 1470 404 1504 ἢΨέ
418 1497 442 1504 -.

229 1499 265 1534 (2)
278 1499 512 1534 DomiciliiCiaoon.

230 1532 266 1563 (5)
282 1532 425 1564 Derigendo
435 1532 498 1556 Jun.

229 1564 266 1596 (4)
283 1564 360 1596 Quam
372 1564 428 1596 Rig-

229 1593 266 1627 (ὃ)
283 1593 446 1622 Scribenditm
463 1594 563 1625 fortasse
577 1593 684 1625 :quales
698 1597 755 1620 aute
775 1600 832 1621 cum
844 1594 916 1627 Lcop.

1078 1471 1114 1531 go)
1133 1471 1208 1500 Quam
1221 1484 1250 1489 ——
1262 1477 1334 1502 quam
1345 1484 1376 1489 -—
1385 1476 1457 1502 quam
1469 1468 1556 1502 Rigalt.

1088 1503 1114 1531 7)
1132 1503 1279 1530 lguorantur
1291 1503 1397 1531 Franeq.

1093 1503 1114 1533 ἵ)
1132 1503 1279 1530 lguorantur
1291 1503 1397 1533 Franeq.

1077 1533 1112 1562 (8)
1134 1534 1202 1563 Quod
1216 1533 1306 1564 Rigalt.

1008 1576 1032 1608 ρ
1079 1566 1231 1608 saeuae
1248 1566 1340 1608 ntewv-
1355 1564 1409 1589 ηις-

1079 1596 1131 1628 (lO)
1147 1597 1217 1621 Jam?
1241 1597 1300 1621 Jun.

880 1646 1066 1677 COMMENTA
1071 1649 1159 1678 RIUS.

202 1708 310 1738 Ovidius
326 1718 334 1736 :

293 1775 352 1801 Sive
364 1776 412 1801 erit
419 1776 444 1800 in
452 1773 516 1806 Cois,
525 1774 574 1801 Coa
580 1774 673 1800 decere
682 1774 748 1806 puta.
762 1773 842 1799 Idem.

236 1850 275 1888 (a)
289 1851 330 1879 Ετι
342 1853 424 1887 [arma
443 1850 670 1878 dominica.Velim
685 1853 762 1878 notes
770 1849 919 1888 ba_c_lorma
934 1856 998 1876 usos

200 1885 346 1921 scriptorcs
352 1887 549 1915 ecclesiasticos
565 1894 626 1914 cum
635 1890 760 1919 respectu
776 1885 809 1912 ad
823 1885 930 1914 Filium.
943 1892 996 1912 non

201 1925 233 1952 ad
248 1925 364 1952 Patrem.
384 1923 476 1958 Itaque
490 1930 552 1958 cum
564 1922 657 1949 dicunt
672 1921 838 1958 dominicum,
853 1921 999 1958 [espiciunt

202 1961 342 1988 Dominum
357 1955 453 1986 Filium
466 1968 472 1985 :
488 1958 523 1985 ita
539 1957 635 1990 Grasci,
650 1958 686 1984 ita
699 1963 725 1984 et
740 1956 836 1984 Latini.
854 1955 919 1983 Lac.

238 2006 278 2042 (b)
290 2006 320 2034 Si
335 2013 420 2041 regem
439 2005 546 2042 denique
559 2004 615 2038 ﬁeri
625 2005 740 2042 gonscius
754 2004 798 2042 sui:
807 2004 877 2042 regni
891 2003 995 2042 refugit.

203 2039 332 2070 Dominus
346 2039 439 2069 noster
451 2041 536 2068 noluit
550 2048 596 2067 rex
625 2039 762 2067 hominum
784 2039 840 2066 ﬁeri
851 2059 858 2070 ,
873 2040 997 2066 conscius

201 2086 311 2113 regnum
327 2085 404 2113 suum
419 2084 475 2113 non
485 2083 547 2113 esse
557 2083 669 2113 regnum
684 2075 775 2102 mundi
790 2074 879 2108 hujus.
895 2074 995 2113 Eodem

203 2110 283 2141 sensu
296 2113 321 2140 in
338 2112 511 2147 Apologetico
523 2110 606 2142 dixit,
618 2111 739 2138 Cmsares
753 2117 822 2147 esse;
829 2110 996 2147 necessarios

201 2145 408 2179 s:cculo.verum
416 2145 583 2175 Christianos
589 2154 641 2174 non
652 2154 730 2181 posse
738 2145 996 2173 esseCacsarcsﬂic.

236 2195 273 2229 (ς)
284 2194 423 2230 Dirigendo
434 2194 503 2220 amni
518 2193 629 2230 fastigio.
638 2193 683 2230 Sic
695 2196 773 2230 vetus
788 2192 935 2230 exemplar,
948 2199 996 2219 ne-

201 2239 253 2266 que
266 2227 308 2258 est
322 2227 477 2258 niutandum
498 2227 650 2266 quicquam.
665 2228 802 2266 Det-igere,
822 2235 870 2254 seu
881 2227 997 2260 dirigere

202 2263 252 2294 lioc
265 2267 325 2294 loco
335 2271 376 2294 est
392 2266 458 2293 solvi
469 2272 499 2291 ac
513 2263 662 2292 subsidere.
679 2263 782 2291 Glossm
795 2267 909 2294 veteres,
930 2266 994 2289 ἀπο-

204 2311 335 2337 πγξσπμοιι,
352 2302 482 2337 Derigeor,
503 2303 665 2337 ἀπεπηγνὺω,
681 2298 799 2337 Diriguo.
827 2297 992 2337 L_ege_n(_Ium,

202 2331 335 2375 Derijeo,’
344 2338 387 2375 vel
407 2331 522 2372 Dirigeo.
540 2331 618 2375 Biget
636 2331 818 2375 statua,vri_get
843 2333 994 2375 fastigium,

203 2369 278 2409 riget
290 2369 377 2410 quivis
391 2369 541 2410 suggestus,
555 2369 592 2410 εἰ⁴
603 2371 702 2410 habent
714 2370 740 2396 in
751 2370 843 2410 rigore
861 2369 934 2410 velut
949 2376 995 2395 su-

202 2405 340 2445 pcrhia'm;
371 2405 519 2445 nec'iacile
544 2406 658 2445 cedunt;
683 2406 737 2432 imo
768 2405 910 2445 resistunt,
934 2411 995 2431 nam

203 2441 265 2473 sunt
280 2447 305 2472 in
327 2441 453 2473 duritiem
476 2443 582 2477 stipata.
599 2442 635 2469 Ea
650 2449 715 2469 vero
727 2441 952 2477 cumsolvuntur,
968 2445 998 2477 ut

204 2481 265 2516 igne
279 2481 399 2513 metalla,
416 2475 518 2516 ctisole'
527 2478 637 2513 glacies,
650 2477 773 2512 derigere
786 2475 921 2509 dicuntur,
936 2476 997 2511 quia

200 2515 256 2552 jam
271 2524 324 2544 non
339 2517 436 2552 rigent.
449 2515 509 2542 Rm.

240 2562 279 2598 (d)
290 2562 329 2590 Tu
342 2564 364 2590 si
377 2561 481 2589 Diaboli
496 2568 614 2596 pompam
625 2558 806 2598 ejerasti._Vi_(_lc
816 2558 861 2586 lib.
871 2557 911 2598 _(_le
925 2559 998 2598 Bap-

203 2594 295 2631 tisino,
309 2599 343 2626 de
363 2594 666 2632 renuntiatione‘pompte
686 2595 792 2628 diaboli,
805 2600 833 2623 et
853 2594 949 2623 alicubi
963 2596 998 2624 de

203 2635 348 2666 eieratione.
366 2634 433 2662 Plut.

240 2671 277 2705 (ο)
291 2671 365 2703 Quod
375 2678 419 2704 per
433 2669 492 2696 illas
505 2668 625 2696 adversus
638 2666 685 2694 Dei
698 2675 782 2705 seruos
794 2665 997 2705 supplicia__con-

203 2702 272 2734 nulla
285 2702 354 2733 sunt.
375 2702 422 2734 ‘Sic
436 2705 592 2735 Rhenanus,
608 2708 635 2730 et
649 2708 709 2738 post
720 2703 888 2733 Rhenanum,
898 2702 995 2729 editio-

204 2749 253 2769 nes
266 2741 325 2768 alirc
338 2749 432 2769 omnes
440 2744 604 2769 constanter.
618 2737 655 2766 At
664 2739 691 2766 in
704 2739 797 2766 codice
808 2737 941 2773 Agobardi
958 2738 996 2765 lc-

202 2779 274 2813 gitur
287 2777 413 2813 Conuulso
431 2781 499 2804 sunt.
515 2776 575 2804 Rm.

242 2813 272 2849 (l)
294 2812 345 2840 Per
363 2813 422 2840 illas
434 2820 458 2840 et
472 2820 552 2849 piem;
566 2812 599 2849 ad
617 2811 709 2845 impios
735 2813 830 2849 parata:
843 2809 998 2849 iri-agantur.

204 2845 335 2877 Me'ndose
347 2845 627 2883 prorsusIVerissima
636 2850 725 2883 autem
739 2850 780 2883 es_t
792 2845 869 2883 lectio
883 2845 998 2880 vulgata,

206 2892 286 2920 quam
302 2880 391 2912 tueiur
403 2884 484 2912 etiam
497 2883 581 2911 codex
593 2881 726 2920 Agobardi
738 2890 743 2907 :
758 2880 811 2920 Per
821 2881 1001 2920 illasetpaenw

207 2916 243 2947 (id
255 2920 345 2954 impios
358 2920 625 2956 parattzignorantur.
642 2917 685 2944 Ait
698 2917 808 2956 Tertull.
822 2916 874 2943 Per
885 2917 1001 2956 iniquam

208 2952 375 2984 seculariur'n
390 2952 548 2991 potestatem
562 2954 689 2982 adversus
698 2952 863 2981 Christianos
872 2953 1001 2981 saevitiam

1053 1707 1122 1741 ﬁeri,
1136 1715 1190 1741 quo
1209 1708 1297 1736 minus
1319 1707 1413 1743 religio
1431 1706 1575 1735 christiana
1597 1706 1738 1742 proﬁciat;
1754 1715 1784 1736 ac
1799 1714 1846 1742 per

1052 1743 1104 1771 hoc
1114 1765 1121 1776 ,
1138 1744 1254 1779 ignorari
1268 1751 1328 1778 quae
1339 1744 1393 1771 sint
1407 1751 1420 1770 a
1435 1743 1490 1770 Deo
1506 1750 1594 1777 parum
1608 1743 1736 1770 adversus
1750 1743 1846 1779 impios

1050 1784 1162 1813 paratae.
1181 1780 1272 1814 Itaque
1285 1787 1379 1806 omnes
1395 1779 1474 1814 hujus
1487 1779 1577 1806 smculi
1598 1783 1742 1813 potestates
1756 1784 1782 1806 et
1806 1779 1847 1806 di-

1051 1816 1167 1849 gnitates
1181 1823 1234 1842 non
1251 1815 1337 1843 solum
1353 1815 1453 1842 alienas
1467 1835 1474 1844 .
1490 1821 1583 1841 verum
1605 1819 1632 1841 ct
1658 1815 1778 1842 inimicas
1799 1816 1845 1842 Dei

1050 1858 1120 1882 esse.
1136 1851 1256 1885 adeoque
1269 1850 1428 1878 Christianis
1449 1850 1495 1877 Dei
1506 1850 1651 1877 cultoribus
1666 1851 1775 1878 minime
1788 1859 1845 1878 am-

1050 1886 1161 1914 biendas
1174 1892 1217 1913 aut
1226 1887 1420 1921 suscipiendas.
1433 1886 1492 1914 Rte.

1076 1923 1161 1951 ~CAP.
1174 1922 1283 1950 XlX.——
1293 1921 1331 1958 (ε)
1346 1922 1467 1949 Fibulam
1477 1926 1499 1947 et
1513 1921 1609 1949 Aaron.
1625 1921 1743 1949 Uncinns
1758 1926 1784 1949 et
1797 1929 1846 1948 an-

1049 1965 1111 1985 reos
1131 1958 1265 1993 intelligit,
1280 1958 1376 1993 quibus
1384 1958 1575 1991 eolligabantur
1585 1958 1804 1991 superhumerale
1819 1964 1847 1985 et

1047 1994 1186 2026 rationale,
1200 1994 1436 2029 quemadmodum,
1453 1993 1503 2020 lori
1516 1993 1633 2026 nomine,
1652 1993 1761 2021 Joannis
1775 1994 1845 2029 Bap-

1047 2029 1116 2056 tistae
1131 2037 1224 2056 zonam
1238 2030 1385 2064 pelliceam.
1401 2030 1468 2056 Pan.

1085 2064 1125 2101 (b)
1147 2065 1280 2097 Quomodo
1293 2070 1375 2092 autem
1391 2064 1492 2101 bellabit
1504 2073 1512 2091 :
1526 2065 1577 2101 imo
1589 2066 1714 2098 quomodo
1728 2066 1803 2092 etiam
1817 2065 1845 2093 in

1051 2096 1253 2135 paoe'militabit,
1267 2101 1321 2127 sine
1331 2101 1428 2135 gladio,
1442 2096 1517 2134 l{litem
1532 2096 1656 2128 Dominus
1666 2102 1790 2128 abstulit?
1814 2101 1843 2128 In

1049 2143 1116 2171 pace
1127 2137 1242 2163 militare
1254 2136 1390 2165 dicuntur.
1402 2135 1446 2168 qui
1469 2136 1548 2162 etiam
1568 2140 1643 2163 extra
1660 2136 1721 2164 belli
1738 2142 1843 2170 tempus

1049 2172 1076 2199 in
1097 2172 1256 2199 stationibus
1277 2176 1305 2198 et
1318 2171 1449 2206 praesidiis
1459 2171 1559 2205 degunt
1571 2172 1683 2204 armati,
1697 2177 1742 2199 aut
1756 2172 1781 2199 in
1796 2180 1842 2199 ar-
1879 2171 1882 2173 ’

1048 2208 1100 2235 mis
1107 2211 1237 2242 apparent
1248 2207 1361 2242 principi
1371 2206 1528 2240 ceterisque
1540 2208 1716 2239 potestatibus
1724 2207 1757 2234 ad
1769 2207 1844 2240 jussa

1047 2243 1215 2278 exequenda.
1238 2243 1274 2269 Ea
1288 2250 1352 2269 vero
1371 2242 1521 2276 priscorum
1536 2242 1747 2278 Christianorum
1760 2242 1842 2269 disci-

1048 2277 1121 2313 plina
1135 2278 1194 2310 l‘uit,
1209 2282 1238 2305 ut
1257 2285 1325 2312 quos
1345 2277 1411 2305 ﬁdes
1430 2278 1456 2304 in
1478 2278 1571 2312 quavis
1583 2278 1677 2305 militia
1694 2277 1845 2312 deprehen-

1007 2321 1034 2352 D
1047 2312 1143 2347 derat,
1160 2314 1176 2340 ii
1196 2313 1342 2352 secundum
1362 2313 1472 2352 Ioannis
1485 2313 1669 2352 praescriptum
1693 2313 1720 2340 in
1735 2312 1842 2352 militia

1047 2357 1095 2377 sua
1108 2354 1306 2384 permanerent.
1322 2349 1374 2376 Sed
1391 2349 1434 2375 vix
1460 2353 1518 2376 erat
1530 2370 1537 2381 ,
1566 2353 1595 2375 ut
1613 2349 1656 2383 qui
1674 2352 1739 2384 ante
1762 2348 1842 2376 ﬁdem

1048 2383 1290 2415 non’militarent.
1305 2389 1367 2420 post
1391 2384 1470 2420 ﬁdem
1491 2383 1599 2411 nomina
1624 2383 1728 2412 militiae
1747 2384 1844 2412 darent

1048 2428 1114 2453 sua;
1137 2421 1191 2447 imo
1212 2419 1331 2456 plerique
1353 2425 1413 2447 ante
1434 2419 1514 2447 ﬁdem
1535 2420 1643 2452 milites,
1667 2424 1840 2455 posteaquam

1048 2456 1082 2483 ad
1098 2456 1176 2484 tidem
1199 2455 1322 2483 conversi
1351 2456 1465 2486 fuerant.
1491 2460 1518 2482 et
1537 2455 1671 2490 cingulum
1687 2460 1714 2483 et
1726 2456 1842 2490 gladium

1047 2492 1226 2526 deponebant.
1249 2492 1339 2526 Itaque
1348 2492 1416 2518 hanc
1428 2491 1507 2518 etiam
1521 2491 1556 2517 ob
1564 2498 1686 2518 caussam
1699 2490 1843 2517 Christiani

1049 2528 1164 2555 ethnicis
1185 2527 1428 2562 odioludibrioque
1446 2527 1533 2559 luere,
1556 2531 1681 2562 tanquam
1697 2526 1796 2554 inertes
1816 2531 1844 2553 et

1050 2564 1154 2598 ignavi,
1169 2570 1200 2590 ac
1212 2563 1327 2598 denique
1346 2561 1450 2598 imperii
1470 2562 1571 2590 romani
1593 2562 1694 2589 hostes.
1715 2562 1780 2589 Cum
1794 2561 1845 2596 igi-

1049 2597 1093 2626 tur
1104 2599 1152 2627 hac
1167 2599 1264 2626 invidia
1279 2597 1422 2633 plurimum
1437 2598 1599 2629 laborarent,
1617 2597 1723 2625 tandem
1743 2597 1841 2629 visum,

1048 2639 1103 2661 tam
1118 2635 1258 2668 abruptum
1274 2639 1300 2661 ct
1323 2641 1441 2669 praeceps
1456 2634 1596 2661 consilium
1619 2634 1659 2661 sic
1681 2638 1841 2668 temperare.

1048 2675 1078 2697 ut
1099 2677 1165 2704 pace
1186 2670 1220 2697 ab
1241 2670 1355 2697 ethnicis
1378 2669 1504 2697 Ecclesia:
1530 2676 1675 2701 concessa,
1697 2669 1841 2695 Christiani

1046 2706 1127 2733 etiam
1154 2713 1214 2733 cum
1249 2705 1364 2733 ethnicis
1399 2705 1553 2731 militarent.
1591 2704 1667 2732 Unde
1697 2704 1844 2738 Septimius

1046 2741 1140 2776 ipsein
1164 2741 1336 2776 Apologetico
1350 2740 1455 2767 diluens
1470 2740 1573 2773 objecta
1594 2740 1752 2767 Christianis
1766 2740 1847 2776 gigna-

1051 2775 1100 2804 vite
1125 2777 1237 2811 probra,
1254 2775 1447 2811 ’Navigamus,
1479 2776 1578 2810 inquit,
1599 2781 1622 2802 et
1647 2784 1692 2802 nos
1716 2775 1843 2802 uobiscum

1051 2812 1200 2840 militamus.
1229 2813 1315 2848 Atque
1330 2812 1463 2848 Vinihanc
1483 2811 1640 2848 sententiam
1657 2811 1845 2848 apertissimus

1052 2848 1216 2875 Arelatensis
1235 2847 1347 2875 Concilii
1370 2847 1460 2874 Canon
1481 2847 1584 2879 tertius,
1598 2847 1637 2873 De
1657 2847 1695 2873 Itis
1714 2847 1756 2881 qui
1770 2854 1844 2873 arma

1052 2883 1188 2919 projicith
1200 2884 1227 2910 in
1240 2892 1311 2918 pace.
1324 2884 1420 2918 placuit
1437 2882 1557 2919 abstineri
1571 2891 1613 2910 eos
1626 2891 1641 2909 a
1655 2882 1840 2919 communione.

1053 2920 1088 2947 At
1111 2919 1257 2953 Septimius
1282 2924 1373 2947 uoster
1395 2919 1422 2946 in
1443 2919 1489 2946 illo
1507 2918 1541 2946 de
1566 2918 1680 2949 Corona,
1693 2922 1772 2953 atque
1792 2918 1845 2945 hoc

1054 2955 1134 2983 etiam
1149 2954 1183 2983 de
1199 2955 1349 2984 idololatria
1364 2962 1462 2990 opere,
1477 2961 1526 2990 pro
1545 2959 1648 2983 natura:
1661 2961 1717 2983 sua:
1730 2954 1847 2983 austeria
