4252 6264
603 364 698 423 691

1979 363 2435 424 TERTULLIANI

3793 366 3898 424 692

603 485 872 554 qunnmdo
922 487 1080 541 etiam
1137 484 1188 540 in
1220 499 1349 555 pace
1375 483 1620 540 militabit
1661 483 1736 557 (α)
1762 526 1777 552 ,
1809 485 1925 540 sine
1971 483 2149 554 gladio
2172 525 2188 548 ,
2217 494 2271 553 Α
2297 491 2408 538 tum
2439 489 2522 538 est
2545 498 2557 536 :
2581 488 2834 538 caaterum
2862 480 3260 560 consuetudinis
3287 481 3473 552 vitium
3515 489 3598 538 est
3636 499 3715 538 me
3757 483 3897 564 iter.

605 594 762 644 quem
787 577 1044 632 Dominus
1071 576 1322 632 abstulit?
1351 575 1610 644 Nam,etsi
1639 577 1882 632 adierant
1908 574 2104 631 milites
2124 575 2192 631 ad

600 667 898 734 Joannem,
942 675 998 722 et
1041 667 1265 723 formam
1311 668 1703 726 observationis
1739 677 2093 739 acceperant,
2149 668 2195 724 si

597 760 758 814 etiam
779 759 1022 815 centurio
1043 760 1374 827 crediderat;
1401 777 1614 818 omnem
1643 771 1824 833 postea
1849 759 2070 817 militem
2089 759 2192 816 Do-

599 854 794 920 minus,
829 854 883 909 in
914 855 1073 912 Petro
1100 857 1444 923 cxarmando,
1467 857 1734 914 discinxit.
1766 853 1954 912 Nullus
1981 853 2194 910 habitus

597 945 773 1004 licitus
801 957 885 1004 est
910 947 1050 1020 apud
1071 964 1170 1006 nos
1195 949 1378 1007 illicito
1407 951 1548 1006 actui
1579 949 1901 1020 adscriptus.

1216 1044 1447 1102 CAPUT
1488 1045 1608 1100 XX.

590 1145 594 1150 ‘
679 1137 786 1194 Sed
840 1139 1185 1205 enim,_cum
1225 1140 1562 1195 conversatio
1629 1137 1826 1194 divina:
1890 1136 2188 1207 disciplina:

595 1247 703 1288 non
753 1231 906 1289 factis
945 1242 1188 1300 tantum,
1231 1248 1416 1288 verum
1470 1233 1630 1288 etiam
1685 1231 1863 1288 verbis
1918 1229 2188 1301 periclite-

589 1333 677 1380 tur
717 1326 735 1395 (
769 1341 916 1390 nam,
946 1312 1082 1380 sicut
1107 1326 1362 1397 scriptum
1411 1335 1495 1380 est
1540 1343 1554 1380 :
1587 1323 1721 1380 Ecce
1761 1325 1910 1379 homo
1954 1334 2001 1379 et
2048 1329 2186 1394 facta

589 1420 699 1488 ejus
725 1417 824 1489 (b),
867 1419 936 1472 ita
974 1417 1213 1489 (Matt/1.,
1243 1417 1358 1484 XII,
1384 1416 1474 1490 57)
1510 1437 1522 1471 :
1554 1416 1639 1472 Ex
1681 1434 1767 1472 ore
1797 1427 1880 1472 tuo
1914 1418 2185 1487 justi/ica-

509 1538 513 1542 τ
589 1509 767 1579 beris);
791 1509 1099 1565 meminisse
1115 1509 1372 1565 debemus
1399 1511 1558 1564 etiam
1586 1510 1637 1563 in
1661 1509 1838 1565 verbis
1864 1510 1947 1580 (I)
1973 1525 2186 1582 quoque

586 1602 906 1658 idololatria:
932 1605 1206 1659 incursum
1258 1603 1670 1674 praecavendum
1694 1645 1708 1668 ,
1741 1613 1834 1658 aut
1865 1605 1934 1658 de
1956 1617 2182 1660 consue-

585 1699 786 1756 tudinis
825 1699 988 1765 vitio,
1022 1708 1114 1753 aut
1158 1699 1474 1754 timiditatis.
1521 1699 1659 1755 Deos
1688 1699 1962 1754 nationum
2011 1699 2182 1754 nomio

583 1794 700 1846 nari
728 1791 812 1846 lex
843 1791 1091 1861 prohibet
1111 1790 1330 1864 (Exod.,
1362 1791 1554 1858 XXIII,
1591 1791 1682 1864 15)
1703 1835 1718 1857 ,
1749 1806 1853 1846 non
1879 1792 2065 1863 utique
2113 1806 2182 1848 ne

2299 576 2412 632 cule
2435 575 2636 643 dicere,
2670 593 2750 630 me
2773 575 2903 641 Dius
2949 577 3102 647 ﬁdius
3131 575 3204 649 (e)
3229 619 3241 640 ,
3273 575 3568 632 accedente
3596 563 3897 647 ignorantia

2298 667 2680 741 quorumdam,
2712 667 2804 739 qui
2825 669 3071 743 ignorant
3093 667 3467 740 jusjurandum
3493 683 3613 724 esse
3640 685 3733 739 per
3760 670 3898 726 Iler-

2295 762 2493 817 culem.
2521 761 2690 817 Porro
2717 760 2842 831 quid
2871 769 2989 816 erat
3015 758 3094 833 (4)
3124 759 3388 831 dejcratio
3412 759 3492 832 (5)
3519 776 3613 831 per
3637 776 3732 816 eos
3759 778 3899 833 quos

2294 856 2734 927 ejerasti,quam
2778 855 3151 926 praevaricatio
3204 854 3330 911 ﬁdei
3383 869 3502 910 cum
3553 855 3899 914 idololatria?

2297 947 2430 1017 Quis
2459 947 2602 1004 enim
2635 963 2894 1026 per__quos
2915 947 3121 1018 dejerat
3140 989 3156 1016 ,
3180 963 3288 1003 non
3319 947 3571 1016 honorat?

2787 1022 2814 1024 θ’
2849 1037 3076 1096 CAPUT
3125 1038 3270 1096 XXI.

2365 1129 2688 1190 Timiditatis
2745 1142 2830 1190 est
2870 1143 3083 1202 autem,
3137 1150 3259 1190 cum
3306 1142 3360 1191 te
3410 1134 3549 1192 alius
3614 1153 3710 1209 per
3765 1140 3899 1199 deos

2290 1241 2420 1283 suos
2467 1227 2669 1297 obligat
2713 1225 2988 1298 juratione
3037 1226 3122 1282 vel
3163 1226 3337 1297 aliqua
3375 1229 3788 1301 testificatione,
3843 1242 3899 1290 et

2290 1331 2348 1378 tu
2402 1338 2471 1379 ne
2520 1321 2837 1393 intelligaris
2876 1321 3134 1393 quiescis.
3201 1321 3334 1376 Nam
3377 1337 3533 1393 teque
3573 1326 3897 1396 quiescendo

2292 1417 2581 1472 confirmas
2610 1416 2948 1486 maiestatem
2979 1431 3165 1472 eorum
3186 1457 3201 1480 ,
3226 1415 3380 1487 cujus
3407 1431 3600 1473 caussa
3628 1420 3895 1478 videberis

2291 1508 2578 1580 obligatus.
2625 1507 2762 1576 Quid
2797 1507 2964 1562 refert
2993 1507 3125 1562 deos
3154 1507 3435 1563 nationum
3463 1507 3692 1566 dicendo
3719 1511 3852 1568 deos
3873 1556 3892 1582 ,

2289 1617 2358 1657 an
2390 1601 2655 1657 audiendo
2693 1599 3020 1657 conﬁrmes?
3069 1602 3220 1670 jures
3250 1600 3335 1670 (6)
3368 1617 3461 1671 per
3494 1602 3666 1669 idola,
3719 1620 3784 1660 an
3827 1606 3895 1662 ab

2289 1697 2395 1753 alio
2415 1696 2694 1767 adjuratus
2719 1695 3032 1766 acquiescas
3052 1694 3078 1747 ?
3103 1695 3213 1750 Cur
3238 1710 3345 1750 non
3375 1711 3733 1766 agnoscamus
3761 1715 3885 1756 ver-

2289 1791 2456 1845 sutias
2475 1789 2711 1853 Satanae,
2737 1789 2828 1858 qui
2856 1786 2996 1856 quod
3027 1801 3121 1842 ore
3146 1796 3332 1841 nostro
3365 1789 3622 1858 perlicere
3647 1805 3753 1844 non
3782 1806 3881 1862 po-

582 1883 800 1938 nomina
827 1898 1013 1939 eorum
1045 1885 1455 1955 pronuntiemus
1476 1926 1492 1948 ,
1525 1883 1827 1955 qnze’nobis
1857 1893 1914 1940 ut
1935 1881 2181 1940 dicamus
2211 1875 2258 1936 B
2289 1891 2430 1948 test,
2461 1882 2512 1937 id
2534 1880 2681 1953 agit,
2711 1889 2768 1935 ut
2794 1896 3014 1935 suorum
3041 1896 3136 1936 ore
3162 1880 3439 1951 perﬁciat,
3461 1898 3559 1952 per
3583 1898 3744 1939 aures
3765 1885 3894 1942 inie-

585 1975 924 2031 conversatio
963 1985 1280 2047 extorquet;
1311 1993 1434 2032 nam
1465 1975 1516 2032 id
1554 1978 1867 2048 plerumque
1891 1968 2178 2034 dicéndum

580 2076 665 2122 est
688 2082 703 2124 :
730 2067 784 2121 in
812 2067 998 2139 templo
1025 2067 1324 2140 Esculapii
1344 2071 1493 2124 illum
1512 2070 1684 2139 haqes,
1717 2079 1768 2124 et
1793 2113 1808 2137 ,
1865 2070 1973 2123 uico
2021 2069 2180 2126 Isidis

583 2158 776 2224 habito,
799 2167 872 2223 et,
912 2160 1146 2214 sacerdos
1184 2161 1328 2216 Jouis
1379 2161 1548 2231 factus
1576 2171 1679 2228 est,
1709 2169 1762 2217 et
1791 2161 1959 2216 multa
1990 2162 2094 2218 alia
2122 2163 2177 2219 in

577 2247 722 2306 hunc
751 2251 967 2306 modum
987 2293 1003 2318 ,
1030 2253 1244 2322 quando
1265 2261 1321 2308 et
1346 2253 1652 2309 hominibus
1679 2253 1780 2309 hoc
1805 2269 1975 2326 genus
2001 2253 2177 2311 nomi-

582 2358 651 2397 na
675 2343 1019 2400 inducuntur.
1049 2345 1234 2416 Neque
1255 2347 1398 2401 enim
1427 2347 1714 2402 Saturnum
1739 2347 1950 2403 honoro
1971 2390 1987 2415 ,
2023 2347 2069 2403 si
2100 2347 2173 2404 ita

576 2449 840 2491 vocavere
869 2451 991 2491 cum
1014 2451 1112 2491 suo
1138 2438 1352 2493 nomine
1373 2437 1474 2511 (9.),
1509 2445 1615 2492 tam
1647 2454 1750 2493 non
1782 2437 1987 2518 honoro
2013 2455 2173 2510 quam

578 2525 836 2594 Marcum,
869 2527 942 2600 (ε)
983 2528 1028 2582 si
1062 2543 1323 2583 vocavero
1366 2529 1622 2584 Marcum.
1651 2528 1758 2585 Sed
1805 2530 1880 2584 ait
1919 2546 1933 2582 ε
1967 2529 2175 2586 Nomen

575 2620 800 2676 aliorum
827 2623 1037 2680 deorum
1058 2639 1121 2677 ne
1139 2623 1600 2678 commemoremini
1627 2622 1900 2696 (5),neque
1927 2625 2175 2680 audiatur

574 2714 640 2769 de
665 2731 752 2770 ore
778 2725 886 2769 tuo.
913 2715 1024 2770 Hoc
1045 2716 1332 2786 praecepit,
1365 2731 1432 2771 ne
1456 2715 1587 2772 deos
1606 2731 1858 2772 vocemus
1874 2716 2013 2773 illos.
2037 2716 2171 2772 Nam

578 2817 633 2862 et
659 2807 710 2862 in
743 2807 910 2878 prima
939 2817 1091 2878 parte
1122 2809 1252 2879 legis
1283 2807 1502 2880 (Exod.,
1533 2807 1654 2876 XX,
1697 2808 1753 2882 7)
1783 2826 1796 2861 :
1828 2807 1953 2864 Non
1979 2825 2171 2878 sumes,

574 2899 766 2971 inquit,
788 2917 970 2954 nomen
997 2899 1202 2955 Domini
1233 2901 1328 2956 Dei
1365 2903 1437 2956 tui
1463 2902 1516 2956 in
1557 2918 1688 2956 vano
1709 2943 1724 2967 ,
1757 2902 1810 2958 id
1836 2911 1919 2958 est
1943 2945 1958 2969 ,
2002 2903 2167 2959 idolo.

572 2993 778 3048 Cecidit
805 2993 963 3064 igitur
991 2994 1042 3048 in
1073 2993 1449 3060 idololatriam,
1481 2994 1574 3064 qui
1594 2994 1796 3049 idolum
1824 2995 2044 3050 nomine
2071 2995 2170 3051 Dei

573 3087 937 3143 honoraverit.
983 3088 1134 3156 Quod
1162 3089 1208 3145 si
1245 3090 1376 3145 deos
1404 3089 1687 3147 dicendum
1731 3090 1864 3160 erit,
1912 3091 2170 3164 adjicien-

2286 1989 2413 2032 rens
2441 1974 2602 2029 nobis
2627 1972 3034 2028 idololatriam?
3063 1973 3224 2028 Certe
3249 1973 3491 2043 quisquis
3520 1975 3610 2030 ille
3635 1984 3720 2032 est
3745 2019 3760 2041 ,
3799 1986 3894 2033 aut

2283 2070 2457 2124 amica
2487 2077 2578 2121 aut
2606 2066 2817 2120 inimica
2849 2065 3234 2134 congressione
3262 2063 3343 2136 (7)
3370 2063 3671 2136 adstringit.
3704 2065 3760 2123 Si
3791 2067 3890 2123 ini-

2282 2158 2442 2223 mica,
2466 2156 2575 2227 jam
2599 2156 2664 2210 ad
2697 2170 2928 2228 pugnam
2953 2156 3183 2221 voearis,
3205 2155 3385 2211 etscis
3415 2157 3509 2212 tibi
3529 2157 3886 2216 dimicandum

2280 2267 2420 2308 esse.
2453 2250 2511 2307 Si
2532 2251 2954 2320 amica,.quanto
2975 2251 3218 2305 securius
3245 2249 3297 2304 in
3331 2251 3618 2307 Dominum
3649 2254 3880 2311 transfe-

2278 2360 2367 2401 res
2391 2343 2798 2414 responsionem
2813 2351 2982 2409 tuam,
2997 2351 3054 2398 ut
3067 2343 3333 2398 dissolvas
3349 2343 3727 2414 obligationem
3743 2348 3882 2418 ejus,

2278 2453 2376 2508 per
2401 2452 2559 2509 quem
2588 2446 2639 2492 te
2665 2436 2836 2491 Malus
2867 2436 3058 2492 honori
3093 2437 3357 2491 idolorum
3379 2480 3394 2502 ,
3437 2437 3490 2492 id
3517 2447 3628 2505 est,
3653 2440 3880 2495 idolola-

2277 2531 2394 2587 triae
2420 2531 2694 2603 quaerebat
2724 2539 3032 2587 annectere.
3080 2530 3267 2586 Omnis
3314 2532 3566 2601 patientia
3613 2533 3881 2604 ejusmodi

2276 2623 2598 2681 idololatria.
2625 2623 2867 2680 llonoras
2887 2639 2981 2680 eos
3003 2667 3017 2691 ,
3049 2605 3246 2694 quibus
3273 2624 3533 2695 impositis
3555 2626 3877 2698 obsequium

2276 2716 2593 2788 praestitisti.
2628 2715 2750 2773 Scio
2804 2716 3086 2787 quemdam
3120 2718 3225 2787 (cui
3255 2717 3508 2772 Dominus
3559 2719 3830 2793 ignoscat)
3858 2764 3876 2790 ,

2278 2822 2400 2864 cum
2444 2809 2518 2864 illi
2566 2809 2619 2863 in
2655 2808 2865 2879 publico
2913 2824 3009 2879 per
3050 2807 3194 2864 litem
3223 2808 3421 2864 dictum
3466 2819 3646 2878 esset,
3674 2809 3884 2882 Jupiter

2281 2902 2371 2955 tibi
2399 2902 2462 2956 sit
2491 2902 2672 2966 iratus,
2706 2902 3080 2972 respondisse,
3104 2902 3209 2954 imo
3267 2901 3378 2955 tibi.
3430 2901 3570 2968 Quid
3616 2903 3772 2959 aliter
3802 2904 3881 2975 (8)

2277 2996 2495 3053 fecisset
2523 2995 2767 3052 etlmicus
2792 3037 2805 3062 ,
2833 2997 2922 3067 qui
2952 2996 3138 3050 Jovem
3166 2995 3324 3050 deum
3364 2993 3629 3051 credidit?
3656 2996 3882 3053 Etiamsi

2278 3107 2385 3148 non
2430 3106 2527 3162 per
2568 3090 2815 3146 eumdem
2861 3090 3167 3146 retorsis<et
3210 3088 3550 3145 maledictum
3576 3130 3593 3157 ,
3646 3105 3743 3146 nec
3787 3107 3883 3162 per

576 3178 704 3234 dum
733 3188 817 3235 est
859 3181 1095 3251 aliquid,
1123 3196 1231 3252 quo
1278 3193 1572 3252 appareat,
1601 3185 1724 3253 quia
1772 3195 1878 3239 non
1922 3199 2023 3255 ego
2047 3183 2242 3256 illosC
2276 3186 2444 3241 ullum
2495 3184 2644 3241 lovis
2688 3183 2953 3248 similem;
3003 3183 3415 3237 conﬁrmaverat
3441 3181 3629 3238 Jovem
3678 3181 3866 3247 deum,

573 3271 706 3326 deos
733 3272 875 3328 dico.
900 3273 1032 3328 Nam
1062 3283 1116 3329 et
1140 3273 1417 3345 Scriptura
1467 3274 1599 3329 deos
1642 3276 1922 3343 nominat;
1949 3277 2031 3349 (ά)
2077 3277 2196 3335 sed-

574 3365 754 3435 adjicit
780 3383 898 3420 suos
917 3409 932 3432 ,
966 3367 1049 3422 vel
1081 3369 1362 3422 nationum.
1391 3367 1544 3423 Sicut
1582 3368 1749 3424 David
1775 3385 1896 3424 cum
1925 3370 2054 3426 deos
2083 3386 2174 3428 tto-

2279 3294 2376 3351 per
2399 3294 2558 3350 quem
2601 3294 2660 3333 se
2687 3277 3028 3332 maledictum
3058 3275 3278 3346 indigne
3311 3275 3498 3330 tulisse
3537 3274 3870 3331 demonstra-

2276 3384 2429 3429 verat
2454 3371 2864 3428 remaledicens.
2884 3369 2964 3424 Ad
2990 3369 3114 3439 quid
3137 3369 3279 3423 enim
3317 3368 3610 3439 indigneris
3636 3384 3731 3438 per
3756 3383 3881 3424 eum

575 3458 829 3514 minasset
856 3501 871 3527 ,
899 3460 986 3514 ubi
1026 3461 1100 3515 ait
1121 3461 1240 3534 (Ps.
1270 3461 1432 3526 CXV,
1465 3461 1522 3531 4)
1557 3479 1571 3517 :
1605 3460 1704 3518 Dei
1726 3474 1894 3518 autem
1910 3465 2172 3520 nationum
2273 3481 2431 3537 quem
2449 3466 2554 3520 scis
2582 3465 2851 3538 nihilesse
2873 3461 2981 3535 (9)?
2997 3461 3129 3516 Nam
3157 3461 3202 3516 si
3224 3461 3446 3526 insanis,
3468 3460 3583 3531 jam
3611 3475 3729 3516 esse
3753 3443 3889 3516 con;

577 3549 850 3605 dieuionia.
874 3551 981 3607 Sed
1011 3551 1110 3608 hoc
1135 3554 1264 3608 mihi
1294 3553 1360 3608 ad
1381 3554 1658 3626 sequentia
1685 3557 1858 3628 magis
1877 3567 2170 3626 praestrucc

2274 3563 2480 3626 ﬁrmas,
2503 3566 2558 3613 et
2610 3557 2713 3612 erit
2736 3553 3052 3612 idololatria:
3078 3551 3196 3624 (10)
3228 3551 3492 3624 professio
3523 3552 3731 3608 timoris
3768 3551 3878 3607 tui:

1810 3671 2196 3734 LECTIONES
2233 3672 2647 3733 VARIANTES.

640 3780 715 3840 (I)
751 3780 1006 3832 Debemus
1028 3795 1140 3834 esse
1163 3787 1215 3833 in
1238 3785 1404 3835 verbis
1427 3787 1669 3838 Wouwer.
1695 3786 1804 3838 MS.

641 3843 714 3908 (2)
753 3843 805 3908 Si
831 3845 895 3894 ita
919 3857 1064 3908 quem
1091 3859 1330 3897 vocavere
1351 3851 1647 3898 suonomine
1668 3851 1854 3901 Wouw.
1882 3852 1992 3902 MS.

645 3906 722 3970 (5⁷)
753 3906 1223 3970 Qommémorabitur
1260 3912 1448 3970 Wouw.
1476 3911 1586 3960 MS.

664 3968 713 4026 4}
752 3968 858 4022 Erit
888 3972 1077 4020 Wouw.
1099 3974 1169 4023 Μ.
1197 3972 1253 4022 S.
1280 3969 1435 4026 Latin.
1459 3973 1580 4024 Jun.

666 4030 713 4084 5i
744 4031 794 4081 Si
818 4030 1100 4084 add.Paris.

649 4093 714 4158 (6)
746 4095 884 4158 juret
908 4093 1074 4148 Paris.

700 3975 714 4160 i

2348 3786 2426 3914 iii
2458 3787 2857 3914 ﬂuidis???“

2349 3853 2418 3914 (8)
2458 3853 2601 3901 Aliud
2626 3853 2781 3902 Latin.

2349 3916 2425 3977 (9)
2456 3915 2558 3966 Per
2581 3928 2695 3964 eum
2719 3910 3022 3975 maledictus,
3044 3922 3197 3977 quem
3219 3910 3316 3963 scis
3337 3910 3464 3963 nihil
3488 3922 3603 3964 esse
3635 3912 3881 3963 Wouwer.

2285 3979 2447 4105 Μῗὶο)
2485 4038 2763 4091 Idololatria
2788 4039 2888 4091 Lat.

1950 4205 2510 4270 COMMENTARIUS.

578 4328 689 4394 tate
717 4320 1022 4378 christianis
1037 4323 1308 4387 omnibus,
1341 4321 1502 4378 etiam
1529 4323 1772 4381 Ecclesia
1798 4323 1959 4380 nullis
1985 4340 2172 4394 perse-

577 4393 884 4470 cntionibus
908 4403 1125 4470 vexata,
1148 4410 1308 4450 omne
1336 4395 1540 4451 militiae
1559 4411 1750 4468 genus,
1770 4393 1996 4454 omnem
2013 4398 2176 4470 gladii

576 4479 735 4520 usum
761 4465 965 4520 adimit.
996 4465 1117 4521 Rm.

653 4536 730 4612 (τι)
774 4537 1039 4612 Quomodo
1065 4537 1293 4612 etiamin
1321 4555 1444 4612 pace
1461 4540 1716 4594 militabit.
1757 4540 1872 4597 Hoc
1908 4549 2012 4609 est,
2043 4555 2177 4612 quo-

581 4609 745 4698 modo
765 4609 1088 4663 Christianus
1107 4610 1462 4698 implicabitur
1482 4612 1828 4694 saecularibus
1848 4615 1990 4668 curis
2004 4609 2177 4698 inquo-
2201 4638 2253 4698 D

582 4679 747 4754 modo
789 4689 941 4750 geret
982 4681 1368 4754 magistratus?
1404 4683 1616 4737 Etenim
1658 4684 1710 4737 in
1765 4698 1894 4754 pace
1945 4679 2178 4742 militant

583 4751 990 4826 magistrattts,_
1035 4751 1262 4807 militant
1311 4752 1486 4808 ofﬁcia
1543 4751 1940 4826 etiministeria
2005 4758 2178 4826 magi-

582 4831 845 4896 stratuum
883 4821 1078 4896 quibus
1122 4834 1207 4896 est
1248 4839 1563 4880 concessum
1603 4825 1691 4894 jus
1733 4826 1928 4896 gladii,
1980 4827 2032 4882 in
2084 4821 2177 4882 I3-

582 4893 865 4948 cinorosos
917 4894 1376 4950 animadvertendi
1429 4893 1638 4951 caussa.
1692 4893 1961 4953 Discincto
2009 4902 2177 4955 semel

583 4963 746 5036 Petro
764 5006 779 5030 ,
802 4964 1012 5019 cunctis
1037 4967 1344 5022 Christianis
1367 4967 1600 5036 gladium
1628 4968 1889 5025 Dominus
1935 4969 2173 5025 abstulit.

585 5035 656 5090 Et
711 5045 902 5109 tamen
941 5037 1292 5109 Apologetico
1334 5035 1432 5093 suo
1472 5039 1834 5109 adiproceres
1891 5055 2174 5109 romanos,

583 5107 844 5182 p_ag.49t,
867 5107 1366 5182 SeptimiusAnoster
1391 5110 1463 5164 ait
1493 5127 1507 5164 :
1540 5108 1858 5182 Navigamus
1886 5123 1931 5166 et
1959 5129 2054 5168 nos
2081 5107 2174 5167 υοὲ

581 5177 794 5241 hiscum,
835 5177 1132 5232 militamus.
1156 5179 1260 5234 Sed
1293 5179 1379 5236 hic
1399 5182 1589 5248 quierit
1607 5223 1621 5247 ,
1644 5177 1711 5234 ait
1746 5182 1918 5237 ﬁdelis
1941 5183 2007 5238 ad
2035 5185 2176 5238 mili-

583 5251 716 5304 tiam
742 5252 983 5304 converti
1013 5251 1198 5319 possit.
1228 5250 1342 5307 lllic
1384 5253 1492 5319 agit
1528 5253 1596 5307 de
1637 5255 1895 5308 militibus
1923 5254 1990 5308 ad
2018 5255 2178 5310 Iidem

582 5321 1058 5393 conversis_.__quos
1085 5321 1218 5393 ﬁdes
1245 5323 1297 5393 in
1324 5323 1514 5378 militia
1542 5324 1986 5393 deprehenderat.
2009 5326 2178 5381 laetu.

654 5391 807 5467 (ΣᾼΡ.
1015 5392 1195 5467 —_(b)
1238 5392 1366 5449 Ecce
1411 5397 1561 5449 homo
1586 5389 1632 5451 et
1656 5400 1794 5467 facta
1839 5397 1969 5466 ejus.
2003 5399 2184 5453 Ilzcret

582 5462 674 5519 hic
712 5464 1010 5528 Pamclius,
1067 5462 1251 5535 aitque
1306 5468 1519 5523 nescire
1557 5483 1618 5522 se
1656 5462 1870 5522 ubinam
1903 5468 1991 5523 ille
2034 5469 2183 5526 locus

583 5535 873 5610 Scriptum
891 5535 1212 5610 reperiatur.
1235 5539 1324 5610 qui
1352 5547 1408 5594 et
1436 5539 1504 5595 ab
1531 5540 1825 5610 Augustino
1851 5539 2047 5594 citatnr
2072 5556 2184 5596 nie-

583 5607 680 5682 dit.
698 5622 829 5682 pag.
847 5607 938 5664 59.
962 5606 1170 5678 Sequor
1196 5606 1282 5666 hic
1299 5609 1502 5682 lubens
1527 5606 1742 5682 iunium
1767 5611 1860 5682 qui
1880 5611 1932 5666 id
1959 5627 2024 5668 ex
2045 5611 2186 5668 libro

583 5676 1152 5750 Enoch’desumptum
1169 5681 1404 5748 conjicit.
1433 5681 1509 5736 LE
1539 5681 1633 5737 Pn.

662 5747 737 5818 (c)
777 5749 840 5803 Si
864 5747 1102 5804 vocavere
1128 5747 1384 5806 Marcum.
1407 5751 1569 5808 Notat
1596 5753 1901 5808 Brissonius
1926 5755 1980 5809 in
2007 5753 2184 5810 indice

587 5815 731 5894 luris
765 5833 960 5894 nomen
1013 5820 1222 5894 Marcus
1251 5823 1498 5894 usurpari
1525 5839 1554 5875 a
1580 5822 1912 5894 Tertulliano
1934 5840 2036 5894 pro
2061 5827 2181 5892 qui-

586 5888 725 5950 dam,
759 5887 824 5941 ad
854 5903 975 5942 eum
1009 5891 1248 5955 modum,
1277 5887 1481 5960 quo'ab
1508 5893 1626 5949 aliis
1666 5893 1883 5970 ponitur
1930 5887 2085 5952 Caius
2128 5906 2182 5954 et

2278 4326 2488 4394 Lucius,
2521 4325 2600 4384 sic
2623 4336 2680 4383 et
2705 4340 2735 4380 a
2762 4323 2950 4382 Persio
2981 4323 3096 4380 Sat.
3123 4321 3178 4380 5.
3210 4321 3420 4379 Marcus
3441 4320 3640 4378 dicitur
3667 4321 3884 4392 quidam

2278 4399 2644 4454 manumissus
2699 4398 2863 4452 veluti
2918 4411 3018 4468 pro
3063 4395 3332 4468 exemplo,
3381 4405 3438 4468 nt
3475 4396 3745 4468 potuisset
3771 4395 3880 4449 dici

2277 4471 2459 4533 Caius,
2493 4486 2653 4538 quam
2681 4484 2867 4525 vocem
2895 4467 3186 4538 quinquies
3227 4467 3440 4534 repetit.
3472 4467 3602 4522 Lac.

2358 4487 2459 4533 IIIS,
2534 4487 2653 4524 nam
2681 4487 2867 4525 vocem
2895 4487 3186 4538 quinquies
3227 4487 3440 4534 repetit.
3472 4487 3602 4522 an.

2350 4542 2430 4616 (tl)
2471 4487 2611 4616 13am
2634 4552 2682 4596 et
2706 4541 2976 4616 Scriptura
2999 4539 3134 4616 Deos
3159 4540 3406 4603 nominat,
3438 4536 3741 4616 seil‘adjieit,
3765 4546 3873 4592 etc.

2277 4610 2453 4669 Locos
2481 4613 2547 4669 ad
2574 4610 2945 4684 quosalludit,
2991 4611 3173 4684 videre
3204 4621 3283 4684 est
3311 4611 3622 4684 separatim,
3657 4611 3707 4684 in
3737 4623 3885 4664 oeco-

2283 4687 2461 4742 nomia
2520 4680 2824 4739 methodica
2902 4681 3404 4737 concordantiarnm
3472 4680 3529 4735 S.
3591 4683 3884 4751 Scriptum:

2282 4756 2496 4826 Georgii
2534 4755 2758 4810 Bnlloci.
2787 4751 2971 4826 Neque
3013 4752 3228 4808 interim
3259 4751 3370 4826 sola
3407 4752 3710 4820 adjectione
3740 4767 3882 4822 pra:-

2281 4822 2613 4882 dicta'utitur
2633 4822 2931 4896 Scriptura,
2961 4826 3062 4896 sed
3080 4832 3232 4896 vocat
3259 4822 3390 4877 deos
3417 4827 3642 4896 alienos,
3667 4838 3882 4896 aureos,

2281 4897 2524 4971 Egypti,
2557 4907 2702 4964 tuos,
2742 4895 2915 4963 meos,
2938 4895 3257 4971 conﬁatiies,
3290 4895 3552 4971 gentium,
3576 4895 3886 4971 quosigno-

2280 4965 2471 5025 mnam
2500 4979 2678 5040 patres
2700 4983 2909 5032 eorum,
2940 4965 3400 5026 Amorrhu-orum.
3419 4965 3610 5040 Syrim.
3636 4965 3878 5030 Sidonis,

2278 5057 2342 5096 ac
2385 5038 2575 5105 Moab,
2610 5042 2902 5102 montium,
2955 5048 3248 5095 terrarum.
3284 5038 3634 5106 populorum,
3690 5046 3881 5100 teme.

2280 5113 2511 5168 ﬁliorum
2559 5111 2698 5177 Seir,
2755 5112 2956 5176 Edom,
3007 5125 3190 5181 regum
3230 5106 3440 5181 Syriae,
3478 5108 3754 5181 Damasci,
3791 5122 3886 5181 pa-

2281 5195 2421 5239 trum
2453 5199 2690 5245 suorum.
2721 5199 2882 5253 opera
2915 5177 3190 5245 manuum,
3218 5177 3556 5253 ,ltida,_qnos
3584 5177 3782 5253 fecisti,
3808 5178 3851 5233 il

2283 5256 2481 5318 lorum,
2511 5255 2648 5319 falsi,
2675 5249 2860 5324 lignei,
2887 5255 2976 5324 qui
3010 5269 3119 5308 non
3146 5251 3347 5315 vident,
3375 5249 3608 5321 denique
3637 5249 3793 5318 muti,
3823 5260 3882 5305 el.

2282 5328 2376 5399 qui
2403 5337 2587 5399 natura
2599 5342 2722 5399 _nnn
2753 5335 2879 5380 sunt
2906 5325 3002 5399 di_i.
3032 5325 3168 5378 ΡΑιι.

2358 5397 2434 5471 (e)
2478 5397 2564 5453 Me
2589 5397 2718 5471 Dius
2747 5399 2920 5466 ﬁdius.
2949 5395 3320 5471 Juratuentum
3351 5393 3458 5448 hoc
3480 5407 3602 5448 esse

2285 5464 2460 5525 colem
2490 5464 3031 5532 ntmnulli‘asserunt,
3064 5467 3216 5537 quasi
3249 5465 3321 5520 ita
3344 5476 3600 5537 meamet
3623 5464 3888 5537 Hercules

2285 5539 2433 5596 Jovis
2447 5541 2607 5606 ﬁlius;
2625 5541 2715 5596 alii
2736 5549 2921 5610 putant
2939 5554 3058 5593 esse
3083 5535 3384 5610 perilovem
3413 5535 3537 5610 ﬁdei
3563 5535 3879 5605 praesidem,

2285 5618 2358 5681 μὲ
2377 5623 2469 5666 Δία
2492 5623 2570 5669 τὸν
2591 5607 2798 5668 πίστιιζν.
2827 5612 2916 5666 Ait
2944 5607 3124 5665 autem
3160 5609 3326 5664 Varro
3376 5607 3702 5677 perforatum
3748 5615 3883 5681 tec-

2286 5678 2400 5739 tum
2447 5683 2714 5748 Herculis,
2763 5693 2822 5738 ut
2857 5681 3103 5737 videatur
3146 5681 3352 5746 diuum,
3401 5681 3500 5733 hoc
3526 5688 3609 5732 est
3656 5678 3885 5733 calum.

2285 5755 2590 5810 Notandum
2625 5769 2757 5811 vero
2778 5754 3046 5811 eruditum
3082 5751 3391 5807 Turnebum
3420 5761 3664 5805 nostrum
3689 5749 3890 5805 obsera

2285 5841 2475 5956 νεξεθί
2494 5826 2599 5955 ιιοέ
2643 5825 2932 5896 iuramenti
2973 5838 3173 5896 genere
3214 5837 3338 5880 usas
3363 5837 3470 5879 non
3501 5821 3667 5878 fuisse
3701 5817 3894 5880 finali-

2285 5910 2400 5956 nas.
2477 5913 2511 5955 e
2593 5913 2647 5954 ιι.
3205 5922 3211 5929 -
3855 5929 3870 5938 .

2285 5910 2400 5956 nas.
2433 5910 2511 5956 LE
2549 5910 2647 5955 ΡΙ.
3205 5922 3211 5929 ·
3855 5929 3870 5938 ·

3694 5408 3721 5447 r
3749 5391 3890 5447 fler-
