4252 6270
409 402 514 460 693

1606 399 1811 456 LIBER
1853 401 1940 457 DE
1983 401 2469 462 iDOLOLATRIA.

3603 416 3711 476 694

408 529 608 590 quanio
637 515 804 586 magis
825 530 946 570 cum
977 529 1071 584 per
1097 517 1269 586 ipsum
1290 515 1657 577 remaledicis,
1691 515 1880 571 endem
1910 515 2000 571 ,Ιο-
2031 527 2080 587 Α
2107 519 2176 574 de
2221 520 2452 575 ethnicis
2498 530 2798 578 niiituantes
2829 525 2928 580 sub
2971 527 3280 597 pignoribus
3312 530 3548 586 liduciati
3581 531 3662 604 (ά)
3685 575 3703 598 ,

410 614 490 666 vis
520 615 596 681 (l)
631 612 890 665 honorem
922 609 1051 664 facis
1072 652 1084 672 ,
1113 626 1220 679 quo
1250 610 1434 674 etille,
1471 612 1559 678 qui
1592 621 1644 664 te
1675 613 2007 680 provocavit?

411 707 610 762 Fidelis
635 715 812 760 autem
838 705 890 759 in
921 703 1181 775 ejusmodi
1211 703 1388 760 ridere
1419 704 1596 765 debet,
1618 719 1724 758 non
1750 705 2003 761 insanire:

413 803 538 866 imo,
572 799 864 855 secundum
884 807 1236 871 praeceptum,
1265 813 1334 853 ne
1360 813 1455 868 per
1478 797 1648 852 Deum
1675 798 1892 867 quidem
1915 814 2006 854 re-

405 883 893 959 maledicere,'sed
940 893 1102 963 plane
1141 891 1462 947 benedicere
1506 905 1605 963 per
1635 891 1835 956 Deum,
1869 900 1926 944 ut
1953 900 2009 948 et

405 986 545 1044 idola
574 988 846 1054 destruas,
886 995 942 1043 et
970 987 1137 1044 Deum
1168 984 1458 1056 prtedices,
1488 993 1541 1040 et
1565 983 1862 1056 adimpleas
1887 983 2004 1040 dis-

405 1081 654 1152 ciplinam
697 1079 795 1153 (a).

988 1167 1219 1226 CAPUT
1265 1167 1432 1224 XXII.

474 1263 654 1334 Eque
697 1262 941 1319 benedici
991 1277 1088 1332 per
1127 1261 1261 1317 deos
1305 1262 1579 1317 nationum
1637 1259 1851 1318 Christo
1898 1261 2004 1317 ini-

404 1355 568 1411 tiatus
611 1369 716 1410 non
761 1353 1079 1422 sustinebit,
1130 1362 1191 1409 ut
1237 1368 1454 1422 semper
1495 1353 1702 1421 rejiciat
1767 1355 2001 1408 immun-

403 1448 524 1504 dam
553 1447 1007 1512 benedictionem,
1059 1456 1114 1502 et
1141 1462 1260 1502 eam
1291 1446 1393 1501 sibi
1448 1446 1501 1500 in
1553 1446 1720 1501 Deum
1769 1461 2000 1502 conver-

400 1549 520 1596 tens
575 1540 850 1596 emundet.
884 1539 1132 1596 Benedici
1174 1554 1273 1609 per
1313 1538 1446 1593 deos
1487 1539 1798 1605 nationum,
1832 1540 2000 1594 male-

403 1634 515 1690 dici
547 1644 632 1691 est
660 1650 755 1706 per
786 1634 974 1690 Deum.
1000 1633 1054 1689 Si
1091 1633 1174 1704 (2)
1222 1632 1424 1689 dedero
1451 1633 1880 1705 eleemosynam,
1911 1635 1998 1690 vel

407 1727 612 1798 aliquid
643 1729 945 1798 praestitero
972 1726 1222 1782 beneficii
1246 1768 1261 1792 ,
1295 1737 1350 1782 et
1378 1727 1468 1781 ille
1513 1727 1643 1781 milii
1673 1727 1803 1782 deos
1832 1742 1994 1792 suos,

398 1822 482 1877 vel
531 1821 758 1876 coloniae
803 1821 1016 1892 genium
1045 1820 1157 1892 (ὁ),
1210 1820 1471 1890 ρτορίιίοε
1513 1819 1856 1889 imprecetur,
1883 1821 1994 1890 jam

2102 612 2265 680 jurati
2283 622 2494 680 cavent,
2514 615 2662 670 etsic
2679 627 2870 687 negant
2893 617 2983 688 (e).
3017 619 3166 678 Scire
3189 619 3257 692 (ί)
3281 621 3467 678 volunt
3494 623 3710 681 scilicet

2111 713 2322 775 tempus
2348 709 2736 776 persecutionis
2754 750 2770 775 ,
2797 718 2852 764 et
2876 710 3052 764 locum
3085 711 3367 768 tribunalis
3392 756 3408 781 ,
3436 723 3491 770 et
3519 729 3711 785 perso-

2112 811 2235 850 nam
2259 797 2525 866 praesidis.
2554 797 2864 854 Praiscribit
2907 800 3152 856 Christus
3170 843 3185 865 ,
3212 817 3318 859 non
3370 817 3492 861 esse
3515 805 3707 876 juran-

2111 887 2236 943 dum
2266 889 2366 960 (g).
2392 888 2630 959 Scripsi,
2662 890 2868 961 inquit;
2891 893 2986 948 sed
3015 893 3150 949 nihil
3179 895 3288 951 dixi
3313 913 3326 952 :
3361 897 3569 970 lingua,
3600 913 3710 958 non

2109 979 2289 1036 littera
2311 982 2526 1037 occidit.
2563 982 2660 1040 Hic
2685 999 2816 1056 ergo
2861 985 2941 1058 (6)
2968 997 3215 1044 naturam
3244 999 3299 1045 et
3321 993 3712 1050 conscientiam

2109 1072 2314 1128 advoco
2341 1093 2353 1128 :
2389 1083 2631 1130 naturam
2660 1117 2676 1143 ,
2707 1077 2831 1147 quia
2857 1078 2991 1133 nihil
3025 1088 3197 1150 potest
3229 1098 3424 1138 manus
3444 1085 3708 1154 scribere,

2108 1166 2318 1222 etiamsi
2359 1167 2536 1238 lingua
2560 1169 2613 1223 in
2631 1168 2929 1226 dictitaiido
2944 1183 3120 1228 cessat
3136 1175 3424 1234 immobilis
3439 1177 3710 1246 etquieta,

2107 1260 2252 1332 quod
2280 1277 2384 1316 non
2406 1262 2584 1320 anima
2615 1264 2940 1332 dictaverit,
2967 1282 3273 1338 quanquam
3299 1277 3354 1324 et
3381 1269 3481 1339 ipsi
3514 1269 3712 1342 lingua

2107 1353 2282 1408 anima
2313 1353 2631 1422 dictaverit,
2678 1365 2772 1410 aut
2809 1372 2839 1413 a
2879 1372 2939 1412 se
2965 1370 3286 1430 conceptum
3313 1400 3328 1422 ,
3373 1369 3470 1415 aut
3493 1361 3562 1418 ab
3604 1363 3716 1419 alio
3780 1357 3788 1364 ”

2107 1445 2502 1502 traditum.Jam
2527 1463 2594 1503 ne
2613 1447 3021 1516 dicatur,¢alius
3045 1451 3284 1516 dictavit,
3301 1452 3417 1509 ihic
3432 1455 3718 1512 conscien-

2113 1540 2240 1594 tiam
2269 1541 2481 1610 appello
2501 1583 2515 1607 ,
2550 1555 2618 1596 an
2648 1542 2794 1613 quod
2813 1543 2952 1597 alius
2976 1544 3199 1598 dictavit
3223 1545 3402 1601 anima
3429 1545 3710 1616 suscipiat,

2109 1640 2164 1685 et
2192 1631 2306 1685 sive
2349 1633 2643 1688 comitante
2690 1634 2806 1689 sive
2851 1634 3129 1691 residente
3172 1636 3352 1706 lingua
3390 1637 3458 1691 ad
3490 1653 3711 1694 manum

2105 1723 2445 1778 transmittat.
2476 1724 2547 1778 Et
2572 1724 2732 1791 bene,
2788 1727 2931 1796 quod
2964 1727 3020 1780 in
3047 1728 3230 1782 animo
3275 1736 3334 1782 et
3375 1731 3710 1787 conscientia

2103 1815 2342 1887 delinqui
2368 1816 2618 1872 dominus
2656 1817 2809 1873 dixit.
2851 1819 2928 1884 Si,
2971 1820 3144 1888 inquit
3197 1819 3429 1889 (Matth.
3455 1863 3470 1889 ,
3511 1823 3579 1890 ν,
3610 1823 3712 1896 εδ)

398 1915 595 1970 oblatio
640 1930 758 1970 mea
791 1914 876 1968 vel
922 1913 1164 1983 operatio
1208 1911 1478 1967 idolorum
1523 1912 1695 1967 honor
1725 1913 1860 1978 erit,
1903 1929 2000 1983 per
2027 1905 2076 1965 B
2104 1910 2538 1979 concupiscentia
2566 1910 2647 1982 (Ii)
2673 1911 2756 1965 vel
2784 1911 2986 1966 malitia
3015 1912 3068 1966 in
3095 1924 3195 1969 eor
3227 1910 3461 1968 hominis
3501 1926 3706 1970 ascen-

401 2022 518 2077 quae
574 2005 965 2062 benedictionis
1047 2006 1274 2074 gratiam
1343 2015 1657 2075 compensat
1724 2007 1830 2078 (5).
1879 2006 1988 2062 Cur

402 2110 578 2155 autem
629 2115 736 2154 non
782 2099 918 2155 sciat
948 2114 1034 2154 me
1066 2099 1160 2152 Dei
1213 2113 1403 2153 caussa
1433 2097 1658 2164 fecisse,
1686 2106 1749 2153 ut
1777 2107 1830 2154 et
1857 2099 1996 2154 Deus

401 2195 580 2265 potius
605 2194 937 2265 glorificetur
954 2235 967 2255 ,
988 2200 1042 2248 et
1069 2192 1334 2247 daemonia
1367 2207 1471 2245 non
1501 2192 1833 2247 lionorentur
1856 2193 1909 2246 in
1931 2208 1996 2248 eo

397 2287 536 2358 quod
559 2296 776 2357 propter
802 2286 965 2340 Deum
987 2284 1116 2339 feci?
1144 2286 1280 2339 licus
1305 2283 1448 2338 videt
1469 2282 1548 2355 (4)
1565 2285 1813 2354 quoniam
1838 2299 1997 2354 prop-

398 2387 483 2434 ter
504 2380 674 2448 ipsum
707 2378 803 2434 feci
833 2397 846 2432 :
878 2377 1076 2448 pariter
1103 2377 1247 2431 videt
1283 2379 1538 2447 quoniam
1569 2386 1790 2446 propter
1817 2377 1991 2446 ipsum

399 2470 590 2526 fecisse
619 2487 704 2525 me
731 2471 873 2525 nolui
895 2469 1182 2525 ostendere
1205 2511 1220 2538 ,
1248 2479 1300 2524 et
1329 2478 1656 2539 praeceptum
1683 2469 1799 2539 ejus
1819 2469 1994 2525 idolo-

396 2565 610 2636 tliytum
636 2564 1030 2638 quodammodo
1056 2562 1178 2618 feci.
1205 2562 1348 2617 Multi
1370 2562 1572 2617 dicunt:
1589 2561 1787 2617 «Nemo
1813 2578 1874 2619 se
1893 2563 1991 2619 de-

394 2656 486 2712 bet
517 2659 850 2727 promulgare
873 2665 1064 2726 :iputo
1085 2665 1285 2721 autem,
1308 2670 1407 2709 nec
1434 2670 1648 2725 negare;
1675 2663 1830 2725 negat
1850 2657 1992 2712 enim

393 2751 718 2821 quicumque
743 2749 1044 2805 dissimulat
1073 2747 1144 2822 (ε)
1164 2791 1179 2814 ,
1225 2748 1278 2802 in
1307 2762 1639 2818 quacumque
1682 2762 1873 2803 caussa
1899 2763 1996 2819 pro

384 2841 608 2896 'ethnico
637 2841 868 2896 habitus.
909 2839 978 2895 Et
1020 2840 1204 2910 utique
1241 2839 1417 2895 omnis
1461 2838 1712 2910 negatio,
1759 2839 1994 2896 idolola-

394 2934 491 2988 tria
515 2943 618 3000 est,
641 2936 781 2989 sicut
809 2933 986 2989 omnis
1011 2931 1312 2988 idololatria
1335 2932 1571 3004 negatio,
1602 2931 1717 2989 sive
1739 2931 1794 2989 iii
1815 2932 1994 3000 factis,

393 3028 507 3085 sive
535 3029 591 3085 in
616 3027 814 3085 verbis.

953 3119 1185 3177 CAPUT
1233 3118 1425 3176 XXIII.

2102 1999 2290 2063 derit,
2313 2016 2413 2071 pro
2443 2001 2584 2056 facto
2634 2002 2836 2058 teneris
2863 2000 2968 2074 (7).
2999 2002 3201 2062 Cavisti
3262 2005 3424 2076 igitur
3467 2006 3614 2076 quod
3649 2006 3710 2064 in

2103 2108 2197 2148 cor
2227 2105 2374 2148 tuum
2405 2095 2564 2165 plane
2590 2097 2872 2162 ascendit,
2905 2096 3050 2166 quod
3095 2112 3273 2168 neque
3320 2099 3600 2170 ignorasse
3643 2107 3701 2155 te

2100 2186 2430 2243 contendere
2484 2199 2638 2257 petes
2692 2185 2813 2262 (8),
2869 2203 3042 2258 neque
3095 2190 3353 2246 noluisse.
3401 2190 3538 2247 Nam
3584 2206 3712 2247 cum

2098 2293 2340 2346 caveres,
2359 2279 2544 2344 scisti:
2567 2295 2689 2346 cum
2714 2280 3096 2351 scires,utique
3116 2282 3421 2348 voluisti,et
3445 2283 3710 2356 haeres(9)

2101 2380 2208 2424 tam
2241 2369 2292 2423 in
2347 2369 2490 2424 facto
2517 2383 2680 2439 quam
2727 2373 3000 2442 cogitatu,
3031 2387 3133 2427 nec
3174 2381 3325 2443 potes
3356 2375 3557 2430 leviore
3602 2375 3711 2432 cri-

2097 2463 2243 2518 mine
2273 2463 2444 2532 majus
2475 2461 2593 2535 (lO)
2623 2464 2943 2533 excludere,
3003 2475 3064 2521 ut
3108 2465 3258 2522 dicas
3303 2466 3497 2523 falsum
3549 2467 3713 2539 plane

2098 2555 2259 2623 effici,
2292 2557 2532 2613 cavendo
2559 2559 2702 2628 quod
2730 2575 2835 2614 non
2861 2559 3012 2615 facis.
3054 2580 3073 2614 ς
3099 2561 3302 2616 Tamen
3327 2579 3433 2618 non
3478 2566 3707 2635 negavi,

2098 2653 2219 2723 quia
2251 2667 2358 2707 non
2385 2651 2616 2722 juravi.»
2649 2652 2764 2708 Iino
2794 2654 2896 2708 etsi
2925 2653 3058 2708 nihil
3085 2655 3193 2709 tale
3225 2655 3447 2710 fecisses
3467 2697 3483 2722 ,
3526 2665 3708 2714 tamen

2099 2745 2360 2803 dicereris
2408 2746 2654 2816 dejerare
2682 2747 2727 2801 si
2757 2748 3120 2803 consenseris.
3180 2746 3298 2802 Non
3349 2747 3496 2804 valet
3545 2749 3706 2807 tacita

2100 2856 2202 2896 vox
2248 2840 2303 2895 in
2353 2841 2530 2912 stylo,
2560 2848 2614 2896 et
2656 2850 2840 2896 mutus
2882 2841 2934 2895 in
2977 2841 3171 2897 litteris
3220 2857 3409 2898 sonus.
3438 2842 3510 2900 At
3553 2842 3702 2900 enim

2099 2933 2278 3007 (Lua,
2302 2933 2358 3004 l)
2386 2932 2674 2989 Zacharias
2698 2933 2979 3003 temporali
3000 2934 3148 2989 vocis
3174 2933 3454 2990 orbatione
3476 2935 3706 2992 mulcta-

2098 3035 2203 3092 tus,
2233 3040 2356 3081 cum
2381 3025 2566 3081 animo
2588 3025 2889 3080 collocutus
2912 3025 3148 3096 linguam
3174 3025 3379 3080 irritam
3402 3025 3467 3099 (i)
3485 3028 3698 3092 transit,

2097 3117 2347 3175 manibus
2395 3117 2509 3172 suis
2564 3131 2594 3170 a
2647 3116 2812 3172 corde
2862 3116 3060 3184 dictat,
3107 3126 3163 3172 et
3195 3131 3393 3172 nomen
3442 3117 3536 3173 lilii
3583 3117 3703 3176 sine

462 3214 568 3271 Sed
617 3222 702 3270 est
756 3213 1001 3285 quredem
1044 3212 1311 3284 ejusmodi
1369 3211 1577 3283 species
1624 3211 1678 3266 in
1744 3211 1887 3268 facto
1940 3221 2067 3286 etc
2099 3226 2198 3268 ore
2224 3212 2568 3282 pronuntiat,
2616 3210 2854 3282 loquitur
2883 3209 2939 3266 in
2982 3208 3159 3280 stylo,
3214 3209 3430 3265 auditur
3471 3210 3530 3266 in
3574 3223 3703 3268 cera

393 3306 450 3362 in
498 3307 700 3371 verbo,
731 3306 813 3362 bis
864 3306 948 3378 (5)
993 3314 1149 3362 acuta
1207 3313 1264 3362 et
1313 3304 1504 3361 infesta
1558 3305 1844 3376 utrinque,
1873 3305 1998 3362 licet

393 3398 492 3455 tibi
539 3398 870 3463 blandiatur,
915 3399 1066 3470 quasi
1105 3405 1260 3454 vacet
1311 3397 1367 3452 in
1417 3406 1671 3467 utroque,
1713 3396 1841 3452 dum
1882 3395 1998 3455 fac-

394 3500 511 3550 tum
537 3507 646 3548 non
666 3491 877 3550 videtur
894 3532 912 3558 ,
934 3493 1057 3565 quia
1072 3491 1274 3548 dictum
1301 3504 1411 3548 non
1438 3499 1676 3548 tenetur.
1704 3490 1992 3550 Pecuniam

2101 3319 2290 3360 manus
2317 3304 2463 3360 omni
2491 3318 2626 3359 sono
2652 3304 2882 3369 clarior,
2931 3303 3110 3360 littera
3137 3303 3284 3359 omni
3314 3316 3412 3360 ore
3431 3301 3697 3361 vocalior.

2102 3398 2294 3468 Quaere
2320 3413 2389 3454 an
2414 3397 2643 3465 dixerit,
2670 3397 2760 3468 qui
2788 3396 2991 3453 dixisse
3036 3405 3344 3468 compertus
3383 3405 3488 3453 est.
3517 3396 3700 3454 Domi-

2097 3508 2226 3548 num
2257 3507 2475 3548 oremus
2501 3506 2572 3548 ne
2595 3505 2700 3562 qua
2730 3504 2831 3547 nos
2855 3488 3124 3561 ejusmodi
3163 3490 3476 3547 contractus
3512 3502 3702 3550 neces-

1627 3583 2008 3658 LECTLONES
2043 3583 2461 3644 VABIANTES.

483 3680 526 3732 ll
562 3679 672 3731 Jovi
703 3680 949 3732 Wouwer.
976 3680 1086 3732 MS.

477 3744 523 3794 2i
562 3744 614 3794 Si
639 3747 716 3794 cui
751 3745 933 3794 Wauw.
953 3745 1062 3794 MS.

478 3803 530 3869 3)
565 3806 908 3869 Compensant,
939 3803 1090 3857 Seml.

481 3867 526 3919 4i
567 3867 702 3918 Feci.
723 3869 823 3919 Sed
846 3867 988 3919 Deus
1011 3869 1146 3918 videt
1184 3868 1374 3918 Wouw.
1402 3869 1512 3919 MS.

564 3932 618 3981 In
642 3931 766 3981 facto
790 3939 842 3981 et
863 3932 914 3979 in
931 3931 1113 3986 verbis,
1136 3939 1298 3982 acute.
1322 3930 1429 3994 Βία.

565 3994 658 4045 Hic
682 4007 780 4058 ego
803 3995 990 4046 Wouw.
1017 3995 1127 4047 MS.

455 3678 476 3995 ξ

476 3934 507 3983 5

456 3997 510 4058 (ii

2181 3681 2230 3730 7i
2269 3678 2454 3729 Teucri
2485 3679 2672 3729 Wouw.
2700 3677 2810 3730 MS.

2179 3738 2233 3792 8i
2267 3741 2441 3792 Potest
2488 3738 2695 3792 Seniler.

2091 3807 2111 3868 ξ
2157 3801 2230 3868 (9)
2264 3804 2406 3868 Etes
2454 3801 2604 3854 Seml.

2182 3868 2260 3935 to)
2293 3866 2450 3933 Majas
2493 3867 2598 3920 Lat.
2620 3867 2745 3919 Jun.
2784 3865 2896 3934 Εἰς.
2921 3866 3067 3933 wn.
3091 3877 3264 3920 manus
3285 3864 3440 3922 ﬁliai.
3479 3865 3700 3935 tranet].

2092 3931 2297 3982 Semler.

1767 4077 2324 4142 COMMENTARIUS.

463 4173 618 4232 CAP.
640 4173 786 4231 XXI.
817 4205 888 4214 —
911 4173 986 4247 (a)
1013 4171 1376 4247 Disciplinam.
1405 4171 1630 4247 Semper
1657 4172 1905 4247 hmc_vox
1938 4175 1990 4229 iri

394 4245 495 4301 hoc
526 4247 640 4301 viro
661 4255 814 4301 notat
838 4243 945 4301 non
969 4243 1294 4316 'simpliciter
1322 4245 1678 4314 disciplinam,
1706 4243 1801 4299 sed
1833 4246 1995 4301 disci-

393 4320 596 4444 plinzim
623 4320 972 4388 severiorem,
1001 4325 1058 4373 ut
1083 4320 1244 4374 etiam
1279 4318 1330 4372 in
1360 4316 1630 4389 Cypriano
1655 4317 1786 4372 locis
1808 4316 1990 4373 inlini-

394 4400 483 4444 tis.
565 4405 649 4444 ac.

394 4391 483 4445 tis.
518 4391 649 4445 Lac.

463 4461 619 4516 CAP.
645 4460 890 4516 XXll.—
913 4459 992 4534 (b)
1006 4459 1099 4514 Vel
1122 4461 1334 4516 σοιοηὶω
1357 4459 1686 4534 geniuiii._lii_
1703 4459 1994 4534 marmor}

393 4531 496 4587 bus
512 4534 745 4601 antiquis
759 4529 1145 4588 exstaiit'iiiscri
1157 4529 1396 4600 ptinnes:
1416 4530 1622 4587 GENIO
1648 4529 1991 4601 COLONIAE.

396 4603 604 4660 GENIO
646 4600 994 4660 MUNICIPII.
1044 4602 1254 4660 GICNIO
1280 4602 1454 4658 LOCI.
1487 4600 1698 4657 GENIO
1727 4601 1992 4672 FONTIS,

391 4674 506 4728 imo
526 4686 580 4729 et
608 4675 815 4731 GENIO
857 4675 1308 4738 HORREORUM,
1337 4684 1440 4728 etc.
1471 4674 1591 4730 Rlc.

471 4745 543 4817 (c)
566 4716 731 4815 Νῖίιοι
761 4716 894 4800 5am
904 4716 1230 4818 \qu‘icun‘iqn;
1248 4716 1570 4818 dissimulat:
1583 4744 1754 4818 Locus
1772 4745 1995 4816 insignis
2016 4716 2071 4778 D

395 4816 580 4872 contra
611 4816 975 4888 siniulaiores,
1005 4827 1060 4873 et
1092 4816 1488 4888 quodammodo
1537 4816 1856 4872 libellaticos
1881 4820 1996 4888 (cu-

389 4889 562 4959 jusvis
599 4887 818 4956 aetatis),
863 4891 951 4958 qui
982 4887 1227 4945 excusari
1244 4904 1302 4944 se
1333 4889 1586 4953 credunt,
1620 4889 1662 4941 si
1697 4888 1814 4943 loco
1836 4887 1997 4955 jura-

395 4961 585 5026 menti,
638 4962 780 5029 quod
835 4970 1021 5016 contra
1077 4960 1235 5015 fidem
1277 4969 1330 5015 et
1373 4960 1707 5031 Religionem
1759 4961 2000 5014 christia-

394 5048 522 5158 Ill)?!“
567 5033 822 5101 exigitur,
857 5032 1204 5089 simulatione
1231 5033 1482 5104 quapiam
1527 5031 1672 5087 aliud
1713 5041 1994 5103 praestent.

440 5119 534 5157 AM.

440 5119 534 5157 ΔΜ.

465 5174 621 5230 CAP.
647 5173 991 5247 XXlll.——(d)
1011 5175 1120 5230 Sub
1143 5175 1438 5247 pignoribus
1465 5175 1694 5243 ﬁduciati
1710 5174 1876 5244 jurati
1904 5191 1994 5247 ιιι-τ

395 5255 530 5318 vent,
560 5256 607 5318 ct
631 5248 705 5302 sic
733 5246 930 5318 negant
954 5247 1104 5301 scire.
1136 5246 1384 5302 Credilor
1432 5247 1678 5301 ethnicus
1732 5246 1998 5300 mutuanti

396 5316 692 5372 christiano
732 5316 1012 5388 pecuniam
1052 5317 1199 5373 dedit
1239 5319 1336 5374 sub
1376 5318 1684 5389 pignoribus
1715 5326 1769 5373 et
1792 5319 2001 5389 jureju-

395 5387 867 5446 rando.Confectis
899 5391 1157 5444 lidueiarii
1185 5387 1492 5444 contractus
1536 5389 1726 5444 tabulis
1755 5387 2002 5458 praiscri-

395 5470 544 5532 ptum
575 5470 692 5527 est,
719 5461 849 5532 quid
888 5462 1212 5530 praediorum
1242 5461 1535 5532 obligaret;
1567 5469 1824 5532 prieterea
1869 5472 1998 5514 vero

395 5531 521 5602 quid
545 5531 771 5601 juraret.
798 5533 976 5588 Jurari
992 5541 1169 5588 autem
1201 5532 1437 5600 oportuit
1455 5531 1897 5602 quodsibijurari
1915 5546 2001 5585 vo-

395 5600 573 5659 luerat.
606 5603 862 5667 creditor,
892 5606 1105 5674 propria
1123 5600 1525 5673 superstitione.
1553 5600 1888 5674 Christianus
1908 5602 2004 5674 lin-

395 5689 499 5745 gua
541 5690 648 5729 nnii
674 5673 903 5745 juravit,
928 5675 1023 5730 sed
1052 5675 1262 5729 tabulas
1293 5683 1457 5728 testes
1478 5673 1829 5745 jurisjurandi
1856 5673 2000 5743 quod

397 5743 637 5801 creditor
652 5743 906 5818 exegerat
931 5747 1180 5815 signavit.
1201 5747 1469 5814 Quzeritur
1484 5761 1548 5818 an
1573 5743 1889 5818 idololatria:
1901 5745 1978 5818 eri
1989 5773 2010 5785 -

400 5818 547 5872 mine
566 5814 849 5874 teneatur?
870 5814 1088 5873 Debitor
1117 5827 1274 5887 negat
1289 5832 1348 5872 se
1373 5816 1561 5878 teneri,
1581 5831 1646 5870 eo
1662 5814 1785 5885 quia
1803 5817 2000 5870 cautio-

400 5888 485 5943 nis
498 5905 594 5945 seu
615 5889 822 5945 ﬁducize
849 5889 1262 5944 instrumentum
1288 5888 1598 5959 signaverit,
1621 5901 1725 5959 non
1745 5887 2001 5958 inquisito

401 5974 580 6034 neque
609 5960 886 6021 intellecto
907 5961 1037 6034 quid
1062 5969 1210 6022 esset
1231 5975 1331 6036 pro
1345 5958 1705 6033 jurejurando
1727 5960 1996 6040 prescrip:

2100 4186 2235 4233 tum.
2263 4177 2626 4234 Tertullianus
2649 4187 2864 4244 contra,
2893 4177 3065 4233 teneri
3095 4179 3190 4232 ait.
3220 4175 3355 4233 Nam
3377 4191 3500 4234 cum
3526 4192 3690 4236 cave-

2096 4264 2207 4313 res,
2241 4250 2433 4318 inquit,
2463 4251 2631 4305 seisti.
2658 4247 2945 4304 Ethnicum
2971 4249 3175 4304 scilicet
3197 4249 3524 4305 creditorem
3549 4264 3693 4307 com—
3781 4261 3788 4271 '
3881 4247 3890 4256 ’

2097 4321 2349 4393 madasse
2375 4321 2472 4393 tibi
2494 4323 2808 4393 _pecuiiiam_
2815 4335 2877 4374 ea
2909 4321 3046 4389 lege,
3075 4329 3136 4374 ut
3171 4334 3391 4376 caveres
3420 4331 3474 4377 et
3500 4322 3693 4393 pigno-

2095 4391 2248 4448 ribus
2275 4403 2330 4449 et
2364 4391 2735 4463 jurejurando.
2765 4390 2835 4446 Et
2861 4405 2987 4447 cum
3013 4393 3205 4460 scires,
3237 4393 3421 4463 utique
3447 4390 3688 4517 vglu'isti.

3523 4478 3617 4517 ΔΙ.

3523 4478 3617 4518 ΔΙ.

2171 4531 2246 4605 (e)
2275 4533 2448 4587 Jurati
2474 4541 2670 4590 cavent.
2697 4532 2814 4590 Non
2843 4533 3016 4591 solum
3039 4532 3412 4605 iureconsulti,
3458 4535 3553 4588 sed
3583 4546 3698 4604 pas-

2096 4603 2198 4660 sim
2227 4603 2332 4660 ‘alii
2374 4606 2525 4661 latini
2569 4615 2840 4673 auctores,
2898 4605 3101 4661 similes
3129 4604 3412 4660 scliedulas
3439 4613 3532 4658 aut
3559 4603 3690 4673 syn-

2095 4675 2329 4748 graphas
2376 4686 2572 4732 vocant
2623 4677 2940 4733 Cautioncs:
2969 4686 3025 4732 et
3057 4685 3233 4731 cavent
3261 4695 3281 4743 ;
3335 4675 3458 4745 quia
3485 4675 3695 4732 scilicet

2099 4751 2455 4874 gavemusLi'ta
2485 4748 2662 4816 nobis,
2692 4759 2752 4805 et
2777 4748 3051 4805 reddimur
3077 4748 3274 4815 securi,
3305 4762 3426 4804 cum
3449 4756 3694 4804 mutuum

2137 4835 2311 4874 anius.
2401 4836 2486 4874 AC.

2137 4835 2311 4874 anius.
2354 4835 2486 4877 LAC.

2174 4889 2240 4963 (l')
2274 4889 2478 4962 Negant
2506 4892 2655 4948 scire.
2683 4891 2834 4947 Hauc
2855 4891 3173 4962 scripturam
3199 4891 3534 4948 verissimam
3552 4903 3694 4956 esse,

2103 4961 2298 5017 docent
2358 4961 2478 5033 qua:
2533 4973 2850 5034 sequuntur.
2893 4961 3036 5018 Nam
3081 4980 3198 5019 cum
3244 4979 3476 5030 caveres,
3515 4963 3693 5017 scisti:

2103 5051 2218 5107 cuni
2237 5034 2430 5107 scires,
2467 5037 2658 5107 utique_
2676 5035 2898 5092 uoluisti.
2929 5036 3050 5093 Ric.

2179 5104 2256 5231 (g)
2303 5103 2591 5161 Praescribit
2619 5105 2847 5163 Christus
2880 5124 2984 5162 non
3012 5124 3119 5163 esse
3139 5105 3444 5176 iurandum.
3469 5103 3585 5161 Non
3614 5103 3700 5161 in-

2209 5181 2352 5231 itiere
2385 5189 2661 5231 auctorem
2683 5179 2825 5231 omni
2857 5179 3156 5231 iuramento
3185 5177 3501 5231 simpliciter
3527 5175 3696 5231 absti-

2108 5175 2352 5250 telligere
2385 5189 2661 5250 auctorem
2683 5179 2825 5234 omni
2851 5175 3156 5250 juramento
3185 5177 3501 5250 simpliciter
3527 5175 3696 5233 absti-

2100 5248 2360 5322 nendum,
2383 5249 2636 5322 patetivel
2663 5265 2728 5304 ex
2758 5248 2978 5322 Apolog.
3005 5266 3054 5306 c.
3076 5248 3166 5304 32.
3203 5249 3336 5322 Ptin.

2176 5317 2257 5393 (δ)
2279 5317 2388 5393 ‘Si,
2404 5321 2587 5391 inquit,
2615 5317 3037 5393 concupiscentia.
3061 5323 3192 5376 Cum
3241 5321 3355 5393 ipsa
3381 5321 3497 5378 haec
3535 5318 3701 5393 verba

2103 5392 2158 5446 iii
2185 5389 2246 5446 S.
2272 5389 2565 5461 Scripturis
2590 5391 2828 5460 reperire
2856 5393 3116 5448 hactenus
3145 5389 3549 5460 iion'potuerim
3569 5434 3582 5456 ,
3617 5391 3700 5446 vi-

2104 5462 2263 5516 detur
2293 5462 2420 5516 milii
2465 5463 2518 5518 in
2568 5465 2947 5532 compendlum
2984 5463 3314 5519 contraxisse
3356 5463 3486 5518 illud
3515 5463 3698 5518 Eccle-

2103 5534 2255 5588 siast.
2280 5533 2322 5586 V
2347 5533 2460 5606 :_Ne
2487 5537 2732 5606 sequaris
2762 5536 2815 5589 in
2848 5534 3160 5606 fortitudine
3191 5543 3280 5587 tua
3307 5535 3700 5606 concupiscen—

2107 5606 2233 5678 tiam
2259 5604 2443 5678 cordis
2472 5604 2599 5678 tui',
2641 5613 2698 5661 et
2721 5621 2790 5660 ne
2819 5605 3058 5662 dixeris:
3089 5604 3368 5678 Quomodo
3393 5607 3564 5678 potui,
3608 5611 3703 5678 aut

2103 5675 2226 5800 guis
2255 5690 2342 5730 me
2359 5675 2613 5760 subjiciat
2637 5685 2858 5748 propter
2883 5678 3022 5760 facta
3051 5677 3206 5731 mea?
3237 5677 3378 5760 Deus
3393 5675 3548 5732 enim
3575 5676 3700 5730 vin-
3783 5725 3788 5728 .

2145 5761 2292 5800 icans
2320 5747 2632 5800 vindicabit.
2660 5749 2765 5800 Aut
2787 5757 2965 5800 notius
2990 5747 3114 5800 illud
3145 5762 3290 5800 saeue
3314 5757 3534 5800 eitatum
3559 5747 3699 5800 allu-

2145 5749 2292 5801 icans
2320 5747 2765 5817 vindicabit.’Aut
2787 5748 2965 5817 potius
2990 5747 3114 5802 illud
3145 5762 3290 5817 saepe
3314 5750 3534 5804 citatum
3559 5747 3699 5805 allu-

2103 5816 2397 5899 dithliiattb.
2431 5815 2476 5872 ν
2503 5837 2516 5872 :
2539 5819 2640 5899 Qui
2659 5815 2858 5899 viderit
2881 5815 3314 5899 mulierem,_etc.
3343 5819 3482 5877 Plut.

2287 5887 2542 5959 Linguam
2579 5892 2779 5950 irritam
2814 5892 3014 5952 transit.
3056 5890 3322 5952 lrretitam
3371 5901 3429 5953 et
3465 5890 3702 5955 residem

2145 5959 2196 6020 ib
2263 5969 2525 6023 moratur.
2555 5959 2678 6022 Ric.

2105 5959 2238 6023 nihil
2263 5969 2525 6024 moratur.
2555 5959 2678 6022 Ric.
