4252 6270
1098 324 1103 327 ,
3552 314 3563 323 _

798 491 952 567 AD
1053 488 1443 565 LIBROS
1515 485 2338 566 APOLOGETICOS
2470 482 3023 558 APPENDIX
3045 530 3072 572 ,

935 635 1499 752 LIBER
1571 639 1834 753 ΔΙ)
1918 634 2949 757 SCAPULAM.

1948 810 2096 867 ΘΕΩ

1435 906 1998 972 ARGUMENTUM
2039 908 2144 971 ET
2187 904 2615 980 SYNOPSIS.

435 1040 513 1097 De
536 1041 741 1113 epocba
783 1039 904 1113 ﬁbri
942 1039 1013 1113 ad
1040 1036 1327 1113 Scapulam
1351 1035 1617 1113 dissident
1640 1036 1832 1113 eruditi
1854 1050 1963 1113 ,__ac
1987 1038 2040 1097 A
2069 1035 2326 1113 gaudeant
2373 1035 2654 1113 christiani.
2705 1035 2893 1113 Postea
2931 1047 3132 1113 cognito
3160 1058 3330 1099 errore
3357 992 3449 1097 suo
3469 1077 3484 1103 ,
3524 1035 3661 1107 quod

365 1123 509 1167 anno
538 1107 681 1177 203,
726 1107 1162 1177 a'l‘ertulliano,‘
1200 1108 1405 1166 editum
1462 1107 1625 1163 fuisse
1695 1107 1963 1164 Pamelius

364 1189 418 1236 et
468 1181 728 1240 Batonius
794 1181 1166 1247 tradiderunt;
1229 1180 1321 1235 alii
1381 1194 1513 1236 vero
1568 1178 1667 1234 sub
1704 1177 1957 1250 Helioga-

361 1251 488 1310 balo
529 1256 888 1320 imperatore,
919 1268 1062 1309 anno
1082 1253 1210 1308 217.
1246 1251 1615 1307 Verosimilius
1636 1261 1813 1307 tamen
1856 1253 1958 1306 hoc

363 1321 685 1397 intermedio
711 1335 976 1397 tempore,
999 1335 1055 1380 et
1078 1325 1218 1379 circa
1247 1321 1601 1397 anitum_2l2,
1625 1321 1961 1397 id_accidisse

360 1395 608 1462 videtur,
643 1412 766 1452 cum
798 1394 1005 1452 scilicet
1028 1403 1146 1467 post
1166 1395 1347 1467 patris
1388 1394 1591 1467 obitum
1619 1394 1766 1450 solus
1793 1396 1961 1467 impe-

360 1476 508 1539 raret
542 1467 816 1524 Caracalla
845 1483 860 1522 :
890 1465 1058 1539 quare
1087 1466 1245 1521 unius
1283 1474 1486 1539 tantum
1532 1465 1869 1539 imperatoris
1895 1479 1962 1520 eo

359 1536 417 1593 in
447 1538 585 1594 libro
614 1540 862 1595 meminit
891 1536 1164 1594 {Colimus
1192 1551 1312 1607 ergo
1338 1536 1696 1607 imperatorem
1721 1537 1815 1601 sic,
1836 1552 1961 1607 quo-

361 1611 517 1664 modo
541 1620 588 1665 et
617 1611 758 1666 nobis
778 1611 927 1674 licet,
956 1619 1003 1663 et
1031 1609 1134 1678 ipsi
1159 1605 1395 1678 expedit,
1415 1605 1479 1661 ut
1508 1607 1762 1661 hominem
1788 1623 1822 1660 a
1850 1605 1962 1678 Deo

359 1681 642 1735 secundum
658 1698 680 1745 ;
698 1691 749 1737 et
780 1682 972 1736 iterum
997 1697 1012 1734 :
1039 1677 1288 1749 Itaqueet
1313 1679 1661 1747 sacriﬁcamus
1688 1694 1779 1745 pro
1796 1677 1964 1733 salute

361 1751 717 1821 imperatoris;
742 1752 830 1806 sed
855 1750 966 1805 Deo
991 1760 1184 1816 nostro,
1215 1758 1264 1805 et
1287 1749 1469 1819 ipsius.
1499 1749 1627 1804 Post
1652 1749 1960 1821 diuturnam

361 1836 513 1893 vero,
536 1824 967 1890 persecutionem
988 1862 1003 1887 ,
1025 1836 1147 1893 qua:
1186 1822 1287 1876 sub
1325 1821 1508 1893 Severi
1537 1820 1762 1891 imperio
1787 1822 1961 1893 conti:

363 1893 472 1962 git,
502 1891 618 1950 haec
645 1893 1030 1949 Tertullianum
1046 1890 1348 1963 scripsisse
1388 1890 1516 1947 inde
1541 1890 1784 1955 constat,
1814 1891 1958 1962 quod

365 1965 602 2036 quinque
646 1965 994 2035 proconsules
1037 1972 1322 2031 numeret,
1362 1977 1393 2018 a
1437 1964 1631 2036 quibus
1679 1964 1958 2036 christiani

367 2034 542 2107 vexati
569 2036 799 2102 fuerant,
830 2037 1028 2107 quique
1048 2050 1171 2107 cum
1201 2036 1252 2089 in
1276 2036 1452 2090 varias
1480 2034 1794 2107 incidissent
1817 2034 1959 2090 cala-

368 2105 612 2179 mitates,
641 2106 832 2163 horum
850 2105 1104 2177 exemplo
1131 2106 1417 2176 Scapulam
1439 2147 1456 2172 ,
1485 2113 1545 2179 ut
1574 2105 1677 2179 sibi
1710 2117 1958 2179 caveret,

369 2175 620 2250 hortatur
640 2195 657 2246 ;
678 2193 801 2235 cum
828 2175 1096 2250 praecipue
1112 2175 1620 2250 portentaqutedam
1639 2176 1962 2250 Carthagine

370 2248 484 2319 visa
539 2248 774 2312 fuerint,
818 2248 1007 2305 statim
1046 2248 1125 2319 ac
1157 2249 1300 2305 idem
1352 2248 1579 2319 Scapula
1634 2249 1962 2319 provinciam

371 2316 681 2390 ingressus,
712 2320 984 2378 Mavilium
1033 2318 1436 2377 Adrumetieum
1463 2316 1833 2377 ‘chrisiianum
1866 2320 1963 2377 hO-

370 2388 575 2462 minem
602 2392 672 2447 ab
702 2388 903 2449 bestias
938 2391 1286 2447 damnaverat
1314 2409 1328 2447 :
1368 2390 1481 2446 Tibi
1507 2406 1704 2462 quoque
1730 2401 1964 2460 optamus

2067 1108 2324 1184 tormentis
2349 1108 2592 1184 quosdam
2608 1124 2639 1159 a
2657 1108 3028 1184 propositosuo
3051 1117 3281 1171 excidere
3297 1114 3514 1184 fecisset.
3538 1123 3663 1176 ncne

2068 1179 2373 1253 christianus
2395 1178 2625 1253 decessit.
2644 1179 2876 1253 Caecilius
2895 1181 3105 1253 Capella
3128 1189 3182 1242 in
3202 1178 3443 1240 illo'exitn
3464 1180 3662 1249 Bgsan-

2063 1252 2168 1305 tino
2191 1291 2208 1317 ,
2240 1250 2560 1311 christianos.
2587 1251 2819 1320 gaudete,
2843 1250 3162 1313 acclamavit.
3190 1259 3296 1313 Sed
3319 1266 3363 1309 et
3390 1254 3472 1322 qui
3495 1252 3663 1306 viden-

2065 1322 2270 1396 tur_sibi
2289 1323 2502 1396 ‘impune
2519 1323 2702 1396 tulisse
2720 1325 2960 1396 ,Avenient
2982 1328 3036 1381 in
3064 1330 3198 1385 diem
3226 1328 3386 1384 divini
3407 1323 3615 1396 judicii.

2136 1392 2431 1464 Prmsidum
2460 1394 2642 1456 etiam.
2671 1394 2760 1463 qui
2788 1396 2840 1448 in
2860 1394 3195 1456 Christianos
3216 1392 3661 1464 mitiusegerunt,

2065 1463 2307 1535 exempla
2343 1464 2529 1519 addit:
2559 1465 2748 1530 Quanti
2793 1476 2957 1522 autem
3007 1469 3295 1533 Prtesides,
3339 1479 3384 1524 et
3425 1463 3663 1521 constan-

2065 1538 2305 1614 ti_ores,_et
2321 1535 2628 1614 crudeliores
2640 1536 3081 1614 dissimulauetgtnt
3110 1545 3170 1597 ab
3194 1539 3486 1614 hujusmodi
3511 1551 3663 1591 caus-

2065 1607 2185 1684 sis?
2229 1606 2298 1663 Ut
2340 1606 2544 1684 Cincius
2582 1607 2821 1684 Severus,
2852 1611 2938 1678 qui
2963 1611 3157 1669 Thistri
3187 1606 3295 1684 ipse
3331 1612 3469 1684 dedit
3494 1622 3662 1684 remeo

2065 1679 2513 1750 diumtquomodo
2546 1681 2904 1750 responderent
2930 1679 3217 1750 christiani,
3248 1694 3303 1738 ut
3330 1680 3515 1737 dimitti
3546 1694 3663 1750 pos-7

2064 1760 2194 1805 sent.
2222 1748 2306 1824 Ut
2344 1747 2658 1824 Vespronius
2693 1751 2984 1824 Candidus,
3017 1757 3105 1824 qui
3147 1747 3665 1824 christianunt_qnasi

2066 1823 2431 1897 tumultuosum
2454 1820 2644 1876 civibus
2670 1823 2797 1897 suis
2823 1820 3118 1897 satisfacere
3140 1827 3350 1882 dimisit.
3383 1823 3452 1879 Ut
3477 1821 3660 1887 Asper,

2063 1896 2148 1963 qui
2174 1894 2371 1968 modice
2392 1903 2632 1968 uexatum,
2659 1893 2958 1962 hominem,
2974 1907 3020 1951 et
3056 1901 3230 1953 statim
3262 1898 3665 1968 dejectumtnec

2063 1965 2376 2031 sacriﬁcium
2408 1965 2654 2034 compulit
2679 1968 2848 2043 facere
2865 2008 2881 2032 ,
2905 1977 3025 2043 ante,
3047 1963 3475 2043 professus'inter
3498 1963 3663 2019 adeo-

2062 2047 2203 2091 catos
2228 2046 2279 2090 et
2316 2051 2624 2099 assessores,
2654 2037 2825 2090 dolere
2848 2054 2902 2091 se
2927 2037 3166 2097 incidisse
3189 2042 3243 2094 in
3270 2041 3401 2093 hanc
3429 2048 3661 2092 causam.

2064 2105 2276 2181 Pudens
2303 2108 2453 2181 etiam
2481 2109 2689 2181 missum
2718 2108 2787 2161 ad
2813 2124 2868 2181 se
2895 2111 3249 2179 christianum,
3275 2112 3329 2164 in
3351 2107 3514 2181 elogio
3542 2121 3666 2181 con-

2064 2180 2297 2233 cussione
2331 2179 2444 2248 ejus
2482 2179 2768 2247 intellecta,
2800 2180 3017 2247 dimisit,
3049 2185 3206 2238 scisso
3237 2177 3662 2249 eodem'elogio.
3688 2246 3691 2249 _

2065 2250 2175 2305 sine
2198 2258 2492 2303 accusatore
2528 2266 2719 2319 negans
2750 2266 2804 2305 se
2836 2253 3132 2308 auditurum
3163 2255 3417 2309 hominem
3436 2292 3453 2319 ,
3479 2264 3663 2319 θείων

2067 2320 2190 2374 dum
2227 2320 2544 2396 mandatum.
2575 2317 2703 2396 Haec
2734 2324 2907 2396 omnia
2945 2325 3063 2391 tibi,
3088 2335 3135 2380 et
3161 2328 3224 2381 de
3252 2317 3671 2396 ofﬁcia'suggcri

2059 2391 2280 2467 possunt
2302 2432 2317 2457 ,
2337 2400 2406 2467 ‘et
2438 2392 2501 2467 ab
2544 2392 2734 2447 eisdem
2775 2390 3072 2467 advocatis,
3102 2398 3190 2467 qui
3218 2406 3265 2452 et
3286 2390 3391 2467 ipsi
3421 2390 3666 2460 beneﬁcia

345 2461 782 2537 admonitionem
806 2463 1209 2537 solam‘fuisse,
1238 2462 1373 2534 quod
1418 2458 1536 2537 cum
1580 2458 1966 2537 Adrumeticum
1992 2458 2041 2520 B
2070 2458 2254 2518 habent
2296 2462 2690 2537 christianorum
2713 2464 2888 2537 ._licet
2918 2458 3238 2531 accla'ment,
3282 2458 3395 2537 qua:
3445 2458 3668 2529 volunt;

373 2531 644 2590 Mavilium
670 2534 739 2590 ad
762 2533 945 2591 bestias
966 2531 1292 2604 damnasses,
1323 2542 1371 2589 et
1402 2534 1576 2590 statim
1618 2533 1725 2588 haec
1768 2536 1969 2591 vexatio

374 2604 643 2661 subsecuta
668 2614 764 2662 est.

443 2675 702 2745 Quasnam
727 2687 909 2736 autem
937 2676 1097 2735 fuerit
1121 2677 1210 2733 illa
1241 2676 1488 2746 vexatio,
1516 2676 1600 2732 his
1625 2676 1805 2734 verbis
1845 2691 1969 2734 nar-

373 2754 494 2821 rat:
524 2746 775 2805 Caeterum
800 2761 848 2804 et
870 2750 1031 2805 imbre
1056 2751 1180 2803 anni
1209 2749 1468 2821 praeteriti,
1497 2748 1621 2821 quid
1657 2764 1969 2803 commerue-

372 2819 443 2872 rit
469 2836 625 2890 genus
652 2822 933 2876 humanum
958 2821 1219 2892 apparuit,
1260 2819 1628 2891 cataclysmum
1670 2821 1891 2892 scilicet,
1919 2829 1969 2874 et

373 2899 506 2946 retro
536 2893 692 2961 fuisse
717 2903 925 2964 propter
963 2891 1372 2958 ineredulitates,
1397 2904 1444 2945 et
1472 2892 1766 2964 iniquitates
1793 2891 1964 2944 homi-

372 2976 538 3028 num;
562 2973 609 3017 et
638 2963 798 3035 ignes,
838 2965 925 3036 qui
952 2965 1109 3033 supra
1146 2964 1332 3036 mania
1369 2963 1688 3036 Carthaginis
1715 2964 1968 3036 proxime

373 3034 719 3103 pependerunt
761 3034 859 3105 per
891 3046 1107 3098 noctem,
1135 3034 1256 3102 quid
1285 3035 1464 3088 minati
1501 3036 1623 3100 sint,
1653 3034 1840 3098 sciunt,
1880 3035 1969 3103 qui

376 3105 650 3177 viderunt;
682 3117 731 3161 et
775 3108 989 3177 pristina
1019 3107 1243 3159 tonitrua
1281 3106 1404 3176 quid
1433 3105 1748 3177 sanaverint,
1777 3106 1965 3177 sciunt,

373 3175 852 3248 quiobduruerunt.
884 3177 1072 3232 Omnia
1099 3177 1207 3231 haec
1227 3175 1373 3248 signa
1398 3185 1516 3231 sunt
1540 3176 1849 3230 imminentis
1874 3177 1969 3229 ira:

374 3245 474 3300 Dei
495 3289 511 3311 ,
546 3264 699 3315 quam
727 3264 923 3305 necesse
946 3258 1045 3314 est,
1068 3245 1290 3319 quoquo'
1310 3247 1460 3303 modo
1513 3262 1778 3316 possumus
1794 3289 1810 3312 ,
1833 3257 1889 3299 ut
1920 3256 1969 3302 et

375 3320 751 3391 annuntiemus,
775 3330 820 3374 et
846 3321 1199 3391 prwdicemus,
1228 3330 1275 3374 et
1313 3320 1642 3389 deprecemur
1660 3319 1861 3372 interim
1884 3318 1965 3372 lo-

376 3388 541 3441 calent
567 3406 710 3457 esse;
731 3388 1058 3446 uniuersalem
1083 3390 1216 3445 enim
1244 3400 1289 3445 et
1315 3406 1603 3461 supremam
1624 3404 1718 3444 suo
1746 3398 1970 3461 tempore

375 3463 628 3533 sentient,
659 3463 743 3528 qui
770 3464 1001 3533 exempla
1025 3464 1135 3533 ejus
1179 3462 1328 3516 aliter
1365 3462 1780 3533 interpretantur.
1826 3462 1969 3515 Nam

376 3532 532 3602 etgsol
559 3532 647 3586 ille
670 3534 722 3586 in
750 3530 990 3587 conventu
1021 3532 1281 3600 Uticensi,
1312 3533 1531 3587 extincto
1560 3530 1708 3602 plene
1744 3532 1965 3597 lumine,

374 3600 505 3675 adeo
531 3612 817 3675 portentum
848 3607 963 3675 fuit,
994 3614 1049 3658 ut
1075 3621 1176 3658 non
1201 3605 1420 3675 potuerit
1458 3620 1520 3657 ea:
1550 3600 1969 3675 ordinariodelio

374 3673 494 3747 quia
519 3674 615 3747 hoc
641 3677 773 3747 pati,
802 3673 993 3746 positus
1023 3676 1075 3730 in
1100 3673 1209 3747 suo
1251 3675 1550 3747 hypsomate
1570 3683 1663 3747 ,et
1689 3674 1968 3747 domicilio.

382 3742 592 3818 [iubetis
614 3742 918 3818 astrologos.
944 3746 1149 3803 Deinde
1164 3755 1226 3818 ut
1243 3742 1527 3817 Scapulam
1558 3746 1625 3818 ab
1647 3743 1971 3818 eﬂ'undendo

379 3813 1095 3889 christianorum'sanguiue
1144 3813 1469 3884 deterreret,
1496 3816 1622 3887 quid
1668 3817 1811 3887 passi
1864 3817 1972 3871 sint

374 3886 466 3958 alii,
506 3890 794 3958 prtesides,
846 3886 1105 3947 enarrat:
1146 3889 1423 3944 Doleamus
1470 3886 1682 3943 necesse
1709 3890 1971 3958 est,ﬂquod

378 3956 522 4012 nulla
550 3961 725 4015 civitas
752 3956 958 4031 impune
987 3961 1155 4015 latura
1181 3962 1246 4015 sit
1278 3960 1542 4030 sanguinis
1578 3960 1740 4014 nostri
1763 3956 1971 4027 effusio-

378 4044 519 4093 nem,
542 4032 674 4085 sicut
725 4042 772 4087 et
822 4033 913 4087 sub
969 4032 1242 4086 Ililariano
1280 4031 1546 4095 Prwside,
1586 4047 1701 4085 cum
1739 4031 1801 4084 de
1837 4033 1972 4086 areis

376 4102 755 4165 sepulturarum
789 4115 1079 4159 nostrarunt
1117 4104 1515 4157 acclamassent:
1547 4102 1693 4157 Arete
1720 4118 1821 4156 non
1846 4104 1966 4159 sint.

378 4172 523 4226 Arete
554 4174 783 4247 ipsorum
818 4192 920 4229 non
947 4178 1172 4247 fuerunt,
1203 4191 1387 4229 messes
1409 4175 1542 4247 enim
1558 4190 1816 4247 _suas_non
1851 4189 1967 4245 ege-

377 4253 516 4299 runt.
545 4243 623 4300 Ac
652 4256 771 4315 post
800 4242 1056 4301 nonnulla
1084 4247 1210 4301 alibi
1242 4247 1408 4300 relata
1437 4245 1656 4299 subdit:
1685 4242 1971 4300 Possumus

378 4328 519 4387 teque
559 4325 605 4369 et
629 4317 798 4387 exitus
838 4319 1176 4386 quorumdam
1221 4316 1514 4371 Prtesidum
1564 4317 1654 4370 tibi
1696 4332 1971 4387 exponere,

377 4385 463 4453 qui
500 4386 555 4440 in
600 4385 706 4456 ﬁne
745 4385 863 4444 una
905 4405 1012 4443 sine
1055 4388 1307 4442 recordati
1353 4397 1470 4442 sunt
1516 4385 1804 4458 deliquisse,
1836 4387 1974 4456 quod

377 4471 636 4531 vexassent
667 4459 986 4514 christianos.
1019 4458 1264 4531 Vigellius
1282 4459 1602 4531 Saturninus
1623 4499 1639 4523 ,
1660 4459 1747 4531 qui
1776 4460 1974 4531 primus

344 4560 347 4563 ›
380 4529 465 4602 hic
493 4530 723 4602 gladium
761 4532 813 4602 in
852 4548 943 4586 nos
978 4528 1100 4602 egit,
1127 4532 1319 4585 lumina
1343 4530 1530 4583 amisit.
1564 4529 1810 4584 Claudius
1841 4528 1976 4583 Her-

377 4600 634 4654 minianus
664 4602 736 4673 _in
774 4600 1134 4673 Cappadocia,
1157 4619 1273 4655 cum
1310 4602 1518 4673 indigne
1558 4601 1726 4669 ferens
1763 4616 1974 4673 uxorem

379 4685 527 4723 suam
556 4673 625 4724 ad
650 4671 783 4727 hanc
810 4671 997 4728 sectam
1036 4674 1325 4738 transiisse,
1356 4672 1661 4725 christianos
1706 4671 1974 4726 crudeliter

380 4748 662 4816 tractasset,
692 4746 932 4812 solusque
950 4747 1002 4799 in
1028 4746 1266 4816 praetorio
1294 4759 1388 4797 suo
1418 4752 1660 4816 vastatus
1671 4752 1828 4812 peste,
1858 4759 1974 4796 cum

379 4812 519 4867 riuus
563 4801 812 4871 vermibus
847 4801 1108 4871 'ebullis'set
1129 4834 1148 4871 :
1178 4814 1343 4870 Nemo
1382 4815 1530 4881 sciat,
1561 4801 1747 4882 aiebat,
1776 4801 1841 4869 ne
1884 4830 1973 4885 spe
1997 4801 2050 4860 Β

876 4910 1104 4968 CAPUT
1144 4909 1433 4968 PRIMUM.

449 4999 559 5058 Nos
630 5002 845 5075 quidem
906 5020 1081 5076 neque
1146 5004 1584 5077 expavescimus,
1638 5020 1814 5079 neque
1852 5021 1973 5076 per-

380 5094 711 5152 timescimus
770 5112 864 5165 ea,
918 5114 1038 5169 quae
1096 5098 1164 5154 ab
1222 5099 1588 5170 ignorantibus
1677 5100 1909 5171 patimur
1961 5118 1976 5154 :

380 5202 503 5243 cum
547 5187 614 5244 ad
655 5187 796 5246 hanc
848 5200 1088 5258 sectam,
1142 5191 1325 5263 utique
1368 5200 1616 5264 suscepta
1672 5191 1981 5249 conditione

382 5278 529 5350 ejus,
578 5283 721 5353 pacti
780 5284 1109 5348 venerimus,
1167 5294 1225 5339 ut
1278 5285 1438 5346 etiam
1503 5285 1713 5340 animas
1768 5293 1979 5341 nostras

380 5375 641 5430 anctorati
691 5376 744 5432 in
796 5376 894 5433 bas
935 5393 1140 5450 pugnas
1180 5378 1536 5447 accedamus,
1566 5394 1629 5437 es
1654 5393 1775 5449 qua:
1839 5378 1980 5434 Deus

381 5467 712 5536 repromittit
764 5471 1017 5543 consequi
1073 5479 1339 5541 optantes,
1370 5480 1426 5528 et
1477 5484 1540 5527 ea
1588 5485 1708 5541 quae
1751 5470 1980 5527 diversa:

381 5558 507 5614 vine
548 5560 906 5617 comminatur
950 5563 1056 5634 pati
1104 5564 1372 5619 timentes.
1419 5563 1656 5633 Denique
1675 5577 1796 5617 cum
1831 5564 1980 5618 omni

382 5648 799 5711 smvitia'vestra
825 5666 1230 5730 concertamus,
1260 5657 1421 5714 etiam
1448 5655 1590 5714 ultro
1608 5664 1978 5728 erumpentes,
2027 5684 2031 5689 -

2072 2550 2192 2589 nam
2209 2544 2265 2610 et
2289 2533 2555 2604 cuiusdam
2579 2535 2833 2601 notarius,
2861 2553 2977 2610 cum
3003 2556 3035 2593 a
3061 2533 3669 2610 dtemone'prtecipitare-

2071 2614 2172 2681 tur,
2199 2606 2437 2661 liberatus
2462 2616 2534 2681 est
2545 2622 2571 2681 Δς
2597 2617 2645 2660 et
2673 2609 3005 2679 quorumdam
3038 2606 3350 2681 prapinquu's
3370 2652 3387 2677 ,
3408 2618 3452 2664 et
3478 2606 3671 2679 pueru-

2071 2676 2192 2753 lus,
2223 2689 2268 2731 et
2309 2678 2489 2753 quanti
2533 2676 2729 2753 honesti
2750 2680 2874 2753 “uiri
2901 2691 2918 2751 (
2950 2682 3012 2735 de
3038 2676 3345 2753 ‘vnl'garibus
3374 2676 3518 2735 enim
3563 2691 3667 2753 non

2071 2748 2325 2820 dicimus)
2355 2758 2445 2820 aut
2473 2764 2504 2799 a
2539 2746 2953 2816 dwmoniis,-aut
2991 2746 3362 2807 valetudinibus
3405 2746 3669 2820 remediati

2069 2821 2214 2894 sunt!
2239 2818 2373 2894 Tum
2400 2818 2583 2894 Severi
2614 2820 2776 2894 refert
2805 2824 3146 2892 imperatoris
3169 2823 3497 2894 exemplum.
3519 2818 3607 2888 qui
3639 2832 3667 2869 ει

2070 2890 2362 2946 christiano
2410 2892 2661 2959 homine,
2692 2893 2813 2947 oleo
2855 2890 3140 2957 intinctus,
3177 2890 3392 2950 curatus
3446 2893 3621 2948 fuerat
3652 2901 3667 2941 :

2069 2960 2194 3029 Ipse
2220 2964 2371 3017 etiam
2401 2960 2638 3022 Severus.
2668 2974 2812 3031 pater
2831 2967 3093 3030 Antonini,
3128 2964 3533 3022 Christianorum
3566 2976 3669 3013 me-

2069 3049 2182 3087 mor
2206 3035 2301 3101 [uit
2323 3050 2342 3088 :
2372 3050 2490 3107 nam
2516 3043 2563 3087 et
2594 3033 2872 3107 Iiroculum
2901 3038 3353 3107 christianum,qui
3377 3034 3667 3107 Toparciou

2070 3104 2555 3178 cognominabatur,
2600 3103 2811 3160 Evodia:
2854 3103 3386 3178 procuratorequui
3431 3103 3545 3162 eum
3581 3117 3672 3173 per

2070 3175 2239 3249 oleum
2267 3175 2544 3249 aliquando
2568 3175 2862 3244 curaverat,
2881 3180 3159 3246 requisiuit,
3189 3190 3235 3234 et
3262 3175 3323 3233 in’
3362 3179 3551 3249 palatio
3575 3188 3670 3249 suo

2072 3246 2248 3300 habuit
2269 3263 2426 3317 usque
2449 3246 2517 3299 ad
2537 3256 2748 3301 mortem
2768 3251 2898 3319 ejus,
2929 3266 3075 3318 quem
3099 3261 3145 3305 et
3170 3246 3457 3306 Antoninus
3482 3246 3670 3319 optime

2073 3326 2281 3394 noverat
2328 3319 2461 3373 lacte
2501 3318 3079 3394 cltristiano’educatus.
3128 3322 3410 3394 Scapulam
3452 3318 3670 3375 tandem

2073 3389 2348 3463 admonet,
2370 3398 2439 3463 _ut
2457 3403 2487 3442 a
2514 3388 2929 3463 Christianorum
2958 3388 3341 3463 perquisitibne
3370 3398 3572 3450 cesset.
3599 3399 3672 3439 n0

2075 3470 2185 3537 tpta
2207 3532 2216 3537 _
2241 3460 2506 3537 Carthago
2534 3460 2971 3537 _cltristianorum
3029 3460 3288 3537 sanguine
3328 3464 3627 3537 impleatur
3655 3472 3671 3511 :

2079 3531 2216 3599 Quid
2261 3532 2373 3602 ipsa
2403 3531 2655 3604 Carthago
2698 3550 2912 3602 passura
2952 3544 3025 3589 est
3063 3531 3369 3591 decimanda
3392 3531 3673 3604 a'te,rcunt

2075 3604 2414 3674 prapinquos,
2443 3620 2559 3656 cum
2601 3605 2985 3660 contubernales
3026 3622 3144 3660 suos
3180 3607 3289 3662 illic
3325 3603 3674 3675 unusquisque

2075 3671 2393 3746 cognoverit,
2424 3691 2541 3730 cum
2567 3675 2747 3729 viderit
2775 3676 2887 3730 illic
2914 3679 3160 3746 fortasse,
3193 3688 3240 3732 et
3269 3680 3344 3733 tui
3373 3671 3570 3732 ordinis
3599 3671 3674 3726 vi.

2075 3762 2193 3822 ros,
2221 3757 2266 3800 ct
2294 3756 2552 3800 matronas
2572 3787 2586 3812 ,
2629 3757 2676 3799 et
2702 3748 3028 3822 principales
3062 3765 3286 3819 quasque
3312 3764 3553 3822 personas
3570 3785 3586 3806 ,
3626 3748 3677 3796 et

2075 3818 2356 3890 amicorum
2382 3828 2603 3885 tuorum,
2637 3818 2710 3872 vel
2738 3818 3081 3890 prapinqnos,
3130 3818 3208 3875 vel
3254 3818 3482 3877 amicos?
3510 3818 3678 3890 ijce

2076 3886 2404 3959 Carthagini,
2437 3890 2481 3943 si
2507 3906 2606 3961 non
2637 3886 2757 3944 tibi:
2786 3886 2946 3959 parce
2981 3892 3256 3961 provincia:
3275 3937 3289 3959 ,
3318 3909 3432 3961 qua:
3458 3893 3566 3944 uisa
3591 3887 3675 3961 itt-

2077 3957 2297 4015 tentione
2328 3970 2417 4014 tua
2436 4002 2452 4024 ,
2481 3960 2699 4015 obnoxia
2726 3957 2864 4033 facta
2885 3971 2962 4017 est
2982 3957 3429 4032 'concussionib'us,
3459 3972 3505 4016 et
3533 3957 3701 4014 mili--

2078 4040 2220 4105 tum,
2261 4041 2308 4085 et
2347 4033 2681 4105 inimicorum
2709 4050 2916 4087 suorum
2962 4036 3219 4105 cujusque.
3266 4037 3394 4091 llaec
3440 4033 3672 4105 idcirco,

2076 4103 2218 4172 quod
2274 4118 2398 4158 cum
2457 4104 2626 4158 semel
2673 4101 3328 4163 innotuisset'Prmsidem
3366 4101 3676 4162 Christianis

2075 4173 2343 4250 infensum
2365 4189 2506 4250 esse,
2529 4175 3052 4250 gentilesturmatim
3078 4181 3129 4230 in
3155 4192 3250 4233 eos
3275 4174 3678 4250 magnogl‘urore

2076 4244 2332 4317 impetum
2379 4244 2588 4317 facere,
2634 4246 2899 4315 prtudari,
2942 4256 3104 4317 atque
3141 4244 3393 4305 enecare'
3409 4246 3675 4317 solebant.

2076 4314 2339 4389 Ceterum
2358 4316 2500 4389 haud
2522 4314 2785 4389 exstingui
2818 4314 3188 4389 persecutione
3208 4320 3553 4376 christianum
3578 4314 3678 4367 ile-

2077 4386 2329 4458 llgionem
2349 4429 2364 4453 9
2395 4387 2489 4443 Sed
2532 4386 2812 4457 propagari
2843 4389 3017 4458 potius
3038 4430 3054 4455 ,
3088 4388 3173 4444 his
3198 4391 3376 4447 verbis
3405 4393 3628 4458 annotat
3659 4401 3674 4458 :_

2079 4454 2191 4511 Nec
2212 4468 2380 4513 tamen
2407 4454 2605 4531 deficiet
2626 4454 2733 4531 hate
2756 4454 2912 4522 secta,
2932 4454 3084 4528 quam
3106 4471 3225 4514 tunc
3248 4461 3410 4531 magis
3431 4454 3679 4531 wdi/icm‘i

2075 4530 2226 4595 scias,
2255 4547 2373 4584 cum
2410 4529 2537 4583 credi
2562 4530 2777 4585 videtur.
2805 4531 3028 4601 Quisque
3054 4533 3187 4585 enim
3226 4528 3423 4585 tantam
3449 4528 3677 4601 toleran-

2078 4603 2202 4655 tiam
2230 4612 2483 4670 spectans,
2524 4610 2579 4653 ut
2621 4602 2795 4672 aliqua
2818 4596 3058 4668 scrupulo
3099 4618 3384 4669 percussus,
3415 4609 3462 4655 et
3505 4596 3676 4672 inqui-

2078 4689 2189 4727 rere
2216 4666 2531 4744 accenditur,
2564 4666 2799 4743 quid'sit
2845 4673 2897 4726 in
2939 4666 3169 4744 caussa;
3192 4683 3238 4727 et
3258 4673 3343 4726 ubi
3388 4666 3679 4744 cognouerit

2077 4746 2363 4815 veritatem,
2397 4753 2444 4798 et
2477 4739 2588 4815 ipse
2613 4745 2783 4815 statim
2820 4744 3061 4815 sequitur.
3104 4742 3372 4800 Hactenus
3396 4739 3680 4799 Tertullia-

2077 4830 2178 4871 nus
2210 4815 2275 4871 ad
2297 4814 2604 4885 Scapulam.
2632 4814 2807 4870 Luur.

2080 4914 2359 4985 magisque
2400 4912 2637 4968 damnati
2678 4926 2836 4983 quam
2881 4909 3111 4967 absoluti
3150 4909 3466 4981 gaudemus.
3494 4907 3681 4978 Itaque

2083 5006 2224 5063 hunc
2250 5006 2486 5062 libellum
2515 5004 2800 5061 nonnobis
2828 5005 3079 5059 timentes
3115 5004 3381 5067 misimus,
3408 5000 3502 5058 scd
3531 5000 3683 5055 vobis

2085 5107 2140 5153 et
2183 5096 2433 5153 omnibus
2480 5096 2708 5153 inimicis
2750 5097 2982 5163 nostris,
3015 5094 3211 5153 nedum
3243 5093 3431 5150 amicis
3457 5093 3577 5164 (l):
3609 5091 3681 5146 ita

2084 5191 2229 5247 enim
2250 5190 2527 5262 disciplina
2563 5189 2815 5260 jubemur
2839 5188 3062 5259 diligere
3087 5185 3332 5243 inimicos
3357 5199 3599 5257 quoque,
3627 5189 3684 5239 et

2086 5298 2246 5341 orare
2275 5299 2372 5354 pro
2401 5282 2481 5339 eis
2509 5283 2600 5355 qui
2630 5297 2731 5339 nos
2758 5289 3194 5355 persequuntur:
3226 5288 3283 5336 ut
3318 5278 3435 5335 haec
3462 5279 3535 5333 sit
3559 5292 3683 5347 per-

2089 5376 2228 5433 fecta
2256 5386 2311 5433 et
2339 5377 2553 5447 propria
2583 5375 2797 5431 bonitas
2822 5383 3024 5437 nostra,
3054 5387 3159 5429 nou
3186 5371 3506 5427 communis.
3529 5369 3681 5425 Ami-

2084 5484 2179 5525 cos
2221 5469 2364 5525 enim
2387 5468 2610 5539 diligere
2633 5467 2872 5523 omnium
2909 5476 3014 5534 est,
3035 5465 3282 5521 inimicos
3320 5471 3502 5519 autem
3529 5462 3679 5519 solo-

2086 5581 2202 5620 rum
2247 5564 2686 5622 cbristianorum.
2750 5561 2849 5630 Qui
2891 5574 3020 5632 ergo
3060 5558 3304 5616 dolemus
3335 5558 3403 5614 de
3433 5557 3685 5628 ignoranc

2086 5657 2155 5712 tia
2186 5664 2383 5720 vestra,
2415 5665 2466 5710 et
2488 5654 2808 5711 miseremur
2828 5650 3031 5709 erroris
3082 5649 3324 5719 humani,
3367 5657 3422 5707 et
3456 5646 3537 5719 (2)
3597 5647 3684 5702 iu-

1623 5746 2003 5834 LECTIONES
2039 5768 2460 5831 VARIANTLS.

383 5890 394 5903 -
454 5862 528 5929 tt)
558 5863 800 5921 Necdum
829 5863 980 5923 Rhea.

2086 5901 2095 5908 .
2156 5863 2227 5928 ιε)
2260 5861 2468 5918 Etabest
2484 5860 2590 5928 Rig.
