4252 6264
576 335 688 416 6'99

1989 352 2458 417 TERTULLIANI

3770 365 3873 426 700

584 485 701 529 tura
727 471 1105 548 prospicimus,
1129 480 1186 528 et
1227 472 1374 542 signa
1415 485 1600 527 eorum
1643 471 1880 544 quotidie
1925 473 2172 530 intentari
2202 478 2254 538 Α
2285 475 2790 533 tuernntchristiani
2813 497 2827 535 :
2848 481 2940 537 sed
2961 481 3098 536 idem
3126 484 3226 556 ipsi
3251 484 3338 554 qtti
3368 499 3461 554 per
3481 483 3664 553 genios
3686 499 3871 540 eorum

585 569 831 623 videmus
863 567 965 635 (Ι),
998 579 1218 620 necesse
1239 577 1322 621 est
1368 566 1457 620 vel
1496 566 1596 620 hoc
1620 565 1778 619 modo
1799 581 2080 636 erumpere
2109 567 2176 621 ad

576 657 929 732 prolionenda
957 656 1107 712 vobis
1132 672 1340 725 ea,qu:r
1360 658 1532 725 palam
1552 673 1659 714 non
1684 657 1844 714 vultis
1859 657 2044 713 audire
2074 655 2174 730 (a).

1197 747 1422 805 CAPUT
1455 748 1520 803 Il.

651 843 760 899 Nos
809 858 973 899 unum
1022 844 1180 900 deum
1225 845 1472 913 colimus,
1524 859 1682 916 quem
1728 859 1918 915 omnes
1963 854 2181 901 natura-

579 936 703 993 liter
746 937 962 1016 nostis,
1029 936 1096 992 ad
1140 936 1308 1008 .cujus
1352 935 1561 1008 fulgura
1611 948 1666 994 et
1707 921 1939 994 tonitrua
1968 948 2182 996 contre-

581 1028 810 1086 miscitis
833 1027 916 1102 (2)
936 1069 952 1096 ,
980 1027 1053 1084 ad
1075 1029 1230 1100 cujus
1264 1030 1524 1086 beneﬁcia
1569 1030 1832 1102 gaudetis.
1857 1029 2097 1089 Caeteros
2124 1042 2181 1090 et

580 1121 686 1192 ipsi
725 1121 922 1190 putatis
947 1119 1078 1191 deos
1102 1135 1262 1197 esse,
1314 1137 1449 1194 quos
1495 1137 1594 1191 pos
1637 1121 1911 1191 daemonas
1957 1123 2178 1181 scimus.

579 1213 787 1272 Tamen
819 1211 1037 1268 humani
1072 1213 1210 1283 juris
1251 1222 1306 1269 et
1348 1214 1604 1270 naturalis
1641 1215 1920 1286 potestatis
1948 1225 2032 1272 est
2057 1216 2178 1272 uni-

580 1308 807 1380 cuique,
852 1306 996 1378 qttod
1044 1308 1332 1377 putaverit,
1378 1307 1594 1374 colere;
1623 1323 1723 1364 nec
1762 1308 1852 1364 alii
1907 1310 2064 1365 obest
2088 1318 2182 1365 aut

581 1400 822 1473 prodest,
849 1400 1074 1456 alterius
1101 1400 1311 1472 religio.
1341 1400 1445 1457 Sed
1475 1417 1576 1457 nec
1601 1401 1878 1473 religionis
1907 1410 1990 1458 est
2019 1418 2181 1474 coge—

579 1510 642 1554 re
668 1494 984 1566 religionem
1011 1494 1110 1568 (ὁ),
1133 1510 1253 1567 qua:
1278 1503 1469 1565 sponte
1499 1495 1695 1566 suscipi
1719 1495 1932 1563 debeat,
1963 1511 2068 1550 non
2092 1497 2175 1551 vi:

581 1602 706 1646 cum
743 1596 799 1645 et
846 1588 1035 1645 hostia:
1075 1589 1144 1644 ab
1185 1590 1369 1645 animo
1396 1589 1583 1645 libenti
1633 1591 2060 1660 expostulentur.
2102 1590 2182 1647 Ita

583 1683 688 1740 etsi
711 1697 810 1738 nos
838 1682 1204 1753 compuleritis
1240 1683 1309 1738 ad
1337 1684 1774 1749 sacrificandum,
1805 1684 1937 1739 nihil
1959 1695 2184 1755 prasta-

586 1775 712 1833 bitis
742 1776 845 1830 diis
870 1775 1101 1831 vestris:
1134 1775 1204 1831 ab
1230 1776 1410 1832 invitis
1437 1777 1578 1832 enim
1607 1776 1874 1832 sacriﬁcia
1904 1793 2012 1833 non
2035 1777 2183 1834 desi-

585 1869 868 1936 derabunt;
893 1870 995 1925 nisi
1014 1871 1057 1925 si
1078 1871 1402 1926 contentiosi
1426 1880 1571 1937 sunt;
1610 1871 1982 1927 contensiosus
2002 1881 2185 1927 autem

586 1964 720 2020 deus
748 1979 854 2019 non
882 1972 984 2020 est.
1016 1963 1252 2037 Denique
1278 1965 1366 2034 qui
1397 1973 1481 2019 est
1511 1978 1706 2029 verus,
1737 1965 1917 2018 omnia
1977 1978 2072 2018 sua
2118 1979 2187 2020 ex

589 2071 745 2126 mquo
782 2065 835 2111 et
876 2054 1117 2127 profanis
1145 2066 1200 2110 et
1237 2056 1350 2111 suis
1395 2063 1613 2126 praestat
1635 2095 1649 2109 .
1682 2053 1913 2125 Ideoque
1950 2063 2006 2110 et
2038 2054 2186 2124 judi-

587 2148 729 2204 cium
756 2147 1034 2202 consntuit
1057 2156 1317 2202 arternum
1341 2146 1409 2202 de
1430 2146 1595 2217 gratis
1618 2154 1673 2202 et
1699 2145 1940 2216 ingratis.
1981 2145 2188 2202 Tamen

589 2255 712 2306 nos,
737 2255 874 2311 quos
899 2240 1190 2310 sacrilegos
1215 2239 1556 2306 exiStimatis,
1579 2253 1680 2294 nec
1706 2239 1761 2293 in
1793 2238 1933 2293 furto
1953 2223 2187 2308 unquam

588 2333 1054 2404 deprehendistis,
1085 2333 1279 2390 nedum
1324 2334 1378 2388 in
1422 2333 1722 2404 sacrilegio.
1758 2333 1958 2390 Omnes
2003 2341 2184 2390 autem

587 2428 679 2501 qui
726 2428 920 2498 templa
965 2426 1392 2500 deSpnliant(5),
1438 2435 1491 2482 et
1541 2442 1637 2498 per
1691 2425 1822 2482 deos
1864 2426 2082 2496 jurant,
2133 2433 2188 2483 et

587 2519 808 2578 eosdem
835 2519 1021 2576 colunt
1041 2561 1055 2584 ,
1084 2527 1141 2574 ct
1183 2518 1463 2574 christiani
1506 2533 1611 2573 non
1640 2527 1802 2584 sunt,
1833 2521 1902 2587 ζει
1941 2518 2188 2590 sacrilegi

589 2623 769 2671 tamen
806 2613 1301 2685 deprehenduntur.
1351 2612 1592 2684 Longum
1629 2622 1714 2670 est
1760 2613 1805 2669 si
1839 2622 2182 2680 reteramus,

589 2709 784 2780 quibus
829 2708 949 2764 aliis
991 2707 1165 2763 modis
1201 2716 1257 2763 et
1299 2706 1648 2762 derideantur
1684 2715 1738 2762 et
1776 2715 2190 2762 contemnantur

589 2814 778 2857 omnes
803 2800 898 2867 dii,
926 2800 995 2856 ab
1024 2800 1154 2870 ipsis
1183 2800 1478 2856 cultoribus
1505 2801 1642 2856 suis.
1664 2800 1754 2856 Sic
1772 2811 1827 2855 et
1846 2800 1986 2856 circa
2021 2800 2189 2871 maje-

587 2901 778 2949 statem
808 2891 1156 2962 Imperatoris
1201 2891 1523 2948 infamamur
1549 2891 1624 2962 (c)
1648 2935 1663 2959 ,
1695 2901 1873 2948 tamen
1915 2907 2189 2964 nunquam

589 2984 970 3058 albiniani(d),
1001 3000 1101 3042 nec
1123 2984 1351 3059 nigriani
1376 3027 1390 3053 ,
1444 2984 1532 3041 vel
1569 2986 1780 3042 cassani
1819 2985 2046 3042 inveniri
2091 3000 2190 3056 po-

2284 571 2334 624 in
2375 571 2543 640 pridie
2576 588 2746 641 usque
2771 573 3082 642 jur-averunt
3111 578 3208 648 (c),
3236 580 3324 648 qui
3357 593 3454 648 pro
3489 578 3661 633 salute
3689 594 3874 635 corum

2283 660 2486 718 hostias
2531 671 2587 718 et
2625 662 2862 720 fecerant
2888 667 2968 738 (4)
3013 677 3068 723 et
3111 678 3388 734 voverant,
3414 670 3500 738 qtti
3549 669 3876 727 christianos

2282 772 2427 828 smpe
2462 756 2846 814 damnaverant
2870 800 2884 824 ,
2909 759 3092 817 hostes
3118 777 3304 818 eorum
3330 772 3452 817 sunt
3479 763 3698 832 reperti.
3719 761 3878 820 Chri-

2284 849 2490 906 stianus
2517 851 2719 906 nullius
2745 861 2828 907 est
2859 851 3046 917 hostis,
3073 855 3268 910 nedum
3298 856 3677 926 Imperatoris:
3705 853 3868 927 qhem

2285 942 2464 1000 sciens
2502 959 2534 998 a
2567 943 2680 999 Deo
2709 959 2807 999 suo
2837 947 3113 1014 constitui,
3141 964 3360 1003 necesse
3398 957 3480 1004 est
3522 957 3580 1002 ut
3607 956 3662 1004 ct
3701 949 3878 1018 ipsum

2284 1033 2507 1105 diligat,
2537 1045 2592 1090 ct
2624 1045 2967 1105 revereatur,
2999 1045 3055 1093 et
3096 1039 3355 1106 honoret,
3380 1049 3437 1094 et
3477 1039 3684 1095 salvum
3712 1041 3878 1109 velit,

2286 1145 2407 1187 cum
2448 1137 2560 1184 toto
2605 1145 2830 1188 romano
2859 1133 3121 1203 imperio,
3164 1151 3442 1207 quousque
3481 1136 3735 1192 saeculum
3771 1147 3884 1192 sta-

2284 1221 2382 1278 bit.
2414 1222 2640 1279 Tamdiu
2668 1225 2814 1280 enim
2840 1227 3022 1283 stabit.
3061 1227 3302 1284 Colimus
3347 1243 3478 1300 ergo
3506 1238 3561 1284 et
3585 1228 3885 1300 Imperato-

2286 1330 2400 1371 rem
2436 1315 2534 1381 sic,
2557 1317 2828 1387 quomodo
2855 1331 2910 1374 et
2952 1319 3106 1375 nobis
3129 1322 3291 1388 licet,
3323 1330 3378 1377 et
3407 1321 3506 1392 ipsi
3538 1322 3786 1394 expedit,
3818 1329 3883 1378 ut

2289 1407 2563 1464 hominem
2598 1425 2629 1464 a
2671 1409 2785 1466 Deo
2827 1413 3159 1481 secundum,
3210 1423 3264 1470 et
3292 1415 3546 1486 quicquid
3584 1424 3669 1469 est
3709 1430 3740 1470 a
3765 1415 3887 1472 Deo

2285 1511 2628 1556 consecutum
2653 1501 2753 1574 (5),
2778 1503 2893 1558 solo
2907 1505 3020 1561 Deo
3044 1507 3328 1562 minorem.
3360 1506 3473 1561 Hoc
3502 1515 3556 1562 et
3582 1506 3695 1576 ipse
3717 1506 3884 1563 volet.

2284 1592 2376 1650 Sic
2413 1594 2556 1649 enim
2592 1596 2838 1652 omnibus
2862 1598 3036 1668 major
3053 1607 3156 1666 est,
3187 1600 3316 1655 dum
3346 1600 3464 1654 solo
3491 1614 3620 1655 vero
3647 1601 3756 1655 Deo
3777 1601 3886 1655 mi-

2288 1699 2389 1740 nor
2416 1693 2532 1741 est:
2562 1686 2640 1741 sic
2664 1695 2720 1742 et
2745 1689 2874 1758 ipsis
2903 1689 3008 1745 diis
3040 1690 3212 1762 major
3228 1699 3333 1758 est,
3355 1690 3484 1746 dum
3511 1701 3568 1747 et
3592 1692 3692 1761 ipsi
3715 1694 3764 1746 in
3794 1707 3890 1763 po-

2289 1784 2482 1834 testate
2530 1790 2654 1835 sunt
2696 1779 2834 1850 ejus.
2869 1781 3059 1852 Itaque
3099 1794 3156 1838 et
3199 1785 3566 1860 sacriﬁcamus
3593 1801 3692 1859 pro
3720 1786 3889 1858 salute

2290 1869 2635 1941 Imperatoris
2666 1871 2868 1943 (f),sed
2893 1874 3006 1929 Deo
3032 1886 3216 1931 nostro
3239 1886 3290 1930 et
3313 1859 3483 1953 ipsius
3507 1895 3521 1930 :
3544 1877 3638 1932 sed
3666 1892 3890 1948 quomo-

2291 1961 2362 2016 do
2392 1963 2645 2033 praecepit
2671 1965 2827 2028 Deus,
2859 1982 2992 2045 pura
3011 1981 3195 2037 prece.
3228 1967 3344 2023 Non
3371 1969 3516 2024 enim
3543 1977 3669 2041 eget
3697 1969 3836 2026 Deus
3856 2013 3873 2036 ,

2291 2053 2538 2110 conditor
2588 2054 2988 2124 universitatis,
3061 2058 3243 2114 odoris
3304 2069 3395 2114 aut
3445 2061 3721 2130 sanguinis
3767 2061 3868 2117 ali-

2293 2147 2446 2218 cujus
2470 2145 2571 2220 (g).
2604 2147 2732 2205 Haec
2757 2150 2904 2204 enim
2934 2149 3325 2228 daemoniorum
3366 2151 3560 2222 pabula
3587 2164 3732 2207 sunt.
3767 2153 3887 2209 Dte-

2293 2255 2482 2298 mones
2525 2249 2705 2296 autem
2746 2257 2850 2298 non
2897 2252 3104 2298 tantum
3148 2245 3475 2313 reSpuimus,
3505 2261 3692 2300 verum
3721 2256 3776 2301 et
3803 2260 3889 2302 re-

2291 2335 2592 2402 vincimus,
2628 2344 2684 2391 et
2727 2336 2964 2407 quotidie
3003 2337 3334 2393 traducimus
3358 2380 3375 2406 ,
3406 2349 3461 2394 et
3487 2341 3556 2394 de
3587 2338 3891 2397 hominibus

2291 2430 2638 2501 expellimus,
2666 2430 2803 2485 sicut
2825 2431 3067 2502 plurimis
3096 2441 3282 2486 notum
3306 2441 3410 2489 est.
3462 2432 3538 2488 Ita
3570 2447 3671 2488 nos
3712 2433 3884 2505 magis

2290 2537 2507 2579 oramus
2538 2537 2637 2594 pro
2661 2523 2832 2578 salute
2865 2524 3209 2594 Imperatoris
3231 2566 3245 2585 .
3276 2525 3343 2580 ab
3366 2540 3434 2581 eo
3455 2541 3574 2581 eam
3607 2527 3889 2596 postulan-

2292 2625 2394 2682 tes,
2422 2616 2510 2686 qui
2540 2624 2796 2686 pracstare
2825 2626 3022 2687 potest.
3056 2618 3125 2673 Et
3161 2619 3346 2690 utique
3373 2634 3434 2674 ex
3462 2617 3741 2690 disciplina
3790 2633 3886 2687 pa-

2291 2711 2495 2766 tientiae
2519 2710 2714 2767 divina:
2747 2726 2906 2783 agere
2936 2727 3054 2777 nos,
3089 2713 3224 2768 satis
3268 2711 3604 2768 manilestum
3636 2728 3758 2769 esse
3793 2729 3893 2771 vo-

2292 2801 2378 2858 bis
2399 2809 2593 2872 potest,
2617 2817 2738 2857 cum
2772 2811 2916 2858 tanta
2945 2803 3226 2859 hominum
3260 2804 3569 2872 multitudo,
3601 2819 3728 2876 pars
3757 2819 3894 2875 pene

2259 2896 2466 2964 'major
2494 2893 2727 2950 civitatis
2770 2895 3031 2966 cujusque
3065 2896 3142 2967 (6)
3170 2939 3184 2960 ,
3216 2897 3268 2951 in
3298 2897 3516 2954 silentio
3550 2908 3604 2954 et
3631 2899 3891 2956 modestia

2293 2989 2537 3057 agimus,
2583 2987 2778 3058 singuli
2823 2988 2962 3045 forte
2990 2990 3104 3046 noti
3129 2990 3301 3062 magis
3320 3005 3484 3063 quam
3513 3006 3746 3048 omnes:
3791 3005 3890 3051 nec

1813 3100 2196 3160 LECTIONES
2235 3100 2648 3160 VARIANTES.

654 3223 728 3284 (l)
761 3220 1010 3272 Ostentari
1043 3219 1287 3284 videmus,
1312 3214 1490 3283 coniic.
1524 3218 1648 3269 Jun.

651 3280 721 3348 (Ξ)
759 3284 1186 3348 Contremiscimus
1201 3280 1352 3336 Rhea.

653 3343 730 3413 (5)
761 3345 1038 3414 Dispoliant
1058 3343 1164 3400 alii.

2217 3216 2265 3282 Ε

2360 3216 2434 3340 ἓξ)
2475 3216 2754 3267 Ell'ecerant
2779 3218 2986 3291 Rhenum

2419 3280 2435 3340 )
2467 3280 2529 3330 Et
2551 3279 2672 3331 add.
2697 3282 2850 3332 Fran.
2877 3279 3033 3340 Rigalt

2367 3280 2435 3407 [5f
2467 3280 2529 3330 Et
2551 3280 2672 3354 add.
2697 3282 2850 3332 Fran.
2877 3280 3052 3348 Rigalt.

2367 3341 2415 3407 (6
2474 3343 2625 3408 Major
2646 3342 2780 3398 abest
2802 3343 2956 3398 Rhea.

1963 3445 2522 3506 COMMENTARIUS.
2613 3469 2616 3474 ·

665 3568 819 3626 CAP.
843 3568 1043 3637 l.—(a)
1059 3568 1186 3637 Qua:
1211 3569 1382 3639 palam
1398 3581 1500 3622 non
1514 3565 1668 3639 vultis
1677 3565 1874 3620 audire.
1892 3563 2018 3619 Htrc
2028 3565 2190 3639 verba

597 3654 783 3710 aperte
814 3648 1078 3694 testantur
1097 3637 1288 3693 librum
1318 3640 1457 3710 hunc
1476 3638 1906 3710 supplicem‘uon
1935 3637 2188 3710 traditprn

605 3706 830 3768 fuissein
864 3725 1053 3764 manus
1070 3711 1339 3777 Scapulae,
1360 3709 1454 3764 sed
1482 3718 1689 3762 tantum
1723 3707 1964 3761 missum.
1990 3706 2065 3761 Le
2086 3707 2186 3762 Pa.

668 3782 821 3838 CAP.
843 3779 1069 3849 Il.——(b)
1091 3780 1195 3834 Sed
1216 3795 1304 3833 nec
1320 3781 1578 3850 religionis
1592 3787 1662 3832 est
1677 3793 1854 3848 cogere
1870 3777 2185 3850 religionem.

594 3854 736 3914 forte
768 3853 942 3907 locum
973 3847 1112 3905 hunc
1137 3847 1454 3920 detorqueat
1481 3851 1546 3904 ad
1574 3847 1844 3903 sectarum
1876 3847 2144 3920 licentiam
2169 3889 2186 3915 ,

594 3922 901 3987 annotanda
954 3922 1102 3976 venit
1143 3919 1392 3978 Auctoris
1444 3920 1708 3976 sententia
1757 3919 2070 3974 earumdem
2119 3920 2188 3976 li-

595 3995 792 4055 bertati
823 4007 1042 4063 prorsus
1073 3992 1340 4048 contraria
1369 3992 1520 4046 initio
1547 3991 1841 4061 Scorpiaci.
1863 3991 2009 4063 Plut.

675 4073 752 4139 (c)
783 4061 931 4122 Circa
967 4065 1282 4139 ngtaiestatem
1310 4063 1770 4139 Imperatoris.‘De
1797 4061 2022 4139 crimine
2053 4062 2196 4139 laesa:

598 4134 896 4211 majestatis
922 4137 1042 4192 vide
1069 4137 1130 4193 L.
1164 4138 1216 4211 in
1243 4134 1726 4211 quresiionibusD,
1754 4135 1820 4211 and
1855 4135 1958 4211 leg:
1997 4134 2196 4211 Iuliam

598 4203 815 4283 majest.
847 4219 899 4264 et
930 4219 1094 4265 totum
1128 4203 1277 4264 illuni
1307 4209 1514 4283 titulum
1542 4203 1914 4283 evolve.Citat_
1933 4205 2012 4283 La_
2025 4206 2197 4283 Cerda

597 4283 664 4343 L.
686 4279 1002 4353 Meminisse
1021 4323 1036 4345 ,
1070 4298 1188 4353 qua:
1218 4283 1286 4336 sit
1319 4281 1409 4335 illa
1436 4281 1519 4334 lex
1539 4279 1734 4334 docere
1760 4279 2070 4353 debuit:_l.e
2097 4280 2196 4337 Pa.

675 4356 792 4428 (d)
848 4352 1040 4410 Tamen
1088 4349 1352 4426 nunquam
1405 4353 1665 4428 .{ilbiniani
1693 4366 1853 4428 ,_nec
1929 4349 2194 4428 Nigriam'.

599 4423 856 4485 Claudius
903 4428 1168 4492 Albinus,
1212 4423 1277 4480 'ut
1327 4426 1514 4482 scribit
1567 4423 1905 4495 Spartianus.
1934 4423 2196 4480 adversus

599 4501 860 4560 Severum
892 4501 1017 4570 imp.
1053 4499 1330 4554 rebellavit
1356 4499 1408 4552 in
1436 4498 1630 4570 Gallia.
1662 4495 1846 4570 Victus
1871 4504 1954 4549 est
1977 4496 2066 4570 die
2099 4512 2198 4551 un-

601 4574 814 4630 decimo
850 4567 981 4627 Kal.
1011 4571 1225 4626 Martias
1247 4613 1262 4636 ,
1287 4569 1448 4640 apud
1498 4569 1800 4640 'l‘inurtium
1829 4585 1842 4621 :
1875 4576 1935 4640 et,
1965 4567 2196 4640 cadaver

601 4656 730 4702 ante
770 4645 990 4699 domum
1028 4644 1315 4714 propriam
1342 4638 1457 4714 iam
1501 4641 1749 4714 divisum,
1785 4639 1837 4693 in
1865 4638 2194 4714 _I{hodanum

603 4715 824 4774 ﬂuvium
854 4710 1245 4783 abjectum'est.
1275 4713 1388 4767 Non
1429 4711 1674 4767 dissimili
1717 4711 1824 4765 fato
1864 4710 2191 4783 Pescennius

603 4787 768 4859 Niger
823 4803 851 4840 a
905 4782 1140 4857 Syriacis
1194 4785 1492 4859 legionibus
1540 4785 1838 4859 imperator
1894 4782 2192 4859 appellatus

604 4853 792 4915 contra
831 4853 1088 4913 Severum
1112 4899 1126 4923 ,
1174 4853 1384 4911 tandem
1416 4854 1555 4926 apud
1596 4853 1853 4926 Cyzican
1891 4869 1918 4906 a

2289 3561 2444 3631 Quod
2485 3576 2663 3640 tamen
2699 3567 2753 3622 in
2779 3565 2940 3639 legib.
2980 3565 3312 3625 Francorum
3339 3580 3530 3626 severe
3554 3567 3882 3640 prohibitum

2291 3646 2521 3692 constat.
2548 3638 2726 3694 Rneu.
2842 3638 2850 3639 7
3557 3638 3572 3640 “

2368 3707 2434 3784 (l')
2453 3707 2840 3784 _Sacriﬁcamus
2866 3711 3121 3784 quomoda
3161 3713 3403 3784 prmepit
3434 3711 3589 3778 Deus,
3625 3729 3755 3782 pura
3776 3729 3892 3783 pre-

2291 3795 2367 3852 c_e.
2400 3779 2619 3850 Absque
2650 3783 2823 3847 thure,
2853 3779 3055 3852 absque
3083 3779 3319 3839 victima.
3343 3784 3431 3840 Sic
3460 3784 3552 3840 lib.
3584 3779 3652 3840 de
3679 3779 3894 3848 Ρωίιίιη

2293 3848 2586 3928 Pastum}:
2613 3863 2789 3928 patum
2812 3871 2944 3928 pura
2971 3848 3143 3921 noue,
3172 3855 3275 3911 hoc
3301 3867 3404 3925 est,
3455 3871 3608 3912 mero
3663 3871 3801 3928 pane
3842 3864 3898 3912 et

2296 3936 2454 3991 aqua.
2490 3923 2579 3979 Sic
2602 3923 2878 3980 Juvenalis
2907 3945 2919 3979 :

2454 3993 2732 4062 Observant
2759 3997 2841 4046 ubi
2862 3996 3156 4062 l‘estamero
3178 4000 3310 4062 pede
3336 3999 3534 4048 sabbata
3555 4011 3722 4062 reges.

2296 4053 2519 4134 Id_cst,
2581 4060 2724 4134 nudo
2772 4060 2928 4134 pede.
2995 4053 3196 4134 Itaque'
3229 4079 3360 4134 pura
3407 4077 3588 4132 prece,
3616 4053 3738 4116 ’Ῑιοο
3777 4068 3896 4126 est,

2299 4126 2414 4182 sola
2465 4138 2520 4182 ct
2569 4130 2712 4185 nuda
2755 4126 2998 4188 oratione
3031 4173 3047 4194 .
3094 4126 3175 4188 'de
3230 4126 3424 4189 inente'
3476 4126 3656 4187 sancta
3705 4140 3762 4188 et
3810 4133 3899 4187 in-
3948 4186 3958 4200 ,

2303 4201 2538 4276 nocenti.
2584 4201 2892 4276 Offerebam
2945 4212 3134 4276 gentes
3174 4204 3276 4276 diis
3334 4205 3503 4276 vanis
3537 4204 3768 4258 inanima
3802 4213 3900 4258 aut

2301 4269 2502 4336 bruta,
2567 4275 2721 4329 thura
2797 4284 2890 4329 aut
2947 4269 3134 4329 boves.
3219 4275 3506 4332 Christiani
3576 4276 3687 4330 Deo
3766 4290 3898 4330 vero

2301 4339 2533 4396 olferunt
2559 4345 2789 4400 animam
2821 4347 3159 4406 rationalem.
3187 4347 3371 4402 laudes
3400 4358 3455 4402 et
3480 4348 3676 4416 gratias
3704 4347 3897 4401 dicen-

2303 4424 2410 4489 tem
2453 4416 2585 4489 Deo.
2616 4417 2728 4472 Hoc
2751 4419 2950 4472 diserte
2971 4419 3201 4489 explicat
3238 4419 3602 4488 Athenagoras
3634 4419 3898 4487 legatione

2299 4488 2389 4543 illa
2431 4505 2530 4560 pro
2550 4488 2871 4544 Christianis
2932 4488 2998 4543 ad
3045 4488 3382 4543 Antoninum
3434 4499 3489 4544 et
3515 4489 3894 4552 Commodum,

2298 4563 2477 4616 citatis
2502 4561 2663 4615 etiam
2698 4561 2850 4616 Pauli
2879 4561 3059 4614 verbis
3079 4600 3094 4623 ,
3127 4562 3320 4629 quibus
3347 4561 3574 4614 hostiam
3599 4560 3856 4615 describit
3878 4601 3894 4624 ,

2299 4640 2462 4686 θυσίιν
2509 4639 2683 4704 {sint},
2724 4638 2883 4704 ἁγίαν,
2916 4638 3158 4703 εὖὰρεστον
3193 4651 3260 4704 τῷ
3299 4642 3404 4703 θεῳ,
3429 4643 3520 4690 τὴν
3571 4641 3758 4704 λογιιῧξ
3785 4641 3897 4704 :11.-

2218 4683 2273 4744 D
2300 4683 2456 4774 ea...
2490 4683 2634 4772 ὧιᾙυξ
2654 4683 2780 4773 ipsa
2795 4683 3166 4774 "t'e'riuttiinius
3194 4683 3259 4759 ἰιῖ
3279 4683 3643 4773 satagens;
3709 4683 3897 4768 Oli—cro

2295 4773 2518 4845 opimam
2546 4786 2591 4828 et
2617 4791 2865 4846 majorem
2893 4773 3265 4847 hostiantbeo,
3307 4792 3458 4847 quam
3483 4776 3590 4845 ipse
3615 4774 3894 4847 mandavit,

2000 4855 2192 4909 eodem
2292 4844 2572 4900 orationem
2594 4848 2656 4901 de
2685 4844 2837 4900 tame
2863 4847 3069 4915 pudica,
3097 4846 3160 4898 de
3182 4844 3352 4900 anima
3377 4844 3652 4912 innoeenli,
3681 4847 3743 4899 de
3773 4844 3897 4914 Spi-

607 4941 692 4986 est
718 4931 1086 4998 interemptus.
1113 4917 1186 4982 'At
1216 4928 1432 4981 Avidius
1455 4917 1702 4988 Cassius,
1729 4940 1794 4979 ex
1833 4925 2027 4998 tantilla
2058 4923 2192 4998 Czts-
2289 4919 2395 4998 [ξιιι
2434 4917 2630 4998 «Stricta
2659 4923 2963 4998 profectam;
3003 4917 3212 4998 _Et_l_ib.
3257 4917 3370 4998 IYL
3403 4931 3522 4985 cap.
3579 4919 3632 4976 l.
3673 4917 3894 4998 advers.

606 5004 808 5058 siorum
849 4995 960 5071 qui'
989 5000 1044 5054 in
1085 4999 1148 5071 (ζ.
1189 4999 1388 5056 Julinm
1428 4995 2006 5071 conspiraverant,_l..
2057 4996 2195 5052 Vero

609 5067 924 5146 imperatori
987 5069 1207 5146 insidias
1262 5072 1494 5135 struxit,
1549 5068 1760 5146 occisus
1813 5067 2032 5146 tandem
2086 5081 2197 5122 non

612 5138 826 5210 iubente
853 5145 964 5210 illo,
997 5143 1090 5198 sed
1119 5153 1295 5197 tamen
1321 5157 1427 5196 non
1457 5139 1835 5210 vetante.llinc
1858 5138 2193 5210 Albinianos,

660 5219 894 5288 igrianos
932 5209 989 5270 et.
1022 5213 1310 5288 Cassianos
1346 5221 1502 5288 vocat
1542 5209 1911 5288 il‘ertullianos‘
1945 5209 2200 5288 deiectio-

611 5280 740 5344 nuin
781 5289 1000 5343 istarum
1031 5286 1312 5350 conscios,
1345 5285 1422 5338 sic
1450 5285 1503 5337 in
1535 5282 1758 5353 Apolog.
1793 5280 1972 5347 Unde,
2003 5282 2194 5353 inquit,

611 5358 808 5424 Cassii,
861 5369 906 5414 et
962 5357 1150 5427 Nigri,
1206 5367 1251 5410 et
1301 5355 1516 5410 Albini?
1568 5353 1704 5410 unde
1754 5353 1843 5424 qui
1890 5354 2023 5408 inter
2071 5354 2201 5410 duas

611 5433 786 5490 lauros
815 5431 1043 5485 obsident
1070 5428 1363 5484 Carsarem?
1395 5427 1568 5481 Ituran.
1875 5495 1893 5497 _
1981 5496 1984 5497 ν
2069 5495 2075 5497 Α
2191 5495 2194 5497 Α

686 5503 762 5576 (e)
795 5502 901 5558 Sed
924 5502 1078 5576 iidem
1098 5501 1216 5570 ipsi,
1247 5500 1452 5576 quiper
1468 5500 1638 5576 genios
1661 5513 1855 5552 eorum.
1874 5495 1950 5576 Ita
1977 5496 2036 5576 in.
2053 5495 2200 5576 ApoA

613 5569 723 5647 Iog.
744 5569 918 5645 atque
949 5573 1085 5629 adeo
1110 5569 1307 5647 amnes
1327 5569 1403 5647 illi
1436 5569 1538 5625 sub
1565 5571 1678 5640 ipsa
1694 5584 1876 5647 usque
1913 5569 2202 5647 impietatis

615 5641 921 5716 eruptione,
954 5655 1009 5700 et
1027 5659 1180 5716 sacra
1209 5642 1600 5716 faciebantpro
1630 5641 2200 5716 salute__imperatoris,

617 5729 674 5774 et
697 5711 927 5774 Genium
953 5717 1069 5787 ejus
1087 5715 1426 5787 dejerabant,
1452 5711 1542 5767 alii
1571 5712 1719 5787 foris,
1749 5713 1850 5787 alii
1879 5713 2040 5787 intus.
2082 5711 2200 5767 Cre-

617 5797 796 5843 terum
823 5789 889 5843 ab
912 5783 1011 5842 hac
1041 5801 1136 5856 per
1157 5783 1346 5856 genios
1390 5783 1951 5856 Caesarumdejerandi
1975 5797 2203 5856 consue-

619 5858 825 5924 tudine,
854 5859 1010 5913 video
1038 5853 1218 5910 natum
1244 5867 1300 5910 ut
1322 5865 1504 5925 postea
1543 5853 1685 5923 apud
1714 5855 2036 5909 christianos
2060 5854 2205 5923 prin-

622 5927 770 5997 cipes
794 5942 889 5998 per
923 5928 1148 5986 salutem
1177 5924 1430 5997 regisaut
1457 5925 1746 5985 liberorum
1772 5924 1888 5995 eius
1914 5925 2202 5995 iuraretur.

2295 4989 2620 5044 Marcioneut
2647 4990 2714 5044 ad
2747 4987 2870 5044 illud
2915 4988 3234 5044 Malachiazz
3275 4987 3503 5053 Olfertur
3545 4989 3739 5042 nomini
3786 5003 3896 5040 meo

2298 5061 2487 5116 oblatio
2513 5063 2728 5125 munda,
2759 5061 2964 5115 scilicet
2990 5061 3218 5131 simplex
3259 5061 3432 5131 oratio
3468 5059 3536 5114 de
3562 5058 3895 5114 conscientia

2301 5147 2453 5200 pura.
2489 5133 2552 5187 Et
2587 5147 2704 5202 cap.
2728 5133 2784 5199 9,
2815 5130 3199 5186 hominemait
3234 5130 3429 5186 offerre
3474 5131 3672 5186 debere
3701 5141 3898 5184 munus

2303 5204 2416 5260 Deo
2445 5205 2582 5273 apud
2622 5206 2876 5275 templum
2900 5246 2916 5268 ,
2960 5205 3257 5258 orationem
3295 5202 3604 5275 scilicetmet
3621 5202 3896 5275 actionem

2302 5269 2592 5346 gratiarum
2620 5269 2758 5344 apud
2788 5275 3079 5332 Ecclesiatn
3099 5317 3116 5341 ,
3157 5291 3253 5346 per
3290 5273 3639 5346 CIlBlel‘UM
3677 5269 3899 5328 JESUM

2302 5345 2625 5404 eatltolicum
2646 5349 2818 5417 Patris
2835 5345 3191 5402 sacerdotem.
3215 5345 3468 5402 Minutius
3491 5345 3663 5411 Felix,
3687 5353 3902 5417 postea-

2343 5435 2462 5474 uam
2501 5421 2635 5475 dixit
2657 5415 2689 5488 ,7
2715 5420 2922 5474 delubra
2945 5426 2991 5472 et
3041 5435 3160 5472 aras
3206 5433 3308 5472 non
3340 5417 3582 5472 habemus
3603 5457 3620 5484 ,
3650 5415 3895 5488 addidit:

2343 5435 2462 5474 nam
2501 5435 2635 5475 amt
2657 5462 2674 5488 ,
2715 5435 2922 5474 aetuara
2945 5435 2991 5472 et
3041 5435 3160 5472 aras
3206 5435 3308 5472 non
3340 5435 3582 5472 navemus
3603 5457 3620 5484 ,
3650 5435 3895 5472 audiuit:

2302 5435 2540 5548 litabilis
2569 5493 2732 5547 hostia
2756 5492 2913 5546 bonus
2941 5491 3163 5557 animus,
3193 5499 3238 5545 et
3265 5505 3394 5561 pura
3424 5505 3565 5561 utens
3585 5529 3600 5553 ,
3630 5497 3677 5541 et
3701 5487 3905 5540 sincera

2304 5566 2571 5619 sententia.
2613 5563 2741 5618 ﬂa'c
2783 5573 2957 5618 nostra
2999 5559 3285 5631 sacriﬁcia,
3317 5562 3425 5614 hare
3460 5559 3555 5614 Dei
3583 5575 3729 5614 sacra
3756 5567 3897 5631 sunt.

2305 5636 2547 5707 Denique
2586 5635 2955 5707 Eucharistica
2983 5627 3165 5707 nostra
3192 5632 3383 5707 conjici
3412 5646 3545 5707 pura
3585 5645 3752 5707 prece
3783 5627 3904 5684 sive

2306 5699 2549 5763 oratione
2576 5708 2687 5763 sola
2715 5706 2957 5764 Justinus
2983 5705 3244 5763 adversus
3273 5699 3624 5775 Tryphonem
3650 5699 3900 5758 Judaeum

2307 5787 2552 5854 testatur.
2584 5778 2705 5854 Bia.
3063 5850 3128 5854 __
3256 5848 3284 5854 __
3361 5849 3372 5854 ,
3514 5846 3548 5854 ,,
3703 5843 3736 5854 ._
3809 5842 3863 5854 -.

2380 5851 2456 5924 (ε)
2512 5851 2697 5906 Oderis
2749 5860 2846 5924 aut
2893 5850 3153 5920 sanguinis
3213 5848 3450 5924 alicujus.
3507 5843 3744 5916 Opponit
3782 5843 3900 5924 ‘hic

2310 5913 2523 5995 precem
2555 5938 2743 5995 puram
2781 5921 2934 5984 odori
2972 5913 3066 5980 aut
3105 5913 3368 5993 sanguini.
3397 5919 3464 5977 Et
3500 5913 3628 5976 vero
3658 5929 3758 5976 nos
3781 5913 3902 5974 Deo
