4252 6270
557 269 665 330 705

1579 262 2045 326 TERTULLIANI
2088 265 2294 326 LIBER
2333 270 2426 328 AD
2463 271 2857 332 SCAPULAM.

3757 275 3863 338 70‘

561 395 643 443 tra
700 383 952 442 mandata
996 381 1223 452 faciatiS.
1263 389 1322 439 ut
1365 381 1642 445 confessos
1686 397 1885 454 negare
1927 381 2150 453 οοεςθιῐεο
2181 384 2236 447 Α
2259 388 2641 452 adulteramus.
2675 389 2905 462 pupillos
2925 388 3013 460 pie
3049 396 3363 455 tractamus,
3386 385 3748 458 indigentibus
3775 408 3862 451 re-

561 481 714 538 Adeo
735 477 1070 536 conﬁtemini
1101 478 1416 534 innocentes
1440 490 1564 534 esse
1588 490 1711 544 nos,
1732 490 1871 549 quos
1895 475 2160 532 damnare

560 573 744 629 statim
773 587 841 628 ex
869 569 1204 626 confessione
1247 585 1353 625 non
1399 569 1581 626 vultis.
1624 569 1683 626 Si
1725 580 1903 624 autem
1932 577 2159 624 conten-

560 664 688 722 ditis
733 663 802 718 ad
844 661 1126 719 elidendos
1174 677 1272 718 nos
1311 661 1415 733 (l),
1457 661 1561 731 iam
1623 676 1752 734 ergo
1801 660 2161 717 innocentiam

565 755 905 826 expugnatis.
937 753 1131 822 Quanti
1171 764 1350 810 autem
1392 754 1671 826 praesides.
1701 763 1754 809 et
1771 753 2165 810 constantiores

565 859 622 907 et
638 848 989 914 crudeliores,
1005 847 1476 905 dissimulaverunt
1501 848 1570 904 ab
1597 846 1902 918 huiusmodi
1931 847 2159 903 caussis!

561 953 622 1001 ut
651 942 875 999 Cincius
909 941 1160 1010 Severus,
1207 942 1294 1013 qui
1342 941 1558 1014 Thystri
1615 942 1693 1014 (2)
1735 943 1851 1012 ipse
1898 939 2047 996 dedit
2072 954 2165 995 re-

563 1037 798 1094 medium
830 1034 930 1108 (a),
955 1035 1223 1106 quomodo
1249 1036 1638 1106 responderent
1658 1036 1960 1102 christiani,
1987 1043 2046 1089 ut
2076 1033 2162 1089 di-

563 1129 704 1185 mitti
735 1136 990 1198 possent;
1019 1137 1077 1182 ut
1100 1126 1430 1198 Vcspronius
1452 1127 1744 1194 Candidus,
1778 1129 1866 1199 qui
1913 1125 2166 1182 christia-

565 1235 692 1275 num
721 1218 873 1290 quasi
892 1218 1276 1274 tumultuosum
1299 1219 1503 1274 civibus
1521 1220 1633 1275 suis
1653 1219 1964 1274 satisfacere
1985 1217 2061 1290 (b)
2083 1217 2166 1272 di-

565 1310 838 1375 misit;ut
889 1311 1106 1379 Asper,
1157 1310 1246 1380 qui
1299 1310 1509 1365 modice
1561 1319 1809 1366 vexatum
1865 1310 2160 1376 hominem,

565 1413 620 1461 ct
645 1404 825 1459 statim
877 1402 1168 1474 dejectum,
1220 1418 1321 1460 nee
1377 1404 1698 1458 sacriﬁcium
1767 1403 2024 1474 compulit
2089 1399 2169 1456 fa-

566 1513 712 1566 cere,
739 1508 864 1554 ante
894 1497 1166 1568 professus
1212 1499 1350 1553 inter
1394 1498 1685 1554 advocatos
1727 1507 1782 1552 et
1820 1498 2160 1562 adsessores,

565 1590 754 1646 dolere
801 1605 862 1646 se
906 1576 1158 1645 incidisse
1214 1592 1267 1646 in
1315 1591 1455 1646 hanc
1515 1606 1759 1646 caussam
1802 1591 1904 1662 (5).
1951 1588 2169 1645 Pudens

568 1683 729 1738 etiam
771 1683 994 1738 missum
1028 1683 1093 1737 ad
1129 1698 1188 1738 se
1235 1685 1586 1740 christianum
1627 1685 1680 1740 in
1726 1685 1902 1756 elogio
1931 1696 2159 1740 concus-

567 1778 720 1832 sione
742 1777 857 1845 ejus
883 1776 1147 1831 intellecta
1196 1776 1269 1848 (c)
1303 1777 1523 1845 dimisit,
1552 1778 1721 1833 scisso
1756 1782 1945 1834 eodem
1975 1777 2174 1848 elogio,

2261 481 2611 553 frigeramus,
2653 482 2783 538 nulli
2826 485 3026 540 malum
3053 499 3152 555 pro
3183 485 3330 540 malo
3367 485 3665 542 reddimus.
3701 486 3857 545 Vide-

2265 577 2395 660 rint,
2422 576 2512 648 qui
2543 586 2745 633 sectam
2774 579 3128 644 mentiuntur,
3151 592 3288 649 quos
3313 586 3369 634 et
3387 577 3489 650 ipsi
3521 594 3857 637 recusamus.

2267 668 2398 737 Quis
2436 669 2668 740 denique
2713 669 2782 726 de
2826 670 2982 726 nobis
3020 671 3127 726 alio
3167 671 3386 727 nomine
3427 672 3672 742 queritur
3695 673 3862 745 (12)?

2270 763 2410 836 quod
2458 763 2602 818 aliud
2655 764 2927 834 negotium
2968 763 3168 835 patitur
3209 763 3568 832 christianos,
3601 765 3706 821 nisi
3751 782 3866 822 sum

2272 856 2468 912 sectae?
2493 871 2655 928 quam
2702 857 2963 913 incestam
2985 897 3000 923 ,
3028 871 3187 927 quam
3217 855 3488 912 crudelem
3508 899 3524 924 ,
3549 865 3700 913 tanto
3729 867 3867 914 tem-

2269 964 2402 1022 pore
2425 964 2583 1006 nemo
2612 949 2879 1020 probavit.
2914 943 3028 1005 Pro
3062 957 3207 1003 tanta
3237 949 3561 1015 innocentia,
3594 964 3694 1020 pro
3719 957 3868 1006 tanta

2268 1042 2536 1114 probitate
2561 1083 2576 1107 ,
2610 1057 2708 1112 pro
2734 1041 2937 1110 justitia
2961 1083 2976 1110 ,
3017 1056 3113 1110 pro
3139 1041 3395 1112 pudicitia
3421 1082 3436 1109 ,
3460 1056 3560 1111 pro
3588 1040 3698 1098 ﬁde
3724 1083 3738 1108 ,
3768 1057 3869 1112 pro

2268 1135 2516 1201 veritate,
2550 1150 2646 1205 pro
2675 1135 2785 1189 Deo
2829 1135 2970 1199 vivo,
3000 1149 3338 1196 eremamur;
3363 1133 3506 1205 quod
3549 1149 3650 1190 nec
3699 1136 3869 1190 sacri-

2268 1229 2394 1300 legi,
2421 1243 2522 1284 nec
2540 1231 2720 1284 hostes
2747 1227 3157 1297 publici,vcrnm
3183 1227 3301 1298 (15)
3333 1241 3434 1282 nec
3461 1235 3541 1282 tot
3573 1227 3871 1298 majestatis

2271 1323 2352 1378 rei
2377 1322 2484 1392 pati
2515 1321 2711 1376 solent.
2737 1320 2870 1376 Nam
2901 1329 2956 1376 et
2980 1335 3121 1374 nunc
3148 1335 3174 1372 a
3201 1318 3434 1391 praeside
3473 1317 3695 1390 legionis
3717 1359 3733 1382 ,
3762 1330 3816 1375 et
3838 1335 3871 1375 a

2278 1414 2507 1486 praeside
2543 1414 2873 1468 Mauritania:
2898 1422 3122 1468 vexatur
3149 1411 3252 1467 hoc
3281 1427 3501 1478 nomen,
3542 1411 3636 1468 sed
3689 1412 3871 1482 gladio

2277 1518 2456 1578 tenus,
2481 1509 2619 1565 sicut
2644 1517 2699 1564 et
2722 1524 2754 1564 a
2778 1508 3071 1579 primordio
3088 1505 3398 1562 mandatum
3420 1515 3504 1561 est
3523 1505 3872 1561 animadverti

2277 1602 2335 1657 in
2364 1599 2692 1672 hujusmodi.
2712 1599 2821 1657 Sed
2845 1599 3050 1672 majora
3072 1600 3392 1666 certamina,
3414 1595 3621 1669 majora
3645 1612 3874 1670 sequun-

2277 1703 2367 1752 tur
2391 1697 2637 1766 prmmia.

2928 1784 3157 1842 CAPUT
3194 1783 3264 1840 V.
3363 1785 3369 1791 ”

545 1870 687 1926 .sinc
709 1878 1021 1924 accusatore
1041 1885 1242 1940 negans
1265 1886 1324 1926 se
1351 1871 1656 1927 auditurum
1684 1872 1958 1927 hominem
1975 1885 2167 1925 secun-
2197 1843 2246 1905 Β
2346 1879 2646 1937 Crudelitas
2701 1887 2880 1936 vestra
2940 1878 3109 1950 gloria
3178 1886 3263 1932 es:
3330 1883 3537 1932 nostra.
3580 1874 3718 1932 vide
3755 1884 3877 1932 ian-

569 1964 695 2020 dum
739 1965 1044 2019 mandatum
1096 1964 1196 2037 (4).
1250 1965 1374 2020 llmc
1419 1967 1600 2020 omnia
1646 1966 1738 2020 tibi
1795 1974 1847 2020 et
1887 1964 1955 2020 de
1982 1963 2163 2019 ofﬁcio

569 2058 781 2129 suggeri
828 2067 1086 2128 possunt,
1124 2067 1178 2113 ct
1221 2060 1289 2114 ab
1331 2060 1536 2115 eisdem
1593 2059 1864 2115 advocatis
1907 2057 2046 2130 (5),
2079 2057 2171 2128 qui

571 2152 672 2223 ipsi
705 2152 958 2208 beneﬁcia
988 2153 1186 2208 habent
1209 2153 1655 2222 Christianorum,
1685 2155 1810 2210 licet
1846 2153 2167 2218 acelament,

573 2261 694 2316 qua)
719 2245 905 2300 volunt
955 2244 1053 2318 (6).
1092 2245 1225 2300 Nam
1270 2254 1326 2301 et
1369 2245 1645 2316 cujusdam
1693 2246 1933 2300 notarius
1985 2259 2107 2299 cum
2139 2258 2172 2298 a

575 2339 822 2395 dmmone
843 2339 1286 2410 prmcipitaretur,
1304 2339 1559 2396 liberatus
1587 2348 1701 2396 est:
1732 2348 1786 2396 et
1811 2338 2168 2412 quorumdam

576 2433 906 2510 pr0pinquus
949 2442 1002 2487 et
1044 2431 1331 2502 puerulus,
1359 2443 1410 2486 et
1447 2432 1633 2502 quanti
1678 2432 1890 2488 honesti
1919 2426 2019 2486 viri
2058 2429 2173 2502 (de

576 2525 884 2595 vulgaribus
931 2524 1075 2580 enim
1119 2539 1226 2578 non
1270 2523 1715 2588 dicimus)auta
1746 2523 2032 2580 daemoniis
2079 2531 2173 2577 aut

578 2617 972 2674 valetudinibus
998 2615 1278 2673 remediati
1309 2619 1466 2672 sunt!
1499 2616 1616 2687 Ipse
1644 2617 1806 2673 etiam
1832 2617 2062 2685 Severus
2081 2630 2175 2686 pa-

480 2736 494 2746 ~
581 2724 663 2769 ter
709 2711 1001 2776 Antonini,
1047 2711 1470 2766 Christianorum
1521 2727 1727 2768 memor
1775 2710 1892 2766 fuit.
1944 2711 2077 2766 Nam
2120 2717 2177 2765 et

583 2789 866 2860 Proculum
894 2803 1248 2858 chriStianum
1280 2804 1374 2874 qui
1414 2803 1716 2873 Torpacion
1758 2803 2179 2874 cognominaba-

584 2905 692 2964 tur,
721 2894 991 2950 Euhodea:
1026 2897 1106 2966 (7)
1146 2904 1582 2966 procuratorem,
1604 2896 1692 2966 qui
1720 2911 1842 2950 eum
1879 2911 1976 2967 per
2001 2895 2178 2950 oleum

584 2986 870 3058 aliquando
883 2995 1184 3055 curaverat,
1206 2987 1503 3058 requisivit,
1521 2997 1574 3042 et
1589 2987 1641 3041 in
1661 2987 1856 3057 palatio
1879 3002 1976 3042 suo
1997 2986 2184 3042 habuit

585 3094 755 3150 usque
792 3078 858 3134 ad
902 3088 1129 3134 mortem
1159 3079 1495 3151 ejus:quem
1541 3089 1597 3136 et
1639 3080 1943 3134 Antoninus
1981 3081 2185 3151 optime

2275 1980 2388 2028 tum
2447 1988 2514 2027 ne
2566 1971 2668 2027 hoc
2707 1972 2862 2042 ipso,
2927 1970 3069 2041 quod
3115 1970 3240 2025 talia
3272 1968 3630 2034 sustinemus,
3661 1967 3730 2024 ad
3778 1969 3881 2024 hoc

2276 2069 2452 2123 solum
2505 2065 2787 2122 videamur
2827 2078 3131 2134 erumpere,
3175 2071 3230 2117 ut
3287 2062 3392 2116 hoc
3450 2061 3627 2132 ipsum
3685 2060 3878 2132 probe-

2279 2175 2422 2227 mus,
2456 2174 2558 2216 nos
2603 2159 2721 2215 hare
2749 2173 2856 2214 non
2889 2158 3104 2223 timere,
3136 2155 3232 2211 sed
3272 2154 3412 2210 ultro
3437 2168 3656 2211 vocare.
3690 2153 3880 2209 Arrius

2279 2253 2584 2310 Antoninus
2634 2251 2688 2306 in
2742 2252 2866 2306 Asia
2924 2265 3046 2305 cum
3106 2255 3521 2318 persequeretur
3577 2246 3875 2312 instanter,

2277 2361 2468 2404 omnes
2516 2345 2657 2401 illius
2704 2345 2939 2400 civitatis
2981 2342 3261 2399 christiani
3297 2351 3423 2398 ante
3450 2340 3734 2397 tribunalia
3763 2339 3880 2411 ejus

2278 2458 2338 2500 se
2385 2457 2546 2498 manu
2591 2441 2725 2495 facta
2776 2439 3129 2506 obtulerunt,
3180 2452 3301 2493 cum
3355 2434 3471 2509 (14)
3529 2435 3638 2503 ille,
3697 2435 3882 2506 paucis

2277 2535 2398 2593 duci
2424 2535 2612 2607 jussis,
2639 2532 2859 2604 reliquis
2903 2531 3016 2598 ait,
3048 2535 3085 2584 ὧ
3134 2535 3302 2595 δεῖλοι,
3359 2534 3402 2583 εἴ
3463 2536 3611 2584 θέλετε
3637 2533 3882 2581 eirea-12'0-

2280 2657 2403 2698 κείν,
2427 2637 2658 2702 κρημνοὺς
2688 2635 2718 2688 ἢ
2744 2631 2948 2700 βρόχους
2987 2634 3119 2696 ἔχετε
3167 2625 3266 2696 (d).
3309 2623 3419 2678 Hoc
3445 2620 3491 2677 si
3520 2619 3773 2692 placuerit
3823 2628 3883 2674 et

2282 2723 2371 2780 hic
2413 2721 2551 2788 ﬁeri,
2593 2719 2720 2790 quid
2771 2719 2936 2774 facies
2982 2718 3051 2774 de
3093 2717 3256 2773 tantis
3285 2713 3517 2770 millibus
3567 2711 3880 2775 hominum,

2282 2825 2362 2871 tot
2379 2814 2510 2870 viris
2535 2827 2597 2868 ac
2619 2811 2872 2877 faeminis,
2897 2811 3075 2865 omnis
3094 2806 3458 2872 sexus,omnis
3480 2805 3675 2868 tetatis.
3698 2803 3887 2860 omnis

2283 2905 2599 2978 dignitatis,
2649 2901 2998 2958 oﬁerentibus
3053 2914 3114 2956 se
3163 2898 3309 2954 tibi?
3361 2897 3588 2966 Quantis
3643 2894 3882 2967 ignibus,

2284 2998 2500 3072 quantis
2519 2995 2712 3068 gladiis
2731 3011 2865 3066 opus
2891 2995 3030 3050 erit!
3064 2993 3190 3064 quid
3218 2993 3331 3063 ipsa
3375 2991 3644 3061 Carthago
3665 3003 3886 3066 passura

2287 3102 2392 3159 est,
2443 3089 2762 3146 decimanda
2810 3105 2839 3142 a
2899 3096 2996 3156 te,
3026 3101 3150 3142 cum
3205 3085 3560 3158 propinquos,
3589 3098 3711 3139 cum
3760 3097 3890 3138 con-
3961 3107 3972 3120 -

585 3185 807 3232 noverat
845 3175 984 3230 lacte
1007 3173 1304 3231 christiano
1330 3175 1587 3230 educatus
1639 3172 1743 3246 (8).
1786 3173 1894 3230 Sed
1920 3175 2179 3230 etelaris-
2204 3203 2250 3268 Ο
2289 3182 2602 3240 mbernales
2626 3195 2753 3236 suos
2793 3180 2906 3236 illic
2952 3179 3317 3250 unusquisque
3365 3176 3717 3248 cognoverit,
3763 3189 3886 3231 cum

587 3265 751 3322 simas
800 3265 1046 3322 fmminas
1094 3275 1148 3322 et
1182 3266 1516 3322 clarissimos
1553 3266 1700 3322 viros
1743 3265 1976 3323 Severus
2004 3266 2181 3323 sciens

589 3358 748 3430 hujus
774 3368 940 3415 secta:
965 3374 1107 3425 esse,
1135 3354 1241 3415 non
1266 3357 1427 3414 modo
1468 3374 1576 3415 non
1603 3358 1760 3425 laesit,
1790 3374 1980 3414 verum
2012 3367 2068 3415 et
2105 3370 2186 3415 te-

590 3450 845 3506 stimonio
887 3450 1200 3518 exornavit,
1239 3461 1296 3507 et
1329 3451 1524 3524 populo
1565 3450 1760 3507 furenti
1792 3452 1844 3508 in
1881 3469 1982 3508 nos
2008 3452 2186 3523 palam

595 3542 811 3598 restitit.
879 3542 1096 3600 Marcus
1178 3559 1398 3616 quoque
1455 3545 1710 3616 Aurelius
1762 3544 1817 3600 in
1866 3545 2189 3602 Germanica

592 3634 936 3704 expeditione
978 3635 1396 3692 Christianorum
1455 3636 1687 3691 militum
1733 3637 2068 3693 orationibus
2117 3639 2188 3694 ad

595 3726 764 3782 Deum
809 3726 998 3795 factis,
1041 3729 1243 3784 imbres
1285 3730 1338 3785 in
1376 3730 1464 3785 siti
1493 3730 1581 3785 illa
1612 3731 1934 3802 impetravit.
1966 3733 2192 3799 Quando

595 3835 701 3877 non
733 3821 1214 3894 geniculationibus
1238 3833 1292 3878 et
1329 3823 1750 3893 jejunatiouibus
1795 3826 1995 3882 nostris
2033 3827 2194 3882 etiam

596 3916 865 3972 siccitates
900 3925 1026 3970 sunt
1060 3915 1334 3987 depulszn?
1355 3917 1504 3972 Tunc
1529 3927 1583 3973 et
1610 3919 1838 3989 populus
1892 3921 2196 3978 acclamans

598 4007 709 4065 Deo
734 4009 942 4064 deorum
965 4007 1066 4083 (9),
1087 4011 1174 4080 qui
1203 4010 1343 4065 solus
1375 4020 1551 4080 potens
1579 4011 1712 4085 (10'),
1745 4014 1796 4068 in
1837 4014 1985 4071 Jovis
2017 4017 2196 4072 nomi-

597 4118 668 4158 ne
695 4102 806 4158 Deo
848 4110 1034 4157 nostro
1089 4101 1455 4158 tcsﬁmonium
1514 4103 1765 4161 reddidit.
1817 4106 2024 4164 Prmter
2081 4110 2200 4182 (li)

600 4194 717 4250 haec
744 4195 1048 4268 depositum
1071 4211 1177 4252 non
1200 4194 1551 4268 abnegamus,
1581 4199 1981 4258 matrimonium
2005 4204 2202 4264 nullius

662 4474 733 4542 (ί)
771 4470 1037 4542 Eligendos
1049 4467 1229 4542 .Rigalt.

688 4537 738 4599 2)
771 4537 978 4603 Bhysdri
1004 4537 1108 4603 (τῆς.

663 4540 739 4720 ἔξ)
771 4540 1108 4671 ῧὲἴὲἓὲαὲἷέἒ
1130 4595 1285 4648 Rh...

689 4664 739 4720 4)
772 4660 1034 4712 Hominem
1051 4662 1182 4710 abest
1206 4658 1285 4709 Illa

689 4658 739 4724 4')
772 4660 1034 4712 Hominem
1051 4662 1182 4710 abest
1206 4658 1356 4724 Rhea.

777 4724 1008 4798 Ejusdem
1029 4725 1150 4772 Jun.
1175 4735 1201 4771 e
1235 4719 1394 4773 Vatic.

690 4787 722 4834 6
774 4786 837 4850 Lt
855 4784 1226 4850 additurgn‘hen.
1252 4845 1290 4850 _
1327 4846 1338 4850 _

669 4791 741 4850 (6)
774 4791 837 4836 Et
855 4791 1056 4836 additur
1081 4791 1226 4835 Rhen.

669 4850 743 4918 _('_l)
779 4847 924 4898 Rhcn.
948 4846 1229 4918 conjicietgat
1252 4845 1486 4918 Euboeae
1517 4845 1591 4918 _In
1611 4846 1760 4918 veteri
1783 4846 1932 4918 .Cod;
1960 4849 2197 4918 Euhodae.

607 4908 826 4980 git/neas
847 4908 1115 4980 mandavi!
1138 4909 1308 4980 Enodi.
1327 4910 1454 4980 qt_10d
1479 4908 1635 4980 piacet
1656 4909 1875 4980 itigaitio.
1903 4913 2046 4980 Idem
2069 4920 2202 4968 notat

609 4973 916 5040 Scaligcrum
938 4970 990 5023 in
1010 4970 1255 5024 aniinadv.
1275 4972 1327 5022 in
1339 4970 1609 5023 Eusebium
1631 4970 1892 5038 (le/Endere
1932 4975 2198 5029 lectionem.

2286 3277 2480 3334 viderit
2523 3277 2631 3332 illic
2679 3275 2906 3330 fortasse
2961 3282 3014 3330 et
3086 3271 3160 3328 tui
3220 3270 3426 3327 ordinis
3474 3270 3623 3326 viros
3665 3277 3722 3325 et
3775 3281 3891 3323 ma-

2292 3383 2510 3438 tronas,
2539 3380 2596 3426 et
2644 3367 2973 3438 principales
3028 3380 3268 3437 quasque
3317 3378 3610 3435 personas,
3657 3369 3712 3417 et
3747 3359 3888 3415 ami-

2291 3480 2478 3525 corum
2509 3471 2722 3518 tuorum
2754 3462 2835 3516 vel
2863 3460 3192 3532 propinquos
3211 3457 3297 3514 vel
3323 3455 3551 3512 amicos?
3569 3455 3734 3511 Parce
3752 3467 3886 3526 ergo

2293 3558 2409 3626 tibi,
2437 3559 2482 3613 si
2508 3571 2615 3611 non
2640 3554 2816 3620 nobis,
2850 3568 3007 3625 parce
3027 3550 3357 3622 Carthagini,
3390 3550 3437 3605 si
3463 3563 3571 3604 non
3595 3547 3707 3612 tibi,
3729 3561 3888 3617 parce

2292 3652 2606 3726 provincire,
2628 3665 2748 3722 qua:
2772 3649 2886 3702 visa
2914 3646 3209 3703 intentione
3239 3655 3324 3701 tua
3351 3643 3583 3699 obnoxia
3631 3641 3771 3698 facta
3806 3647 3896 3696 est

2297 3744 2740 3802 concussionibus
2770 3752 2825 3798 et
2849 3741 3078 3796 militum
3104 3747 3158 3794 et
3189 3737 3530 3794 inimicorum
3556 3749 3778 3790 suorum
3803 3748 3897 3789 cu-

2294 3840 2510 3910 jusque.
2540 3836 2851 3907 Magistrum
2880 3834 3148 3889 neminem
3182 3830 3466 3895 habemus,
3487 3828 3590 3884 nisi
3616 3828 3783 3884 Deum
3807 3841 3894 3882 so-

2299 3933 2433 3987 lum.
2461 3931 2560 3986 Hic
2586 3935 2711 3983 ante
2741 3937 2792 3982 te
2817 3935 2932 3992 est,
2977 3940 3078 3982 nec
3121 3921 3376 3979 abscondi
3417 3929 3626 3994 potest,
3671 3917 3766 3975 sed
3807 3919 3897 3974 cui

2302 4021 2434 4078 nihil
2476 4020 2654 4076 facere
2697 4017 2895 4088 possis.
2927 4016 3193 4072 Caeterum
3239 4027 3374 4082 quos
3404 4020 3558 4084 putas
3599 4010 3693 4066 tibi
3724 4009 3896 4080 magi-

2303 4124 2464 4182 stros,
2495 4111 2740 4168 homines
2766 4117 2891 4164 sunt
2909 4107 3084 4177 etipsi
3123 4105 3367 4162 morituri
3409 4103 3749 4175 quandoque.
3788 4102 3901 4158 Neo

2305 4219 2484 4266 tamen
2509 4205 2724 4264 deﬁciet
2758 4203 2876 4261 h:cc
2926 4211 3072 4261 secta
3097 4244 3110 4269 ,
3141 4217 3300 4274 quam
3345 4209 3471 4257 tunc
3514 4198 3684 4271 magis
3733 4197 3905 4256 aediﬁ-

1833 4357 2214 4422 LECTIONES
2250 4360 2667 4422 VARIANTES.

2302 4479 2520 4533 Euodiae.

2222 4531 2277 4592 D
2302 4523 2686 4605 "(BS-Ravenna
2736 4523 3018 4587 christianis
3062 4533 3326 4588 educatum
3381 4531 3505 4588 Cod.
3563 4532 3887 4588 Divionensts.

2303 4603 2593 4661 christiano,
2616 4603 2742 4650 Par.

2370 4666 2441 4730 (9)
2475 4665 2538 4730 Et
2552 4659 2761 4730 _¢_ig1ditur
2785 4659 2934 4713 Rhen.

2369 4723 2475 4790 (10)
2499 4723 2603 4777 Alii
2629 4733 2787 4788 potes.

2395 4784 2472 4856 ll)
2507 4784 2720 4856 Propter
2743 4784 2891 4856 Rhea.

2393 4844 2472 4916 12)
2502 4844 2757 4918 Quia-itur
2781 4844 2952 4912 Rigalt.
3040 4909 3064 4918 _
3109 4906 3140 4918 Δ,

2365 4909 2470 4980 (15)
2501 4909 2906 4980 Eubiiciivernm
2923 4919 3017 4962 nec
3035 4909 3191 4961 Latin.

2370 4975 2475 5043 (14)
2507 4977 2635 5028 Tum
2667 4975 2879 5028 Rhenan.

1970 5101 2532 5164 COMMENTARIUS.

677 5222 832 5279 CAP.
856 5219 1022 5306 ινδ-
1136 5217 1234 5287 Qui
1249 5215 1577 5290 Thystriipse
1597 5216 1753 5300 dedit.
1770 5216 2106 5302 Coontrarium
2123 5220 2204 5275 vi-

677 5304 774 5346 :tur
796 5308 1018 5346 omnino
1058 5305 1201 5346 uisse
1227 5289 1569 5345 observatum
1589 5307 1600 5342 :
1619 5305 1710 5346 aut
1736 5304 1879 5346 emm
1910 5307 2060 5346 reum
2085 5307 2204 5346 ner-

615 5295 774 5352 detur
796 5292 1018 5349 omnino
1036 5289 1201 5346 fuisse
1227 5289 1569 5362 observatum
1589 5307 1600 5342 :
1619 5290 1710 5362 qui
1736 5291 1879 5346 enim
1910 5307 2060 5347 reum
2085 5307 2207 5362 per-

615 5365 1060 5429 ditumvolebant,
1084 5361 1333 5417 omnibus
1363 5361 1514 5416 illum
1537 5361 1710 5432 modis
1725 5371 1884 5432 atque
1908 5361 2134 5424 artibus.
2153 5372 2210 5420 et

615 5438 823 5494 crebris
849 5433 1429 5504 interrogationibusin
1451 5431 1697 5487 fraudem
1731 5433 2072 5490 inducebant.
2105 5436 2210 5490 Pa-

617 5511 809 5639 Eclitlts
858 5507 984 5580 legit
1025 5506 1232 5572 Tiristi,
1282 5504 1366 5562 vel
1420 5504 1622 5568 Tiristi;
1655 5504 1730 5560 La
1760 5506 1930 5563 Cerda
1960 5506 2210 5565 Thristri.

665 5597 696 5636 ε
795 5596 848 5636 n.

665 5597 696 5636 Β
751 5596 848 5636 I’R.

688 5650 770 5722 (h)
817 5650 976 5718 Quasi
1002 5649 1367 5722 ninialtaosum
1395 5647 1585 5704 civibus
1603 5649 1708 5722 suis
1733 5649 2046 5722 satisfacere.
2077 5649 2211 5707 Ves-

617 5719 841 5845 Kronius
868 5723 958 5776 ille
995 5719 1265 5775 Candidus
1289 5721 1437 5775 cives
1475 5735 1608 5775 suos
1627 5719 1981 5779 christianum
2018 5738 2210 5793 quem-

659 5807 745 5845 am
772 5792 842 5845 ad
892 5801 1121 5845 mortem
1151 5789 1505 5845 denoseentcs
1548 5791 1849 5845 admonuit.
1889 5809 1953 5845 se
1990 5793 2207 5845 quidem

659 5807 745 5863 am
772 5792 842 5846 ad
892 5801 1121 5846 mortem
1151 5789 1505 5863 deposcentes
1548 5791 1849 5863 admonuit,
1889 5809 1953 5849 se
1990 5789 2207 5863 quidem

624 5851 856 5916 libenter
897 5873 1085 5916 eorum
1106 5851 1245 5916 votis
1270 5858 1688 5930 satisfacturum,
1723 5851 1962 5926 sed'rem
2004 5851 2230 5924 civitati

2308 5221 2688 5280 tumultuosam
2714 5217 3018 5290 providere.
3047 5216 3168 5274 me.

2382 5293 2462 5365 (c)
2519 5285 2869 5365 Concussione
2917 5291 3027 5365 ejus
3071 5285 3532 5365 intellecta.___ll_oc
3571 5295 3682 5352 est.
3746 5303 3909 5347 vexa-

2314 5357 2484 5420 tione.
2516 5363 2636 5434 Ipse
2674 5361 2833 5434 infra,
2864 5357 3147 5434 subﬁnem
3168 5359 3326 5430 hujus
3350 5357 3514 5434 libelli
3543 5375 3752 5434 τωρ-οε
3778 5376 3907 5432 pro.

2315 5430 2698 5505 vincim,'quae
2739 5433 2851 5489 visa
2902 5432 3197 5505 intentione
3243 5431 3618 5505 tua._ohnoxia
3649 5430 3791 5486 facta
3822 5441 3912 5490 est

2318 5501 2795 5567 concussionibus,
2835 5511 2890 5560 et
2933 5503 3164 5559 militum
3211 5510 3270 5558 et
3306 5501 3644 5558 inimicorum
3682 5517 3908 5559 suorum

2319 5581 2598 5650 cujusque.
2643 5574 2771 5650 lito.
2799 5605 2872 5616 —
2895 5573 3188 5650 Concussio
3238 5581 3323 5630 est
3369 5573 3594 5631 subdola
3631 5575 3904 5650 accusatio

2318 5644 2543 5707 furentis
2568 5647 2847 5719 cujusdam
2869 5644 3190 5719 Anebulonis
3212 5683 3230 5714 ,
3282 5659 3390 5701 non
3437 5652 3619 5702 autem
3667 5645 3907 5718 legitima

2315 5723 2516 5776 actoris
2540 5717 2733 5774 oratio.
2759 5718 2840 5773 Le
2867 5717 2966 5773 Pn.

2383 5789 2836 5862 CAP.V.—-(d)a
2867 5793 3035 5862 eain,
3053 5816 3102 5844 κ.
3128 5816 3173 5862 τ.
3206 5793 3251 5843 λ.
3279 5787 3395 5862 Hoc
3415 5797 3499 5846 est
3525 5787 3622 5862 ;_0
3647 5788 3838 5856 miseri,
3861 5789 3912 5846 si

2314 5864 2446 5920 mori
2468 5863 2644 5934 vultis,
2665 5860 2952 5932 praecipitia
2979 5861 3171 5918 habetis
3194 5870 3243 5917 et
3269 5860 3494 5932 laqueos.
3522 5860 3654 5919 Enn.
