4252 6270
387 346 499 410 705

919 361 989 422 IN
1042 364 1514 434 TERTULLIANI
1564 377 2097 451 APOLOGETICUM
2142 395 2589 464 DISSERTATIO
2627 409 2690 465 D.
2729 410 2818 470 LE
2855 412 3161 479 NOURRY.

386 469 498 523 cari
527 469 700 538 scias,
731 485 853 530 cum
893 477 1027 535 cadi
1055 481 1285 542 videtur.
1317 488 1554 564 Quisque
1589 498 1732 554 enim
1772 511 1972 562 tantam
2001 516 2055 577 Α
2079 525 2171 567 sus

385 559 721 619 tolerantiam
754 578 1006 638 spectans
1031 573 1137 648 (t),
1166 587 1224 635 ut
1251 579 1431 654 aliquo
1465 559 1720 659 scrupulo
1755 607 1973 664 percus-

3573 415 3694 495 706'

2208 514 2308 588 (2),
2335 527 2389 574 et
2415 519 2685 592 inquirere
2711 531 3050 602 accenditur,
3078 538 3206 608 quid
3233 539 3302 598 sit
3332 542 3386 601 in
3405 560 3567 608 causa
3584 594 3600 622 ,
3622 563 3679 614 et

2079 605 2169 661 ubi
2196 614 2508 680 cognoverit
2532 620 2834 692 veritatem,
2867 635 2923 682 et
2953 627 3069 700 ipse
3095 605 3274 692 statim
3299 641 3566 712 sequitur.

1607 703 1988 772 LECTlONES
2025 716 2438 785 VARIANTES.

445 789 518 854 (t)
549 791 829 858 Expectans
851 795 999 853 Rhen.

886 2162 1115 2224 CAPUT
1145 2167 1428 2230 PRIMUM.

359 2228 674 2328 :‘Analysis
697 2252 1018 2328 Apologetici
1037 2301 1054 2328 ,
1076 2265 1248 2333 etquis
1268 2228 1723 2346 sithe-rtullianus,
1746 2279 1893 2351 cujus

378 2317 407 2328 μ
904 2354 1107 2409 nomine
1133 2357 1443 2419 inscribitur.

897 2461 1186 2505 ARTICULUS
1212 2467 1423 2510 PRIMUS.

869 2536 1454 2616 AnalysisApologelici.

428 2621 560 2680 Cum
601 2624 965 2686 Tertullianus
1007 2648 1114 2690 non
1165 2651 1358 2708 magno
1385 2644 1502 2700 sine
1554 2647 1728 2704 animi
1767 2650 1956 2712 dolore

357 2728 603 2774 cerneret
621 2718 960 2779 Christianos
981 2733 1122 2781 tanta
1140 2727 1421 2800 iniquitate
1442 2736 1511 2791 ab
1532 2739 1760 2798 ethnicis
1779 2748 1960 2803 vexari

362 2819 418 2864 et
455 2811 651 2880 occidi,
679 2823 738 2869 ut
775 2830 874 2871 nec
913 2818 1015 2873 sibi
1044 2820 1216 2890 palam
1257 2840 1316 2880 se
1345 2829 1500 2894 tueri,
1548 2846 1660 2894 nec,
1685 2834 1956 2905 judicihus

362 2916 457 2959 eos
477 2905 684 2975 publice
711 2908 900 2965 audire
923 2911 1125 2980 liceret,
1158 2915 1224 2970 ad
1246 2917 1484 2988 ipsorum
1499 2939 1716 2982 causam
1742 2933 1950 2989 occulta

359 2995 680 3067 scriptorum
710 3001 760 3055 vi
787 3002 929 3072 apud
959 3003 1186 3062 Romani
1213 3008 1424 3081 imperii
1467 3018 1751 3074 Antistites
1787 3037 1954 3093 agen-

369 3087 491 3144 dam
521 3105 804 3164 aggressus
845 3109 948 3152 eSt.
987 3098 1222 3157 Primum
1256 3103 1435 3176 itaque
1465 3111 1780 3189 gravissime
1817 3130 1952 3172 con-

350 3180 624 3249 queritur,
681 3185 1017 3245 Christianos
1069 3207 1257 3250 omnes
1308 3197 1376 3252 ab
1425 3183 1674 3269 ethnicis,
1726 3206 1815 3276 qui
1861 3224 1956 3264 eos

352 3287 456 3329 nec
502 3289 797 3345 noverant,
841 3297 942 3338 nec
993 3299 1154 3342 nosse
1205 3289 1476 3360 volebant,
1530 3307 1716 3352 contra
1763 3303 1943 3357 omnia

351 3367 618 3435 aequitatis
634 3380 687 3425 et
706 3381 911 3430 natura:
929 3376 1046 3446 jura
1072 3378 1202 3435 odio
1226 3382 1384 3452 plane
1412 3387 1730 3457 implacabili
1760 3391 1947 3451 haberi
1974 3359 2020 3424 Ο

346 3465 404 3512 et
427 3462 817 3520 excarniﬁcari.
843 3466 1116 3526 Publicum
1146 3474 1424 3532 enimvero
1447 3479 1605 3550 hujus
1633 3483 1949 3553 ignorantiae

346 3550 712 3609 testimonium
741 3571 808 3612 eo
846 3561 1016 3632 magis
1045 3563 1261 3622 illorum
1306 3574 1806 3639 praevaricationem
1853 3596 1944 3637 re-

345 3638 666 3713 daiguebat,
713 3651 855 3720 quod
887 3653 974 3709 ubi
1016 3657 1248 3726 primum
1291 3638 1658 3732 agnoscebant
1713 3685 1835 3741 qua:
1887 3685 1944 3732 et

349 3734 524 3804 qualis
552 3738 621 3793 sit
645 3739 856 3816 Religio
893 3746 1207 3819 christiana,
1236 3756 1416 3810 statim
1464 3759 1653 3817 relicto
1693 3761 1947 3826 falsorum

346 3824 572 3886 deorum
614 3835 783 3901 cultu,
829 3853 949 3895 eam
991 3852 1106 3899 toto
1134 3855 1400 3904 terrarum
1427 3850 1480 3907 in
1508 3854 1640 3911 orbe
1664 3860 1940 3928 amplexa-

348 3915 566 3976 bantur.
590 3923 776 3998 Neque
802 3928 1088 3990 dicendum
1127 3945 1209 3992 est
1233 3939 1352 3996 illos
1381 3942 1436 3998 in
1463 3946 1662 4002 malum
1691 3960 1815 4007 tunc
1841 3962 1948 4011 tra-

348 4011 490 4068 duci.
540 4016 660 4074 Mali
707 4021 971 4094 siquidem
1014 4029 1251 4088 hominis
1300 4033 1417 4092 lucc
1457 4051 1543 4094 est
1594 4043 1852 4114 conditio,
1886 4059 1946 4104 ut

343 4109 551 4178 pudore
580 4122 634 4168 et
664 4114 856 4174 timore
885 4120 1132 4189 perfusus
1151 4167 1165 4190 ,
1210 4125 1444 4186 latebras
1481 4145 1687 4202 quaerat
1713 4156 1726 4190 :
1756 4150 1943 4198 contra

345 4212 477 4255 vero
503 4199 841 4264 Christianus
870 4213 969 4268 etsi
997 4213 1301 4285 damnatus,
1331 4237 1395 4276 ac
1439 4228 1674 4295 quolibet
1701 4239 1942 4291 tormen-

342 4299 517 4350 torum
565 4313 766 4368 genere
817 4308 1177 4378 excruciatus,
1209 4312 1278 4370 de
1320 4330 1418 4372 sua
1455 4319 1791 4390 professione
1819 4328 1940 4399 glo-

341 4385 531 4453 tiatur,
563 4392 724 4460 gestit
749 4404 803 4450 et
830 4399 1067 4455 exsultat
1094 4402 1234 4475 (cap.
1265 4408 1344 4478 1).
1457 4385 1473 4390 ⁷
1723 4468 1746 4484 ,,

414 4479 616 4538 Deinde
662 4500 789 4540 vero
825 4489 868 4544 si
897 4489 1224 4552 Christianus
1269 4502 1557 4575 sacrilegii,
1588 4509 1801 4578 incesti,
1832 4511 1930 4567 ho-

337 4572 562 4640 micidii,
603 4577 685 4632 vel
720 4579 942 4637 alterius
971 4586 1258 4657 cujuslibet
1293 4572 1564 4664 criminis,
1597 4601 1673 4654 uti
1715 4604 1923 4671 garrie-

339 4661 474 4718 bant
499 4668 750 4739 gentiles,
794 4688 917 4732 reus
945 4677 1037 4743 sit,
1088 4696 1186 4737 cur
1225 4685 1293 4741 ab
1331 4685 1436 4742 illis
1480 4701 1667 4748 contra
1716 4695 1930 4754 divinas

338 4754 710 4832 humanasque
747 4764 894 4835 leges
917 4811 932 4835 ,
975 4771 1094 4828 sine
1133 4775 1242 4829 ulla
1277 4778 1518 4837 criminis
1564 4788 1928 4857 accusatione,

336 4846 456 4933 sipo
486 4857 642 4918 teste,
678 4855 797 4912 sine
825 4863 1029 4929 praevio
1056 4865 1218 4923 ullius
1242 4870 1681 4945 circumstantiae,
1717 4889 1928 4954 tempo-

333 4938 431 5003 ris,
459 4943 797 5002 consciorum
837 4953 1108 5022 examine,
1133 4957 1229 5013 sed
1262 4961 1422 5018 unico
1451 4967 1664 5036 penitus
1695 4973 1929 5030 nominis

332 5029 646 5100 prmjudicio
685 5039 1114 5102 condemnatur?
1151 5049 1354 5110 Plinius
1381 5029 1561 5129 itaque
1594 5060 1695 5117 hac
1720 5064 1928 5136 injusti-

333 5119 404 5175 tia
446 5137 744 5195 permotus,
794 5131 1083 5204 Trajannm
1141 5119 1522 5214 imperatorem
1571 5119 1928 5228 interrogavit

328 5213 458 5283 quid
487 5215 556 5271 de
585 5217 934 5293 Christianis,
964 5229 1163 5286 nullius
1188 5213 1366 5305 plane,
1386 5253 1582 5312 prmter
1603 5213 1927 5307 obstinatam

327 5303 384 5360 in
415 5305 508 5362 Dei
538 5318 594 5364 et
619 5310 824 5370 Christi
847 5319 992 5376 cultu
1007 5303 1211 5396 suaque
1234 5303 1517 5403 disciplina
1541 5303 1923 5406 perseverandi

327 5397 696 5473 voluntatem,
756 5409 1000 5468 criminis
1057 5425 1152 5472 aut
1176 5419 1383 5482 ‘delicti
1443 5429 1724 5498 convictis,
1765 5448 1930 5504 agen-

327 5485 454 5544 dum
491 5504 656 5550 esset.
684 5497 793 5556 Sed
841 5503 1047 5561 nullum
1089 5509 1237 5567 aliud
1267 5514 1339 5570 ab
1367 5515 1457 5572 illo
1485 5485 1925 5590 resinonsumoac-

322 5581 490 5651 cepit,
506 5583 609 5641 nisi
636 5604 732 5645 eos
759 5607 866 5650 non
887 5610 1008 5654 esse
1037 5599 1407 5675 inquirendos,
1431 5609 1523 5664 scd
1552 5581 1763 5669 oblatos
1782 5614 1930 5684 judi-

323 5671 478 5727 cibus
539 5679 716 5747 puniri
786 5696 1062 5756 oportere.
1113 5671 1260 5760 Quid
1321 5671 1524 5766 autem,
1582 5702 1812 5760 obsecro
1848 5717 1920 5777 te,

323 5760 560 5834 iniquius
579 5784 646 5826 ea
671 5772 813 5847 lege,
838 5793 960 5850 quae
979 5781 1338 5856 Christianos,
1365 5760 1551 5864 utpote
1582 5760 1919 5868 innocentes:

326 5863 480 5912 vetat
503 5858 723 5932 inquiri,
749 5877 809 5928 et
835 5879 1089 5948 tanquam
1111 5889 1374 5944 nocentes
1403 5858 1756 5949 condemnari
1781 5858 1920 5965 prie;

320 5947 454 6024 cipit
473 5949 615 6028 (cap.
644 5954 744 6031 2)?

1511 6019 1525 6055 ι

2176 837 2251 901 (2)
2283 839 2340 890 In
2363 843 2533 910 Rhein,
2559 849 2680 902 Jun.

2163 949 2329 959 —-—__

3238 2667 3252 2681 ,
3571 2667 3630 2680 η..

2067 2679 2172 2735 que
2196 2667 2532 2737 Christianos
2559 2699 2682 2742 esse
2721 2705 3002 2763 negarent.
3035 2699 3114 2757 De
3142 2705 3261 2760 solo
3287 2709 3465 2781 itaque
3486 2714 3662 2771 chris-

2799 2760 2814 2763 -
3287 2760 3464 2781 ""1"
3489 2760 3572 2770 ""
3587 2760 3630 2771 ’ν

2064 2760 2330 2824 tianorum
2369 2777 2586 2835 nomine
2615 2785 2858 2851 praelium
2893 2803 3029 2848 erat.
3060 2796 3124 2851 Et
3145 2809 3291 2856 certe
3315 2819 3434 2873 quae
3461 2822 3490 2861 a
3509 2807 3658 2878 judi-

2064 2854 2210 2878 θέλ---
2245 2858 2292 2878 .1,
2326 2873 2338 2878 _
2380 2864 2392 2878 ι
2450 2867 2480 2878 ι.
2595 2871 2608 2878 -

2060 2854 2212 2913 cibus
2237 2858 2304 2916 de
2325 2864 2514 2922 tabella
2542 2871 2804 2932 adversus
2831 2893 2926 2936 eos
2949 2854 3396 2953 pronuntiabatiir
3436 2854 3660 2958 senten-

2061 2949 2172 3019 tia,
2216 2955 2418 3013 omisso
2491 2967 2726 3034 cujusvis
2776 2973 3018 3033 criminis
3071 2981 3276 3054 elogio,
3333 2988 3468 3046 nihil
3511 2993 3658 3051 aliud

2056 3041 2282 3115 ferebat,
2328 3055 2431 3110 nisi
2460 3059 2764 3120 christianos
2809 3069 3076 3132 damnari.
3106 3079 3176 3134 At
3215 3081 3413 3142 ethnici
3445 3097 3556 3144 tum
3595 3091 3649 3146 in

2055 3142 2379 3200 sacratiores
2412 3148 2556 3221 leges
2600 3171 2668 3212 eo
2710 3163 2929 3228 gravius
2960 3171 3276 3244 peccabant,
3304 3192 3412 3248 quo
3453 3184 3653 3253 smpius

2055 3225 2304 3253 νηιλι.-μ.ν
2501 3251 2506 3253 -

2715 3225 2736 3228 ν
2960 3225 2979 3237 _
3078 3225 3081 3226 ν
3307 3225 3409 3248 η--
3453 3225 3653 3253 mp.-.

2055 3225 2361 3291 fatebantur
2397 3251 2577 3300 castos
2629 3260 2954 3325 sanctosque
3005 3275 3126 3318 esse
3165 3280 3345 3324 mores
3391 3269 3655 3330 Christia-

2053 3336 2266 3394 norum,
2297 3344 2497 3404 eosque
2533 3340 2625 3409 qui
2651 3357 2716 3397 ex
2741 3345 2854 3400 suis
2881 3353 3172 3420 gentilibus
3195 3358 3504 3421 christiana:
3525 3367 3656 3427 ﬁdei

2052 3433 2249 3478 nomen
2289 3425 2511 3498 dabant,
2560 3433 2677 3491 ﬁeri
2709 3454 2925 3512 semper
2952 3447 3224 3510 meliores.
3255 3454 3645 3520 Verumtamen

2052 3617 2281 3667 caeteros
2323 3630 2532 3689 omnes,
2576 3623 2648 3680 ob
2676 3639 3011 3702 assumptum
3036 3617 3394 3701 christianum
3449 3663 3650 3708 nomen

2050 3701 2366 3762 smviebant.

2120 3819 2193 3876 At
2213 3824 2390 3896 nobis,
2419 3827 2731 3901 inquiebant
2758 3840 2980 3910 ethnici,
3007 3843 3257 3920 displicet
3281 3859 3522 3915 auctoris
3546 3876 3646 3919 eo.

2049 3927 2172 3970 rum
2193 3932 2410 3979 nomen.
2431 3923 2570 3992 Quid
2591 3944 2741 4001 ergo,
2766 3939 3452 4020 respondet'l‘ertullianus,
3468 3954 3644 4013 odiosi

2048 4007 2275 4066 subesse
2323 4024 2498 4084 potest
2542 4021 2597 4076 in
2643 4023 2840 4084 Christi
2881 4034 3357 4098 nomine?Nonne
3403 4060 3470 4102 ex
3521 4063 3649 4104 sua-

2050 4101 2218 4159 vitate
2236 4106 2318 4161 vel
2342 4107 2676 4183 benignitate
2700 4119 2920 4179 ductum
2964 4129 3086 4182 est?
3111 4130 3248 4199 Quid
3279 4137 3440 4193 etiam
3467 4140 3522 4196 in
3550 4144 3643 4200 illo

2048 4196 2219 4266 magis
2263 4199 2390 4256 odio
2423 4203 2672 4277 dignum,
2717 4227 2879 4282 quam
2928 4218 2980 4274 in
3024 4196 3638 4302 ipso'philosophorum,

2046 4287 2402 4360 medicorum,
2433 4311 2727 4368 coquorum
2758 4308 2995 4377 nomine,
3027 4318 3340 4376 transmisso
3365 4323 3435 4380 ab
3460 4341 3643 4383 aucto-

2045 4375 2194 4436 ribus
2222 4383 2358 4452 suis,
2381 4396 2436 4442 et
2453 4389 2522 4445 ab
2550 4393 2670 4448 aliis
2697 4401 2960 4468 accepto?
2979 4401 3187 4463 Nullius
3212 4410 3444 4484 denique
3471 4429 3634 4476 secta:

2044 4485 2241 4531 nomen
2290 4480 2484 4538 malum
2515 4495 2609 4541 aut
2648 4489 2876 4548 invisum
2921 4497 3090 4555 videri
3119 4502 3315 4571 debet,
3355 4507 3458 4565 nisi
3489 4513 3636 4581 prius

2042 4566 2169 4636 quid
2196 4569 2259 4624 in
2289 4572 2402 4643 ipsa
2424 4587 2571 4635 secta
2600 4583 2728 4639 mali
2752 4584 2844 4654 sit,
2880 4600 3032 4650 certo
3057 4566 3408 4666 dignoscatur
3431 4566 3639 4676 et'pro-

2039 4658 2197 4716 betur
2219 4662 2358 4736 (cap.
2386 4667 2467 4740 5).

2110 4776 2382 4850 Urgebant
2405 4788 2604 4846 ethnici
2625 4807 2686 4850 se
2715 4794 2894 4868 legum
2912 4839 2928 4867 ,
2955 4800 3022 4858 ad
3051 4802 3467 4878 imperatoribus
3497 4815 3631 4874 lata-

2035 4884 2181 4941 rum,
2213 4879 2524 4950 przescripto
2565 4885 2630 4941 ad
2675 4893 2944 4950 vexandos
2975 4896 3350 4975 tollendosque
3378 4907 3630 4969 christia-

2035 4977 2137 5020 nos
2172 4970 2362 5026 tcneri.
2389 4971 2588 5033 Verum
2622 4995 2841 5050 prorsus
2868 4985 3045 5059 inepta
3068 5001 3184 5061 est,
3217 4970 3390 5068 inquit
3415 4999 3630 5060 Tertul-

2034 5055 2229 5127 lianus,
2262 5061 2377 5120 haec
2401 5073 2666 5142 exceptio.
2693 5074 2862 5133 Nemo
2890 5082 3037 5137 enim
3060 5085 3166 5142 ulla
3196 5086 3392 5161 injusta
3422 5091 3630 5168 obligaé

2033 5159 2122 5207 tur
2145 5153 2280 5224 lege,
2310 5175 2430 5230 qua:
2475 5175 2565 5219 aut
2603 5167 2801 5225 bonum
2830 5175 3099 5248 prohibet,
3128 5192 3222 5238 aut
3249 5183 3490 5256 iniquum
3527 5190 3630 5245 ali-

2033 5245 2161 5314 quid
2186 5246 2431 5318 imperat.
2450 5254 2609 5328 Atqui
2657 5262 2792 5318 tales
2810 5276 2968 5323 erant
2986 5245 3206 5330 sancitze
3229 5275 3283 5331 in
3308 5277 3631 5340 christianos

2033 5336 2203 5409 leges.
2259 5342 2470 5403 lnticias
2507 5362 2766 5421 prseterea
2822 5360 3021 5419 ethnici
3075 5365 3155 5423 ire
3214 5383 3324 5426 non
3380 5384 3631 5444 poterant

2031 5431 2215 5500 plures
2243 5451 2273 5490 a
2300 5441 2441 5503 suis,
2471 5443 2699 5516 aliisque
2734 5448 3166 5528 legislatoribus,
3197 5460 3448 5523 humana:
3477 5469 3627 5527 inlir-

2031 5525 2206 5583 mitati
2244 5531 2528 5602 obnoxiis,
2558 5539 2712 5598 datas
2731 5585 2747 5610 ,
2778 5561 2899 5616 qua:
2925 5525 3159 5619 quidem
3189 5557 3311 5627 quia
3337 5560 3468 5617 visae
3500 5575 3631 5620 sunt

2030 5627 2126 5673 aut
2145 5623 2319 5678 noxiae
2337 5636 2429 5681 aut
2447 5627 2682 5699 inutiles,
2705 5634 2773 5690 ab
2791 5637 2911 5695 aliis
2940 5623 3284 5712 postmodum
3303 5653 3624 5726 emendatas,

2028 5718 2328 5786 truncam,
2389 5719 2658 5793 abrogata:
2707 5726 2962 5789 fuerunt?
3016 5735 3206 5797 Nonne
3268 5745 3414 5802 enim
3475 5748 3625 5823 leges

2355 5809 2378 5823 -
2514 5814 2526 5823 -
2715 5820 2746 5823 --

2026 5800 2253 5874 Lycurgi
2293 5823 2322 5862 a
2353 5809 2778 5878 Lacedmmoniis
2807 5866 2822 5891 ,
2871 5841 3052 5884 nonne
3111 5830 3259 5903 leges
3313 5800 3626 5910 Papimwde

2023 5899 2381 5970 suscipiendis
2413 5907 2598 5995 liberis
2619 5927 2648 5967 a
2675 5914 2878 5975 Severo
2923 5920 3257 5995 lmperatore
3285 5941 3379 5989 aut
3406 5950 3625 5995 correc-

2022 5997 2118 6064 ta,
2147 6001 2240 6055 aut
2257 5990 2740 6087 antiquata-sunt?
2766 6009 2956 6078 Nonae
2977 5990 3069 6081 lex
3091 6020 3161 6084 de
3185 5990 3556 6094 creditoribus
3567 6032 3624 6093 in
