4252 6264
618 309 723 370 707

1693 315 1759 372 lN
1797 307 2254 372 TERTULLIANI
2293 308 2825 370 APOLOGETICUM

3809 308 3908 367 708

619 438 801 501 partes
829 430 1077 487 secandis
1114 429 1390 486 immutata
1430 428 1566 484 fuit?
1593 429 1702 485 Nec
1731 432 1923 486 mirum
1973 429 2210 499 quidem.
2241 427 2294 489 Α
2321 427 2401 483 vel
2445 426 2630 483 iisdem
2673 425 2991 482 Christianis
3044 427 3218 497 pretio
3263 423 3444 497 aliquo
3481 438 3640 479 suum
3673 423 3911 484 vendidit

617 520 907 579 Enimvero
955 538 1129 593 neque
1173 532 1435 586 vetustas,
1485 537 1660 592 neque
1688 523 1920 577 aucturis
1958 520 2209 592 dignitas,

615 614 711 668 sed
752 614 975 683 a-quitas
1020 615 1132 668 sola
1174 614 1319 685 leges
1347 612 1706 669 commendat.
1738 612 1888 667 Nulla
1937 629 2065 669 vero
2111 629 2209 668 un-

615 720 776 777 quam
815 706 1049 775 iniquior
1095 705 1215 771 fuit,
1257 721 1415 776 quam
1451 707 1563 773 illa,
1593 722 1713 776 qua:
1748 705 2107 772 Christianos,
2137 706 2206 762 ob

613 812 770 854 suum
811 797 1075 854 duntaxat
1122 814 1342 868 nomen,
1374 813 1475 856 nec
1511 799 1688 856 audita
1735 813 1922 865 causa,
1949 797 2206 855 condem-

613 894 727 952 nari
751 895 973 964 jubebat
995 894 1136 966 (cap.
1168 896 1224 968 4)
1237 938 1250 951 .

683 986 951 1054 Quantum
976 989 1120 1044 enim
1139 1004 1249 1044 non
1270 987 1430 1044 modo
1453 1003 1589 1044 nova
1611 998 1664 1044 et
1686 988 1906 1059 iujusta,
1927 987 2020 1044 sed
2043 988 2205 1043 etiam

611 1082 884 1152 tyrannica
918 1081 1008 1148 sit,
1038 1081 1161 1137 inde
1183 1082 1545 1137 Tertulliauus
1573 1081 1926 1146 demonstrat,
1965 1081 2089 1151 quia
2111 1079 2203 1135 Τί-

611 1174 813 1242 berius,
845 1190 951 1244 quo
981 1184 1239 1245 regnante
1266 1174 1621 1229 christianum
1663 1189 1857 1229 nomen
1903 1187 1998 1244 per
2028 1171 2204 1230 varias

610 1267 793 1324 mundi
826 1275 1006 1338 partes
1041 1267 1382 1322 disseminari
1413 1266 1596 1338 C(Bpit,
1634 1266 1830 1319 auditis
1858 1263 2060 1319 Christi
2099 1263 2203 1317 mi-

617 1362 837 1430 raculis,
868 1377 991 1417 eum
1032 1361 1256 1417 deorum
1291 1376 1516 1416 numero
1543 1360 1708 1416 voluit
1761 1359 2011 1414 adscribi.
2051 1357 2205 1426 Quod

609 1457 825 1529 quidem
875 1458 1000 1522 etsi,
1049 1456 1300 1512 obstante
1345 1465 1572 1524 senatu,
1623 1469 1730 1510 non
1775 1453 2091 1524 perfecerit;
2149 1452 2202 1507 in

607 1563 704 1606 sua
752 1559 929 1605 tamen
974 1549 1271 1620 permansit
1314 1548 1603 1616 sententia,
1662 1555 1717 1602 et
1775 1545 2203 1600 Christianorum

607 1643 1010 1700 accusatoribus
1035 1641 1329 1712 periculum
1356 1639 1712 1696 comminatus
1735 1646 1837 1694 est.
1876 1637 1954 1693 Ex
1985 1651 2202 1692 succes-

606 1738 820 1794 soribus
837 1745 1018 1791 autem
1043 1735 1180 1790 illius
1202 1734 1365 1801 Nero,
1394 1734 1630 1788 omnium
1656 1733 1878 1804 primus,
1909 1731 2013 1786 heu
2037 1745 2194 1801 quam

2316 522 2608 576 silentium.
2664 520 2730 576 Et
2769 537 2896 576 vero
2945 521 3064 592 quis
3113 523 3228 576 lucc
3272 519 3496 574 crimina
3540 518 3910 589 prodidi-set?

2312 611 2429 668 Non
2457 611 2748 668 Christiani
2777 612 3016 682 quidem,
3055 612 3144 682 qui
3184 627 3290 666 non
3339 610 3516 666 minus
3571 611 3906 681 scrupulose,

2312 723 2471 778 quam
2512 709 2740 778 gentiles
2784 723 2879 763 sua
2933 705 3184 762 celabant
3230 706 3500 777 mysteria.
3534 703 3718 772 Neque
3746 705 3908 760 etiam

2289 800 2531 864 ~ethnici,
2579 801 2667 871 qui
2722 800 2789 855 ab
2832 799 3144 855 eorumdem
3205 798 3627 854 Christianorum
3679 797 3910 854 erratibus

2309 895 2522 965 penitus
2550 893 2928 965 exclusi,quid
2961 894 3012 948 in
3031 894 3110 949 eis
3135 900 3404 964 ageretur,
3431 892 3571 948 scire
3597 891 3784 963 procul
3805 891 3907 947 du-

2311 988 2406 1061 .bio
2433 1003 2540 1044 non
2569 989 2916 1059 poterant.At
2942 987 3050 1053 isti,
3082 986 3245 1055 fama,
3274 987 3602 1058 inquiebant,
3633 985 3908 1042 communi

2309 1081 2426 1138 haec
2487 1082 2755 1153 divulgata
2801 1091 2945 1137 sunt.
3011 1080 3118 1137 Sed
3169 1081 3295 1151 quid
3347 1081 3484 1135 fama
3533 1079 3747 1148 levius,
3788 1095 3908 1150 qua;

2305 1188 2438 1242 sane
2475 1175 2599 1245 quia
2645 1189 2861 1244 semper
2900 1173 3073 1229 oritur
3096 1173 3182 1228 vel
3228 1172 3462 1237 invidia,
3507 1172 3592 1228 vel
3622 1173 3770 1240 odio,
3814 1182 3908 1228 aut

2307 1267 2647 1338 suSpicione,
2691 1277 2781 1322 aut
2826 1266 2960 1322 alios
2999 1266 3302 1336 decipiendi
3333 1266 3645 1336 voluptate,
3694 1265 3905 1322 tamdiu

2308 1369 2512 1416 tantum
2540 1369 2870 1431 perseverat,
2901 1359 3155 1433 quamdiu
3187 1359 3444 1416 mentitur
3471 1359 3609 1430 (cap.
3641 1360 3720 1429 7).

2382 1454 2544 1522 Urget
2574 1452 2939 1508 Tertullianus
2963 1462 3072 1507 tam
3101 1451 3379 1507 horribilia
3409 1465 3532 1506 esse
3563 1449 3651 1504 illa
3678 1449 3899 1521 ﬂagitia,

2307 1555 2416 1601 uta
2447 1546 2662 1602 nemine
2691 1545 2839 1603 credi
2872 1561 3105 1615 unquam
3150 1543 3455 1610 debuerint,
3498 1553 3590 1598 aut
3631 1544 3904 1614 potuerint

2306 1638 2589 1694 committi.
2634 1637 3005 1694 Seclatoribus
3047 1637 3246 1707 quippe
3275 1635 3388 1692 suis
3417 1634 3710 1691 Christiani
3747 1647 3904 1691 atter-

2310 1746 2433 1785 nam
2479 1731 2790 1786 felicitatem
2846 1729 3252 1801 promittebant.
3300 1728 3434 1796 Quis
3470 1738 3650 1782 autem
3690 1727 3744 1782 in
3781 1729 3901 1783 ani-

607 1829 804 1900 impius
850 1827 1251 1897 sceleratusque
1290 1826 1486 1882 homo!
1529 1825 1839 1882 Caesariano
1888 1823 2065 1894 gladio
2108 1821 2201 1875 ad-
2230 1816 2278 1874 B
2307 1840 2452 1878 mum
2470 1823 2568 1878 sibi
2594 1823 2830 1888 inducat,
2857 1837 2975 1877 eam
3005 1821 3270 1892 pollicitos
3300 1834 3421 1877 esse
3443 1818 3672 1887 homini,
3692 1821 3782 1892 qui
3813 1821 3900 1876 in-

605 1933 796 1976 versus
819 1919 1152 1976 Christianos
1182 1918 1409 1974 ferociit.
1439 1917 1774 1973 Domitianus
1797 1931 1949 1981 vero,
1974 1913 2206 1969 crudeli—

606 2021 718 2069 tate
771 2011 844 2066 illi
890 2026 998 2066 non
1045 2011 1239 2080 impar,
1295 2023 1417 2066 cum
1466 2008 1656 2065 eadem
1715 2015 2014 2071 tentasset,
2074 2020 2203 2060 suos

606 2106 715 2162 cito
753 2106 1013 2177 repressit
1040 2112 1283 2160 conatus.
1323 2104 1406 2159 Ab
1437 2113 1666 2172 utroque
1689 2110 1866 2157 autem
1897 2101 2055 2170 longe
2103 2099 2201 2154 ab-

605 2200 707 2257 fuit
731 2200 941 2257 Marcus
962 2200 1231 2264 Aurelius,
1257 2198 1349 2271 qui
1377 2197 1792 2254 ehristianorum
1822 2195 2051 2250 militum
2079 2208 2207 2264 pre-

605 2295 760 2352 cibus
791 2295 1078 2366 impetrato
1108 2293 1369 2349 divinitus
1408 2292 1581 2348 imbre
1601 2333 1616 2358 ,
1652 2291 1813 2362 jussit
1837 2290 1890 2345 in
1921 2304 2020 2346 eos
2040 2303 2202 2345 seve-

607 2386 721 2443 rius
749 2383 1134 2451 animadverti,
1167 2386 1256 2455 qui
1284 2383 1483 2440 Christi
1525 2392 1821 2438 sectatores
1862 2389 2200 2438 accusarent.

605 2484 776 2537 Antea
798 2480 1089 2551 Trajanus,
1127 2479 1270 2534 nulla
1297 2479 1415 2550 lege
1439 2477 1955 2549 lata,prohibuiteos
1985 2477 2200 2547 inquiri.

605 2571 761 2631 Nulla
813 2574 1034 2643 quoque
1088 2570 1351 2626 adversus
1411 2569 1532 2624 illos
1583 2578 1764 2625 exstat
1815 2569 2201 2640 imperatorum

606 2663 1202 2734 Adriani,Vespasiani,
1237 2662 1336 2729 Pii,
1368 2670 1422 2717 et
1462 2660 1588 2716 Veri
1619 2660 2064 2730 lex,‘nullumque
2108 2659 2202 2715 de-

607 2768 836 2815 cretum.
867 2757 979 2813 Soli
1013 2757 1202 2828 itaque
1249 2755 1488 2827 pessimi,
1517 2755 1853 2827 nequissimi,
1883 2770 1946 2810 ac
1991 2754 2199 2825 impiis-

611 2852 735 2908 simi
759 2853 1112 2924 imperatores
1138 2852 1190 2906 in
1217 2866 1314 2907 eos
1339 2851 1627 2906 swvierunt
1645 2850 1784 2921 (cap.
1811 2848 1891 2917 5).

676 2946 814 3002 Tum
853 2946 1049 3003 dehinc
1086 2945 1471 3012 Tertullianus,
1513 2954 1572 3000 ut
1609 2942 1840 3000 ethnicis
1877 2956 2094 2998 omnem
2132 2955 2201 2997 ex

605 3038 871 3110 majorum
903 3035 1162 3094 institutis
1203 3053 1267 3094 ac
1305 3037 1515 3108 legibus
1560 3036 1740 3107 inepte
1788 3034 2028 3106 litigandi
2057 3036 2198 3088 viam

610 3131 944 3205 praecludat,
998 3131 1175 3203 palam
1231 3131 1449 3187 cuilibet
1489 3129 1640 3186 brevi
1689 3129 1999 3184 inductione
2045 3127 2195 3192 facit,

603 3225 980 3298 pessumdatas
1024 3225 1092 3280 ab
1135 3224 1242 3281 illis
1277 3224 1442 3280 fuisse
1468 3222 1537 3279 de
1568 3232 1806 3293 sumptu,
1837 3223 2062 3290 ambitu,
2091 3221 2201 3276 vini

616 3319 960 3386 abstinentia,
987 3317 1225 3374 divortio
1266 3333 1328 3373 ac
1353 3318 1496 3373 cultu
1529 3315 1755 3372 deorum
1790 3316 2199 3388 leges,statuta—

604 3424 712 3481 que
741 3413 1053 3466 sacratiora.
1074 3410 1301 3466 Romani
1323 3410 1519 3480 quippe
1539 3410 1789 3464 consules
1807 3408 2056 3464 Liberum
2078 3423 2199 3463 cum

607 3502 724 3558 suis
749 3501 1022 3574 mysteriis
1050 3503 1218 3557 Roma
1241 3512 1400 3572 atque
1421 3517 1488 3556 ex
1519 3508 1626 3555 tota
1657 3499 1827 3566 Italia,
1851 3499 2202 3571 quemadmo-

611 3591 740 3648 dum
763 3593 888 3648 Piso
917 3602 974 3648 et
1010 3593 1292 3658 Gabinius,
1335 3592 1522 3648 itidem
1559 3593 1831 3659 consules,
1859 3592 2197 3663 Serapidem,

610 3683 830 3751 Isidem,
888 3695 944 3742 et
991 3685 1398 3757 Harpocratem,
1447 3702 1515 3741 ex
1566 3686 1829 3756 Capitolio
1869 3686 2202 3758 deorumque

609 3777 758 3835 curia
786 3776 1092 3848 ejccerunt,
1122 3777 1213 3847 qui
1245 3777 1577 3848 postliminio
1598 3777 1857 3832 duntaxat
1883 3793 1912 3832 a
1941 3777 2200 3834 Romanis

606 3881 737 3930 sunt
762 3872 1015 3929 reStituti.
1048 3873 1287 3942 Denique
1307 3871 1509 3927 ethnici
1533 3886 1722 3927 omnes
1751 3873 1998 3927 nuntium
2036 3875 2202 3930 mori—

611 3965 714 4023 bus
764 3980 1088 4037 proavorum
1137 3979 1357 4020 suorum
1402 3964 1726 4020 remiserant
1769 3964 1972 4029 habitu,
2031 3966 2200 4035 victu,

609 4057 899 4125 instructu,
929 4073 1116 4125 censu,
1147 4069 1202 4114 et
1232 4059 1350 4129 ipso
1378 4058 1542 4113 etiam
1581 4072 1853 4113 sermone.
1881 4057 2204 4116 Christianis

609 4151 768 4223 igitur
793 4150 991 4207 frustra
1020 4152 1348 4223 objiciebaut
1371 4152 1741 4208 conculcatam
1770 4162 1826 4208 et
1867 4151 2204 4224 profligatam

518 4303 521 4305 .
611 4255 854 4302 veterum
910 4255 1119 4318 patrum
1182 4261 1401 4302 suorum
1459 4247 1869 4314 auctoritatem,
1917 4263 2074 4318 quam
2120 4248 2203 4318 ip-

608 4344 768 4401 simet
797 4353 905 4400 tam
951 4341 1230 4410 audacter,
1253 4360 1412 4416 quam
1463 4343 1682 4415 impune
1722 4342 2206 4416 pessumdederant

612 4437 633 4502 ί
657 4452 776 4508 cap.
808 4437 884 4507 ὃ).

682 4529 897 4585 Transit
923 4528 1046 4585 inde
1074 4529 1276 4584 Auctor
1313 4538 1496 4585 noster
1525 4529 1591 4584 ad
1622 4531 1753 4585 falsa
1778 4540 1836 4586 et
1867 4533 2087 4587 mentita
2117 4533 2200 4588 in-

613 4621 770 4678 fanda
799 4621 1213 4678 ehristianorum
1241 4621 1486 4681 erimina.
1515 4639 1633 4693 qua:
1664 4624 1878 4693 quidem
1920 4625 1991 4679 ita
2025 4625 2198 4689 diluit,
2224 4606 2282 4669 Β

610 4725 670 4771 ut
701 4716 845 4786 ipsos
889 4716 961 4770 ab
997 4716 1060 4770 iis
1107 4725 1216 4788 tam
1261 4715 1486 4780 alienos,
1520 4733 1678 4786 quam
1719 4719 1946 4787 gentiles
1988 4719 2201 4774 illorum

610 4810 786 4880 reipsa
830 4824 951 4864 reos
982 4823 1104 4865 esse
1132 4809 1537 4864 evidentissima
1575 4809 1932 4866 demonstret.
1965 4811 2201 4869 Primum

612 4901 754 4958 enim
796 4899 1084 4956 Christiani
1116 4918 1143 4954 a
1177 4902 1334 4972 longo
1357 4902 1466 4972 jam
1501 4912 1742 4973 tempore
1787 4904 2200 4977 infatuabantur,

611 4993 763 5064 quasi
792 5008 986 5050 carnes
1017 4993 1181 5049 occisi
1211 5009 1241 5047 a
1270 5009 1328 5049 se
1376 4993 1524 5064 pueri
1555 4994 1724 5049 ferino
1751 5011 1902 5050 more
1928 5009 2199 5065 vorarent,

610 5099 674 5140 ac
694 5097 874 5156 postea
907 5085 1188 5141 exstinctis
1216 5101 1407 5141 canum
1440 5102 1600 5156 opera
1633 5086 1943 5151 luminibus,
1973 5091 2024 5145 in
2065 5108 2202 5163 quo-

609 5177 742 5233 libet
788 5189 976 5250 stnpro
1023 5191 1076 5235 et
1129 5180 1336 5236 incestu
1377 5178 1670 5236 fmdissime
1698 5165 2087 5241 volnt/tuentur.
2133 5187 2202 5241 At

609 5280 757 5326 eerte
784 5271 914 5328 nihil
954 5273 1158 5328 facilius
1186 5283 1322 5341 erat,
1353 5289 1511 5344 quam
1539 5273 1878 5332 Christianos
1909 5287 2202 5344 tantorum,

611 5363 658 5420 si
687 5379 874 5422 revera
894 5366 962 5422 ab
986 5367 1048 5422 iis
1071 5376 1530 5438 perpetrareutur,
1551 5369 1832 5423 criminum
1856 5371 2196 5429 eonviucere.

609 5455 716 5514 Tot
741 5462 1018 5516 enimvero
1050 5459 1264 5514 illorum
1308 5459 1510 5516 initnici
1538 5471 1593 5517 et
1630 5461 1814 5518 hostes
1843 5479 2056 5535 semper
2087 5467 2200 5522 fue-

617 5559 764 5616 runt,
790 5563 920 5622 quot
956 5551 1142 5622 jndmi,
1174 5560 1307 5623 quot
1339 5553 1556 5618 milites,
1585 5563 1713 5624 quot
1737 5553 2039 5619 domestici,
2071 5567 2202 5629 quot

610 5656 746 5713 pene
775 5659 960 5700 eorum
1019 5661 1236 5708 uxores,
1284 5644 1393 5700 imo
1431 5654 1485 5700 et
1522 5646 1749 5714 gentiles
1798 5645 2065 5718 homines,
2113 5651 2204 5722 qui

611 5731 734 5787 illos
763 5749 978 5808 semper
1001 5736 1427 5793 insectabantur.
1452 5735 1639 5794 Nullus
1664 5748 1841 5795 tamen
1866 5757 1934 5796 ex
1959 5744 2039 5798 eis
2059 5753 2205 5799 tanta

611 5819 847 5883 facinora
873 5828 1091 5897 agnovit
1115 5842 1379 5900 unquam,
1413 5825 1686 5900 multoque
1723 5831 1900 5895 minus
1944 5835 2201 5906 prodidit,

2306 1917 2503 1972 fantem
2548 1916 2837 1980 occideret,
2887 1930 3083 1986 panem
3135 1913 3443 1970 comederet
3500 1914 3704 1970 recenti
3757 1913 3900 1971 illius

2305 2012 2566 2081 sanguine
2593 2011 2900 2076 intinctum,
2928 2024 2993 2065 ac
3026 2017 3212 2080 postea
3269 2007 3502 2065 nefando
3556 2009 3763 2065 incestu
3791 2010 3902 2080 pol-

2308 2103 2580 2160 lueretur?
2637 2103 2749 2160 lmo
2812 2119 2942 2161 vero
3016 2103 3214 2160 nemini
3268 2118 3506 2175 unquam
3589 2103 3902 2174 persuaderi

2307 2201 2505 2271 poterit
2549 2199 2664 2255 hmc
2703 2199 2772 2254 ab
2810 2198 3050 2266 ethnico,
3091 2198 3178 2254 cui
3203 2191 3520 2269 pudoris'et
3555 2196 3902 2254 humanitatis

2307 2292 2500 2362 aliquis
2535 2307 2728 2348 sensus
2762 2293 2852 2360 sit,
2888 2291 3131 2364 potuisse
3159 2291 3296 2348 fieri.
3330 2290 3515 2362 Neque
3543 2291 3754 2347 dixeris
3776 2291 3900 2348 reli-

2307 2387 2480 2458 gionis
2505 2387 2811 2442 christiana:
2838 2385 3138 2442 candidatis
3163 2385 3358 2442 factam
3387 2386 3456 2440 ab
3481 2386 3603 2441 aliis
3630 2386 3896 2446 fraudem.

2307 2481 2437 2550 Quis
2462 2481 2607 2536 enim
2641 2496 2760 2536 eam
2789 2480 2966 2536 facere
2993 2480 3214 2551 potuit?
3241 2478 3380 2536 Num
3419 2495 3693 2536 sacrorum
3722 2493 3896 2553 pater,

2305 2579 2398 2627 aut
2437 2571 2572 2626 alius
2614 2587 2645 2626 a
2691 2587 2799 2643 quo
2824 2570 3233 2628 edocebantur?
3260 2572 3330 2628 At
3355 2587 3460 2643 quo
3486 2573 3700 2628 tandem
3745 2573 3895 2640 dolo,

2309 2665 2506 2736 quibus
2534 2665 2816 2736 praestigiis
2843 2680 2940 2721 eos
2964 2664 3162 2721 docere
3187 2674 3396 2736 poterat
3423 2663 3676 2736 quidnam
3704 2665 3772 2721 ab
3814 2667 3898 2737 ip-

2305 2761 2380 2816 sis
2419 2759 2485 2815 ad
2533 2759 2864 2814 exsecranda
2913 2758 3002 2814 illa
3067 2759 3293 2816 crimina
3347 2759 3700 2830 perpetranda
3751 2768 3901 2817 esset

2303 2851 2612 2924 agendum?
2639 2850 2770 2908 Esto
2810 2860 3011 2920 tamen,
3056 2861 3112 2908 et
3142 2852 3242 2918 fac,
3275 2852 3502 2918 sivelis,
3547 2851 3666 2908 haec
3702 2852 3770 2908 ab
3796 2853 3904 2911 illis

2305 2948 2468 3005 fuisse
2497 2948 2805 3011 commissa,
2833 2963 2929 3003 cur
2958 2962 3086 3018 ergo
3105 2947 3170 3002 iis
3209 2947 3426 3003 tandem
3447 2946 3644 3019 agnitis
3665 2957 3721 3003 et
3743 2949 3900 3020 actis,

2305 3041 2373 3096 de
2411 3041 2597 3097 fraude
2639 3040 2738 3096 sibi
2770 3039 2910 3094 facta
2959 3055 3231 3111 nunquam
3272 3040 3574 3111 conquesti,
3607 3041 3661 3097 in
3706 3041 3902 3096 tradita

2305 3133 2409 3189 sibi
2461 3143 2567 3188 tam
2614 3133 2858 3188 horribili
2900 3132 3143 3188 doctrina
3195 3142 3302 3188 tam
3352 3141 3666 3189 constanter
3710 3149 3900 3192 omnes

2307 3226 2758 3299 perseverarunt?
2797 3224 3065 3296 Numquid
3096 3225 3354 3280 timebant
3382 3241 3450 3281 ne
3475 3241 3539 3282 ea
3571 3226 3892 3296 patefacien-

2305 3328 2390 3374 tes
2415 3319 2768 3388 punirentur?
2797 3317 2936 3385 Quin
2987 3319 3096 3372 imo
3137 3315 3474 3373 ethnicorum
3525 3317 3754 3388 gratiam
3797 3317 3899 3374 sibi

2307 3410 2432 3468 inde
2475 3411 2906 3466 conciliavissent
2940 3427 2955 3463 :
2984 3410 3078 3464 sed
3107 3409 3285 3480 perire
3313 3409 3607 3478 malebant,
3637 3427 3788 3482 quam
3808 3407 3901 3467 sub

2305 3504 2397 3558 tali
2424 3503 2733 3558 conscientia
2753 3504 2916 3558 vivere
2945 3504 3081 3573 (cap.
3113 3501 3192 3573 8).

2378 3597 2493 3663 Qua
2542 3603 2720 3650 autem
2765 3593 3018 3649 facilitate
3064 3592 3428 3653 Tertullianus
3447 3593 3785 3651 Christianos
3825 3594 3897 3653 de

2305 3688 2467 3743 tantis
2508 3697 2699 3759 purgat
2741 3687 3074 3754 criminibus,
3125 3687 3313 3742 eadem
3359 3685 3599 3759 profecto
3663 3686 3900 3742 ostendit

2304 3784 2532 3856 gentiles
2575 3781 2888 3838 earumdem
2937 3791 3029 3837 aut
3068 3782 3323 3838 similium
3369 3782 3522 3853 plane
3572 3783 3897 3854 penitusque

2306 3875 2572 3931 convinci.
2625 3875 2860 3930 Saturno
2913 3890 3165 3945 namque,
3218 3875 3305 3946 qui
3337 3875 3570 3946 propriis
3616 3875 3740 3930 filiis
3782 3877 3898 3930 suis

2303 3985 2412 4026 non
2463 3969 2732 4039 pepercit,
2777 3966 3006 4043 infantes
3058 3969 3124 4024 ad
3179 3967 3406 4039 primum
3481 3984 3651 4040 usque
3697 3967 3902 4024 Tiberii

2307 4061 2744 4135 proconsulatum
2780 4061 2975 4130 palam,
3009 4076 3070 4116 ac
3099 4061 3354 4132 deinceps
3382 4061 3592 4117 occulte
3639 4061 3692 4116 in
3720 4059 3900 4116 Africa

2310 4155 2678 4212 immolabant.
2718 4154 2855 4212 Galli
2898 4170 3024 4210 vero
3052 4155 3298 4211 solebant
3339 4156 3570 4226 majores
3605 4166 3732 4210 natu
3760 4155 3899 4210 Mer-

2309 4250 2481 4316 curio,
2505 4250 2667 4306 Tauri
2690 4265 2817 4305 suos
2846 4249 3084 4320 hospites
3113 4249 3314 4316 Diante,
3343 4249 3572 4305 Romani
3598 4249 3898 4311 bestiarios.

2311 4363 2417 4402 non
2466 4345 2640 4399 minus
2688 4354 2864 4398 tamen
2910 4343 3178 4411 homines,
3213 4343 3264 4398 in
3318 4343 3545 4413 publicis
3600 4342 3739 4398 ludis
3783 4342 3903 4398 ,Ιονί

2309 4451 2564 4496 mactare.
2595 4438 2732 4506 Quid
2764 4438 2930 4509 quod,
2975 4438 3063 4493 alii
3096 4454 3200 4492 non
3247 4437 3440 4492 minori
3475 4436 3796 4494 crudelitate
3823 4438 3904 4492 in-

2312 4534 2544 4589 fantibus
2590 4544 2680 4589 attt
2715 4532 2904 4588 abortu
2949 4532 3327 4602 pra'ripiebant
3368 4532 3566 4597 vitam,
3610 4543 3701 4586 aut
3750 4540 3903 4586 natos

2310 4629 2464 4683 morti
2497 4626 2838 4696 exponebant
2885 4641 3008 4681 mox
3055 4625 3281 4682 futurae.
3328 4624 3441 4680 lluc
3488 4624 3718 4686 accedit,
3760 4621 3901 4695 quod

2309 4739 2414 4780 non
2443 4722 2618 4779 solum
2648 4722 2895 4777 nationes
2924 4719 3194 4792 quzedam,
3223 4718 3680 4790 quemadmodum
3714 4717 3901 4774 Catili-

2308 4832 2399 4881 na,
2451 4814 2625 4871 cft‘uso
2687 4830 2785 4868 suo
2831 4813 3095 4882 sanguine
3148 4811 3322 4867 foedus
3377 4812 3664 4880 pepigere,
3716 4824 3902 4865 verum

2307 4911 2470 4968 etiam
2514 4907 2728 4980 Scythzc
2763 4906 3038 4962 hominem
3079 4903 3368 4961 comedere
3415 4902 3746 4959 ferebantur.
3780 4903 3902 4958 Bel—

2308 5002 2446 5060 ιυηω
2476 5013 2686 5073 qucque
2723 4999 2974 5055 sacerdot
2996 5015 3036 5053 -s
3062 5013 3161 5052 suo
3187 4997 3652 5054 consecrabantur
3677 4994 3902 5064 sangui-

2308 5113 2398 5162 ne,
2429 5108 2482 5152 et
2517 5093 2862 5165 gladiatores,
2894 5091 3034 5147 sicut
3059 5089 3318 5145 comitiali
3351 5089 3538 5143 morbo
3569 5087 3899 5152 laborantes,

2307 5188 2560 5244 bibebant
2588 5185 2817 5240 aliorum
2860 5183 3136 5238 hominum
3167 5182 3218 5237 in
3247 5196 3408 5236 arena
3447 5179 3746 5234 occisorum
3777 5191 3905 5232 san-

2305 5281 2545 5353 guinem.
2575 5279 2678 5334 Alii
2705 5279 2866 5333 etiam
2896 5277 2947 5330 in
2980 5275 3212 5346 publicis
3243 5272 3567 5344 spectaculis
3591 5285 3784 5326 carnes
3805 5285 3903 5324 eo-

2307 5376 2590 5432 medebant
2612 5382 2702 5428 aut
2724 5372 2890 5437 cervi,
2914 5370 3004 5442 qui
3023 5369 3075 5423 in
3100 5368 3337 5423 hominis
3357 5364 3616 5437 sanguine
3636 5363 3903 5436 jacuerat,

2307 5478 2402 5525 aut
2442 5467 2578 5539 apri,
2604 5467 2692 5536 qui
2721 5464 2993 5520 hominem
3031 5467 3431 5525 cruentaverat,
3468 5466 3561 5512 aut
3591 5457 3699 5512 ursi
3723 5460 3906 5511 alveo-

2309 5564 2414 5630 los,
2451 5563 2542 5634 qui
2588 5560 2870 5618 ructabant
2913 5557 3088 5613 adhuc
3136 5554 3416 5609 hominum
3452 5550 3506 5605 iu
3563 5548 3713 5605 hisce
3767 5546 3904 5602 ludis

2311 5654 2708 5713 interfectorum
2770 5653 2999 5708 viscera.
3062 5647 3298 5718 Denique
3366 5644 3537 5714 magis
3602 5638 3902 5703 horrendo,

2311 5764 2411 5806 nec
2441 5763 2672 5817 unquam
2708 5744 3066 5807 nominando,
3098 5741 3305 5800 scelere
3334 5735 3691 5794 substantiam
3723 5731 3904 5786 homi-

2311 5839 2397 5901 nis
2433 5838 2817 5913 destituebant.
2855 5833 3148 5899 Christiani
3185 5846 3219 5894 e
3246 5830 3520 5894 contrario
3537 5824 3909 5889 abhorrebant
