4252 6264
344 228 452 287 709

1479 234 1933 299 DlSSERTATlO
1973 239 2036 300 ι).
2073 239 2165 302 LE
2201 241 2511 306 NOURRY.

3533 255 3641 318 710

344 366 415 422 ab
445 365 594 422 omni
617 369 839 425 smvitiae
865 382 1082 442 genere,
1111 382 1212 427 nec
1233 369 1311 426 fas
1331 371 1413 428 eis
1433 383 1549 430 erat
1573 376 1734 431 etiam
1759 377 1949 434 crude-

2062 374 2212 430 quam
2241 361 2492 422 Lucullus
2514 363 2585 422 ob
2613 375 2801 423 cerasa
2826 377 2894 426 ex
2920 365 3091 426 Ponto
3119 377 3420 431 transvecta
3446 369 3501 431 in
3533 375 3640 435 Ita-

348 457 552 514 lissima
600 463 738 516 inter
786 469 1050 517 tormenta
1108 472 1198 517 aut
1257 464 1568 520 animalium
1608 469 1946 539 sanguinem,

349 561 442 606 aut
471 552 788 609 suffocatum
811 554 1032 625 aliquid,
1060 565 1152 610 aut
1173 555 1412 613 oblatum
1445 558 1596 616 falsis
1625 559 1732 618 diis
1759 565 1950 620 morti-

350 631 910 719 ciniurri-prmgustare
939 647 1079 722 (cap.
1105 647 1183 719 9).

432 757 568 826 Quid
594 775 721 816 vero
737 775 942 816 caussa:
961 751 1185 818 eralcur
1197 763 1394 820 ethnici
1409 763 1746 824 Christianos
1761 784 1953 842 argue-

351 865 474 912 rent
502 851 756 921 incestus,
791 856 946 924 cujus
987 857 1296 926 exemplum
1327 857 1552 914 dederat
1597 861 1952 918 sceleratissi-

350 967 470 1008 mus
499 949 726 1021 Jupiter,
756 958 810 1006 et
843 949 924 1004 rei
953 961 1111 1006 erant
1137 950 1359 1008 Persae?
1383 953 1637 1024 Ejusdem
1666 971 1795 1012 vero
1838 971 1954 1013 sce-

353 1043 484 1101 leris
520 1042 754 1114 suspecti
810 1051 966 1098 erant
1012 1042 1354 1112 Macedones,
1387 1060 1418 1100 a
1448 1047 1643 1118 quibus
1671 1048 1718 1102 is
1764 1049 1953 1106 irrisus

353 1137 452 1192 fuit
505 1138 595 1209 qui
651 1135 847 1208 OEdipi
907 1138 1225 1209 tragoediam
1283 1140 1512 1210 agendo,
1565 1142 1956 1198 lamentabalur

352 1229 607 1286 violatam
649 1246 680 1284 a
725 1230 1018 1300 semetipso
1073 1240 1301 1286 matrem
1349 1245 1524 1288 suam.
1566 1231 1706 1299 Quid
1759 1234 1954 1302 plura?

354 1323 590 1395 lmprobi
612 1325 844 1399 gentiles
859 1323 1060 1396 stupris
1080 1325 1400 1392 assuefacti,
1425 1328 1538 1382 suis
1561 1327 1722 1383 etiam
1749 1328 1952 1392 liberis,

354 1417 481 1473 olim
514 1418 798 1490 expositis,
843 1433 944 1474 nec
993 1417 1095 1474 sibi
1137 1419 1369 1490 amplius
1414 1420 1664 1489 cognitis,
1709 1429 1954 1490 stuprum

355 1524 497 1566 creca
521 1511 743 1567 libidine
772 1512 1092 1568 inferebant.
1121 1513 1191 1566 At
1217 1512 1507 1568 Christiani
1535 1522 1627 1568 aut
1652 1513 1703 1568 in
1738 1513 1956 1584 virgini-

354 1604 482 1658 tatis
511 1607 926 1673 perseverabant
955 1613 1117 1671 statu,
1142 1615 1234 1659 aut
1258 1606 1326 1660 ab
1351 1605 1499 1661 omni
1527 1615 1652 1678 post
1675 1606 1955 1663 matrimo-

353 1695 500 1751 nium
529 1712 756 1753 excessu
787 1713 1002 1768 semper
1020 1697 1382 1754 abstinebant.

435 1813 518 1868 Ab
539 1812 686 1870 falsis
708 1822 887 1870 autem
927 1811 1236 1886 fictitiisque
1261 1813 1692 1872 Christianorum
1726 1817 1956 1873 occultis

357 1908 692 1972 criminibus,
729 1906 796 1961 ad
829 1921 891 1961 ea
933 1907 1122 1960 transit
1171 1906 1557 1976 Tertullianus,
1610 1925 1730 1980 quae
1755 1909 1955 1966 ethnici

357 2001 636 2059 manifesta
675 2009 728 2055 et
756 1999 969 2069 publica
999 2014 1120 2054 esse
1146 2000 1589 2057 criminabantur.
1621 2002 1954 2072 Praecipuum

355 2104 536 2150 autem
580 2072 709 2147 illud
755 2100 908 2159 erat,
947 2107 1054 2162 quo
1081 2093 1350 2166 sacrilegii
1390 2103 1444 2150 et
1485 2096 1627 2150 laesae
1656 2095 1956 2165 majestatis

357 2187 552 2243 divinae
592 2185 714 2240 ideo
770 2185 1196 2252 accusabantur,
1252 2187 1394 2258 quod
1436 2203 1650 2242 omnem
1693 2188 1796 2243 diis
1837 2189 1954 2243 cul-

367 2291 480 2335 tum
552 2293 771 2349 prorsus
845 2279 1193 2349 denegarem.
1241 2278 1350 2335 Nec
1421 2279 1683 2336 diffitetur
1737 2281 1955 2352 quidem

362 2370 726 2428 Tertullianus
783 2370 988 2440 grande
1045 2371 1230 2441 procul
1280 2371 1442 2427 dubio
1495 2387 1617 2428 esse
1668 2371 1798 2428 illud
1847 2373 1956 2428 cri-

364 2481 515 2533 men,
542 2466 587 2520 si
606 2480 740 2536 quos
784 2465 985 2520 ethnici
1028 2465 1346 2533 adorabant,
1394 2467 1469 2522 dii
1516 2483 1705 2524 revera
1736 2468 1952 2526 fuerint.

361 2559 433 2616 At
482 2573 577 2630 eos
631 2574 736 2613 non
771 2557 924 2624 deos,
956 2557 1052 2614 sed
1093 2573 1271 2614 meros
1316 2559 1562 2615 homines
1608 2560 1777 2617 fuisse
1807 2563 1956 2618 testis

361 2660 478 2707 erat
501 2652 856 2722 ipsorummet
879 2650 1218 2706 ethnicorum
1248 2653 1601 2708 conscientia.
1630 2654 1687 2709 Si
1715 2654 1836 2725 quis
1873 2665 1954 2709 ta-

361 2759 485 2800 men
514 2743 766 2800 reluctari
797 2742 974 2798 adhuc
1002 2743 1226 2809 audeat;
1267 2744 1356 2800 ille
1383 2745 1664 2800 confestim
1707 2747 1955 2802 innume-

364 2837 437 2892 ris
483 2836 788 2891 revincetur
827 2835 1160 2906 Scriptorum
1213 2851 1431 2892 suorum
1479 2840 1820 2905 testimoniis,
1866 2841 1958 2911 qui

365 2929 480 2985 loca
511 2930 765 2996 indicant,
793 2931 884 2985 ubi
913 2931 1262 2986 commentitii
1304 2932 1377 2986 illi
1409 2933 1482 2987 dii
1531 2935 1662 3002 nati,
1689 2934 1778 2989 ubi
1809 2951 1957 2990 mor-

365 3022 522 3078 talem
547 3033 775 3095 egerunt
820 3024 1024 3091 vitam,
1057 3034 1112 3079 et
1159 3024 1248 3079 ubi
1278 3041 1341 3081 ea
1381 3027 1529 3082 finita
1571 3028 1764 3098 sepulti
1809 3039 1955 3085 sunt.

368 3114 503 3182 Quia
545 3131 676 3172 vero
703 3117 912 3187 longius
940 3115 1131 3171 fuisset
1154 3118 1392 3188 singulos
1424 3119 1588 3175 hosce
1613 3120 1744 3175 deos
1789 3105 1961 3176 nomi-
1986 3139 2031 3203 ρ

376 3209 541 3263 natim
587 3224 894 3276 recensere,
928 3208 1131 3264 Auctor
1162 3221 1347 3265 noster
1373 3211 1504 3266 illud
1547 3211 1784 3280 Saturni,
1827 3214 1959 3270 deo-

368 3315 492 3355 rum
547 3302 783 3355 omnium
825 3299 1006 3371 primi,
1056 3303 1307 3372 exemplo
1353 3302 1707 3362 demonstrat.
1759 3305 1960 3362 Omnes

371 3409 607 3464 namque
634 3394 1005 3464 antiquitatum
1032 3392 1396 3468 descriptores
1423 3409 1671 3454 asserunt
1697 3399 1849 3456 illum
1877 3415 1962 3457 re—

367 3501 496 3541 vera
541 3485 706 3542 fuisse
748 3486 1016 3542 hominem
1039 3529 1054 3555 ,
1083 3490 1175 3560 qui
1202 3498 1323 3559 post
1349 3490 1544 3546 multas
1566 3492 1958 3563 expeditiones,

365 3577 549 3634 Attico
578 3579 812 3651 llospilio
840 3580 908 3635 ab
934 3579 1071 3636 Jano
1097 3582 1182 3636 vel
1219 3581 1381 3639 lnone
1411 3584 1463 3638 in
1495 3584 1646 3640 Italia
1683 3598 1958 3658 exceptus,

365 3673 540 3729 monti
566 3688 631 3729 ac
666 3675 868 3730 civitati
893 3691 1052 3746 quam
1095 3677 1342 3743 incoluit,
1375 3679 1575 3748 totique
1614 3678 1776 3736 Italia:
1815 3680 1963 3736 dedit

367 3765 631 3822 Saturniae
660 3782 879 3823 nomen.
910 3768 1091 3839 Neque
1114 3769 1164 3823 id
1191 3765 1366 3825 minus
1393 3771 1674 3841 perspicue
1713 3771 1960 3828 declara-

367 3857 495 3914 bant
519 3858 711 3913 tabula:
737 3859 806 3914 ab
844 3859 963 3929 ipso
990 3860 1058 3915 ibi
1088 3860 1318 3930 primum
1342 3861 1606 3929 confictae,
1635 3871 1689 3917 et
1712 3880 1962 3920 nummus

367 3949 599 4020 imagine
636 3951 899 4021 signatus,
926 3953 997 4008 ob
1023 3970 1184 4024 quem
1227 3956 1518 4025 praesidere
1559 3960 1754 4014 aerario
1777 3961 1961 4031 perhi-

368 4043 541 4100 betur.
575 4045 751 4101 Homo
781 4049 944 4118 igitur
974 4049 1066 4104 ille
1095 4049 1212 4117 fuit,
1239 4066 1337 4106 nec
1357 4051 1426 4106 de
1454 4053 1595 4109 caelo
1621 4063 1674 4108 et
1707 4063 1848 4109 terra
1871 4071 1962 4109 or-

367 4145 474 4204 tos,
494 4139 653 4193 sicuti
677 4140 918 4194 nonnulli
948 4140 1162 4196 fabulati
1191 4155 1335 4197 sunt.
1363 4141 1605 4201 Caeteros
1626 4162 1754 4218 ergo
1773 4163 1962 4204 omnes

369 4227 519 4298 deos,
567 4232 657 4301 qui
696 4247 849 4287 suam
875 4249 941 4288 ex
989 4233 1082 4290 illo
1128 4233 1334 4290 ducunt
1373 4237 1661 4308 originem,
1717 4239 1962 4298 homines

367 4323 528 4380 etiam
559 4323 742 4392 fuisse,
772 4326 892 4397 quis
909 4343 1118 4399 ,negare
1143 4328 1361 4385 audebit
1379 4329 1516 4403 (cap.
1548 4330 1676 4404 40)?

436 4436 552 4494 Nec
576 4439 703 4494 sinit
730 4439 947 4511 quidem
996 4440 1358 4498 Tertullianus
1388 4443 1488 4498 sibi
1519 4443 1834 4514 responderi
1864 4443 1964 4500 hos

370 4541 493 4604 post
529 4543 756 4588 mortem
799 4542 1003 4588 tantum
1052 4550 1203 4589 suam
1247 4535 1469 4590 deorum
1504 4535 1803 4606 adscriptas
1845 4553 1965 4592 esse

369 4639 622 4680 numero.
648 4625 984 4682 Divinitatem
1012 4628 1160 4682 enim
1195 4627 1374 4681 nullus
1404 4628 1566 4682 hoino
1587 4628 1687 4682 sibi
1717 4626 1966 4686 conferre

370 4726 569 4788 potest.
599 4715 652 4773 Si
684 4719 766 4772 cui
796 4735 924 4790 ergo
953 4735 1047 4774 seu
1081 4731 1226 4786 ante,
1258 4736 1354 4775 seu
1408 4731 1527 4790 post
1578 4735 1804 4777 mortem
1842 4722 1966 4778 data

367 4822 475 4880 est,
515 4814 560 4868 is
592 4824 739 4870 certe
775 4815 843 4869 ab
884 4816 990 4870 alio
1019 4817 1317 4886 potentiore
1368 4816 1477 4872 Deo
1523 4817 1666 4871 illam
1721 4817 1966 4888 accipere

369 4906 573 4962 debuit.
589 4909 661 4963 At
676 4910 820 4964 nulla
839 4910 997 4979 plane
1017 4926 1205 4966 caussa
1224 4927 1458 4983 unquam
1478 4912 1572 4966 fuit
1592 4928 1690 4968 cur
1712 4913 1800 4968 ille
1813 4929 1965 4968 sum-

369 5012 491 5054 mus
533 4999 672 5056 Deus
699 5001 908 5072 aliquos
938 5013 1061 5074 post
1086 5019 1270 5060 eorum
1303 5016 1528 5060 mortem
1568 5005 1700 5061 deos
1741 5007 1960 5063 faceret.

368 5089 581 5148 Nullius
607 5095 828 5166 quippe,
869 5096 982 5152 sive
1020 5098 1085 5152 ad
1133 5097 1391 5152 mundum
1430 5097 1817 5167 fabricandum,
1852 5102 1967 5158 sive

368 5183 438 5239 ad
463 5185 610 5241 aliud
647 5187 921 5259 quidpiam
963 5190 1230 5259 agendum
1275 5206 1508 5260 unquam
1555 5191 1782 5263 indiguit
1811 5194 1966 5249 auxi-

369 5277 468 5336 lio.
516 5281 659 5337 Ante
699 5297 891 5338 omnes
932 5284 1196 5353 siquidem
1249 5285 1461 5341 fictitios
1486 5289 1764 5358 gentilium
1810 5289 1964 5356 deos,

369 5373 601 5444 pluviae,
643 5376 868 5444 lumina,
896 5377 1095 5444 sidera,
1143 5379 1398 5446 tonitrua,
1441 5378 1682 5448 fulmina,
1715 5389 1770 5438 et
1821 5383 1967 5439 varia

368 5467 583 5540 frugum
657 5487 856 5543 genera
935 5482 1052 5528 orta
1127 5483 1270 5528 sunt.
1345 5473 1484 5542 Quin
1546 5475 1654 5528 imo
1727 5476 1966 5532 omnium

368 5560 650 5619 hominum
687 5563 916 5638 primus,
949 5574 1069 5636 post
1098 5567 1277 5622 omnia
1308 5566 1373 5620 ad
1401 5567 1559 5620 vitam
1585 5570 1702 5637 ejus
1730 5583 1969 5650 necessa-

367 5654 472 5722 ria,
503 5658 754 5713 conditus
784 5668 889 5714 est.
912 5657 1030 5714 Non
1063 5660 1232 5730 magis
1253 5675 1381 5731 ergo
1403 5658 1582 5728 Liber,
1617 5661 1800 5729 Ceres,
1829 5661 1966 5719 Bac-

364 5747 508 5809 chus
549 5762 604 5810 et
635 5751 874 5812 Minerva
917 5753 989 5812 ob
1029 5752 1276 5814 inventas
1304 5752 1483 5827 fruges
1526 5753 1598 5812 dii
1635 5756 1760 5813 facti
1813 5767 1962 5829 sunt,

1985 1751 2034 1812 B

2055 453 2204 512 liam.

2125 569 2308 642 Neque
2352 573 2545 643 potiori
2572 574 2782 632 ratione
2809 574 2910 632 dici
2941 584 3119 648 potest
3160 578 3405 637 collatam
3428 592 3646 655 propter

2053 665 2246 721 merita
2275 675 2330 721 et
2357 666 2581 723 virtutes
2612 668 2917 726 hominibus
2949 671 3301 730 divinitatem.
3348 674 3480 731 Nam
3522 677 3649 736 inde

2056 757 2338 814 conficitur
2365 774 2674 830 supremmn
2723 762 2957 830 aliquem
3003 779 3124 821 esse
3167 766 3344 834 deum,
3383 772 3473 841 qui
3528 787 3646 830 me-

2057 850 2303 906 rentibus
2336 851 2671 910 divinitatem
2700 854 2970 926 dipensat.
3016 859 3219 917 Deinde
3245 878 3375 918 vero
3415 867 3648 935 gentiles

2055 941 2209 998 fateri
2237 944 2566 1014 cogebantur
2591 945 2725 1003 deos
2743 962 2872 1003 suos
2898 949 3060 1007 fuisse
3082 953 3324 1010 homines
3349 956 3646 1028 improbos,

2057 1033 2271 1104 impios,
2301 1038 2615 1104 sceleratos,
2650 1041 3032 1110 nequissimos,
3059 1046 3297 1117 aliosque
3317 1049 3419 1104 illis
3447 1051 3650 1108 similes

2057 1128 2126 1184 ab
2149 1129 2270 1186 aliis
2317 1130 2452 1187 bene
2499 1135 2726 1190 moratis
2753 1134 2875 1205 jure
2922 1140 3114 1194 merito
3140 1143 3509 1200 condemnari.
3542 1145 3650 1203 Fac

2061 1230 2239 1278 tamen
2287 1223 2412 1280 illos
2453 1223 2618 1282 fuisse
2666 1229 2887 1299 probos,
2916 1232 3014 1286 sed
3062 1249 3165 1290 non
3217 1238 3470 1293 meliores
3499 1251 3652 1296 erant

2059 1313 2280 1370 Socrate
2326 1324 2382 1371 et
2428 1317 2683 1388 Aristide,
2729 1337 2829 1377 nec
2876 1324 3126 1380 fortiores
3181 1325 3543 1386 Themistocle
3597 1341 3654 1388 et

2059 1407 2398 1475 Alexandro,
2448 1426 2548 1466 nec
2594 1411 2867 1470 feliciores
2909 1417 3189 1489 Polycrate
3237 1428 3291 1474 ct
3326 1421 3493 1493 Sylla,
3551 1439 3654 1481 nec

2058 1501 2249 1559 Crceso
2286 1501 2550 1560 Crassove
2572 1505 2824 1574 ditiores,
2854 1509 3252 1580 eloquentiores
3293 1514 3655 1574 Demosthene

2059 1603 2115 1651 et
2135 1594 2412 1658 Cicerone,
2437 1596 2792 1666 snpientiores
2817 1599 3040 1667 Catone,
3074 1617 3138 1657 ac
3165 1603 3420 1674 Scipione
3444 1608 3652 1679 aequio-

2060 1701 2168 1744 res.
2201 1687 2310 1743 Cur
2333 1703 2463 1759 ergo
2485 1689 2714 1757 ethnici,
2745 1692 2827 1747 bis
2855 1694 2994 1763 apud
3023 1695 3222 1750 inferos
3253 1698 3480 1769 relictis,
3531 1700 3655 1759 illos

2063 1778 2116 1835 in
2137 1781 2332 1836 coelum
2355 1791 2605 1852 tanquam
2627 1783 2758 1840 deos
2786 1786 3116 1843 sustulerunt
3142 1789 3281 1861 (cap.
3313 1792 3443 1863 ll)?

2131 1895 2239 1950 Sed
2281 1895 2367 1951 die
2395 1911 2560 1967 porro
2586 1899 2805 1970 quinam
2837 1901 2944 1958 sint
2983 1902 3036 1957 hi
3063 1904 3339 1975 gentilium
3379 1905 3477 1962 dii.
3509 1904 3654 1966 Nihil

2060 1986 2220 2057 plane
2249 1987 2302 2042 in
2333 1988 2460 2056 illis,
2509 1992 2584 2046 ait
2628 1991 3008 2063 Tertullianus,
3040 1996 3214 2064 video,
3263 1998 3376 2054 nisi
3412 2011 3655 2058 mortuo-

2059 2095 2179 2136 rum
2223 2080 2502 2138 hominum
2561 2088 2799 2141 nomina.
2835 2088 2976 2143 Nihil
3007 2091 3166 2145 audio
3198 2101 3394 2162 praeter
3421 2093 3654 2164 fabulas,

2059 2182 2220 2244 atque
2249 2190 2318 2230 ex
2349 2175 2433 2232 his
2463 2175 2659 2233 fabulis
2689 2194 2839 2235 sacra
2869 2181 3111 2239 instituta
3140 2200 3494 2258 recognosco.
3517 2188 3655 2256 Quid

2062 2281 2213 2335 vero,
2245 2268 2386 2338 quod
2430 2287 2618 2326 eorum
2647 2271 2936 2330 simulacra
2964 2291 3033 2332 ex
3067 2280 3434 2335 communium
3460 2295 3651 2337 vascu-

2060 2357 2234 2414 lorum
2275 2369 2330 2416 et
2368 2362 2845 2421 instrumentorum
2889 2369 3138 2437 materie,
3170 2371 3254 2426 vel
3304 2387 3368 2428 ex
3417 2373 3659 2444 ipsismet

2060 2453 2292 2508 vasculis
2312 2464 2368 2510 et
2395 2455 2768 2513 instrumentis
2795 2459 3111 2526 fabrefacta,
3136 2462 3212 2518 dii
3241 2463 3457 2520 tandem
3486 2465 3655 2523 sacri-

2060 2544 2177 2616 lega
2221 2549 2628 2606 consecratione
2657 2551 2798 2608 facta
2828 2557 2994 2630 sunt?
3037 2557 3168 2624 Quis
3193 2557 3412 2628 insuper
3432 2575 3539 2614 non
3574 2561 3659 2616 vi-

2059 2637 2183 2694 deat
2209 2640 2429 2709 pulchra
2460 2642 2546 2704 illa
2576 2645 2885 2714 simulacra,
2918 2647 3044 2703 dum
3094 2649 3441 2718 fabricantur,
3467 2653 3658 2710 eadem

2061 2733 2191 2800 pati,
2222 2742 2384 2803 atque
2419 2735 2722 2805 christiani,
2751 2753 2871 2794 cum
2914 2739 2984 2795 ab
3021 2741 3253 2797 ethnicis
3299 2744 3659 2814 torquentur?

2063 2825 2142 2881 Ex
2167 2827 2395 2882 metallis
2421 2829 2564 2884 enim
2593 2829 2745 2898 fiunt,
2777 2830 2974 2902 quibus
2997 2832 3320 2889 damnantur
3341 2837 3658 2894 Christiani.

2064 2917 2156 2972 Illa
2187 2921 2438 2974 crucibus
2472 2930 2528 2977 et
2554 2923 2826 2992 stipitibus
2860 2925 3227 2996 imponuntur,
3263 2929 3522 2986 raduntur
3556 2949 3660 2986 un-

2061 3009 2220 3080 gulis,
2270 3011 2480 3082 iguibus
2532 3007 2848 3083 exuruntur,
2905 3017 3000 3072 sed
3063 3017 3148 3074 his
3185 3021 3435 3077 omnibus
3485 3022 3660 3078 modis

2063 3103 2354 3160 Christiani
2381 3107 2637 3164 tolluntur
2679 3124 2711 3164 e
2757 3110 2956 3177 medio;
2991 3112 3043 3168 in
3086 3111 3190 3168 hoc
3236 3124 3414 3171 tamen
3462 3117 3530 3170 ab
3556 3116 3661 3172 illis

2066 3195 2394 3267 discrepant,
2426 3200 2569 3268 quod
2595 3201 2880 3256 simulacra
2907 3202 3138 3272 primum
3165 3214 3291 3260 sunt
3309 3206 3429 3262 sine
3457 3207 3656 3277 capite,

2065 3287 2208 3358 quod
2237 3287 2577 3357 Christianis,
2609 3292 2942 3363 iniquissime
2971 3294 3261 3366 damnatis,
3301 3298 3518 3354 tandem
3548 3315 3661 3356 am-

2067 3390 2301 3452 putatur.
2320 3383 2400 3438 Ad
2428 3382 2544 3440 haec
2559 3399 2706 3452 vero,
2727 3385 2779 3441 hi
2806 3386 2857 3440 in
2879 3387 3082 3444 insulas
3106 3390 3432 3462 relegantur,
3461 3391 3514 3447 in
3537 3393 3659 3465 qui-

2065 3473 2166 3530 bus
2193 3475 2477 3547 plerosque
2502 3492 2691 3534 omnes
2719 3479 2996 3550 gentilium
3027 3481 3159 3537 deos
3195 3491 3351 3539 natos
3382 3495 3658 3542 mortuos-

2065 3581 2171 3636 que
2211 3583 2333 3625 esse
2378 3584 2538 3626 nemo
2576 3571 2766 3627 nescit.
2814 3572 3000 3644 Neque
3049 3576 3378 3646 respondere
3414 3586 3664 3648 poterant

2065 3657 2182 3716 hmo
2239 3677 2385 3718 mera
2437 3677 2556 3720 esse
2604 3665 3030 3723 Christianorum
3079 3669 3134 3724 in
3193 3668 3324 3726 deos
3385 3673 3661 3739 convicia;

2066 3755 2498 3826 quandoquidem
2526 3759 2746 3814 eosdem
2783 3761 2914 3817 deos
2948 3763 3155 3818 Seneca
3201 3764 3445 3834 pluribus
3474 3767 3662 3838 longe-

2065 3861 2172 3918 que
2220 3850 2574 3906 amarioribus
2624 3853 2802 3907 verbis
2845 3853 3138 3910 insectatus
3181 3867 3284 3912 est.
3332 3857 3502 3914 Recte
3530 3875 3662 3932 ergo

2065 3937 2353 3996 Christiani
2395 3942 2482 3997 illa
2511 3943 2736 3999 deorum
2767 3945 3055 4002 simulacra
3086 3948 3314 4006 adorare
3341 3953 3658 4021 renuebant,

2067 4046 2186 4101 qua:
2208 4047 2236 4084 a
2263 4033 2464 4100 milvis,
2495 4036 2757 4104 muribus,
2785 4038 2998 4094 araneis
3041 4041 3408 4111 coinquinata,
3437 4045 3505 4098 ab
3526 4045 3661 4116 ipsis

2065 4126 2353 4195 gentilibus
2385 4128 2749 4200 negliguntur,
2782 4132 3480 4201 illuduntur,deStruuntur.

2154 4237 2294 4305 Quin
2320 4241 2481 4296 etiam
2513 4242 2602 4298 alii
2629 4243 2765 4299 alios
2790 4244 2920 4299 deos
2943 4247 3214 4314 colebant,
3237 4250 3517 4324 nullusque
3545 4253 3664 4311 sine

2066 4337 2530 4394 senatusconsulto
2559 4337 2691 4392 deus
2730 4352 2852 4394 esse
2896 4349 3124 4409 poterat.
3163 4342 3496 4403 Domesticos
3536 4365 3663 4406 vero

2069 4431 2201 4486 deos
2232 4446 2328 4501 pro
2372 4447 2465 4486 sua
2498 4431 2724 4502 quisque
2771 4441 2862 4487 aut
2902 4435 3225 4495 necessitate
3270 4450 3362 4496 aut
3399 4453 3661 4513 potestate

2070 4523 2476 4595 oppignerabat,
2527 4523 2612 4578 vel
2662 4524 2948 4594 vendebat,
2976 4529 3060 4583 vel
3112 4533 3353 4587 mutabat
3402 4535 3563 4590 modo
3609 4537 3660 4592 in

2072 4617 2308 4680 trullam,
2347 4617 2508 4670 modo
2538 4614 2591 4670 in
2631 4617 2907 4674 caeahum.
2951 4621 3200 4676 Publicos
3227 4633 3403 4679 autem
3434 4625 3566 4682 deos
3605 4629 3656 4683 in

2073 4707 2310 4763 hastario
2331 4707 2618 4778 vectigales
2648 4707 2934 4777 habebant,
2967 4726 3030 4765 ac
3060 4713 3160 4766 sub
3191 4712 3366 4781 hasta,
3396 4726 3445 4772 et
3467 4719 3663 4788 publici

2073 4800 2336 4872 pra-conis
2383 4815 2519 4856 voce
2564 4800 2800 4856 venales.
2851 4801 2962 4857 Nec
3006 4803 3056 4858 id
3127 4805 3368 4874 profecto
3443 4811 3659 4870 mirum.

2073 4896 2158 4952 Dii
2211 4896 2406 4966 quippe
2451 4910 2558 4966 quo
2603 4895 2770 4966 magis
2811 4898 3005 4966 saneti,
3053 4913 3118 4954 eo
3168 4905 3337 4972 magis
3391 4905 3664 4962 tributarii

2073 4985 2248 5044 erimt.
2297 4987 2606 5043 Mendicans
2633 5003 2760 5042 vero
2804 4987 3142 5046 ethnicorum
3183 4995 3369 5065 religio
3407 4998 3667 5054 circuibat

2071 5096 2364 5151 cauponas,
2387 5097 2450 5136 ac
2479 5096 2728 5153 magnam
2771 5097 2868 5155 pro
2899 5084 3094 5157 templi
3115 5085 3340 5159 alicujus
3373 5089 3520 5145 aditu
3551 5089 3666 5146 exi-

2069 5196 2231 5268 gebat
2259 5194 2584 5252 mercedem.

2141 5289 2248 5347 Sed
2274 5289 2522 5360 agedum.
2551 5305 2676 5360 quo,
2715 5305 2919 5362 (μείρεο,
2965 5291 3126 5350 modo
3154 5292 3353 5351 ethnici
3380 5294 3510 5354 deos
3538 5310 3667 5354 suos

2085 5382 2460 5438 honorabant?
2489 5382 2689 5437 Eodem
2720 5384 2877 5454 plane
2917 5399 2979 5440 ac
3008 5395 3248 5442 mortuos
3273 5389 3623 5459 imperatores
3647 5407 3663 5446 :

2083 5476 2197 5533 imo
2222 5493 2351 5532 vero
2373 5475 2620 5533 eumdem
2666 5478 2922 5534 honorem
2967 5480 3068 5536 illis
3095 5479 3414 5549 viventibus,
3442 5499 3507 5540 ac
3528 5500 3669 5542 mor-

2075 5570 2183 5624 tuis
2208 5569 2309 5624 diis
2336 5568 2448 5629 suis
2479 5569 2803 5625 detulerunt.
2833 5571 3004 5626 Simili
3033 5589 3244 5644 quoque
3271 5575 3430 5630 modo
3459 5575 3666 5633 Laren-

2071 5662 2251 5717 tinam-
2305 5663 2677 5730 meretricem,
2753 5662 3025 5720 Simonem
3072 5664 3306 5737 Magum,
3375 5678 3430 5725 et
3484 5669 3668 5728 nescio

2071 5772 2228 5830 quem
2250 5756 2450 5832 Synedi
2476 5757 2657 5828 deum,
2691 5773 2755 5818 ac
2780 5759 3014 5833 impurus
3040 5757 3310 5833 Junones,
3339 5763 3583 5838 Cereres,
3615 5775 3673 5826 et

3685 5957 3736 5965 -ο
