4252 6270
647 303 747 371 ut
796 292 801 297 ’

1712 309 1780 368 IN
1816 302 2277 372 TERTULLIANI
2311 306 2840 374 APOLOGETICUM

3840 313 3944 378 712

648 428 847 489 Dianas
894 428 1308 488 venerabantur.
1357 425 1503 498 Quid
1547 439 1678 500 ergo
1724 429 1959 501 amplius
2006 430 2060 486 in
2093 439 2244 487 vcte-
2271 432 2327 494 A
2350 430 2567 500 Pharia,
2611 447 2731 505 qua:
2757 431 2880 489 rudi
2906 429 3033 505 palo
3057 437 3116 491 et
3153 430 3302 505 ligno
3329 443 3363 487 a
3401 431 3579 491 erucis
3611 433 3799 507 stipite
3835 452 3943 494 non

648 540 769 582 rum
792 524 1015 580 deorum
1044 519 1434 579 contumeliam
1460 520 1574 578 ﬁeri
1600 520 1668 578 ab
1686 521 1793 579 ullo
1834 521 2053 580 homine
2091 530 2245 595 pote-

647 626 734 676 m
763 617 900 689 (cap.
931 616 1021 681 is,
1058 614 1199 689 ta)?

721 708 912 764 Nonne
941 708 1103 764 etiam
1157 709 1233 765 dii
1269 724 1376 765 non
1422 709 1619 766 minori
1663 695 1771 767 illis
1813 721 1968 768 erant
1991 710 2243 780 ludibrio,

650 800 740 875 qui
798 801 1030 873 pessima
1078 818 1303 874 quaeque
1347 803 1454 859 illis
1496 804 1892 870 sacrificabant,
1924 815 1980 861 et
2036 805 2246 861 tertiam

651 894 1024 965 subripiehant
1055 894 1383 952 decimarum
1435 896 1647 952 Herculi
1677 897 1977 953 debitarum
2004 898 2248 969 partem?

652 986 842 1044 Nonne
879 987 969 1043 alii
1015 989 1126 1044 suis
1157 989 1212 1044 in
1258 989 1407 1046 libris
1449 1005 1555 1045 non
1602 990 1834 1045 maxima
1879 992 1995 1046 sine
2034 990 2246 1046 illorum

652 1081 945 1154 ignominia
970 1082 1335 1153 praedicabant
1362 1099 1457 1140 eos
1483 1084 1622 1140 inter
1642 1099 1700 1140 se
1717 1092 1937 1157 promer
1963 1085 2247 1155 Troianos,

652 1185 765 1236 aut,
797 1174 1034 1230 Achivos
1077 1175 1402 1242 decertasse,
1431 1176 1697 1232 Venerem
1738 1179 2053 1245 sauciatam,
2109 1177 2250 1233 Mat“

654 1275 762 1323 tem
793 1267 847 1321 in
876 1267 1105 1323 vinculis
1133 1284 1270 1339 pene
1295 1278 1707 1340 consumptum,
1738 1268 1927 1325 Jovem
1953 1285 1984 1325 a
2010 1282 2250 1327 monstro

651 1361 883 1433 quodam
914 1363 1194 1419 liberatum
1221 1405 1237 1429 ,
1268 1378 1409 1418 nunc
1434 1364 1650 1419 [lentem
1672 1404 1688 1430 ,
1714 1380 1855 1420 nunc
1885 1365 2030 1420 foede
2052 1365 2251 1421 suban-

653 1457 799 1513 tem?
830 1457 1007 1512 Poetae
1033 1472 1161 1512 vero
1181 1466 1379 1512 canunt
1404 1456 1712 1525 Apollinem
1743 1459 1974 1513 Admeto
1995 1499 2010 1524 ,
2033 1469 2087 1513 et
2115 1457 2253 1512 Lao-

654 1549 895 1607 medenti
926 1550 1232 1620 Neptunum
1256 1550 1587 1616 servientes,
1615 1548 1878 1605 Pindarus
1904 1565 2033 1606 vero
2061 1549 2253 1606 Αἰδου-

652 1641 853 1713 lapium
922 1640 1144 1697 fulmine
1189 1641 1514 1711 iudicatum.
1583 1641 1854 1698 Praeterea
1914 1658 1943 1697 a
1998 1643 2250 1714 tragoedis

653 1735 1007 1792 decantantur
1030 1734 1256 1789 deorum
1285 1750 1538 1790 aerumna:
1559 1743 1614 1790 et
1636 1750 1873 1790 errores.
1903 1735 1982 1791 Ex
2009 1735 2248 1807 philoso-

2347 525 2804 599 distinguebatur?
2833 526 2890 583 In
2930 541 3152 584 suorum
3180 537 3442 597 praeterea
3472 526 3698 585 deorum
3722 529 3944 586 simula-

2352 620 2482 685 cris,
2506 619 2563 675 in
2586 620 2858 685 victoriis,
2893 619 3171 692 trophaeis,
3214 621 3382 692 signis
3408 621 3749 686 militaribus,
3781 622 3947 680 vexil-
4000 674 4007 683 .

2352 712 2526 769 lorum
2554 722 2610 769 et
2637 713 3018 769 cantabrorum
3046 713 3313 785 sipharis,
3341 724 3437 770 aut
3459 731 3646 772 eorum
3672 717 3944 774 intestinis

2349 805 2657 875 monilibus,
2684 814 2740 863 et
2758 806 2911 864 stolis
2943 821 3133 864 cruces
3180 805 3478 865 adorabant
3529 809 3642 866 illis
3695 809 3948 882 supposi-

2353 908 2454 956 tas.

2429 994 2534 1048 Alii
2560 993 2721 1065 paulo
2743 993 2959 1066 quidem
2985 995 3330 1053 verisimilius
3349 995 3762 1069 suspicabantur
3780 999 3952 1060 chris-

2352 1084 2641 1151 tianorum,
2669 1086 3122 1156 quemadmodum
3150 1088 3458 1156 Persarum,
3510 1089 3682 1146 Deum
3703 1106 3829 1150 esse
3851 1093 3952 1151 So-

2354 1176 2481 1232 lem.
2524 1177 2631 1235 Sed
2664 1178 2782 1236 hxec
2817 1180 2951 1236 falsa
2979 1181 3215 1252 suspicio
3259 1181 3386 1238 inde
3412 1182 3631 1240 suborta
3671 1193 3776 1254 est,
3807 1189 3950 1259 quod

2353 1270 2515 1327 iidem
2564 1271 2866 1340 christiani,
2912 1274 2978 1329 ad
3019 1274 3200 1330 Solem
3248 1278 3520 1347 conversi,
3561 1278 3728 1334 Deum
3760 1297 3950 1352 preca-

2353 1365 2568 1431 bantur,
2599 1381 2663 1422 ac
2699 1367 2788 1423 die
2828 1368 2970 1424 Solis
3011 1368 3127 1426 sive
3160 1368 3434 1426 dominico
3465 1371 3667 1429 lmtitiat
3702 1374 3949 1448 indulge-

2308 1496 2321 1517 ρ
2353 1468 2493 1514 rent.
2537 1457 2645 1515 Sed
2692 1459 2837 1517 istud
2879 1460 3159 1531 gentilium
3213 1463 3635 1533 reprehensione
3687 1482 3758 1523 eo
3800 1480 3952 1527 certe

2352 1554 2533 1609 minus
2562 1553 2784 1625 dignum
2829 1564 2967 1625 erat,
3003 1555 3148 1629 quod
3176 1555 3256 1613 illi
3298 1556 3443 1614 diem
3483 1558 3704 1618 Saturni
3747 1562 3858 1620 otio
3896 1573 3954 1623 et

2352 1647 2519 1703 victui
2546 1646 2973 1705 destinaverant.

2427 1738 2707 1796 Postremo
2735 1741 2938 1798 Auctor
2960 1751 3144 1799 noster
3171 1742 3417 1802 Judaeum
3441 1745 3749 1818 quemdam,
3779 1750 3951 1807 maxi-

654 1826 776 1899 phis
803 1837 986 1903 autem
1029 1825 1280 1882 Socrates
1302 1845 1334 1892 ,·
1353 1826 1457 1882 etsi
1485 1842 1579 1898 per
1600 1842 1861 1897 quercum
1884 1869 1897 1892 ,
1918 1828 2123 1884 hircum
2151 1871 2165 1897 ,
2195 1838 2250 1886 et
2276 1822 2326 1882 B
2354 1846 2500 1887 mum
2528 1832 2767 1903 profecto
2796 1834 3142 1905 nebulonem,
3167 1838 3440 1902 exsibilat,
3471 1839 3561 1909 qui
3589 1854 3713 1895 cum
3744 1840 3944 1897 bestia-

653 1933 845 1975 canem
869 1919 1149 1990 juraverit,
1181 1921 1306 1990 quia
1335 1930 1515 1976 tamen
1538 1920 1669 1977 deos
1695 1921 2010 1977 destruebat
2031 1964 2046 1985 ,
2077 1933 2252 1979 morte
2355 1923 2470 1979 rius
2497 1932 2664 1992 esset,
2701 1925 2842 1982 inter
2867 1925 3024 1982 ludos
3050 1926 3425 1995 Circenses,in
3457 1929 3579 1998 ista,
3607 1930 3806 2002 inquit,
3826 1934 3954 1989 ciui-

655 2012 1073 2070 damnatusest.
1127 2012 1235 2068 Sed
1276 2014 1507 2069 rescissa
1548 2012 1891 2071 damnatione
1931 2015 2263 2086 praeclarum
2356 2025 2461 2070 tate
2508 2016 2804 2074 novissime
2843 2018 3040 2084 editos,
3085 2019 3339 2076 tabellam
3389 2023 3692 2094 proposuit,
3743 2025 3797 2082 in
3849 2043 3955 2097 qua

660 2106 876 2164 tandem
916 2107 992 2162 illi
1036 2106 1319 2163 reddidere
1361 2108 1749 2164 testimonium.
1805 2109 2084 2165 Postremo
2128 2108 2254 2165 Dio-

654 2214 820 2271 genes
844 2199 1063 2270 quidam
1110 2199 1279 2255 irrisit
1327 2200 1613 2256 ilerenlem
1643 2240 1660 2269 ,
1691 2215 1755 2256 ac
1780 2198 1958 2257 Varro
1983 2210 2252 2259 trecentos

657 2294 823 2351 Joves
850 2294 1146 2350 introduxit
1176 2294 1314 2367 (cap.
1346 2295 1463 2365 14).

725 2388 894 2462 Urget
931 2390 1107 2446 adhuc
1149 2389 1512 2445 Tertullianus
1552 2390 1608 2445 in
1650 2388 1926 2461 gentilium
1970 2387 2252 2446 comoediis

653 2498 719 2542 ac
739 2483 1014 2556 tragoediis
1042 2483 1417 2554 repraesentari
1444 2482 1715 2539 moechum
1743 2482 2000 2551 Anubim,
2034 2497 2248 2539 mascu-

653 2580 764 2637 lum
789 2578 1014 2645 Lunam,
1037 2577 1363 2649 ﬂagellatam
1395 2577 1639 2645 Dianam,
1663 2577 1813 2633 Jovis
1842 2586 2247 2643 testamentum,

655 2684 873 2746 tresque
904 2673 1161 2730 Hercules
1202 2672 1497 2729 famelicos.
1534 2673 1618 2728 Ah
1649 2671 1999 2727 histrionibus
2028 2672 2251 2741 insuper

658 2771 1014 2830 exhibebatur
1042 2767 1137 2824 Sol
1161 2767 1371 2838 lugens,
1386 2766 1586 2839 Cybele
1615 2765 1949 2821 fastidiosum
1983 2775 2250 2836 pastorem

654 2865 953 2935 suspirans,
982 2862 1136 2919 Jovis
1162 2861 1418 2932 elogium,
1449 2858 1677 2915 Junonis
1706 2858 2070 2929 Minervaeque
2106 2856 2249 2928 judi-

655 2955 822 3023 cium,
866 2971 931 3011 ac
974 2953 1189 3010 tandem
1241 2954 1295 3008 in
1327 2952 1434 3007 illis
1480 2950 2047 3023 ignominiosissimum
2092 2958 2255 3020 caput

655 3046 1078 3120 repratsentabat
1104 3045 1189 3102 dei
1212 3026 1442 3115 alicujus
1469 3044 1781 3115 imaginem,
1815 3051 1871 3099 et
1892 3056 2089 3113 corpus
2115 3041 2251 3097 ridi-

655 3142 776 3199 cuia
826 3148 945 3197 arte
996 3138 1383 3197 etl‘oeminatum
1451 3137 1742 3193 Minervam
1797 3146 1889 3192 aut
1943 3135 2249 3192 llerculcm.

657 3234 846 3307 Neque
891 3232 1087 3291 melius
1128 3230 1331 3303 aliquid
1363 3246 1433 3288 ex
1475 3245 1636 3286 cavea
1676 3239 1954 3301 expectes.
2002 3228 2078 3284 lbi
2107 3229 2253 3285 enim
2279 3207 2325 3271 (ἶ

657 3343 890 3403 persona
914 3327 1172 3399 agebatur
1196 3324 1387 3397 Atydis
1426 3324 1667 3391 castrati,
1695 3322 1946 3378 ardentis
1983 3320 2251 3389 Herculis,

657 3420 909 3480 Mercurii
937 3422 1078 3476 inter
1101 3416 1307 3475 ludicra
1329 3416 1755 3473 meridianorum
1781 3413 2085 3485 spectacula
2108 3428 2255 3469 mor-

659 3521 781 3569 tuos
807 3512 1046 3567 cauterio
1064 3509 1443 3574 examinantis,
1479 3523 1542 3563 ac
1601 3506 1784 3563 fratris
1811 3507 1955 3563 Jovis
1986 3506 2247 3563 cadavera

658 3613 994 3660 mortuorum
1035 3602 1309 3657 hominum
1336 3615 1461 3656 cum
1504 3598 1699 3655 malleo
1725 3598 2059 3655 deducentis.
2091 3598 2256 3653 Plura

659 3695 766 3751 alia
794 3695 879 3751 his
904 3694 1099 3750 similia
1126 3692 1326 3749 omittit
1363 3690 1751 3757 Tertullianns,
1777 3690 2019 3762 vitioque
2044 3688 2257 3761 gentili-

660 3787 762 3845 bus
788 3788 968 3854 vertit,
997 3786 1141 3858 quod
1179 3785 1319 3842 intra
1347 3784 1572 3840 deorum
1622 3782 1841 3855 templa,
1888 3783 2136 3853 ipsasque
2169 3782 2258 3838 in-

661 3890 746 3939 ter
769 3895 911 3951 aras,
941 3878 1183 3951 atquein
1223 3875 1589 3945 sacerdotum,
1632 3885 1689 3933 et
1725 3876 2043 3932 aedituorum
2076 3875 2256 3931 taber-

663 3976 869 4036 naculis
912 3973 1175 4031 adulteria
1218 3979 1629 4043 componerent,
1660 3979 2064 4041 tractarentque
2107 3968 2258 4026 leno-

662 4072 827 4129 cinia.
852 4071 1080 4139 Quinam
1104 4081 1255 4140 ergo,
1282 4066 1359 4122 ait
1380 4064 1491 4135 ille,
1516 4064 1713 4121 divinae
1742 4064 2042 4136 maiestatis
2062 4064 2164 4130 rei,
2186 4078 2255 4119 an

664 4167 765 4239 ipsi
812 4165 903 4237 qui
932 4172 1080 4220 tanto
1103 4160 1333 4218 ludibrio
1353 4157 1485 4216 deos
1512 4173 1641 4214 suos
1667 4156 1957 4223 habebant,
1982 4172 2049 4211 an
2071 4153 2259 4211 Chris—

663 4256 816 4324 tiani,
858 4255 952 4328 qui
1010 4254 1108 4313 hos
1147 4251 1415 4325 negabant
1458 4266 1582 4309 esse
1619 4250 1773 4318 deos,
1822 4251 2019 4322 quique
2059 4248 2260 4306 idcirco

663 4366 852 4410 eorum
882 4349 1079 4421 templa
1118 4347 1350 4405 interdiu
1390 4361 1499 4403 non
1540 4352 1824 4411 noverant,
1851 4351 1907 4401 et
1948 4358 2013 4401 ea
2049 4342 2097 4400 si
2137 4341 2259 4401 ﬁeri

665 4452 868 4519 posset,
900 4443 1116 4515 penitus
1143 4440 1467 4512 spoliassent
1494 4437 1634 4512 (cap.
1666 4434 1801 4508 15)?

738 4537 937 4595 Verum
986 4544 1177 4592 contra
1205 4532 1535 4605 objiciebant
1559 4530 1758 4587 ethnici
1787 4538 1948 4603 caput
1988 4528 2258 4586 asininum

2353 2109 2534 2181 pictus
2574 2110 3052 2177 circumferebatur
3095 2111 3238 2169 Deus
3279 2102 3705 2172 Christianorum
3741 2118 3957 2176 auribus

2353 2201 2603 2269 asininis,
2657 2203 2828 2259 altero
2872 2204 3012 2276 pede
3041 2205 3347 2276 ungulatus.
3378 2206 3579 2263 librum
3631 2219 3868 2280 gestans,
3900 2222 3955 2268 et

2354 2305 2726 2367 togatus,cum
2757 2297 2859 2353 hac
2882 2298 3107 2356 ridicula
3128 2300 3511 2372 inscriptione:
3543 2301 3685 2358 Deus
3703 2304 3953 2361 Christia-

2353 2406 2538 2445 norum
2558 2390 2874 2446 onochoetes.
2889 2392 3004 2449 Sed
3024 2408 3184 2464 quam
3206 2393 3338 2449 falsa
3362 2396 3698 2468 mendaxque
3715 2396 3813 2454 fuit
3835 2399 3953 2455 hate

2354 2484 2583 2557 pictura,
2616 2494 2723 2540 tam
2744 2502 2930 2542 verum
2963 2488 3166 2544 eratab
3192 2488 3422 2546 ethnicis
3450 2490 3578 2547 deos
3620 2491 3830 2549 adorari
3856 2493 3955 2549 ho-

2356 2578 2559 2633 minum
2577 2577 2978 2650 belluarumque
3003 2582 3261 2637 membris
3286 2583 3610 2652 compositos
3640 2582 3780 2656 (cap.
3801 2585 3919 2658 16).

2424 2671 2504 2727 Ne
2533 2682 2711 2728 autem
2741 2672 2942 2729 ethnici
2967 2690 3152 2730 veram
3181 2675 3601 2731 Christianorum
3642 2676 3948 2734 doctrinam

2368 2763 2672 2819 voluntaria
2701 2764 3059 2835 ignoratione,
3091 2776 3147 2822 et
3177 2767 3575 2839 impudentibus
3609 2784 3760 2825 more
3786 2771 3952 2827 solito

2354 2856 2653 2914 mendaciis
2682 2857 2938 2928 deinceps
2983 2860 3466 2927 calumniarentur,
3495 2861 3642 2916 illam
3662 2861 3954 2918 Tertullia-

2357 2963 2460 3003 nus
2483 2963 2693 3005 summa
2717 2965 2842 3005 cum
2865 2951 3149 3019 brevitate,
3186 2961 3296 3007 tum
3339 2952 3655 3009 sinceritate
3677 2952 3756 3009 sic
3782 2968 3951 3024 expo-

2358 3041 2457 3106 nit.
2483 3042 2645 3110 Deus,
2677 3043 2870 3113 inquit,
2895 3059 3054 3114 quem
3095 3043 3346 3111 colimus,
3370 3059 3510 3100 unus
3535 3053 3638 3111 est,
3667 3045 3760 3118 qui
3790 3061 3948 3101 mun-

2358 3133 2485 3189 dum
2526 3135 2857 3202 universum,
2894 3135 2946 3191 in
2976 3151 3087 3195 sua:
3114 3136 3410 3206 maiestatis
3434 3147 3849 3207 ornamentum,
3880 3155 3950 3195 ex

2358 3225 2528 3283 nihilo
2547 3227 2770 3283 creavit.
2809 3227 3064 3295 Quamvis
3102 3236 3280 3283 autem
3306 3238 3686 3301 cognoscatur,
3712 3231 3950 3287 invisibi-

2356 3317 2426 3375 lis
2450 3329 2627 3376 tamen
2674 3329 2777 3386 est,
2824 3321 3234 3388 inaestimabilis,
3257 3323 3577 3392 immensus,
3605 3339 3669 3379 ac
3697 3323 3821 3379 sibi.
3845 3324 3948 3382 soli

2359 3423 2538 3470 tantus
2564 3424 2794 3486 quantus
2820 3425 2924 3481 est,
2951 3416 3215 3486 cognitus.
3246 3415 3397 3472 Hunc
3410 3432 3538 3473 vero
3552 3433 3716 3473 unum
3740 3432 3949 3473 verum-

2359 3522 2465 3579 que
2504 3508 2670 3564 Deum
2703 3523 2889 3565 revera
2932 3509 3175 3565 existere
3204 3507 3580 3566 demonstrant
3618 3520 3674 3567 et
3698 3510 3946 3577 mundus,

2358 3608 2416 3656 et
2452 3609 2645 3655 caetera
2685 3600 2888 3669 omnia,
2937 3615 3057 3672 quas
3101 3600 3268 3656 verbo
3332 3601 3446 3657 ﬁeri
3504 3601 3695 3672 jussit,
3745 3602 3951 3658 ratione

2358 3694 2681 3764 composuit,
2707 3710 2771 3752 ac
2798 3695 2997 3761 virtute
3024 3710 3117 3751 sua
3161 3694 3422 3752 condidit.
3447 3695 3586 3764 Quin
3623 3698 3791 3753 etiam
3820 3696 3951 3755 illud

2359 3788 2760 3846 evidentissime
2784 3788 3165 3860 comprobatur
3182 3790 3490 3847 testimonio
3508 3790 3704 3847 animas
3728 3801 3949 3861 nostrai,

2359 3883 2675 3938 naturaliter
2710 3880 3036 3948 Christiania,
3072 3896 3193 3953 qua:
3244 3883 3298 3938 in
3339 3897 3679 3953 quocumque
3715 3883 3832 3940 sive
3872 3883 3955 3939 in-

2361 3973 2656 4042 ﬁrmitatis,
2683 3973 2798 4031 sive
2826 3975 3065 4041 erroris,
3078 3975 3193 4031 sive
3232 3989 3407 4045 pravae
3436 3974 3671 4031 libidinis
3694 3982 3837 4030 statu
3860 3975 3953 4043 sit,

2360 4065 2454 4122 ubi
2502 4065 2808 4137 resipiscit,
2854 4074 2948 4121 aut
2992 4064 3132 4122 redit
3166 4065 3236 4122 ad
3280 4081 3341 4121 se
3390 4065 3585 4136 ipsam,
3636 4079 3743 4123 non
3791 4063 3952 4133 deos,

2362 4158 2460 4216 sed
2486 4173 2650 4214 unum
2675 4158 2977 4215 conclamat
3004 4159 3192 4228 Deum,
3223 4171 3458 4230 eumque
3480 4157 3712 4230 iudicem
3735 4165 3955 4216 contes-

2365 4259 2507 4306 tatur
2535 4253 2678 4323 (cap.
2703 4251 2822 4323 17).

2434 4343 2550 4400 Nec
2574 4345 2755 4403 minus
2778 4344 3001 4402 evidens
3028 4343 3226 4420 divinre
3251 4343 3555 4402 existentiae
3578 4354 3954 4417 argumentum

2363 4435 2664 4493 desumitur
2712 4452 2780 4494 ex
2828 4437 2997 4494 sacris
3039 4436 3247 4493 Veteris
3271 4437 3605 4494 Testamenti
3651 4437 3827 4505 libris,
3855 4437 3948 4509 qui

2364 4530 2551 4602 scripti
2595 4539 2722 4587 sunt
2768 4545 2798 4585 a
2835 4529 2966 4586 viris
3004 4529 3188 4585 divino
3237 4530 3428 4600 spiritu
3454 4528 3750 4596 inundatis,
3778 4537 3836 4586 et
3862 4529 3953 4601 qui

666 4648 696 4688 a
722 4630 1031 4689 christianis
1053 4642 1302 4700 tanquam
1324 4625 1486 4683 deum
1522 4626 1759 4683 adorari.
1790 4623 1900 4681 Sed
1930 4640 2164 4692 merum,
2186 4625 2264 4680 ait
2285 4595 2339 4656 D
2364 4624 2566 4692 scripta
2607 4637 2706 4680 sua
2732 4622 2896 4679 variis
2932 4623 3182 4692 verisque
3225 4620 3500 4697 miraculis
3542 4623 3952 4679 conﬁrmarem.

666 4725 1055 4790 Tcrtullianus,
1108 4729 1196 4780 est
1242 4720 1543 4787 somnium,
1591 4717 1680 4774 cui
1717 4714 2004 4778 Cornelius
2031 4716 2261 4775 sTacitus
2360 4716 2623 4773 Aristaeus
2667 4725 2848 4773 autem
2905 4713 3226 4772 testiﬁcatur
3256 4714 3419 4771 hosce
3456 4714 3647 4783 libros,
3704 4714 3957 4772 hebraico

664 4817 816 4879 dedit
857 4816 1219 4883 occasionem,
1268 4812 1358 4869 ubi
1402 4811 1679 4867 memoriae
1720 4809 1857 4866 falso
1884 4808 2119 4881 prodidit
2162 4810 2260 4865 Ju-
2360 4809 2591 4880 primum
2616 4824 2867 4865 sermone
2890 4808 3243 4879 compositos,
3276 4806 3330 4863 in
3356 4822 3628 4878 grarcum,
3665 4822 3958 4879 procuran-

668 4909 816 4966 dmos
843 4907 1181 4967 consimilem
1228 4904 1389 4977 hujus
1437 4904 1622 4961 bestia:
1664 4902 2006 4974 superﬁciem
2058 4902 2260 4959 idcirco
2363 4914 2415 4960 te
2444 4904 2734 4961 Ptolemaeo
2765 4902 3113 4974 Philadelpho
3135 4945 3149 4970 ,
3181 4915 3245 4957 ac
3269 4900 3585 4974 Menedemo
3614 4902 3899 4973 probante,
3925 4919 3957 4957 a

668 5017 1017 5061 consecrasse
1040 5044 1056 5070 ,
1087 5000 1211 5073 quia
1232 5000 1386 5071 ipsis,
1409 5000 1461 5055 in
1492 4997 1729 5071 Egypto
1752 4997 1840 5054 siti
1870 4996 2258 5064 laborantibus,
2359 4997 2692 5068 septuaginta
2712 4996 2903 5067 judteis
2917 5010 3130 5052 summa
3167 4995 3270 5052 fide
3291 5009 3582 5052 conversos
3610 4994 3797 5051 fuisse.
3819 4995 3956 5051 Tum

668 5095 887 5169 quidam
925 5093 1113 5166 onagri
1154 5092 1355 5148 fontem
1385 5090 1754 5147 ostenderant.
1786 5090 1894 5147 Sed
1922 5090 2081 5162 hujus
2110 5106 2263 5148 men-

669 5188 940 5246 dacissimi
984 5186 1267 5259 scriptoris
1305 5182 1569 5241 calumnia
1620 5182 2023 5240 evidentissima
2065 5185 2258 5256 patuit,

668 5296 790 5340 enm
817 5279 1126 5352 Pompeius,
1166 5277 1476 5334 Iudaeorum
1504 5275 1763 5348 templum
1792 5276 2091 5347 ingressus,
2134 5275 2259 5332 nul-

670 5373 781 5432 lum
809 5373 880 5430 ibi
902 5370 1108 5429 invenit
1138 5369 1507 5427 simulacrum.
1544 5369 1613 5425 At
1645 5376 1792 5424 certe
1837 5383 1946 5439 quo
1968 5367 2019 5424 id
2053 5365 2257 5434 falsius,

670 5483 739 5526 eo
768 5468 944 5526 verius
968 5475 1085 5524 erat
1106 5465 1350 5539 jumenta
1377 5463 1580 5531 omnia,
1601 5473 1657 5519 et
1682 5461 1987 5521 cantherios
2012 5477 2135 5521 cum
2162 5478 2259 5520 sua

672 5562 916 5633 Ilippona
937 5560 1007 5616 ab
1032 5558 1262 5616 ethnicis
1287 5556 1392 5616 coli
1420 5568 1476 5613 et
1504 5554 1781 5614 honorari.

744 5653 853 5710 Nec
878 5652 1071 5726 potiori
1097 5652 1305 5709 ratione
1326 5649 1643 5707 Christianis
1663 5649 2060 5723 exprobrabant
2087 5649 2265 5709 crucis

674 5747 873 5804 Christi
910 5748 1136 5803 cultum.
1174 5745 1313 5816 Quid
1341 5746 1485 5802 enim
1514 5745 1567 5803 in
1603 5745 1697 5802 illo
1721 5760 1950 5816 arguere
1975 5745 2265 5818 poterant?

675 5837 866 5898 Nonne
905 5838 1046 5910 apud
1082 5852 1177 5898 eos
1207 5837 1480 5910 prostabat
1528 5837 1705 5897 Pallas
1749 5836 1945 5911 Attica,
1974 5851 2039 5897 ac
2090 5836 2261 5900 Ceres

2363 5099 2545 5145 autem
2591 5088 2767 5145 adlmc
2793 5080 3212 5145 asservabantur
3239 5088 3291 5144 in
3324 5088 3599 5146 Ptolemaai
3628 5088 3959 5146 bibliotheca

2365 5181 2632 5240 bebraicis
2669 5192 2726 5240 et
2775 5183 2966 5256 graecis
3006 5183 3200 5240 litteris
3227 5183 3455 5251 exarati,
3486 5198 3622 5255 quos
3643 5180 3817 5240 Judtei
3845 5184 3962 5240 sin-

2364 5275 2503 5348 gulis
2548 5276 2848 5348 quibusque
2887 5275 3126 5333 sabbatis
3156 5275 3332 5348 palam
3365 5275 3695 5333 lectitabant.
3738 5274 3961 5334 Nullum

2363 5384 2495 5440 ergo
2512 5368 2579 5425 de
2600 5369 2811 5425 illorum
2831 5368 3058 5426 veritate
3077 5376 3239 5441 atque
3266 5368 3572 5441 integritate
3594 5368 3819 5426 dubium
3835 5382 3961 5427 esse

2366 5472 2579 5535 poterat
2598 5462 2737 5535 (cap.
2761 5462 2878 5532 18).

2439 5554 2724 5614 Maximam
2747 5566 2927 5614 autent
2957 5556 3171 5615 illorum
3192 5556 3568 5614 auctoritatem
3594 5554 3832 5614 vindicat
3858 5569 3959 5615 an-

2367 5650 2609 5722 tiquitas.
2667 5647 2802 5707 Nam
2864 5651 3024 5709 unius
3091 5648 3377 5723 Propheta:
3443 5648 3729 5720 scrinium,
3778 5649 3833 5708 id
3853 5657 3958 5719 est,

2368 5744 2566 5818 Moysis
2609 5744 2754 5815 libri,
2806 5745 3017 5804 creteris
3058 5745 3338 5819 gentilium
3388 5743 3960 5815 commentationibus,

2367 5836 2491 5911 diis,
2522 5836 2768 5913 templis,
2812 5838 3066 5913 oraculis,
3094 5838 3286 5912 sacris,
3320 5835 3435 5901 imo
3480 5837 3736 5901 omnibus
3767 5834 3968 5915 gratis
