4252 6264
369 341 476 400 715

1505 333 1956 396 DISSERTATIO
1993 333 2056 392 D.
2096 332 2184 391 LE
2219 332 2529 394 NOURRY.

3568 343 3675 399 7M

367 462 790 532 characterlbus,
835 468 900 518 ac
932 458 1203 533 plerisque
1241 459 1496 532 gentibus
1521 469 1576 515 et
1617 457 1842 514 urbibus
1871 469 1964 512 ve-
1988 455 2044 515 A
2067 453 2134 509 ab
2159 469 2332 526 eoque
2369 454 2621 520 violentia
2650 453 3025 527 suffragiorum
3071 464 3436 522 extorserunt,
3467 465 3523 513 ιιι
3549 473 3675 514 cru-

368 556 627 612 tustiores
656 561 801 610 sunt.
845 553 980 609 Nam
1021 553 1068 608 is
1099 553 1333 624 Moyses,
1362 551 1564 608 Inacho
1593 564 1836 616 coaevus,
1866 563 1970 604 non

369 649 533 706 modo
569 649 885 715 Homerum,
917 655 974 704 et
1019 646 1219 703 Priami
1261 645 1494 712 cladem,
1535 643 1631 700 sed
1668 641 1972 699 vetustissi-

371 759 516 798 mum
555 757 768 815 quoque
810 742 1050 797 Danaum
1100 748 1267 795 aetate
1303 740 1460 809 longe
1501 749 1736 809 superat.
1777 736 1970 791 Crateri

371 851 498 890 vero
548 834 866 906 prophetae,
919 833 1022 889 etsi
1083 832 1174 886 illo
1225 831 1557 904 posteriores
1588 873 1604 898 ,
1665 845 1772 884 non
1821 828 1966 884 brevi

371 937 547 982 tamen
585 927 847 998 temporis
876 925 1162 982 intervallo
1197 940 1406 997 graecos
1447 924 1742 994 sapientes,
1778 923 1966 992 legife-

367 1034 477 1082 ros,
529 1028 584 1075 et
634 1018 920 1075 historicos
967 1017 1313 1074 antecedunt.
1357 1015 1495 1083 Quia
1552 1031 1680 1070 vero
1724 1014 1773 1069 id
1821 1011 1965 1083 quod

367 1111 615 1166 omnibus
666 1111 895 1181 probatu
941 1109 1254 1166 facillimum
1305 1116 1410 1172 est,
1457 1121 1710 1162 enarrare
1757 1104 1966 1175 longius

367 1203 524 1268 foret,
555 1202 918 1258 Tertullianus
939 1201 1080 1256 hanc
1107 1198 1480 1271 probationem
1514 1199 1715 1253 idcirco
1743 1198 1962 1251 missam

367 1293 514 1360 fecit,
561 1295 631 1349 ita
673 1303 855 1349 tamen
905 1302 964 1348 ut
1012 1292 1190 1347 fontes
1230 1291 1451 1357 indicet,
1505 1290 1742 1359 citetque
1785 1288 1964 1341 varios

365 1387 683 1455 scriptores,
707 1400 774 1441 ex
805 1384 1002 1455 quibus
1024 1384 1114 1438 illa
1142 1382 1434 1454 Scriptura:
1461 1395 1632 1436 sacrae
1669 1379 1962 1449 antiquitas

367 1479 656 1548 unicuique
683 1475 1121 1533 manifestissima
1149 1475 1264 1530 fieri
1291 1481 1470 1546 potest
1497 1474 1634 1543 (cap.
1666 1472 1781 1542 l9).

440 1573 629 1644 Neque
654 1587 818 1644 porro
842 1586 1106 1625 summam
1139 1569 1282 1624 illius
1306 1568 1648 1624 autoritatetu
1680 1564 1876 1635 repetit
1897 1579 1964 1620 ex

366 1663 469 1720 hac
500 1673 704 1719 tantum
742 1661 1079 1732 antiquitate,
1106 1660 1203 1716 sed
1233 1675 1302 1716 eo
1328 1661 1580 1726 maxime,
1622 1658 1763 1728 quod
1810 1658 1966 1728 plane

365 1756 544 1812 divina
566 1757 656 1811 sit.
685 1755 770 1810 Ab
799 1755 939 1810 illius
961 1769 1194 1824 namque
1219 1753 1552 1818 auctoribus,
1595 1751 1780 1807 divino
1805 1753 1967 1822 spiri-

2075 545 2142 610 ci,
2189 546 2642 616 quemadmodum
2679 547 2770 603 ille
2807 549 3153 620 praedixerat,
3214 550 3542 620 afﬁgeretur.
3591 551 3674 607 Eo

2079 649 2256 693 autem
2297 641 2586 709 moriente,
2625 641 2766 698 facta
2793 651 2877 698 est
2906 643 3123 698 insolita
3154 643 3311 713 plane
3337 646 3463 700 solis
3492 645 3672 702 defee-

2073 730 2172 798 tio,
2199 733 2268 787 ab
2292 732 2483 790 iisdem
2510 734 2736 803 Judteis,
2765 735 2857 806 qui
2880 752 2999 792 eam
3021 753 3052 792 a
3079 738 3359 808 prephetis
3388 742 3674 797 annuntia-

2074 830 2184 894 tam
2226 826 2556 892 nesciebant,
2605 829 2658 881 in
2706 830 2912 882 arcanis
2947 830 3060 884 suis
3103 829 3395 900 descripta.
3443 832 3526 886 Ab
3570 833 3676 888 illis

2072 928 2238 984 porro
2282 930 2479 986 corpus
2507 918 2625 985 ejus
2669 919 2920 988 sepulcro
2955 930 3038 975 est
3079 921 3376 975 conditum.
3410 921 3519 978 Sed
3553 937 3678 980 cum

2074 1011 2229 1064 tertia
2253 1009 2344 1066 die
2371 1010 2693 1068 mirabiliter
2715 1012 3128 1080 resurrexisset,
3157 1014 3470 1085 subreptum
3501 1032 3531 1071 a
3560 1017 3673 1072 dis-

2070 1108 2262 1176 cipulis
2297 1107 2700 1177 jaetitaverunt.
2730 1111 2799 1163 At
2825 1109 2914 1164 ille
2944 1110 3212 1165 redivivus
3245 1111 3416 1166 turbis
3446 1126 3506 1167 se
3536 1112 3670 1168 sub—

2071 1198 2247 1265 duxit,
2279 1213 2342 1264 ac
2369 1215 2470 1268 per
2498 1199 2615 1256 dies
2643 1201 2998 1272 quadraginta
3039 1217 3160 1258 eum
3189 1202 3510 1273 quibusdam
3554 1203 3670 1258 dis-

2069 1291 2262 1360 cipulis
2285 1301 2658 1360 conversatus,
2689 1308 2785 1348 eos
2825 1293 3068 1349 doctrina
3112 1295 3308 1364 ubique
3346 1294 3667 1366 divulganda

2067 1385 2294 1453 imbuit,
2342 1401 2406 1441 ac
2434 1386 2699 1457 posthaec
2726 1387 3049 1444 circumfusa
3091 1389 3232 1444 nube
3271 1390 3586 1446 conscendit
3617 1390 3672 1445 in

2069 1477 2290 1533 ccelum.
2323 1478 2527 1535 Pilatus
2564 1495 2724 1545 vero,
2755 1483 2844 1552 qui
2893 1490 3015 1537 tunc
3055 1483 3381 1538 conscientia
3425 1484 3676 1538 christia-

2069 1585 2170 1625 nus
2199 1581 2350 1638 erat,
2395 1586 2460 1628 ea
2501 1573 2680 1627 omnia
2726 1575 2995 1629 nuntiavit
3020 1574 3271 1644 Tiberio,
3317 1578 3409 1646 qui
3454 1576 3674 1648 quidem

2070 1661 2286 1718 Christo
2313 1662 2651 1727 credidisset,
2680 1665 2779 1718 nisi
2803 1666 2992 1720 fuisset
3021 1666 3221 1731 Cmsar,
3247 1667 3686 1738 imperassctque'

2070 1753 2317 1811 ethnicis.
2373 1756 2571 1812 Verum
2621 1757 2873 1812 saeviores
2902 1756 3075 1812 Judmi
3115 1757 3414 1828 discipulos
3441 1759 3670 1825 Christi,

368 1860 422 1905 tu
452 1848 663 1915 afflatis,
692 1849 880 1904 mundi
909 1848 1092 1904 clades
1111 1847 1323 1918 aliaque
1352 1847 1500 1918 plura
1527 1846 1780 1916 praedicta
1811 1856 1954 1912 sunt,
1992 1841 2040 1901 B
2069 1847 2323 1903 traditam
2363 1848 2463 1903 sibi
2491 1848 2562 1903 ab
2581 1863 2646 1904 eo
2671 1849 2969 1904 doctrinam
3001 1849 3377 1921 praedicantes,
3400 1851 3665 1907 crudelis-

369 1959 491 2015 qua:
529 1957 718 2000 revera
743 1941 1005 1998 accidisse
1024 1942 1420 2013 cognoscimus.
1447 1939 1701 1995 Dubitare
1742 1938 1964 2010 proinde

368 2039 433 2094 de
451 2035 658 2094 cteteris
685 2053 793 2094 non
818 2036 1100 2103 debemus,
1133 2053 1252 2109 quae
1272 2037 1338 2091 ab
1362 2037 1426 2091 iis
1451 2034 1806 2107 praenuntiata
1832 2047 1966 2104 quo-

366 2147 470 2203 que
511 2130 747 2187 fuerunt.
810 2129 1010 2186 Ratum
1063 2131 1243 2200 itaque
1306 2128 1578 2198 ﬁxumque
1632 2143 1753 2183 esse
1806 2126 1966 2182 debet

369 2238 533 2278 unum
558 2223 844 2289 duntaxat,
871 2223 962 2294 qui
985 2223 1054 2276 ab
1083 2223 1162 2276 eis
1189 2221 1390 2291 passim
1419 2219 1762 2290 prmdicatur,
1793 2218 1965 2274 Deum

371 2317 628 2383 existere,
681 2331 973 2385 veramque
1021 2328 1142 2369 esse
1206 2312 1554 2368 christianam
1622 2309 1962 2380 religionem,

371 2424 493 2482 quae
520 2410 666 2465 hisce
695 2410 906 2464 illorum
934 2408 1084 2462 libris
1105 2405 1319 2462 suffulta
1339 2413 1422 2461 est
1447 2406 1586 2476 (cap.
1619 2403 1734 2474 20).

445 2501 552 2558 Sed
596 2511 706 2557 tum
749 2499 1100 2572 insurgebant
1153 2498 1375 2563 ethnici,
1417 2511 1480 2551 ac
1529 2495 1968 2552 vociferabantur

371 2594 634 2650 novellam
665 2606 785 2649 esse
817 2591 956 2646 hanc
995 2591 1308 2661 religionem
1338 2588 1776 2654 christiauorum,
1819 2589 1968 2659 quia

368 2685 608 2750 Judaica,
638 2694 694 2742 et
727 2686 944 2740 nomine
987 2694 1042 2740 et
1081 2683 1274 2738 ritibus
1314 2683 1472 2753 plane
1503 2682 1821 2754 penitusque
1859 2682 1970 2737 dis-

367 2777 674 2846 crepabant.
706 2775 907 2832 Verum
941 2776 1022 2830 his
1045 2774 1332 2846 respondet
1361 2774 1724 2830 Tertullianus
1746 2773 1965 2831 Judaeos

372 2883 579 2925 summa
616 2868 871 2924 felicitate
913 2867 1116 2922 tamdiu
1158 2867 1424 2934 floruisse,
1473 2867 1730 2938 quamdiu
1771 2867 1965 2938 insigni

368 2975 462 3015 sua
488 2960 718 3031 juSIitia,
745 2975 810 3016 ac
843 2958 1271 3032 patriarcharum
1297 2959 1420 3026 ﬁde,
1461 2959 1688 3028 gratiam
1719 2959 1814 3014 Dei
1841 2974 1966 3029 pro-

368 3061 697 3108 mcruerunt.
726 3051 1017 3122 Postquam
1040 3066 1169 3106 vero
1195 3050 1525 3105 conculcatis
1560 3050 1704 3105 illius
1733 3051 1958 3121 legibus,

365 3147 596 3202 maxima
638 3146 690 3200 in
722 3145 927 3201 scelera
965 3144 1199 3214 prolapsi
1244 3153 1388 3207 sunt,
1433 3142 1485 3196 in
1529 3157 1714 3197 eorum
1745 3157 1960 3212 poenam

2069 1938 2207 1994 sime
2247 1938 2600 2006 divexarunt;
2630 1956 2925 2013 eorumque
2954 1943 3270 2014 sanguinem
3298 1942 3441 2001 Nero
3463 1945 3668 2016 primus

2063 2032 2258 2094 Roma:
2280 2033 2492 2088 ell‘udit.

2143 2128 2312 2183 Porro
2380 2137 2560 2184 autem
2614 2129 2975 2187 Tertullianus
3027 2140 3338 2189 constanter
3397 2143 3673 2191 asseverat

2069 2219 2208 2276 hanc
2250 2235 2430 2276 veram
2456 2236 2579 2277 esse
2613 2222 2922 2279 christiana:
2949 2223 3208 2280 doctrina:
3253 2239 3540 2292 summam,
3569 2240 3670 2282 nec

2069 2328 2230 2384 posse
2251 2314 2352 2369 sibi
2374 2313 2444 2369 ab
2463 2313 2698 2370 ethnicis
2725 2314 2888 2371 ﬁdem
2929 2316 3198 2387 abrogari.
3239 2317 3561 2373 Persuasum
3591 2317 3667 2373 si-

2070 2407 2287 2479 quidem
2331 2407 2611 2463 christiani
2644 2408 2854 2477 penitus
2891 2409 3164 2464 habebant
3199 2407 3281 2464 fas
3332 2410 3532 2465 nemini
3571 2425 3670 2464 un-

2071 2514 2232 2570 quam
2261 2497 2444 2565 fttisse,
2468 2500 2745 2570 multoque
2773 2499 2950 2555 minus
2977 2500 3100 2567 sibi,
3132 2501 3407 2569 religionis
3434 2516 3544 2557 sua:
3573 2501 3672 2556 do-

2073 2599 2324 2647 cumenta
2372 2589 2792 2657 declarantibus,
2841 2591 3080 2648 mentiri.
3136 2592 3274 2661 Quid
3301 2609 3430 2664 ergo
3474 2595 3527 2648 in
3570 2593 3672 2650 hac

2075 2699 2266 2741 eorum
2293 2682 2552 2752 religione
2571 2694 2626 2739 et
2649 2685 2793 2740 cultu
2817 2694 3030 2758 poterat
3050 2701 3170 2742 esse
3198 2686 3349 2749 mali,
3379 2688 3468 2756 qui
3501 2688 3670 2743 Deum

2075 2791 2105 2832 a
2132 2791 2192 2831 se
2222 2791 2316 2846 per
2341 2773 2613 2831 Christum
2639 2777 2742 2832 coli
2771 2778 2946 2848 palam
2975 2778 3336 2834 asserebant?
3360 2778 3549 2834 Nonne
3575 2781 3672 2835 Ju-

2068 2869 2173 2925 daei
2223 2867 2394 2922 Deum
2441 2883 2534 2938 per
2583 2869 2820 2941 Moysem
2866 2871 3285 2938 venerabantur,
3335 2887 3398 2927 ac
3442 2873 3670 2942 gentiles

2069 2960 2241 3018 Graeci
2268 2975 2365 3033 per
2405 2962 2540 3021 alios
2570 2963 2835 3028 homines,
2874 2962 3107 3018 Romani
3134 2979 3266 3020 vero
3305 2980 3400 3034 per
3440 2964 3668 3019 Numam

2068 3054 2385 3126 Pompilium
2402 3055 2873 3128 superstitionibus
2889 3055 3001 3110 suis
3030 3055 3218 3109 initiati
3231 3055 3389 3110 sunt?
3411 3055 3670 3124 Quaeren-

2065 3149 2192 3204 dum
2222 3154 2397 3221 potius
2424 3159 2539 3208 erat
2565 3159 2742 3205 utrum
2769 3163 2894 3205 vera
2921 3149 2993 3203 sit
3015 3147 3216 3203 Christi
3249 3149 3520 3233 divinitas,
3562 3163 3667 3220 qua

365 3239 616 3309 dispersi,
670 3237 1001 3310 palabundi,
1052 3251 1115 3292 ac
1176 3237 1302 3292 C(BIi
1337 3235 1545 3307 solique
1596 3243 1844 3290 extorres
1886 3235 1958 3289 ita
1989 3225 2032 3288 C
2066 3243 2298 3313 cognita,
2332 3244 2494 3298 homo
2522 3243 2575 3298 in
2603 3242 2795 3297 melius
2823 3240 3147 3296 reformatur
3175 3239 3313 3309 (cap.
3347 3239 3463 3310 2|).

367 3341 666 3400 vagantur,
702 3341 760 3384 ut
805 3331 934 3400 ipsis
995 3329 1221 3400 patriam
1273 3343 1426 3385 suam
1481 3327 1707 3397 vestigio
1771 3325 1962 3381 saltem

367 3426 604 3478 salutare
652 3437 964 3479 concessum
1005 3437 1112 3478 non
1159 3420 1342 3477 fuerit.
1386 3421 1455 3475 At
1509 3434 1615 3474 non
1670 3419 1786 3474 haec
1844 3428 1962 3474 tan-

367 3524 483 3570 tttnt
534 3531 564 3569 ει
609 3515 778 3570 sacris
822 3515 1032 3570 illorum
1086 3515 1297 3568 vatibus
1353 3511 1605 3584 praedicta
1647 3521 1812 3577 sunt,
1863 3510 1959 3566 sed

365 3607 606 3662 futurum
646 3621 858 3678 quoque
886 3606 1049 3660 alium
1078 3605 1356 3676 populum,
1384 3605 1440 3659 in
1460 3619 1620 3674 quem
1665 3603 1806 3658 Deus
1836 3618 1956 3658 ma-

361 3699 560 3772 jorem,
591 3716 750 3769 quam
791 3700 898 3754 illis
920 3700 1145 3767 gratiam
1186 3697 1520 3753 transferret.
1550 3697 1800 3752 Christus
1830 3713 1958 3752 vero

363 3797 546 3852 selecti
573 3796 730 3866 hujus
771 3795 951 3866 p0puli
977 3795 1198 3857 arbiter,
1223 3793 1587 3863 magisterque
1627 3801 1732 3856 est,
1765 3791 1832 3846 ab
1868 3791 1958 3845 iis-

363 3888 486 3944 dem
523 3903 735 3959 quoque
780 3886 1063 3958 prophetis
1109 3883 1516 3954 praenuntiatus.
1565 3881 1636 3938 Et
1664 3885 1710 3938 is
1740 3882 1954 3952 quidem

365 3980 698 4052 philosophis
730 3981 936 4036 Zenoni
968 3990 1024 4035 et
1069 3979 1309 4034 Cleanthi
1355 3995 1461 4033 non
1511 3978 1668 4048 plane
1718 3977 1960 4048 incogni-

337 4067 468 4140 'tus,
515 4074 605 4128 Dei
636 4077 765 4140 16-,"
795 4088 998 4136 sermo,
1024 4073 1180 4138 ratio,
1210 4072 1419 4142 sophia,
1452 4072 1736 4142 sapientia,
1772 4087 1958 4126 verus-

361 4183 463 4238 que
493 4167 658 4222 Filius
683 4177 784 4222 est.
814 4166 932 4221 Non
957 4167 1100 4222 enim
1153 4165 1450 4228 hominum,
1497 4175 1590 4219 aut
1618 4165 1954 4219 faetitiurum

362 4259 584 4314 deorum
606 4275 779 4325 more,
797 4258 892 4313 sed
916 4259 1053 4313 sicut
1077 4257 1259 4312 radius
1281 4273 1348 4312 ex
1372 4257 1510 4322 sole,
1549 4257 1617 4310 ita
1642 4257 1863 4326 spiritus
1891 4272 1955 4312 ex

361 4352 570 4421 Spiritu,
614 4360 672 4406 et
718 4351 903 4407 lumen
942 4351 1010 4405 de
1057 4349 1258 4404 lumine
1299 4350 1532 4420 genitus,
1585 4365 1692 4404 non
1734 4351 1958 4404 recessit

361 4459 389 4496 a
420 4445 664 4510 matrice,
689 4445 784 4500 sed
823 4444 897 4498 ita
930 4444 1188 4509 excessit,
1224 4452 1280 4497 ut
1321 4459 1424 4498 nou
1469 4451 1748 4512 separetur
1770 4460 1796 4494 a
1827 4443 1954 4497 sub-

363 4537 559 4591 stantia
601 4537 684 4592 sui
722 4537 919 4601 Patris,
951 4551 982 4590 a
1009 4551 1116 4606 quo
1137 4536 1274 4590 alter
1295 4535 1532 4599 modulo,
1567 4552 1669 4589 non
1708 4550 1955 4600 numero,

367 4629 540 4698 gradu
569 4644 674 4684 non
723 4639 883 4695 statu,
920 4644 1057 4683 unus
1101 4629 1320 4683 omnino
1364 4642 1486 4682 cum
1534 4625 1626 4681 illo
1667 4637 1751 4682 est
1793 4625 1954 4680 Deus.

363 4721 579 4776 Statuto
599 4720 790 4778 dehinc
822 4735 1066 4792 tempore
1090 4722 1376 4792 prolapsus
1407 4721 1459 4774 in
1487 4720 1771 4790 virginem,
1797 4719 1957 4775 homo

365 4811 477 4867 Deo
509 4813 696 4868 mistus
718 4812 890 4869 factus
913 4801 1054 4868 fuit:

433 4905 513 4958 Ad
544 4905 716 4959 aniles
749 4921 878 4960 vero
910 4906 1115 4960 fabulas
1159 4904 1275 4960 haec
1312 4904 1537 4975 rejicere
1568 4919 1676 4958 non
1715 4911 1960 4974 poterant
1996 4915 2004 4922 '

361 5013 534 5068 neque
556 4999 806 5068 gentiles,
831 4999 920 5067 qui
947 4997 1155 5053 similes
1174 4996 1308 5051 alias
1335 4998 1635 5063 tinxerant,
1667 5011 1838 5066 neque
1857 4995 1955 5051 Ju-

361 5090 483 5156 daei,
510 5091 600 5160 qui
633 5101 898 5145 noverant
927 5091 1076 5145 illum
1108 5105 1137 5143 a
1166 5090 1276 5143 suis
1310 5090 1585 5160 pr0phetis
1631 5089 1955 5160 promissum

361 5180 542 5236 fuisse.
576 5181 709 5236 Nam
755 5183 806 5236 hi
848 5184 898 5237 in
940 5199 1005 5238 eo
1033 5183 1305 5247 errabant,
1351 5183 1492 5253 quod
1527 5197 1609 5244 ea.
1636 5198 1755 5252 qua:
1799 5183 1851 5236 in
1893 5181 1959 5236 iis

360 5277 527 5330 sacris
554 5275 845 5345 Scripturis
875 5276 943 5330 de
974 5277 1150 5346 primo
1197 5284 1252 5329 et
1279 5273 1515 5330 secundo
1547 5274 1688 5328 illius
1725 5272 1958 5328 adventu

360 5367 500 5422 dicta
527 5377 675 5434 sunt,
716 5383 826 5424 non.
866 5369 1252 5440 intelliget-tes,
1293 5369 1442 5424 illum
1483 5369 1548 5423 ad
1593 5383 1690 5423 nos
1723 5369 1834 5436 jam
1862 5383 1955 5422 ve-

360 5462 502 5517 nisse
530 5463 925 5519 inﬁciabantur.
952 5463 1126 5520 Tanta
1151 5472 1331 5518 autem
1354 5470 1474 5516 erat
1497 5475 1685 5517 eorum
1713 5462 1952 5528 caecitas,

359 5558 705 5625 perversitas,
734 5566 789 5614 et
809 5559 1070 5630 nequitia,
1095 5568 1153 5612 ιιι
1178 5559 1320 5612 hunc
1342 5555 1529 5626 magia:
1555 5556 1954 5620 accusaverint,

356 5647 445 5716 qui
475 5647 634 5703 editis
674 5651 949 5707 miraculis
986 5667 1047 5708 se
1091 5655 1220 5723 16w
1265 5649 1359 5705 Dei
1412 5647 1585 5719 palam
1616 5645 1953 5702 ostendebat.

355 5739 491 5794 Cum
513 5755 644 5796 vero
668 5743 880 5799 caelesti
911 5759 1004 5799 sua
1032 5744 1273 5800 doctrina
1315 5740 1574 5812 plurimos
1597 5738 1665 5794 ad
1691 5753 1750 5795 se
1781 5737 1959 5794 allice-

357 5842 464 5903 ret,
493 5843 617 5895 tunc
643 5840 970 5910 exasperati,
1003 5839 1155 5896 illum
1188 5836 1498 5896 obtulerunt
1527 5834 1725 5893 Pontio
1761 5832 1956 5903 Pilato,

641 5931 1085 5996 Tam-ouum
1129 5933 1181 5995 Ι.

2136 3335 2447 3392 Credebant
2469 3344 2732 3407 praeterea
2758 3333 3040 3390 christiani
3069 3345 3192 3398 esse
3218 3331 3514 3402 daemones,
3543 3333 3665 3404 phi-

2063 3429 2324 3500 losophis,
2376 3444 2440 3484 ac
2484 3428 2821 3499 potissimum
2863 3426 3072 3482 Socrati
3119 3441 3182 3481 ac
3222 3426 3455 3492 Zenoni,
3489 3429 3663 3498 poetis

2062 3531 2223 3592 atque
2261 3523 2432 3592 magis
2474 3520 2615 3575 haud
2647 3519 2969 3590 incognitos,
2996 3532 3134 3589 quos
3156 3518 3347 3589 vulgus
3371 3533 3662 3574 exsecran-

2060 3613 2152 3677 do,
2179 3621 2272 3668 aut
2293 3611 2414 3667 aliis
2437 3609 2809 3666 malediceudo
2831 3610 3064 3665 invocat.
3095 3608 3160 3663 Hi
3191 3618 3370 3664 autem
3397 3609 3655 3679 spiritua-

2060 3705 2148 3772 lis,
2171 3707 2310 3760 sicut
2331 3703 2529 3775 angeli,
2546 3712 2672 3758 sunt
2694 3691 3029 3764 substantiae,
3045 3699 3138 3755 sed
3163 3701 3217 3754 in
3240 3708 3514 3769 peccatum
3537 3714 3666 3769 pro-

2061 3798 2216 3869 lapsi,
2248 3799 2478 3854 exitium
2513 3795 2745 3852 hominis
2787 3795 2857 3850 ab
2884 3794 3068 3848 mundi
3116 3792 3269 3847 initio
3309 3792 3478 3847 moliti
3509 3800 3658 3847 sunt.

2060 3891 2208 3948 Sicut
2244 3899 2425 3946 autem
2467 3887 2787 3952 substantia,
2820 3888 2898 3942 sic
2918 3885 3121 3940 viribus
3164 3886 3491 3956 spiritalibus
3521 3901 3662 3956 pra:-

2061 3986 2176 4054 diti,
2212 4001 2314 4040 non
2347 3985 2519 4038 solum
2550 3982 2732 4052 fruges
2781 3980 3120 4050 hominisque
3168 3980 3533 4034 valetudinem
3578 3980 3662 4034 vi-

2065 4078 2216 4142 tiant,
2262 4077 2355 4133 sed
2403 4077 2544 4131 illius
2582 4089 2797 4146 quoque
2840 4073 3076 4126 animum
3123 4073 3437 4126 concutiunt
3483 4072 3660 4140 pravis

2064 4171 2316 4235 motibus,
2359 4179 2414 4225 et
2456 4185 2485 4224 a
2527 4168 2820 4224 divinitatis
2863 4173 3112 4220 avertunt
3161 4167 3413 4234 cogitatu.
3466 4165 3655 4220 Nativa

2062 4279 2194 4319 vero
2225 4263 2463 4333 agilitate
2487 4276 2610 4315 cum
2642 4259 2839 4328 ubique
2867 4273 2975 4310 uno
3012 4265 3286 4309 momento
3314 4259 3440 4321 sint,
3471 4272 3533 4311 ac
3563 4258 3655 4311 Dei

2061 4355 2438 4423 diSpositiours
2459 4358 2807 4421 Cognoscaut,
2830 4347 3140 4402 wnmlautur
3169 4348 3502 4409 divinitatem,
3534 4350 3656 4399 dum

2060 4451 2298 4518 furantur
2327 4446 2704 4498 divinationem.
2747 4439 2825 4493 Ad
2873 4438 2986 4493 haec
3031 4454 3181 4504 vero,
3231 4439 3478 4506 ambigua
3534 4452 3659 4505 pro-

2063 4539 2308 4592 nuntiant
2338 4536 2576 4600 oracula,
2619 4543 2812 4588 sanant
2855 4547 2991 4602 quos
3043 4531 3318 4595 lmserunt,
3343 4532 3469 4583 falsa
3495 4531 3657 4585 variis

2065 4627 2348 4700 praestigiis
2389 4627 2585 4680 faciunt
2614 4623 2890 4689 miracula,
2921 4623 3293 4692 phantasmata
3331 4622 3521 4688 edunt,
3565 4622 3658 4677 de-

2064 4722 2366 4777 functorum
2399 4719 2656 4772 infamant
2694 4717 2918 4776 animas,
2969 4728 3163 4782 pueros
3207 4713 3412 4767 elidunt
3455 4715 3507 4768 in
3536 4729 3658 4769 ora-

2064 4815 2171 4870 culi
2197 4813 2487 4882 eloquium,
2513 4809 2717 4863 somnia
2751 4808 3064 4872 immittunt,
3089 4814 3249 4875 atque
3277 4821 3462 4861 eorum
3491 4821 3656 4876 opera

2064 4921 2239 4976 capra:
2267 4919 2328 4959 ac
2351 4917 2553 4958 mensae
2582 4899 2822 4957 divinare
2846 4906 3260 4954 consueverant.
3285 4899 3445 4968 Atqui
3471 4899 3655 4954 ethni-

2065 5000 2136 5064 ci,
2163 4999 2252 5068 qui
2298 4996 2413 5051 hzec
2449 4993 2627 5050 omnia
2656 4992 2760 5048 diis
2785 4992 2897 5047 suis
2935 4990 3334 5056 adscribebant,
3369 4990 3468 5046 hos
3491 4991 3659 5046 dubio

2064 5091 2251 5162 procul
2273 5089 2546 5144 daemones
2570 5100 2691 5142 esse
2717 5083 3039 5139 fatebantur.

2132 5181 2318 5252 Neque
2359 5178 2688 5250 respondere
2733 5185 2985 5249 poterant
3011 5175 3143 5231 deos
3181 5189 3308 5232 suos
3349 5190 3456 5230 non
3479 5191 3543 5232 ex
3574 5175 3656 5231 his

2061 5289 2182 5346 qua:
2210 5275 2263 5328 in
2309 5273 2542 5344 profanis
2583 5270 2740 5336 locis,
2769 5269 2865 5325 sed
2903 5283 3027 5338 qua:
3073 5268 3127 5323 in
3165 5283 3353 5322 eorum
3399 5269 3659 5324 duntaxat

2063 5365 2278 5436 templis
2331 5365 2548 5428 hebant,
2604 5361 2804 5417 debere
2848 5360 3125 5415 aestimari.
3181 5358 3296 5414 Non
3353 5359 3537 5430 dispar
3578 5371 3659 5415 et-

2059 5460 2202 5514 enim
2243 5465 2328 5511 est
2372 5456 2510 5510 illius
2541 5453 2690 5508 furor
2728 5451 2818 5522 qui
2851 5466 2918 5506 ex
2972 5461 3118 5505 turre
3158 5450 3242 5505 his
3284 5451 3385 5505 diis
3421 5460 3655 5516 sacrata,

2059 5560 2115 5606 et
2166 5549 2390 5603 alterius
2443 5547 2531 5616 qui
2586 5559 2647 5600 se
2699 5559 2764 5599 ex
2813 5557 3024 5598 summo
3065 5542 3254 5596 vicinae
3290 5541 3482 5597 domus
3513 5551 3658 5598 tecto

2059 5643 2150 5698 dat
2177 5639 2526 5711 prmeipitem.
2555 5635 2666 5692 Nec
2705 5636 2878 5706 impar
2903 5634 3064 5688 etiam
3098 5633 3242 5687 illius
3275 5642 3359 5687 est
3399 5635 3654 5698 amentia,

2060 5734 2150 5804 qui
2193 5733 2246 5785 in
2305 5729 2423 5785 deae
2476 5729 2736 5783 honorem
2793 5727 3021 5781 lacertos
3069 5733 3124 5780 et
3178 5724 3449 5794 genitalia,
3495 5735 3659 5793 atque

2060 5825 2282 5884 alterius
2331 5823 2425 5896 qui
2463 5823 2563 5880 sibi
2609 5821 2789 5894 gulam
2845 5827 3112 5893 prosecat.
3163 5817 3269 5874 Sed
3312 5817 3358 5872 si
3403 5817 3539 5888 hazc,
3585 5819 3666 5875 ait

2878 5912 3373 5994 (Vingt-troisﬂ
