4252 6270
589 322 698 382 ’115

1660 321 1728 378 ΙΝ
1766 316 2226 380 τειιτυιιιΑΝι
2266 316 2793 379 APULOGETICUM

3783 319 3890 378 πο

593 439 970 507 Tertullianus,
1025 439 1156 495 levis
1205 437 1493 494 videantur
1541 437 1836 504 momenti,
1865 435 1985 491 aliis
2023 450 2187 505 argu-
2214 433 2268 496 Α
2293 435 2825 507 concutiiNumquid
2847 435 2985 492 Juno
3007 450 3161 508 aequo
3180 435 3360 491 animo
3383 435 3525 492 ferre
3551 436 3728 507 potuit
3759 435 3891 493 Car-

592 531 794 588 mentis
822 531 1178 586 invictissime
1205 528 1606 586 demonstratur
1647 528 1866 585 eosdem
1907 543 2030 584 esse
2059 528 2191 583 deos

593 625 872 694 gentilium
923 638 987 678 ac
1043 623 1340 678 dwmones.
1385 603 1718 679 Producatur
1765 621 1909 676 cnim
1964 620 2188 690 aliquis,

593 715 686 785 qui
727 715 796 769 de
839 713 942 770 dco
978 715 1196 784 patitur,
1224 716 1314 786 qui
1364 715 1472 770 aris
1508 715 1788 784 inhalans,
1817 728 2014 769 numen
2061 727 2191 767 con-

593 809 761 879 cipit;
811 807 1034 878 prodeat
1088 808 1189 864 dea
1239 809 1392 878 virgo
1449 809 1750 880 pluviarum
1804 805 2188 880 pollicitatrix,

594 899 899 970 proferatur
926 900 980 955 in
1026 901 1260 956 medium
1295 900 1428 956 deus
1473 901 1844 972 AEsculapius,~
1867 899 2193 954 morientem

593 991 826 1062 aliquem
877 1001 1184 1056 sanaturus,
1242 1004 1462 1062 tumque
1507 992 1560 1047 hi
1607 1007 1796 1048 omnes
1844 999 1902 1046 et
1928 988 2122 1059 singuli
2147 988 2193 1042 si

593 1087 794 1154 petenti
815 1084 1112 1140 christiano
1146 1085 1234 1154 qui
1264 1085 1392 1152 sint,
1442 1100 1500 1140 se
1529 1085 1804 1140 daemones
1825 1098 1946 1139 esse
1977 1097 2083 1136 non
2110 1081 2192 1133 fa-

597 1190 829 1245 teantur,
883 1195 978 1251 per
1008 1179 1398 1235 Tertullianum
1433 1179 1576 1244 licet,
1612 1189 1669 1233 ut
1718 1179 1864 1233 illico
1916 1173 2190 1238 fundatur,

599 1275 842 1344 ejusdem
893 1274 1171 1328 christiani
1221 1273 1464 1342 sanguis.
1507 1273 1578 1327 At
1622 1272 1754 1326 nihil
1786 1269 1944 1341 plane
1975 1268 2076 1323 hac
2101 1265 2196 1321 de~

597 1367 986 1422 monstratione
1037 1374 1120 1422 est
1157 1366 1472 1435 simplicius,
1519 1363 1859 1420 manifestius
1913 1370 1968 1417 et
2011 1359 2194 1415 effica-

596 1461 732 1515 cius.
769 1459 864 1515 Vel
894 1461 1037 1514 enim
1067 1460 1356 1514 mentietur
1382 1459 1615 1523 ammon,
1648 1465 1702 1513 et
1744 1456 1877 1510 deus
1930 1468 2036 1509 non
2066 1461 2150 1507 est
2177 1469 2190 1506 :

603 1553 688 1608 vel
718 1567 843 1608 vera
871 1551 1034 1619 dicet,
1063 1566 1125 1606 ac
1153 1549 1378 1621 proinde
1404 1549 1480 1604 dii
1524 1563 1712 1604 revera
1744 1547 2017 1602 daemones
2043 1552 2190 1598 sunt.

603 1647 938 1715 Quicumque
975 1659 1104 1715 ergo
1135 1644 1252 1698 hazc
1281 1661 1308 1695 a
1355 1643 1458 1697 diis
1502 1641 1638 1696 facta
1668 1641 1884 1708 dixerit,
1915 1639 1960 1694 is
1986 1643 2198 1692 asserat

596 1747 821 1792 necesse
849 1744 930 1790 est
957 1735 1081 1789 illos
1119 1735 1430 1789 christianis
1453 1747 1574 1789 esse
1600 1733 1896 1802 subjectos,
1925 1739 2088 1801 atque
2117 1727 2197 1782 id-

2295 529 2587 601 thaginem,
2627 529 2726 585 sibi
2757 529 2885 585 olim
2911 529 3049 586 adeo
3084 530 3361 596 dilectam,
3393 540 3448 586 et
3477 530 3645 586 Samo
3676 545 3892 613 pracpo:

2297 624 2476 691 sitam,
2525 639 2555 678 a
2604 624 2860 680 Romanis
2883 623 3075 692 deleri,
3120 633 3180 680 ut
3220 623 3430 694 imperii
3459 625 3541 680 sui
3570 624 3708 680 fines
3735 626 3896 683 latius

2275 717 2695 787 prepagarent?
2716 718 2785 772 At
2814 718 2859 772 si
2887 731 2976 772 res
3004 726 3179 772 tamen
3208 717 3279 772 ita
3307 717 3396 783 sit,
3414 731 3510 771 cur
3541 717 3770 773 Romani
3796 720 3896 773 mi-

2298 823 2484 863 norem
2509 809 2584 863 illi
2605 809 2888 878 honorem,
2912 825 3072 880 quam
3090 811 3230 881 lupa:
3252 811 3674 882 prostitutissimw
3695 811 3896 868 Laren-

2298 900 2386 955 tiae
2415 901 2715 957 tribuerunt
2743 904 2766 956 ’ἔ

2370 992 2574 1048 Deinde
2613 1008 2740 1050 vero
2769 994 2953 1064 plures
2984 995 3196 1050 illorum
3223 994 3320 1059 dii,
3355 995 3510 1050 sicuti
3547 995 3812 1051 Saturnus
3839 1004 3898 1051 et

2295 1083 2526 1154 Jupiter,
2558 1095 2929 1155 regnaverant.
2980 1089 3025 1140 A
3076 1102 3183 1157 quo
3209 1099 3339 1156 ergo
3389 1085 3753 1141 Romanorum
3792 1088 3896 1142 deo

2297 1193 2452 1234 suum
2484 1194 2743 1250 accepere
2765 1180 3032 1252 regnum?
3061 1180 3328 1251 Numquid
3357 1197 3387 1234 a
3411 1180 3646 1251 quodam
3673 1179 3896 1236 Stercu-

2297 1273 2386 1328 lo?
2419 1273 2552 1342 Quis
2597 1274 2701 1329 nisi
2732 1273 2909 1330 fatuus
2945 1274 2996 1329 id
3024 1273 3207 1330 dicere
3233 1272 3465 1329 audeat?
3504 1273 3656 1328 Multi
3683 1288 3898 1344 quoque

2300 1365 2516 1421 fuerunt
2546 1380 2721 1437 reges,
2755 1366 2848 1436 qui
2889 1382 2989 1422 nec
3027 1366 3394 1422 Romanorqu
3422 1364 3576 1430 deos,
3624 1380 3724 1421 nec
3763 1364 3899 1420 alios

2300 1475 2574 1531 nunquam
2613 1451 2910 1519 colluerant.
2936 1461 3179 1532 Denique
3203 1461 3502 1515 Romanum
3524 1474 3749 1530 regnum
3773 1469 3900 1514 ante

2301 1553 2616 1624 religionem
2648 1554 2908 1608 accrevit.
2957 1553 3273 1624 Priusquam
3312 1554 3455 1610 enim
3483 1552 3650 1608 Numa
3680 1552 3898 1622 Pompi-

2301 1643 2405 1698 lius
2434 1658 2603 1718 vanas
2641 1643 3057 1713 superstitiones
3099 1643 3287 1699 Roma:
3328 1643 3671 1708 instituisset,
3697 1651 3752 1698 et
3775 1653 3902 1699 ante

2300 1750 2460 1804 quam
2489 1734 2594 1789 ulla
2617 1735 2758 1805 apud
2789 1735 2914 1791 illos
2938 1719 3170 1791 fuissent
3194 1735 3419 1791 deorum
3446 1733 3756 1800 simulacra,
3779 1735 3898 1805 plu-

595 1835 740 1884 circo
766 1837 872 1882 tam
905 1827 1068 1883 falsos
1093 1842 1214 1883 esse
1256 1827 1420 1894 deos,
1467 1841 1627 1897 quam
1660 1841 1786 1880 vera
1830 1832 1914 1880 est
1943 1822 2197 1879 christia-
2227 1819 2275 1878 B
2303 1841 2394 1884 res
2421 1829 2597 1885 Latini
2631 1829 2935 1886 habuerunt
2959 1845 3135 1902 reges.
3153 1830 3380 1886 Romani
3405 1845 3558 1901 ergo,
3579 1830 3751 1899 inquit
3775 1827 3904 1885 Ter-

597 1939 788 1978 normn
833 1921 1044 1992 religio.
1078 1922 1266 1976 Omnis
1293 1921 1492 1992 quippe
1519 1920 1635 1974 haec
1664 1928 1902 1990 potestas
1927 1917 2100 1973 oritur
2129 1932 2197 1971 ex

604 2017 800 2072 Christi
830 2017 1068 2080 nomine,
1103 2031 1210 2092 quo
1259 2015 1556 2081 daemones,
1600 2014 1666 2070 ab
1696 2014 1804 2068 illis
1847 2012 2098 2084 adjurati,
2129 2011 2200 2068 de

599 2109 836 2164 obsessis
885 2107 1161 2163 hominum
1213 2106 1533 2176 corporibus
1575 2117 1843 2177 coguntur
1884 2120 1992 2160 non
2023 2105 2195 2161 solum

594 2201 764 2267 exire,
833 2199 930 2256 sed
975 2201 1193 2270 insuper
1250 2199 1405 2254 fateri
1451 2212 1513 2253 se
1558 2197 1689 2253 deos
1745 2213 1855 2254 non
1901 2212 2050 2264 esse,
2102 2195 2199 2252 sed

594 2293 899 2348 immundos
929 2293 1170 2362 spiritus,
1201 2291 1271 2346 ob
1299 2289 1555 2344 malitiam
1581 2305 1733 2344 suam
1770 2288 2193 2360 prmdamnatos,

595 2385 811 2440 unicum
841 2399 971 2440 vero
996 2397 1117 2439 esse
1144 2383 1337 2450 Deum,
1364 2396 1430 2438 ac
1459 2396 1586 2437 vera
1611 2379 1815 2436 idcirco
1833 2393 1955 2436 esse
1980 2394 2101 2451 quae
2130 2379 2198 2434 de

596 2475 810 2532 Christo
841 2475 996 2547 paulo
1023 2484 1147 2530 ante
1177 2475 1319 2529 dicta
1347 2483 1472 2529 sunt
1501 2475 1640 2543 (cap.
1667 2472 1762 2539 22,
1791 2472 1906 2544 25).

668 2569 837 2625 Recte
883 2583 1013 2640 ergo
1040 2583 1105 2622 ex
1137 2567 1216 2622 cis
1259 2565 1627 2621 Tertullianus
1653 2564 1930 2621 concludit
1954 2564 2200 2620 christia-

597 2675 696 2716 nos
724 2659 1159 2732 perperamlassze
1182 2658 1474 2729 majestatis
1498 2657 1694 2713 divina:
1716 2659 1975 2713 accusari.
2000 2659 2199 2726 Quam-

596 2754 678 2808 vis
708 2755 850 2808 enim
881 2759 1160 2807 constaret
1204 2765 1365 2805 veros
1393 2765 1516 2805 esse
1543 2749 1674 2805 deos
1701 2749 2065 2817 ethnicorum,
2096 2750 2197 2820 ipsi

599 2855 802 2914 tamen,
858 2844 1312 2916 quemadmodum
1365 2844 1540 2912 Plato,
1595 2843 1976 2899 existimabant
2029 2858 2199 2914 penes

599 2953 790 3005 unum,
824 2946 952 3008 puta
980 2936 1202 3003 Jovem,
1252 2951 1374 2992 esse
1425 2951 1689 2991 summam
1730 2944 2088 3006 potestatem,
2143 2944 2200 2992 et

600 3021 779 3084 officia
809 3043 974 3100 penes
1003 3039 1254 3084 caeteros.
1297 3027 1435 3096 Quid
1460 3042 1589 3098 ergo
1624 3028 1921 3098 peccabant
1945 3026 2200 3083 christia-

602 3123 682 3190 ni,
714 3123 804 3194 qui
836 3137 1000 3177 unum
1031 3135 1341 3190 supremum
1394 3120 1586 3187 Deum,
1618 3121 1776 3175 sicuti
1819 3120 1907 3174 alii
1952 3119 2200 3175 homines

2303 1923 2574 1995 tullianus,
2608 1940 2711 1978 non
2735 1933 2854 1978 ante
2877 1924 3125 1997 religiosi,
3147 1941 3301 1995 quant
3326 1925 3540 1996 magni;
3562 1924 3770 1995 ideoque
3799 1939 3902 1979 non

2302 2015 2364 2071 ob
2393 2017 2488 2071 hoc
2512 2017 2706 2088 magni,
2729 2019 2850 2082 quia
2875 2017 3122 2089 religiosi.

2373 2107 2482 2164 Sed
2511 2109 2691 2164 acrius
2717 2109 2893 2165 adhuc
2936 2118 3090 2180 urget
3120 2128 3131 2163 :
3165 2107 3472 2176 Quomodo,
3507 2108 3700 2178 inquit,
3733 2109 3818 2163 isti
3849 2108 3901 2164 in

2304 2199 2530 2256 aliorum
2558 2215 2724 2271 regna
2751 2200 3102 2256 invaserunt?
3129 2200 3245 2256 Non
3275 2200 3476 2270 pietate
3503 2200 3770 2271 profecto,
3802 2215 3902 2256 nec

2303 2292 2582 2363 religione,
2607 2293 2703 2349 sed
2730 2293 2909 2361 bellis,
2932 2302 2989 2350 et
3009 2294 3267 2359 victoriis,
3291 2309 3355 2349 ac
3378 2294 3604 2364 proinde
3629 2295 3904 2350 communi

2301 2388 2560 2444 mtenium
2588 2398 2642 2443 et
2687 2390 3034 2459 templorum,
3067 2387 3411 2444 sacerdotum
3449 2398 3508 2444 et
3545 2389 3763 2454 civium,
3813 2403 3902 2444 re-

2302 2489 2421 2537 rum
2445 2495 2720 2537 sacrarum
2769 2491 2824 2538 et
2866 2482 3209 2552 profanarum
3239 2491 3418 2552 strage
3443 2497 3507 2537 ac
3548 2483 3720 2536 ruina.
3751 2466 3903 2536 llaec-

2303 2575 2423 2631 cine
2452 2590 2582 2647 ergo
2627 2585 2710 2632 est
2741 2578 2933 2646 pietas,
2967 2587 3186 2648 propter
3211 2591 3370 2646 quam
3401 2575 3473 2631 dii
3501 2589 3554 2631 et
3580 2574 3903 2631 laedentibus

2305 2685 2364 2726 se
2403 2671 2660 2726 Romanis
2691 2671 2837 2726 orbis
2879 2671 3161 2741 imperium
3208 2670 3491 2734 dederunt,
3529 2677 3586 2725 et
3610 2667 3730 2723 aliis
3773 2667 3902 2722 ade-

2306 2767 2543 2827 merunt,
2591 2762 2680 2832 qui
2724 2774 2852 2816 suos
2879 2776 3095 2832 quoque
3139 2774 3239 2816 nec
3287 2759 3478 2814 minori
3516 2758 3713 2829 pietate
3749 2758 3899 2813 cole-

2307 2853 2438 2909 bant
2478 2852 2629 2909 deos.
2687 2853 2927 2925 Denique
2967 2863 3092 2908 ante
3132 2853 3275 2923 jacta
3302 2852 3490 2907 Romae
3528 2849 3903 2918 fundamenta,

2306 2946 2600 3017 regnabant
2629 2962 2735 3002 non
2765 2948 2939 3002 solum
2986 2946 3290 3018 Babylonii,
3322 2945 3482 3013 Medi,
3512 2943 3772 3016 Egyptii,
3803 2945 3905 2999 As-

2306 3039 2438 3111 syrii
2465 3048 2520 3094 et
2551 3040 2877 3108 Amazones,
2909 3040 3002 3095 scd
3033 3039 3203 3096 Judaei
3249 3041 3433 3106 etiam,
3457 3038 3548 3108 qui
3579 3052 3770 3094 omnes
3799 3037 3909 3092 Ro-

2308 3148 2592 3190 manorum
2620 3136 2961 3206 aliorumque
3003 3134 3285 3205 gentilium
3315 3134 3449 3190 deos
3477 3133 3822 3204 respuebant,
3849 3140 3907 3188 et

603 3216 820 3270 unicum
885 3213 1301 3283 imperatorem,
1354 3211 1604 3268 colebant
1655 3221 1711 3266 et
1759 3211 2198 3267 venerabantur?
2228 3200 2272 3263 C
2307 3227 2760 3298 aspernabantur.
2802 3200 2916 3283 Νοῇ
2961 3200 3089 3299 εξεο
3129 3229 3495 3283 Romanorum
3544 3200 3638 3281 a'm
3680 3224 3904 3279 aliarum

602 3307 872 3379 Numquid
900 3306 976 3362 id
1025 3307 1202 3361 minus
1233 3306 1433 3362 licitum
1488 3306 1595 3361 illis
1619 3315 1757 3374 erat,
1788 3322 1946 3377 quam
1975 3307 2201 3378 singulis

602 3401 903 3473 quibusque
923 3399 1253 3464 hominibus,
1277 3400 1600 3464 civitatibus,
1625 3409 1680 3455 et
1708 3401 1996 3470 provinciis
2017 3417 2203 3472 quem-

604 3495 728 3550 dam
755 3493 1027 3564 proprium
1057 3502 1112 3548 et
1153 3492 1477 3562 peculiarem
1518 3491 1677 3547 deum
1707 3491 1939 3548 habere?
1962 3493 2032 3547 At
2057 3501 2204 3549 certe

611 3587 724 3652 alii,
755 3586 971 3642 nemine
993 3595 1344 3656 repugnante,
1375 3583 1584 3649 Jovem,
1609 3584 1696 3638 alii
1724 3584 1935 3653 Fidem,
1963 3584 2204 3657 Egyplii

606 3693 734 3736 aves
762 3687 818 3736 et
844 3679 1062 3746 bestias,
1092 3676 1214 3750 Syri
1242 3679 1532 3742 Astartem,
1554 3687 1716 3747 atque
1742 3677 1812 3732 ita
1835 3679 2016 3734 caeteri
2047 3695 2202 3734 suum

607 3771 766 3828 deum
796 3770 1046 3842 privatim
1072 3768 1346 3824 colebant.
1368 3767 1490 3824 Uno
1512 3767 1678 3824 verbo
1700 3769 1987 3841 unicuique
2010 3770 2206 3827 licebat

605 3877 999 3934 quemcumque
1061 3860 1224 3916 vellet
1291 3861 1468 3916 colere
1534 3869 1728 3931 praeter
1774 3876 1962 3916 verum
2010 3862 2200 3919 Deum.

610 3955 716 4012 Sed
766 3969 946 4011 nonne
999 3951 1103 4008 hoc
1135 3951 1313 4023 potius
1353 3961 1470 4007 erat
1520 3951 1841 4016 maximum,
1874 3953 2026 4022 cujus
2074 3955 2206 4010 falso

611 4046 936 4103 christianos
967 4044 1372 4112 insimulabant,
1406 4044 1548 4099 laesae
1573 4043 1867 4115 majestatis
1889 4045 2087 4103 divina:
2109 4049 2208 4105 cri-

612 4137 770 4193 men?
801 4138 867 4192 Et
891 4149 1038 4193 certe
1063 4136 1191 4193 illud
1224 4146 1373 4192 tanto
1411 4137 1582 4206 majus
1609 4147 1744 4199 erat,
1773 4147 1970 4207 quanto
1999 4139 2207 4196 crude-

616 4227 725 4282 lius
749 4227 1072 4283 christianos
1093 4227 1158 4283 ad
1179 4227 1314 4283 falsa
1346 4228 1565 4283 numina
1587 4227 1834 4292 colenda,
1858 4244 1920 4285 ac
1940 4245 2124 4286 verum
2156 4239 2212 4287 et

610 4334 795 4376 rerum
822 4318 1063 4374 omnium
1101 4329 1401 4376 creatorem
1448 4320 1617 4376 Deum
1662 4321 1876 4392 penitus
1905 4322 2207 4393 negandum

613 4429 805 4486 cogere
831 4412 1140 4468 nitebantur
1165 4412 1308 4482 (cap.
1331 4411 1448 4484 24).

686 4505 1039 4577 Objectabant
1062 4514 1239 4558 tamen
1268 4504 1496 4559 Romani
1514 4520 1572 4561 se
1594 4522 1691 4576 pro
1723 4507 1955 4577 pietatis,
1986 4523 2049 4565 ac
2077 4510 2208 4567 reli-

2306 3321 2546 3390 gentium
2589 3319 2662 3375 dii
2712 3335 2877 3391 regna
2905 3321 3241 3390 dispensant,
3289 3317 3384 3374 sed
3415 3317 3562 3374 solus
3593 3316 3681 3373 ille
3725 3315 3905 3370 omni-

2309 3421 2499 3482 potens
2525 3412 2687 3480 Deus,
2707 3414 2872 3478 cnius,
2902 3412 3075 3482 inquit
3099 3421 3285 3467 auctor
3307 3420 3512 3478 noster,
3541 3419 3612 3464 est
3639 3409 3792 3472 orbis,
3823 3407 3908 3478 qui

2309 3515 2571 3576 regnatur,
2595 3516 2641 3560 et
2668 3506 2819 3560 homo
2854 3506 2984 3575 ipse,
3011 3507 3094 3576 qui
3125 3491 3324 3577 regnat.
3362 3503 3479 3559 Non
3506 3503 3782 3559 christiani
3812 3501 3909 3572 igi-

2312 3607 2420 3666 tur,
2441 3599 2538 3670 qui
2568 3598 2714 3653 illum
2743 3599 2994 3654 colebant
3015 3641 3028 3665 ,
3060 3599 3156 3654 sed
3201 3597 3430 3652 Romani
3459 3597 3655 3667 aliique
3680 3593 3906 3666 gentiles

2310 3690 2454 3745 laesa”:
2494 3690 2792 3759 majestatis
2833 3689 3029 3745 divina:
3054 3691 3280 3745 crimine
3313 3688 3792 3748 convincebantur.
3817 3685 3906 3756 qui

2311 3797 2418 3838 non
2449 3782 2624 3838 solum
2656 3783 2817 3838 falsos
2846 3782 2978 3838 deos
3015 3783 3296 3846 colebant,
3327 3780 3426 3837 sed
3472 3780 3693 3838 eosdem
3737 3778 3910 3835 chris-

2312 3874 2488 3930 tianos
2523 3874 2594 3930 ad
2643 3889 2831 3930 eorum
2877 3877 3079 3931 cultum
3109 3875 3435 3945 quibuslibet
3461 3873 3739 3946 suppliciis
3762 3888 3912 3928 com-

2312 3968 2517 4037 pellere
2549 3967 2882 4023 conabantur
2910 3969 3050 4042 (cap.
3081 3968 3173 4034 25,
3205 3966 3324 4038 26).
3356 4013 3360 4016 .

2387 4061 2622 4127 Quormn
2652 4076 2780 4118 vero
2822 4061 2995 4132 major
3020 4071 3135 4118 erat
3165 4061 3468 4124 clementia,
3503 4059 3555 4114 hi
3584 4057 3911 4130 persuadere

2317 4153 2424 4208 illis
2454 4153 2748 4222 tentabant,
2797 4163 2855 4210 ut
2898 4155 3088 4210 saltem
3116 4165 3349 4210 ntanente
3375 4154 3516 4226 apud
3543 4154 3771 4208 aiiimum
3797 4151 3910 4208 veri

2318 4245 2417 4302 Dei
2442 4245 2651 4302 colendi
2683 4247 2967 4319 proposito,
2992 4257 3100 4302 tam
3131 4248 3496 4316 pertinaciter,
3526 4256 3738 4315 Iamque
3759 4252 3911 4300 certo
4007 4269 4011 4272 έ

2315 4340 2510 4410 capitis
2535 4341 2775 4410 periculo
2814 4339 2920 4394 diis
2961 4338 3268 4396 sacrificare
3298 4355 3402 4395 non
3446 4347 3775 4394 recusarent.
3805 4334 3910 4393 Sed

2315 4433 2420 4488 hoc
2475 4433 2620 4489 falsae
2674 4433 3059 4489 misericordiae
3101 4433 3382 4488 consilium
3433 4432 3498 4486 iis
3549 4430 3910 4502 inspirabatur

2315 4524 2503 4581 fraude
2533 4534 2586 4581 et
2607 4527 2800 4580 astutia
2825 4525 3152 4594 dmmonum,
3177 4527 3265 4597 qui
3293 4525 3704 4580 christianorum
3734 4533 3912 4594 potes-

613 4599 788 4672 gionis
809 4613 936 4670 erga
957 4597 1089 4654 deos
1107 4611 1233 4653 suos
1245 4597 1730 4668 meritoaccepisse
1756 4601 1916 4656 totius
1947 4613 2198 4659 terrarum

2318 4627 2480 4674 tatem
2523 4619 2792 4684 timentes,
2834 4619 3096 4675 adversus
3125 4633 3220 4674 eos
3246 4617 3569 4690 implacabili
3600 4617 3724 4673 odio
3773 4632 3910 4686 pra:-

615 4693 764 4748 orbis
790 4691 1102 4762 imperium.
1135 4687 1275 4756 Quid
1313 4704 1464 4760 ergo,
1496 4689 1570 4744 ait
1611 4689 2012 4750 Tertullianus?
2036 4693 2206 4751 Numa

613 4784 742 4854 quid
765 4782 896 4838 illud
925 4785 1342 4853 impetraverant
1367 4796 1396 4836 a
1427 4780 1530 4836 diis
1551 4782 1663 4838 suis
1692 4786 1994 4842 vernaculis
2015 4803 2078 4842 ac
2105 4787 2206 4844 do-

611 4877 873 4943 mesticis,
900 4876 1086 4947 quales
1113 4885 1265 4930 erant
1293 4873 1589 4942 Sterculus,
1628 4875 1879 4933 Mutunus
1908 4887 1962 4933 et
1999 4879 2207 4937 Laren-

611 4971 726 5027 tina
753 4971 1042 5027 meretrix?
1068 4970 1197 5036 Quis
1217 4968 1436 5024 credat?
1474 4969 1737 5040 Numquid
1775 4986 1806 5027 a
1837 4973 2131 5045 peregrinis
2152 4986 2207 5036 et

609 5063 939 5132 adventitiis,
958 5062 1151 5134 quibus
1173 5061 1343 5131 major
1354 5061 1561 5128 Romae,
1578 5078 1736 5133 quam
1762 5066 1946 5135 patriae
1960 5082 2070 5123 sum
2085 5084 2208 5140 pro-

611 5158 852 5228 tegenda:
864 5171 991 5212 cura
1001 5171 1123 5212 esse
1141 5155 1406 5211 debebat?
1424 5159 1495 5210 At
1510 5156 1709 5226 Cybele
1725 5159 1950 5216 Romam
1968 5162 2194 5232 adscita,

606 5250 676 5305 de
701 5248 995 5305 nuntianda
1022 5262 1214 5318 magno
1236 5261 1332 5302 suo
1357 5247 1624 5303 sacerdoti
1675 5251 1969 5324 archigallo
1995 5256 2200 5314 Aurelii

603 5341 945 5413 imperatoris
983 5351 1156 5396 morte
1186 5349 1292 5395 tam
1322 5354 1509 5410 parum
1540 5340 1765 5399 sollicita
1791 5343 1918 5412 fuit,
1949 5357 2009 5404 ut
2048 5358 2196 5406 tran-

600 5437 768 5506 quillo
782 5435 961 5494 animo
983 5449 1136 5505 passa
1153 5433 1220 5488 sit
1239 5434 1468 5488 lacertos
1484 5433 1857 5508 impurumque
1877 5443 2196 5513 sanguinem

597 5529 666 5585 ab
697 5529 791 5586 illo
818 5527 960 5585 litari
990 5541 1086 5598 pro
1111 5525 1332 5596 hujusce
1362 5524 1704 5596 imperatoris
1731 5529 1902 5587 salute
1927 5574 1942 5599 ,
1968 5535 2056 5604 qui
2075 5535 2192 5606 jam

595 5632 721 5681 ante
746 5632 868 5680 octo
891 5621 1007 5678 dies
1035 5635 1106 5678 ex
1132 5618 1234 5675 hac
1261 5619 1368 5674 vita
1410 5619 1754 5690 migraverat.
1796 5624 1911 5692 Qua
1942 5643 2070 5686 vero
2109 5647 2198 5688 ra-

592 5716 740 5772 tione
766 5715 979 5785 Jupiter
1026 5723 1135 5768 tam
1165 5712 1431 5782 patienter
1465 5713 1584 5768 tulit
1613 5713 1826 5771 Cretam
1880 5733 2059 5793 suam,
2103 5726 2192 5784 ubi

591 5815 774 5875 natus,
824 5815 1085 5872 mortuus,
1133 5815 1186 5862 et
1225 5804 1466 5873 sepultus
1510 5809 1614 5878 est,
1655 5805 1911 5870 Romanis
1959 5816 2193 5875 fascibus

2318 4710 2538 4767 liantur.
2567 4710 2676 4767 Nec
2704 4713 2981 4767 minimum
3013 4711 3225 4781 quidem
3273 4719 3460 4781 putant
3483 4725 3604 4767 esse
3645 4709 3910 4780 praedam-

2316 4805 2550 4860 nationis
2589 4820 2698 4860 sua:
2725 4806 2994 4872 solatium,
3029 4805 3073 4859 si
3101 4804 3458 4860 constantiam
3499 4804 3713 4860 illorum
3759 4803 3910 4860 labe-

2316 4895 2540 4964 factare,
2563 4911 2762 4967 eosque
2784 4896 2980 4952 laedere
3000 4895 3284 4967 aliquando
3301 4896 3527 4966 possint.
3547 4893 3911 4962 Quamobrem

2315 4991 2593 5047 christiani
2638 4991 2742 5046 illis
2786 4992 3064 5054 resistunt,
3118 5003 3544 5061 persuasumque
3585 4988 3817 5056 habent,
3848 5001 3910 5044 se

2313 5098 2586 5154 nunquam
2631 5082 2700 5140 de
2728 5084 2967 5154 ipsorum
2996 5081 3192 5136 malitia
3231 5081 3520 5153 gloriosius
3549 5079 3907 5151 triumphare,

2310 5191 2470 5247 quam
2499 5191 2620 5232 cum
2650 5191 2746 5247 pro
2773 5175 3040 5232 constanti
3082 5174 3208 5231 fidei
3255 5189 3367 5231 suae
3392 5171 3729 5245 professione
3758 5174 3910 5230 dam-

2312 5280 2510 5327 nantur
2541 5271 2681 5344 (cap.
2707 5270 2822 5342 27).

2381 5363 2552 5420 Porro
2601 5373 2779 5420 autem
2823 5363 3025 5420 ethnici
3074 5363 3252 5435 impiis
3303 5361 3617 5418 daemonum
3663 5359 3804 5417 dolis
3857 5370 3914 5418 et

2309 5455 2516 5512 artibus
2567 5454 2889 5510 christianos
2928 5470 3034 5510 non
3075 5454 3236 5510 modo
3282 5452 3348 5508 ad
3402 5451 3633 5508 deorum
3678 5453 3908 5520 cultum,

2308 5547 2401 5620 qui
2452 5547 2672 5604 omnino
2711 5547 2849 5604 liber
2898 5558 2954 5604 et
3011 5547 3366 5618 voluntarius,
3417 5553 3511 5605 aut
3562 5547 3746 5605 nullus
3789 5561 3913 5604 esse

2307 5640 2507 5706 debet,
2559 5641 2754 5697 invitos
2814 5640 3092 5712 impellere
3142 5642 3414 5713 volebant,
3457 5644 3552 5702 sed
3599 5644 3666 5700 ad
3717 5643 3911 5700 iisdem

2306 5751 2520 5807 quoque
2575 5737 2678 5793 diis
2736 5751 2832 5807 pro
2857 5736 3030 5794 salute
3078 5737 3422 5809 imperatoris
3466 5737 3906 5796 sacriﬁcandum.

2303 5826 2642 5898 Quapropter
2679 5826 2794 5884 haec
2821 5826 3081 5885 sacriﬁcia
3110 5827 3284 5887 facere
3323 5827 3700 5902 defugientes,
3730 5828 3907 5900 majoo
