4252 6264
389 337 500 396 717

1499 335 1952 397 DISSERTATIO
1987 338 2052 396 D.
2092 336 2182 396 LE
2218 337 2527 398 NOURRY.

3588 341 3696 402 7f8

387 457 494 524 ris,
545 471 708 529 quam
758 457 899 512 laesze
937 454 1232 528 maiestatis
1277 454 1475 510 divinas
1520 456 1744 513 sceleris
1797 471 1994 528 argue-
2021 455 2308 528 Ajestatis
2338 456 2610 520 humanae.
2641 456 2830 517 eadem
2878 457 3262 528 perspicuitate
3296 458 3550 527 ostendit,
3598 476 3695 519 eos

387 548 540 606 bant.
605 549 846 618 Quidni,
902 563 1025 605 cum
1083 549 1351 605 viventem
1404 549 1784 620 imperatorem
1835 550 1992 621 longe

391 640 588 710 magis,
611 655 773 711 quam
799 641 932 695 deos
974 655 1103 696 suos
1147 649 1390 695 mortuos
1418 639 1695 708 timerent,
1722 649 1886 711 atque
1912 641 1993 697 id-

392 733 543 790 circo
567 734 725 789 citius
748 749 846 804 per
882 733 982 788 hos
1011 747 1201 790 omnes
1228 734 1553 804 peierarent,
1577 750 1737 806 quam
1766 750 1863 806 per
1886 735 1988 790 im-

390 826 654 898 peratoris
675 828 892 897 genium
909 827 1083 894 iQuid
1101 841 1228 883 vero
1245 837 1408 884 rectae
1431 829 1626 884 rationi
1649 828 1819 900 magis
1839 843 1992 900 repu-

389 930 536 991 gnat,
574 935 732 992 quam
765 921 870 976 diis
897 922 1201 978 sacrificare
1225 936 1324 992 pro
1347 921 1583 978 hominis
1606 922 1802 989 salute,
1827 933 1987 993 quam

392 1025 492 1065 nec
517 1010 647 1067 dare
679 1023 926 1082 possunt,
959 1027 1058 1069 nec
1088 1027 1434 1069 conservare.
1465 1013 1584 1080 Quo
1615 1013 1760 1068 enim
1801 1013 1982 1080 modo,

388 1113 544 1173 urget
571 1104 957 1172 Tertullianus,
987 1106 1122 1162 alios
1147 1104 1459 1172 servabunt,
1485 1107 1572 1176 qui
1599 1117 1722 1161 suas
1751 1105 1896 1162 aedes
1924 1120 1988 1163 ac

388 1203 594 1250 statuas
624 1196 740 1252 sine
779 1211 1137 1252 caesareorum
1189 1197 1417 1252 militum
1454 1198 1694 1254 excubiis
1716 1199 1851 1254 tueri
1880 1215 1985 1255 non

390 1287 614 1343 valent?
643 1289 784 1358 Quid
813 1305 966 1355 vero,
999 1289 1140 1360 quod
1169 1289 1368 1360 templa
1392 1298 1448 1344 et
1471 1289 1545 1344 dii
1575 1289 1728 1345 multi
1754 1291 1988 1362 pendent

386 1380 454 1437 de
478 1383 709 1440 Caesaris
734 1393 864 1440 nutu
886 1399 948 1440 ac
975 1384 1285 1439 voluntate?
1309 1383 1490 1454 Itaque
1519 1383 1796 1440 christiani
1820 1386 1988 1441 multo

388 1475 589 1544 potiori
619 1474 742 1544 jure
793 1489 888 1546 pro
937 1475 1276 1546 imperatoris
1303 1475 1478 1530 salute
1506 1487 1611 1530 non
1659 1475 1823 1531 falsos
1862 1476 1986 1532 illos

384 1564 538 1634 deus,
573 1567 669 1622 sed
720 1568 887 1623 Deum
939 1582 1146 1633 verum,
1176 1569 1375 1631 vivum,
1417 1576 1470 1622 et
1500 1578 1761 1624 aeternum
1803 1584 1988 1639 preca-

382 1657 606 1714 bantur.
637 1659 768 1715 Nam
805 1670 857 1716 et
888 1662 1100 1731 ipsimet
1127 1662 1498 1732 imperatores,
1530 1662 1573 1715 si
1606 1677 1751 1717 sana:
1791 1664 1986 1719 mentis

386 1753 517 1819 sint,
549 1751 693 1806 hunc
724 1753 824 1808 sibi
853 1761 1041 1822 Optant
1079 1768 1200 1809 esse
1245 1752 1559 1823 prepitium,
1589 1770 1617 1808 a
1641 1769 1758 1830 quo~
1787 1753 1986 1810 habent

2098 562 2383 620 propterea
2434 551 2502 605 ab
2546 549 2777 606 ethnicis
2837 550 2941 607 dici
2996 565 3104 608 non
3155 552 3396 621 potuisse
3446 554 3692 624 publicos

2097 640 2302 710 hostes,
2334 641 2474 713 quod
2506 643 2744 714 ipsorum
2795 657 2948 698 more
2994 657 3100 698 non
3145 641 3484 701 celebrarent
3507 645 3692 703 Ctesa-

2093 743 2213 791 rum
2246 735 2529 791 solemnia.
2554 736 2686 804 Quis
2725 735 2868 791 enim
2903 735 3007 792 nisi
3054 737 3250 808 impius
3278 737 3439 794 homo
3477 739 3695 811 negabit

2093 841 2157 882 ea
2199 827 2403 896 agenda
2433 843 2564 883 esse
2601 843 2721 882 cum
2770 842 2964 899 magna
3015 829 3298 894 modestia,
3345 829 3689 897 verecundia,

2094 919 2406 987 sobrietate,
2434 929 2488 976 et
2515 920 2803 989 pudicitia?
2825 921 2984 992 Atqui
3007 922 3237 992 gentiles
3264 937 3327 978 ea
3348 922 3694 980 celebrabant

2095 1026 2304 1066 summa
2332 1026 2456 1066 cum
2483 1011 2722 1079 lascivia,
2751 1011 3034 1080 ebrietate,
3078 1015 3433 1085 impudentia,
3463 1014 3690 1072 seditio-

2091 1104 2167 1159 sis
2194 1103 2657 1170 cursitationibus,
2691 1104 2920 1174 injuriis,
2967 1115 3021 1160 et
3060 1107 3312 1175 appensis
3341 1107 3510 1162 instar
3533 1107 3691 1178 lupa-

2093 1197 2302 1251 narium
2343 1197 2409 1252 ad
2456 1197 2738 1252 domorum
2774 1207 2953 1266 postes
2981 1197 3174 1254 laureis
3202 1213 3266 1254 ac
3292 1199 3547 1255 lucernis.
3577 1199 3691 1257 Huc

2091 1287 2301 1343 accedit
2340 1288 2482 1358 quod
2516 1288 2631 1344 lucc
2658 1288 2812 1352 ,festa
2843 1288 3102 1344 solemnia
3131 1298 3374 1360 agentes,
3405 1306 3514 1346 non
3555 1292 3690 1362 ipsis

2093 1383 2385 1451 parcebant
2440 1383 2855 1453 imperatoribus
2881 1423 2894 1446 ,
2941 1382 3137 1452 quibus
3166 1398 3290 1438 cum
3347 1383 3530 1454 plures
3569 1385 3691 1440 vitae

2089 1488 2266 1528 annos
2313 1474 2445 1529 falso
2491 1475 2768 1556 optabant.
2811 1483 2922 1529 tum
2965 1475 3034 1530 de
3063 1475 3170 1531 alio
3199 1491 3341 1532 novo
3383 1476 3693 1548 cogitabant

2091 1568 2324 1625 creando
2352 1569 2698 1640 imperatore.

2162 1661 2344 1732 Neque
2370 1663 2494 1717 sinit
2520 1673 2707 1718 auctor
2727 1673 2909 1718 noster
2928 1662 3030 1718 sibi
3057 1662 3369 1734 responderi
3402 1662 3517 1721 haec
3561 1665 3691 1722 caeci

2091 1766 2300 1811 tantum
2331 1765 2386 1812 et
2411 1757 2600 1827 ingrati
2632 1757 2774 1826 vulgi
2803 1771 2925 1812 esse
2954 1765 3102 1823 vota,
3133 1772 3238 1812 non
3279 1771 3406 1812 vero
3435 1758 3688 1812 aliorum.

385 1843 529 1916 quod
558 1845 806 1901 homines
851 1848 981 1913 sint,
1006 1847 1147 1916 quod
1190 1847 1392 1912 vivant,
1435 1846 1579 1916 quod
1607 1847 1725 1902 aliis
1759 1848 1989 1903 hominiâ€”
2019 1851 2065 1911 B
2093 1847 2210 1904 Non
2238 1849 2380 1903 enim
2403 1848 2596 1918 plebeii
2628 1847 2875 1904 homines
2905 1858 3061 1904 erant
3083 1848 3427 1904 infensissimi
3458 1849 3693 1919 impera-

385 1935 485 1993 bus
514 1936 798 2006 imperent.
834 1936 938 1992 Pro
963 1951 1150 1992 eorum
1188 1938 1349 2008 igitur
1375 1937 1570 2003 salute,
1606 1939 1983 2010 prosperitate,

386 2027 490 2084 vita
519 2028 766 2099 longiori,
795 2028 1157 2099 diuturnoque
1185 2029 1410 2100 imperio
1433 2028 1711 2085 christiani
1741 2031 1986 2086 manibus

289 2169 295 2182 ,
391 2120 668 2190 expansis,
701 2119 849 2176 nudo
873 2122 1073 2191 capite,
1102 2122 1221 2177 sine
1260 2122 1462 2191 praevio
1489 2122 1757 2178 monitore
1797 2136 1986 2192 preces

386 2212 678 2270 fundebant
700 2213 767 2270 de
789 2229 950 2270 carne
970 2215 1183 2286 pudica,
1208 2216 1495 2272 innocente
1516 2216 1716 2283 anima,
1743 2231 1806 2270 ac
1832 2231 1985 2271 sanc-

388 2307 442 2361 to
466 2307 664 2378 Spiritu
690 2307 977 2378 profectas.
1007 2307 1116 2364 Sed
1147 2325 1253 2364 non
1284 2309 1607 2377 offerebant,
1637 2310 1776 2365 sicut
1801 2308 1981 2365 ethni-

387 2402 458 2468 ci,
491 2417 652 2472 grana
684 2403 842 2458 unius
870 2403 1031 2469 assis,
1065 2418 1165 2460 nec
1191 2402 1400 2458 arboris
1427 2403 1672 2458 Arabica:
1695 2404 1979 2475 lacrymas,

388 2510 490 2553 nec
519 2500 827 2568 sanguinem
878 2497 1030 2552 bovis
1088 2497 1231 2554 tabie
1278 2505 1371 2552 aut
1417 2504 1573 2551 aetate
1608 2495 1854 2562 confecti,
1887 2511 1986 2552 nec

385 2601 634 2662 Spurcam
661 2591 1068 2658 conscientiam,
1096 2600 1187 2646 aut
1224 2591 1430 2646 hostias
1449 2605 1480 2646 a
1503 2589 1865 2645 vitiosissimis
1894 2604 1983 2644 sa-

385 2683 700 2738 cerdotibus
736 2683 1060 2738 immolatas.
1096 2681 1446 2738 Ethnicorum
1503 2683 1685 2753 itaque
1725 2681 1984 2752 praesides

386 2785 647 2850 provocat
693 2776 1093 2840 Tertullianus,
1146 2785 1207 2832 ut
1255 2775 1610 2842 christianos,
1664 2775 1711 2830 si
1760 2775 1838 2830 fas
1885 2791 1984 2830 un-

384 2888 544 2945 quam
593 2870 699 2938 sit,
747 2887 814 2928 eo
862 2870 1024 2926 modo
1077 2869 1246 2926 Deum
1278 2885 1374 2940 pro
1424 2870 1767 2940 imperatoris
1810 2868 1984 2926 salute

385 2975 667 3038 precantes
713 2972 1019 3034 torqueant,
1050 2962 1502 3031 discrucient,,et
1538 2961 1788 3019 occidant
1831 2964 1982 3035 (cap.

383 3051 475 3124 28,
497 3058 592 3125 29,
615 3057 730 3126 '50).

456 3153 628 3220 Quam
664 3151 878 3206 sincero
919 3157 1097 3205 autem
1127 3149 1328 3214 animo,
1367 3161 1469 3202 nec
1499 3145 1622 3202 ficta
1652 3145 1981 3213 adulatione,

2091 1949 2268 1996 torum
2295 1941 2475 1996 hostes
2502 1940 2696 2008 Cassii,
2719 1940 2890 2012 Nigri,
2920 1941 3122 2007 Albini,
3154 1956 3329 2011 neque
3353 1942 3442 1996 alii
3469 1936 3691 2013 Sigeriis

2088 2042 2142 2089 et
2167 2031 2468 2088 Partheniis
2494 2032 2831 2098 audaciores,
2860 2033 2950 2102 qni
2983 2034 3120 2088 inter
3149 2033 3282 2088 duas
3309 2034 3488 2088 lauros
3511 2032 3693 2089 Cassa-

2090 2141 2206 2180 rem
2234 2125 2590 2191 obsederunt;
2622 2141 2796 2195 neque
2821 2126 2857 2180 ii
2888 2126 3123 2190 tandem,
3157 2126 3246 2195 qui
3273 2125 3462 2180 harum
3490 2126 3691 2182 sceless

2091 2227 2265 2272 tarum
2303 2217 2532 2286 partium
2563 2217 2696 2272 socii
2725 2227 2834 2272 tum
2871 2218 3111 2287 quotidie
3143 2217 3593 2288 agnoscebantur.
3623 2221 3690 2275 At

2090 2311 2177 2368 isti
2207 2323 2384 2366 tamen
2419 2327 2514 2380 pro
2553 2312 2941 2380 imperatorum
2989 2310 3158 2366 salute
3185 2324 3338 2366 sacra
3393 2310 3684 2378 faciebant,

2088 2419 2188 2477 per
2208 2419 2394 2460 eorum
2421 2403 2736 2474 deierabant
2763 2405 3004 2474 genium,
3032 2419 3096 2459 ac
3123 2404 3385 2459 solemnia
3409 2404 3566 2460 sicuti
3596 2405 3688 2462 alii
3705 2430 3744 2494 Ï‡

2088 2507 2278 2551 omnes
2306 2494 2670 2552 celebrabant.
2697 2496 2898 2552 Eadem
2928 2511 3141 2568 quoque
3165 2496 3541 2567 dependebant
3569 2498 3690 2554 offl-

2088 2588 2169 2643 cia
2212 2587 2490 2658 astrologi,
2536 2588 2832 2660 aruspices,
2863 2599 3112 2659 augures,
3159 2587 3321 2660 magi,
3353 2591 3446 2660 qui
3486 2588 3690 2645 daemo-

2090 2692 2217 2734 num
2247 2677 2452 2733 artibus
2481 2678 2548 2734 de
2574 2679 2846 2734 Cresarum
2883 2679 3059 2735 futura
3086 2689 3260 2735 morte
3287 2679 3686 2748 consultabant,

2089 2772 2518 2843 exoptabantque
2543 2786 2665 2828 esse
2690 2773 2988 2844 proximam
3019 2772 3157 2844 (cap.
3184 2771 3299 2842 55).
3339 2781 3342 2784 Î‡

2160 2866 2346 2922 Debita
2377 2880 2507 2937 ergo
2549 2866 2962 2936 imperatoribus
2990 2864 3123 2920 fides
3143 2905 3158 2930 ,
3189 2866 3360 2936 pietas
3392 2875 3447 2923 et
3495 2866 3686 2939 religio

2089 2975 2197 3016 non
2239 2962 2290 3015 in
2325 2960 2406 3014 his
2448 2957 2642 3014 ofï¬ciis
2667 2958 2934 3020 consistit,
2970 2972 3091 3029 qua:
3119 2957 3188 3013 ab
3221 2970 3410 3015 eorum
3443 2959 3687 3016 hostibus

2088 3050 2287 3122 sepius
2315 3049 2558 3106 exhiberi
2588 3050 2700 3104 visa
2728 3057 2872 3114 sunt,
2899 3048 2994 3104 sed
3025 3050 3079 3104 in
3107 3048 3173 3104 iis
3200 3049 3462 3116 moribus,
3491 3065 3556 3106 ac
3584 3051 3687 3106 bo-

2090 3159 2174 3198 nae
2201 3142 2395 3199 mentis
2425 3141 2700 3211 operibus,
2727 3156 2846 3212 quae
2877 3141 3292 3211 imperatoribus
3325 3151 3380 3198 et
3426 3142 3546 3197 aliis
3571 3157 3690 3198 om-

385 3262 507 3319 qua:
542 3246 771 3302 ethnicis
798 3260 916 3300 eam
943 3242 1322 3314 objicientibus
1350 3240 1607 3311 prodesse
1639 3248 1866 3308 poterat,
1908 3237 1986 3293 sic
2012 3246 2057 3309 C
2093 3237 2247 3292 nibus
2295 3235 2758 3291 indiscriminatim
2778 3275 2793 3302 ,
2823 3235 3071 3305 nullaque
3090 3236 3191 3291 nisi
3216 3248 3245 3289 a
3275 3236 3384 3290 Deo
3411 3242 3691 3306 expectata

389 3339 562 3396 Deum
595 3337 1017 3407 omnipotentem
1054 3341 1428 3406 precarentur,
1478 3331 1602 3387 inde
1641 3331 1730 3388 ille
1759 3331 1986 3386 demon-

2089 3328 2338 3385 mercede
2361 3328 2660 3399 persolvas.
2685 3329 2755 3384 At
2779 3327 2896 3385 haec
2925 3329 3250 3399 praestabant
3271 3328 3568 3392 christiani,
3595 3321 3690 3400 qui

389 3435 549 3496 Î´á½·ÎºÎ·,
579 3427 719 3498 quod
750 3428 915 3483 sacris
938 3442 1125 3484 eorum
1166 3425 1381 3494 litteris,
1410 3439 1543 3495 quas
1588 3413 1695 3478 non
1741 3420 1983 3477 occulta-
2085 3425 2343 3496 iubentur
2370 3424 2574 3480 nemini
2602 3425 2740 3479 male
2759 3424 2920 3487 velle,
2948 3433 3039 3478 aut
3062 3424 3256 3492 facere,
3281 3421 3348 3479 de
3374 3423 3521 3478 nullo
3547 3424 3688 3480 male

389 3519 543 3589 bant,
572 3520 819 3577 onmibns
843 3520 1172 3592 prmcipitur,
1204 3528 1260 3574 ut
1290 3533 1398 3573 non
1428 3516 1603 3573 solum
1627 3528 1726 3585 pro
1756 3513 1986 3568 inimicis

393 3615 527 3682 suis,
557 3619 651 3672 sed
694 3632 789 3686 pro
829 3618 957 3687 ipsis
1003 3616 1166 3673 etiam
1208 3612 1526 3670 nominatim
1571 3607 1989 3681 imperatoribus

392 3709 561 3766 Deum
591 3719 766 3766 orent.
807 3709 974 3766 Addit
1007 3710 1166 3764 aliam
1217 3708 1347 3778 ipsis
1392 3707 1561 3762 fuisse
1604 3718 1844 3769 causam,
1876 3702 1989 3757 sive

392 3805 570 3876 potius
621 3803 1033 3869 necessitatem,
1077 3818 1176 3874 pro
1216 3799 1630 3871 imperatoribus
1672 3807 1726 3854 et
1777 3794 1990 3866 imperii

391 3896 618 3953 Romani
652 3905 791 3951 statu
814 3895 1023 3962 orandi,
1052 3906 1108 3950 ut
1138 3893 1320 3949 mundi
1353 3891 1627 3955 nimirum,
1656 3888 1746 3960 qui
1775 3903 1896 3943 cum
1924 3899 1990 3942 co

398 3992 575 4062 perire
596 3991 847 4059 debebat,
871 3990 994 4045 finis
1023 3989 1410 4046 retardaretur.
1440 3984 1701 4054 Quocirca
1729 3998 1828 4055 per
1856 3981 1992 4037 salu-

394 4091 502 4138 tem
531 4083 915 4154 imperatorum
938 4082 1170 4138 libcnter
1190 4081 1464 4152 iurabant,
1488 4077 1712 4134 minime
1740 4091 1868 4132 vero
1895 4089 1993 4146 per

396 4173 608 4229 illorum
633 4173 842 4244 genios,
873 4189 1008 4245 quos
1034 4157 1459 4254 adiurationibus
1484 4170 1671 4242 fugare
1698 4180 1994 4224 consueve-

397 4277 518 4324 rant
550 4268 688 4339 (cap.
711 4269 801 4333 51,
833 4267 951 4339 52).

402 4347 422 4359 âµ
470 4360 740 4418 Praeterea
772 4370 920 4417 tanto
945 4361 1138 4433 maior,
1181 4360 1354 4431 inquit
1397 4367 1588 4414 auctor
1634 4366 1841 4422 noster,
1881 4362 1999 4410 erat

398 4452 819 4510 christianorum
857 4454 1030 4527 pietas
1076 4463 1132 4509 et
1173 4452 1364 4523 religio
1402 4466 1530 4522 erga
1589 4451 1996 4520 imperatorem,

406 4556 608 4618 quanto
632 4550 833 4606 certius
858 4549 1107 4606 sciebant
1148 4547 1298 4602 illum
1328 4561 1358 4600 a
1387 4545 1500 4600 Deo
1526 4558 1655 4598 vero
1678 4541 1910 4597 electum
1937 4551 2000 4592 ac

2090 3518 2349 3588 cogitare,
2380 3516 2650 3572 neminem
2692 3514 2889 3580 odisse,
2923 3514 3148 3586 diligere
3177 3515 3443 3581 inimicos,
3475 3531 3540 3572 ac
3565 3531 3689 3572 cum

2092 3609 2379 3676 laeduntur,
2409 3623 2506 3679 par
2537 3609 2649 3679 pari
2681 3623 2790 3663 non
2815 3605 3040 3664 referre.
3072 3606 3224 3674 Quod
3249 3606 3466 3676 quidem
3490 3606 3556 3661 ab
3585 3607 3692 3663 illis

2091 3713 2202 3758 tam
2230 3703 2415 3759 sedqu
2440 3701 2781 3758 observatum
2804 3711 2921 3767 est;
2951 3708 3006 3755 ut
3035 3699 3102 3754 ab
3123 3699 3278 3770 vulgo
3306 3699 3568 3768 lapidibus
3597 3714 3693 3770 ap-

2095 3798 2266 3868 petiti.
2297 3796 2379 3851 vel
2406 3797 2632 3851 aliorum
2660 3794 2842 3857 furore
2888 3793 3097 3864 ignibus
3127 3792 3323 3856 exusti,
3358 3792 3442 3847 vel
3465 3791 3691 3847 baccha-

2096 3892 2297 3946 nalium
2349 3887 2501 3944 furiis
2542 3903 2609 3944 ex
2641 3887 2885 3958 sepulcro
2915 3885 3117 3951 effossi,
3151 3895 3228 3941 tot
3263 3895 3548 3955 tantasque
3587 3884 3691 3941 sibi

2095 3991 2185 4038 aut
2205 3982 2318 4036 suis
2349 3979 2601 4036 fratribus
2628 3979 2802 4034 illatas
2832 3977 3054 4047 iniurias
3081 3992 3351 4048 nunquam
3393 3976 3574 4031 ulcisci
3599 3990 3694 4031 vo.

2095 4074 2313 4130 iuerint.
2339 4073 2593 4128 Poterant
2616 4079 2793 4125 tamen
2815 4069 2882 4126 de
2909 4069 2973 4123 iis
3002 4083 3188 4138 poenas
3209 4083 3425 4124 sumere
3445 4074 3539 4122 aut
3563 4083 3697 4138 pau-

2099 4168 2235 4224 culis
2278 4164 2464 4222 faculis
2497 4163 2756 4228 occultas,
2789 4171 2882 4217 aut
2921 4162 3234 4232 majoribus,
3268 4175 3425 4232 quam
3466 4161 3691 4231 ethnici,

2099 4262 2326 4316 militum
2357 4259 2526 4328 cepiis
2552 4266 2787 4327 apertas.
2820 4257 2923 4310 Per
2953 4263 3122 4309 totum
3146 4255 3407 4325 siquidem
3435 4256 3696 4313 mundum

2101 4351 2348 4422 dispersi,
2372 4351 2531 4405 urbes
2556 4391 2570 4413 ,
2612 4347 2923 4416 municipia,
2955 4354 3150 4411 castra,
3186 4348 3532 4419 exceptisque
3560 4350 3694 4406 solis

2102 4443 2322 4498 deorum
2350 4440 2581 4508 templis,
2611 4439 2788 4493 omnia
2819 4437 3191 4507 impleverant.
3219 4439 3474 4505 Quamvis
3513 4445 3696 4495 autem

2104 4535 2345 4589 minores
2369 4530 2551 4600 cupias
2577 4529 2847 4584 instruere
2876 4529 3196 4598 potuissent,
3227 4530 3312 4584 cui
3346 4539 3520 4584 tamen
3552 4528 3697 4585 bello

404 4641 776 4697 constitutum.
808 4641 892 4696 Ah
921 4641 1024 4696 hoc
1067 4639 1228 4710 igitur
1259 4638 1370 4692 Deo
1397 4633 1740 4706 imperatoris
1767 4631 1994 4688 Salutem
2023 4643 2075 4705 Î™)
2105 4621 2337 4696 prompti
2380 4630 2436 4677 et
2479 4621 2656 4676 idonei
2686 4636 2792 4675 non
2832 4629 3006 4688 erant,
3040 4621 3131 4688 qui
3174 4620 3405 4675 libenter
3449 4634 3545 4690 pro
3581 4635 3698 4681 suae

402 4747 470 4789 eo
497 4732 700 4789 facilius
728 4713 978 4804 poterant
1020 4732 1339 4802 impetrare,
1372 4727 1516 4800 quod
1558 4726 1708 4782 hisce
1748 4722 2000 4796 precibus
2102 4715 2378 4788 religionis
2403 4713 2746 4770 confessione
2788 4728 2850 4769 se
2888 4711 3144 4767 trucidari
3185 4711 3561 4804 patiebantur?
3589 4711 3698 4771 Fac

401 4827 554 4884 illum
588 4827 697 4884 Deo
723 4803 989 4884 minorem
1019 4842 1142 4882 esse
1165 4823 1495 4880 fatebantur.
1518 4819 1680 4875 Nefas
1707 4825 1888 4872 autem
1917 4814 2000 4886 ip-
2102 4811 2288 4874 etiam,
2317 4809 2362 4864 si
2384 4807 2539 4876 velis,
2559 4820 2654 4862 eos
2682 4805 2849 4861 fuisse
2876 4805 3130 4860 inermes.
3155 4805 3227 4859 At
3253 4818 3348 4859 sua
3378 4803 3491 4860 sola
3513 4819 3543 4859 a
3569 4819 3700 4877 gen-

403 4920 481 4975 sis
519 4928 637 4975 erat
677 4919 1057 4991 imperatorem
1101 4917 1262 4973 deum
1312 4913 1604 4986 appellare,
1654 4919 1709 4965 ut
1755 4917 1881 4980 pote
1909 4907 2002 4978 qui
2102 4903 2287 4960 tilibus
2312 4901 2630 4967 defectione,
2650 4907 2743 4954 aut
2769 4898 3128 4991 separatione,
3155 4909 3277 4991 sese
3303 4895 3572 4954 vindicare
3615 4896 3699 4952 fa-

404 5011 567 5070 bomo
595 5021 698 5081 est,
725 5028 788 5069 ac
813 5013 940 5070 dum
971 5011 1284 5083 triumphat,
1313 5025 1426 5065 suae
1468 5007 1790 5063 admonetur
1814 5003 2006 5059 huma-

403 5123 488 5165 na:
515 5107 859 5164 conditionis.
889 5107 1024 5178 Quin
1063 5121 1193 5162 vero
1227 5105 1499 5175 Augustus
1531 5101 1824 5172 imperator
1853 5094 2004 5153 nole-

404 5197 497 5256 bat
517 5215 576 5256 se
603 5199 879 5255 dominum
907 5198 1113 5254 vocari.
1154 5195 1223 5251 Et
1249 5203 1397 5252 recte
1425 5191 1680 5264 quidem;
1712 5206 1837 5246 nam
1868 5202 2006 5245 unus

407 5305 490 5350 est
525 5295 765 5350 omnium
801 5302 962 5363 atque
1000 5295 1162 5348 etiam
1189 5288 1531 5362 imperatoris
1564 5287 1838 5350 dominus,
1865 5281 2008 5339 scili-

407 5393 496 5442 cet
521 5387 666 5443 Deus
694 5385 1056 5458 omnipotens.
1112 5384 1353 5455 Denique
1395 5379 1668 5454 quomodo
1712 5378 2010 5448 imperator

409 5477 584 5538 adhuc
630 5481 784 5537 vivus
826 5488 1039 5551 poterat
1094 5471 1187 5533 Dei
1238 5475 1498 5547 appellari
1546 5471 1803 5538 nomine,
1858 5465 2009 5539 quod

411 5575 611 5632 ethnici
658 5589 764 5631 non
802 5581 927 5631 ante
965 5572 1303 5646 apotheosim
1343 5568 1650 5627 Caesaribus
1692 5563 2008 5622 tribuebant

413 5667 551 5740 (cap.
573 5671 665 5736 55,
697 5669 789 5739 at)
811 5669 836 5723 Î½

481 5761 597 5829 Qua
623 5769 800 5818 autem
833 5760 1086 5816 facilitate
1107 5769 1161 5815 et
1186 5755 1462 5816 evidentia
1487 5752 1851 5812 Tertullianus
1871 5749 2008 5808 hac-

414 5855 570 5914 tenus
598 5853 913 5929 probaverat
936 5851 1263 5913 christianos
1296 5865 1406 5913 non
1436 5863 1559 5911 esse
1578 5860 1703 5911 reos
1727 5845 1870 5907 laesae
1896 5849 2012 5905 Ï‰Î±Ï‚

2106 4997 2306 5055 cillime
2335 5004 2604 5067 poterant.
2648 4992 2820 5049 Tanta
2847 4990 3046 5062 quippe
3075 5002 3193 5048 erat
3218 4990 3434 5046 illorum
3463 4991 3698 5046 multitu-

2109 5091 2210 5158 do,
2245 5099 2303 5145 ut
2326 5087 2528 5144 ethnici
2572 5085 2673 5142 sibi
2721 5085 2853 5140 solis
2882 5083 3081 5151 relicti,
3113 5098 3264 5138 suam
3299 5083 3704 5154 obstupuissent

2111 5181 2180 5238 ad
2223 5179 2589 5246 solitudinem,
2633 5191 2698 5232 ac
2740 5176 2921 5247 plures
2967 5174 3151 5231 hostes
3182 5173 3512 5242 habuissent,
3543 5187 3706 5247 quam

2112 5277 2278 5332 cives.
2320 5273 2557 5344 Denique
2583 5270 2650 5326 ad
2676 5270 3095 5326 christianorum
3117 5268 3403 5324 vindictam
3435 5270 3564 5325 satis
3597 5270 3706 5325 uti-

2114 5383 2220 5441 que
2263 5366 2470 5433 fuisset,
2502 5364 2548 5421 si
2575 5362 2849 5419 dzemones
2880 5377 2986 5417 non
3015 5359 3350 5432 depulissent
3377 5361 3447 5419 ab
3469 5362 3708 5420 obsessis

2115 5462 2451 5519 ethnicorum
2496 5455 2831 5528 corporibus.
2865 5454 3037 5510 Tanto
3067 5453 3227 5526 igitur
3256 5454 3358 5510 hoc
3385 5469 3491 5512 uno
3519 5455 3712 5525 praesi-

2111 5555 2222 5622 dio,
2253 5551 2544 5623 gentilibus
2583 5547 2800 5616 collato,
2831 5545 3187 5604 ostendebant
3227 5561 3287 5602 se
3334 5561 3441 5603 non
3483 5545 3706 5602 humani

2113 5648 2332 5722 Quidem
2361 5644 2572 5718 generis
2597 5683 2611 5710 ,
2655 5641 2748 5699 scd
2777 5642 3000 5707 erroris,
3050 5640 3128 5696 uti
3173 5638 3429 5698 hactenus
3456 5637 3708 5712 probavi-

2117 5757 2258 5810 mus,
2289 5753 2409 5798 esse
2438 5737 2683 5794 inimicos
2711 5734 2852 5808 (cap.
2883 5733 2974 5800 56,
3009 5733 3125 5805 37).

2189 5831 2407 5894 Transit
2447 5829 2572 5889 inde
2599 5837 2787 5886 auctor
2816 5836 3000 5886 noster
3038 5825 3106 5882 ad
3137 5825 3361 5886 alteram
3404 5841 3504 5886 nec
3536 5827 3716 5888 minus
