4252 6264
557 333 666 392 719

1614 330 1682 388 1Ν
1721 326 2184 390 TERTULLIANI
2211 329 2742 391 APOLOGETICDM

3760 333 3864 390 720

565 451 938 524 impudentem
965 447 1309 515 calumniam,
1336 460 1439 519 qua
1469 446 1748 505 christiani
1767 449 1836 504 de
1858 448 1992 504 falso
2013 447 2164 504 illici—
2191 447 2242 508 A
2268 447 2382 516 dii,
2424 457 2592 504 totum
2647 447 2835 504 orbem
2885 452 3148 504 terrarum
3195 445 3472 519 generali,
3500 461 3604 504 nec
3657 454 3864 505 tantum

570 554 644 602 ta:
683 544 930 600 factionis
972 541 1198 597 crimine
1245 539 1672 610 postulabantur.
1723 540 1856 608 Quae
1885 541 2053 606 enim,
2091 540 2166 595 ait

567 636 694 702 ille,
734 644 818 692 est
846 633 1007 690 factio
1036 632 1244 698 illicita,
1275 633 1377 688 nisi
1405 631 1810 705 hominum,qui
1849 633 2165 705 dignitatum

563 738 656 784 aut
675 727 859 798 gloria:
881 725 1174 782 ambitione
1190 727 1434 782 civitates
1459 743 1522 784 ac
1543 742 1706 799 regna
1728 727 2051 783 turbabant?
2074 729 2168 783 At-

566 820 660 890 qui
680 818 982 884 christiani,
1005 820 1149 874 nulta
1178 820 1469 876 ambitione
1495 820 1661 885 ducti,
1687 821 1929 876 nuntium
1952 835 2166 892 semper

570 911 899 967 remiserant
923 911 1257 967 ethnicorum
1306 911 1554 979 canibus,
1586 920 1641 968 et
1691 911 1854 968 rebus
1903 912 2162 983 publicis,

563 1005 1027 1077 quemadmodum
1077 1006 1241 1071 circi,
1289 1005 1516 1070 theatri,
1565 1021 1783 1074 arente,
1830 1005 2166 1074 aliorumque

560 1098 995 1169 spectaculorum
1021 1099 1402 1170 voluptatibus.
1428 1102 1498 1154 At
1516 1108 1664 1156 certe
1691 1098 1756 1154 iis
1782 1099 2020 1170 rejectis,
2045 1099 2166 1154 nul-

561 1189 674 1247 lum
705 1190 830 1248 inde
849 1190 1079 1248 ethnicis
1096 1192 1374 1261 damnum,
1390 1191 1644 1263 nullaque
1665 1192 1878 1262 injuria,
1895 1192 2052 1248 sicuti
2069 1206 2168 1247 ne-

560 1299 669 1355 que
688 1283 734 1338 si
763 1284 979 1355 quando
999 1283 1276 1340 christiani
1303 1285 1434 1339 alias
1459 1295 1905 1340 consectarentur
1929 1285 2165 1355 volupta-

561 1386 670 1445 tes,
699 1391 833 1448 quas
862 1377 1063 1433 ethnici
1087 1378 1324 1433 vicissim
1353 1379 1678 1448 respuebant
1713 1378 1851 1449 (cap.
1882 1378 1996 1448 58).

633 1469 996 1526 Tertullianus
1025 1485 1187 1540 porro
1215 1479 1274 1525 ut
1311 1471 1520 1527 cunctis
1543 1470 1756 1540 planius
1777 1471 1954 1527 adhuc
1979 1482 2164 1528 osten-

560 1560 716 1618 deret
744 1562 875 1618 nihil
904 1577 932 1616 a
964 1561 1272 1619 christianis
1303 1563 1618 1618 turbulento
1647 1563 1849 1618 illicita:
1895 1563 2161 1628 factionis,
2212 1612 2214 1616 ,

559 1654 658 1711 sed
696 1655 874 1710 omnia
901 1654 1019 1725 solo
1047 1670 1192 1711 vera:
1222 1655 1496 1727 religionis
1524 1663 1580 1710 et
1623 1655 1835 1726 pietatis
1861 1657 2043 1710 animo
2067 1655 2165 1711 fie'-

563 1747 648 1813 ri;
694 1745 928 1802 breviter
963 1762 1028 1802 ac
1058 1747 1268 1804 sincere
1296 1763 1358 1802 ea
1399 1748 1673 1813 describit,
1720 1764 1841 1814 qua:
1893 1750 1944 1804 in
1975 1765 2162 1806 eorum

2267 541 2582 610 campestri,
2608 549 2666 596 ut
2692 539 2847 596 Plato
2873 541 3100 612 putavit,
3133 539 3361 610 periisse
3386 539 3610 596 diluvio.
3645 540 3726 595 Ad
3751 540 3868 596 haec

2268 647 2397 688 vero
2426 631 2738 704 priusquam
2780 631 2951 688 ,ιιιᾶωί
2983 633 3035 688 in
3067 631 3362 704 ngyptum
3393 632 3749 704 migrassent,
3782 642 3866 688 at-
3945 675 3953 694 ι

2269 739 2373 796 que
2421 726 2559 780 adeo
2609 727 2768 798 longe
2809 735 3007 792 antea,
3049 739 3208 795 quam
3259 723 3505 780 Christus
3549 726 3866 796 religionem

2268 832 2418 872 suam
2443 816 2736 884 fundasset,
2765 818 2908 873 ultor
2937 817 3074 888 ignis
3096 817 3384 873 Sodomam
3409 827 3462 874 et
3483 817 3863 885 Gomorrham,

2269 908 2539 964 Vulsinios
2559 919 2612 965 et
2637 909 2920 980 Pompeios
2943 918 3373 982 consumpserat.
3398 910 3611 966 Nemini
3642 925 3865 982 quoque

2269 999 2662 1072 incompertum
2689 1001 2965 1058 Romanos
3008 1001 3278 1058 Cannensi
3315 1003 3503 1074 praelio
3544 1003 3712 1059 fuisse
3742 1018 3868 1074 pro-

2271 1091 2502 1162 fligatos,
2533 1102 2588 1149 et
2613 1103 2828 1164 captum
2853 1108 2884 1148 a
2912 1093 3218 1150 Senonibus
3243 1094 3576 1165 capitolium,
3607 1110 3729 1150 cum
3757 1095 3868 1150 Ro-

2270 1185 2414 1240 mani
2443 1185 2574 1240 deos
2593 1200 2754 1253 suos,
2781 1193 2834 1242 et
2862 1186 2995 1241 nulli
3020 1187 3296 1242 christiani
3335 1202 3520 1242 verum
3550 1187 3716 1243 Deum
3738 1186 3870 1242 ado-

2268 1287 2472 1333 rarent.
2507 1277 2731 1332 Demum
2760 1277 2951 1334 eadem
2979 1286 3133 1334 antea
3166 1277 3265 1333 fuit
3305 1278 3514 1348 urbium
3541 1286 3701 1351 atque
3728 1289 3869 1336 tem-

2269 1369 2485 1440 plorum
2537 1367 2724 1424 clades
2771 1377 2825 1424 et
2868 1368 3042 1423 ruina.
3090 1370 3158 1424 At
3188 1367 3305 1424 lucc
3333 1383 3441 1424 non
3473 1369 3866 1440 potueruntiis,

2271 1475 2499 1531 quorum
2530 1470 2687 1516 erant
2720 1459 2942 1531 templa,
2965 1459 3180 1516 factitiis
3205 1459 3309 1516 diis
3337 1460 3604 1528 adscribi,
3642 1461 3736 1527 sed
3768 1463 3866 1516 im-

2268 1551 2452 1622 pietati
2483 1552 2782 1618 hominum,
2801 1552 2893 1623 qui
2921 1538 3016 1608 eos
3043 1553 3347 1619 coluerunt,
3377 1569 3441 1608 ac
3459 1568 3641 1609 verum
3672 1554 3861 1622 Deum,

2269 1644 2510 1699 omnium
2536 1644 2803 1700 bonorum
2835 1643 3061 1711 fontem,
3085 1654 3180 1699 aut
3209 1645 3518 1716 ignorantes
3567 1655 3659 1700 aut
3683 1659 3871 1717 asper-

2268 1737 2378 1790 nati
2411 1779 2426 1802 ,
2457 1737 2604 1791 omni
2655 1737 2904 1790 vitiorum
2959 1737 3328 1806 scelerumque
3365 1753 3562 1807 genere
3589 1751 3710 1793 sese
3738 1752 3871 1793 con-

561 1838 794 1894 cmtibus
833 1839 1150 1911 agebantur.
1204 1840 1260 1894 ln
1318 1841 1449 1906 illis,
1477 1843 1670 1911 inquit,
1703 1843 1810 1896 vim
1841 1844 1951 1898 Deo
1990 1843 2158 1899 facie-

2269 1829 2680 1884 taminaveraut.
2708 1829 2820 1884 lluc
2847 1829 3075 1893 accedit,
3116 1829 3257 1900 quod
3286 1830 3354 1884 ab
3380 1846 3446 1886 eo
3474 1839 3736 1902 tempore,
3762 1846 3870 1903 quo

566 1927 721 1994 bant,
748 1928 881 1984 fusis
904 1931 1302 1999 precationibus
1328 1948 1425 2002 pro
1451 1933 1774 2004 imperatore
1795 1943 1850 1990 et
1879 1937 2162 2006 potestati-

563 2018 692 2088 bus,
715 2033 814 2090 pro
835 2029 978 2076 statu
999 2023 1204 2089 saeculi,
1231 2039 1295 2079 ac
1326 2040 1503 2080 rerum
1533 2025 1731 2096 quiete,
1760 2043 1861 2096 pro
1889 2043 2037 2083 mora
2071 2029 2162 2082 ﬁni

561 2112 759 2168 ultimo
787 2113 973 2168 mundi
1001 2113 1291 2171 afferenda.
1327 2115 1462 2171 Tum
1491 2116 1687 2173 dehinc
1723 2118 2037 2189 legebantur
2076 2118 2161 2174 di-

560 2203 702 2259 vina:
729 2203 1043 2276 Scripturar,
1076 2206 1270 2276 quibus
1300 2207 1623 2262 adstantium
1663 2219 1949 2279 pascerent
1976 2209 2159 2276 tidem,

562 2309 717 2365 Spem
746 2297 1054 2366 erigerent,
1081 2313 1145 2353 ac
1186 2297 1414 2368 figerent
1463 2300 1736 2356 fiduciam.
1788 2302 2164 2372 Sequebantur

557 2395 748 2458 postea
769 2387 1193 2456 exhortationes,
1219 2393 1622 2463 castigationes,
1650 2403 1705 2449 et
1732 2393 1917 2449 divina
1943 2395 2013 2450 ob
2041 2409 2164 2466 gra-

556 2493 625 2535 ve
652 2478 871 2550 aliquod
895 2491 1170 2551 peccatum
1198 2497 1442 2539 censura.
1479 2484 1849 2541 Praesidebant
1870 2494 2046 2542 autem
2076 2486 2164 2541 his

557 2574 789 2632 cratibus
815 2574 1026 2644 probati
1075 2577 1356 2641 seniores,
1410 2592 1515 2633 non
1564 2579 1772 2649 pretio,
1824 2580 1918 2636 sed
1968 2579 2163 2636 merito

556 2665 704 2723 hunc
749 2667 1011 2735 honorem
1052 2669 1252 2740 adepti.
1289 2669 1675 2744 Unusquisque
1707 2687 1840 2728 vero
1886 2681 2161 2730 menstrua

558 2758 650 2816 die
674 2760 939 2816 modicam
961 2761 1154 2832 stipem
1181 2777 1278 2817 sua
1309 2772 1523 2831 sponte,
1543 2772 1603 2818 et
1625 2779 1723 2835 pro
1739 2763 1958 2821 modulo
1975 2764 2161 2822 confe-

555 2853 714 2908 rebat
749 2853 818 2908 ad
861 2853 1090 2910 alendos
1131 2853 1402 2926 quoslibet
1440 2870 1662 2926 egenos.
1712 2871 1894 2924 senes,
1941 2873 2158 2928 pueros,

558 2943 799 3011 exsules,
831 2943 1142 3001 carceribus
1171 2946 1526 3017 mancipatos,
1574 2948 1816 3018 aliosque
1846 2947 1914 3004 ad
1943 2949 2160 3005 metalla

559 3035 868 3092 damnatos.
895 3034 1108 3092 Ethnici
1159 3052 1288 3108 ergo
1316 3037 1511 3094 frustra
1537 3039 1873 3095 conabantur
1911 3038 2052 3098 hanc
2079 3042 2161 3098 in-

559 3125 765 3184 famare
791 3135 1031 3184 mutuam
1058 3127 1475 3186 Christianorum
1500 3129 1842 3199 charitatem,
1869 3147 1972 3203 qua
1995 3133 2157 3189 etiam

2267 1929 2454 1976 exorta
2471 1932 2553 1976 est
2568 1919 2766 1976 Christi
2789 1921 2993 1990 religio,
3015 1921 3243 1976 leviores
3264 1921 3450 1991 procul
3473 1921 3636 1978 dubio
3654 1922 3870 1978 fuerunt

2268 2013 2495 2083 publicae
2523 2011 2827 2084 huiusmodi
2853 2012 3203 2068 calamitates.
3236 2011 3383 2068 Illius
3405 2014 3600 2084 quippe
3628 2023 3864 2069 sectato-

2267 2123 2384 2163 rum
2418 2107 2718 2162 inuocentia
2741 2107 3073 2176 iniquitatem
3096 2107 3276 2161 smeuli
3298 2107 3634 2176 temperavit.
3655 2107 3721 2161 Et
3738 2121 3864 2162 vero

2268 2197 2356 2253 ubi
2373 2189 2677 2253 calamitate
2695 2196 2867 2267 aliqua
2890 2195 3122 2252 mundus
3144 2197 3506 2266 premebatur,
3529 2203 3640 2251 tum
3664 2196 3870 2253 ethnici

2267 2289 2433 2346 falsos
2459 2289 2590 2344 deos
2614 2303 2743 2344 suos
2773 2287 2968 2342 ritibus
2997 2288 3170 2342 solitis
3200 2301 3482 2358 perperam
3529 2287 3823 2358 fatigabant
3852 2304 3866 2342 :

2271 2382 2552 2439 christiani
2584 2396 2711 2436 vero
2731 2381 3082 2446 continentia,
3103 2379 3344 2450 jejuniis,
3359 2379 3584 2450 aliisque
3606 2380 3870 2451 poeniten-

2269 2475 2357 2530 tia:
2383 2474 2590 2529 actibus
2616 2473 2914 2529 exorabant
2941 2472 3053 2528 veri
3085 2471 3179 2528 Dei
3206 2471 3651 2528 misericordiam.
3673 2472 3791 2527 Non
3816 2472 3867 2527 lti

2264 2568 2444 2638 itaque
2472 2567 2584 2622 veri
2617 2567 2709 2622 Dei
2735 2567 2994 2632 cultores,
3021 2565 3116 2622 sed
3159 2565 3380 2630 ethnici,
3427 2565 3574 2620 illum
3601 2580 3868 2635 spernen-

2265 2672 2368 2732 tes,
2386 2662 2716 2733 publicarutn
2745 2661 3110 2716 calamitatum
3129 2675 3287 2716 causa
3313 2668 3463 2714 erant
3484 2657 3621 2730 (cap.
3638 2659 3728 2724 '69,
3745 2658 3861 2731 40).

2337 2755 2502 2810 Instat
2533 2753 2712 2810 adhuc
2755 2754 3116 2809 Tertullianus
3143 2752 3498 2824 iniquissimos
3524 2766 3644 2807 esse
3673 2752 3864 2806 horum

2262 2846 2434 2913 deos,
2467 2848 2510 2902 si
2560 2856 2778 2918 propter
2827 2846 3245 2902 Christianorum
3278 2847 3482 2902 scelera
3533 2846 3653 2901 illos
3706 2847 3867 2903 tantis

2262 2939 2419 2994 malis
2463 2936 2722 2994 afflictent
2763 2953 2828 2993 ac
2871 2939 3178 2994 conficiant.
3223 2938 3332 2994 Nec
3377 2938 3504 2992 sinit
3556 2937 3658 2993 hoc
3703 2925 3882 2994 telum

2262 3030 2318 3086 in
2357 3031 2680 3086 christianos
2721 3029 3046 3114 retorqueri,
3102 3043 3237 3100 quos
3282 3030 3423 3085 Deus
3465 3028 3652 3084 iisdem
3709 3040 3866 3099 atque

2261 3123 2489 3194 gentiles
2545 3121 2942 3178 calamitatibus
2993 3122 3223 3192 opprimi
3298 3121 3620 3192 patiebatur.
3657 3121 3866 3180 ,Justos

557 3232 682 3276 sese
729 3217 956 3275 invicem
984 3234 1114 3276 vera
1141 3220 1399 3291 religione
1441 3221 1724 3289 adunatos,
1759 3223 1953 3280 fratres
1995 3239 2160 3281 voca-
2189 3228 2234 3290 (ζ
2265 3217 2464 3288 quippe
2490 3215 2756 3281 homines,
2790 3216 2863 3269 uti
2893 3215 3007 3284 ipse
3036 3213 3225 3278 edixit,
3259 3203 3664 3268 non‘discernet
3684 3213 3752 3267 ab
3777 3213 3864 3268 in-

559 3311 728 3378 bant;
771 3325 978 3382 suaque
1007 3311 1128 3367 aliis
1169 3313 1540 3384 partiebantur
1587 3314 1749 3382 bona,
1799 3315 1992 3385 quibus
2028 3333 2164 3372 nun-

561 3417 724 3474 quam
772 3419 879 3460 non
926 3403 1280 3460 dirimebatnr
1332 3414 1549 3461 mutuus
1597 3406 1936 3463 ethnicorum
1988 3423 2162 3466 amor.

563 3494 861 3552 lndiscreta
885 3496 1084 3567 quippe
1124 3497 1200 3551 illi
1236 3497 1507 3554 habebant
1545 3499 1762 3566 omnia,
1810 3509 2010 3572 praeter
2033 3518 2166 3557 uxo-

561 3601 673 3654 res,
704 3603 840 3656 quas
891 3586 969 3655 bi,
1025 3599 1220 3644 caetera
1269 3591 1448 3645 omnia
1504 3591 1832 3660 retinentes,
1861 3609 1980 3650 cum
2031 3596 2166 3650 ami-

561 3679 642 3734 cis
666 3679 778 3734 suis
797 3720 811 3745 ,
840 3679 1291 3750 quemadmodum
1323 3679 1572 3737 Socrates
1601 3690 1656 3736 et
1683 3681 1834 3749 Cato,
1867 3687 2165 3740 communi-

563 3770 780 3826 cabant.
1160 3765 1165 3772 ’

566 3849 593 3864 ”
640 3861 823 3933 Pergit
847 3859 1213 3918 Tertullianus
1237 3903 1252 3928 ,
1285 3877 1349 3918 ac
1373 3877 1525 3919 caena
1552 3906 1566 3930 ,
1601 3865 1812 3936 inquit,
1839 3865 2162 3925 christiano-

560 3968 704 4021 rum,
730 3969 837 4010 non
867 3954 1005 4008 sicut
1028 3953 1460 4024 Megaricnsium,
1490 3956 1576 4012 vel
1597 3957 1825 4012 aliorum
1883 3958 1953 4014 ibi
1983 3959 2051 4014 ab
2073 3959 2164 4015 illo

561 4055 894 4110 notatorum,
926 4045 1147 4116 prodiga
1175 4055 1290 4101 erat
1319 4057 1375 4103 et
1400 4055 1713 4118 sumptuosa
1735 4089 1751 4113 ,
1779 4047 1874 4105 sed
1902 4049 2025 4120 jure
2047 4066 2162 4106 me-

561 4140 670 4195 rito
698 4154 728 4194 a
760 4138 964 4195 Graecis
1001 4140 1166 4209 ἀγάπη
1206 4148 1261 4193 et
1307 4155 1334 4191 a
1382 4138 1584 4194 Latinis
1635 4139 1855 4196 dilectio
1886 4157 2163 4212 nuncupa-

567 4240 677 4287 tur.
712 4233 755 4286 A
800 4230 1050 4300 precibus
1085 4231 1404 4297 inchoatur,
1440 4247 1504 4288 ac
1549 4241 1735 4302 postea
1780 4247 1972 4288 omnes
2019 4243 2163 4289 tanta

565 4323 942 4382 moderatione
994 4323 1284 4380 comedunt
1336 4334 1391 4380 et
1440 4324 1668 4391 hibunt,
1723 4335 1780 4381 ut
1823 4327 2166 4384 meminerint

563 4418 739 4477 Deum
767 4433 866 4488 per
891 4427 1102 4474 noctem
1133 4418 1488 4476 adorandum.
1520 4421 1647 4475 Post
1673 4436 1866 4492 aquam
1897 4437 2028 4478 vero
2054 4437 2165 4477 ma-

565 4511 783 4568 nualem
809 4521 865 4568 et
891 4511 1115 4578 lumina,
1145 4512 1395 4582 quisque,
1437 4521 1492 4566 ut
1529 4522 1723 4582 potest,
1762 4513 1827 4569 ad
1875 4513 2072 4585 aliquid
2099 4530 2162 4568 ex

2264 3307 2453 3379 justis,
2486 3307 2587 3362 nisi
2617 3308 2668 3362 in
2696 3306 2884 3362 ultimo
2926 3315 3047 3376 post
3069 3305 3256 3360 mundi
3284 3305 3446 3361 linem
3471 3305 3693 3376 judicio.
3725 3305 3866 3373 Qua-

2268 3409 2489 3471 propter
2542 3398 2708 3453 voluit
2762 3399 2941 3453 omnia
2995 3398 3049 3452 in
3101 3397 3202 3452 hoc
3252 3395 3499 3452 humana:
3545 3398 3666 3453 vitae
3707 3411 3863 3452 cursu

2267 3491 2516 3546 omnibus
2539 3505 2660 3546 esse
2681 3489 3006 3554 communia,
3035 3497 3089 3544 et
3133 3489 3358 3545 adversa
3384 3488 3600 3559 quidem
3628 3489 3783 3544 bonis
3812 3490 3864 3543 in

2266 3583 2708 3647 admonitionem,
2762 3583 2916 3637 malis
2963 3596 3090 3637 vero
3141 3582 3192 3636 in
3239 3581 3664 3652 castigationem.
3694 3579 3867 3635 Nullis

2268 3685 2536 3749 praeterea
2559 3675 2799 3732 adversis
2830 3675 3164 3731 hudebantur
3191 3675 3486 3740 christiani,
3515 3675 3705 3744 quibus
3731 3673 3863 3728 nihil

2267 3780 2384 3825 erat
2411 3769 2721 3839 optabilius,
2745 3784 2904 3840 quam
2951 3769 3019 3826 de
3066 3769 3169 3824 hoc
3193 3769 3388 3824 mundo
3413 3767 3863 3834 cxire.Quacum-

2267 3877 2376 3933 que
2393 3871 2572 3917 autem
2589 3863 2876 3917 vexatione
2893 3871 3325 3929 concuterentur,
3345 3875 3490 3930 spem
3508 3859 3863 3930 fiduciamque

2266 3971 2417 4014 suam
2447 3955 2831 4026 prmdicatione
2860 3957 3160 4012 divinarum
3209 3956 3606 4026 Scripturarutn
3649 3968 3863 4009 recrea-

2267 4047 2413 4103 bant.
2448 4049 2517 4102 At
2543 4047 2744 4104 ethnici
2793 4063 2824 4104 e
2854 4049 3125 4104 contrario
3168 4048 3304 4103 nihil
3338 4048 3388 4102 in
3417 4045 3659 4103 adversis
3685 4045 3868 4101 solatii

2266 4139 2421 4211 ajdiis
2446 4139 2579 4206 suis,
2608 4156 2782 4212 neque
2814 4142 2866 4196 in
2890 4141 3012 4206 hac,
3046 4155 3219 4211 neque
3250 4141 3301 4195 in
3338 4141 3509 4195 futura
3537 4141 3643 4192 vita
3667 4139 3868 4194 haben.

2268 4241 2368 4299 tes,
2402 4232 2626 4304 injustos
2656 4234 2839 4304 utique
2855 4235 3104 4289 colebant
3131 4243 3185 4288 et
3233 4233 3470 4303 ingratos
3498 4233 3646 4303 (cap.
3675 4232 3792 4302 41).

2338 4324 2474 4393 Quid
2506 4335 2767 4395 praeterea
2793 4327 2959 4396 magis
2986 4324 3279 4381 absurdum
3311 4325 3412 4378 alia
3436 4324 3773 4380 ethnicorum
3797 4323 3867 4379 de

2271 4416 2584 4474 christianis
2625 4417 3076 4490 expostulatione,
3123 4432 3226 4488 qua
3256 4417 3727 4487 conquerebantur
3772 4429 3866 4471 eos

2267 4526 2389 4567 esse
2437 4509 2797 4567 infructuosos
2839 4526 2904 4566 ac
2953 4511 3277 4581 Reipublicae
3309 4511 3546 4566 inutiles.
3579 4510 3694 4564 Non
3722 4508 3863 4564 enim

564 4599 862 4672 Scripturis
887 4602 1058 4660 sacris
1082 4603 1191 4658 Deo
1212 4604 1511 4686 canendum
1536 4615 1877 4674 provocatur.
1903 4607 2008 4661 Alii
2037 4621 2166 4662 vero
2190 4617 2244 4677 1)
2271 4603 2634 4663 Brachmanes
2687 4616 2841 4661 erant
2873 4646 2886 4668 ,
2939 4615 3029 4660 aut
3103 4604 3375 4677 sylvicolte
3404 4645 3420 4671 ,
3471 4603 3566 4660 sed
3616 4601 3867 4674 qualibet

566 4708 752 4750 secum
783 4694 1153 4766 colloquentes
1173 4736 1190 4762 ,
1238 4694 1524 4751 Dominum
1576 4697 1764 4752 audire
1789 4698 1984 4753 sciunt.
2015 4697 2168 4754 Deni-

568 4802 676 4859 que
698 4788 873 4852 oratio
899 4788 1040 4845 sicut
1065 4789 1305 4859 incepit,
1339 4790 1407 4844 ita
1438 4790 1642 4845 dirimit
1666 4793 2166 4863 convivium,atque

562 4877 694 4935 inde
718 4893 907 4936 omnes
949 4895 1056 4935 non
1109 4871 1436 4938 tumultuoso
1482 4889 1538 4935 et
1587 4880 1786 4936 lascivo
1828 4882 2164 4939 ethnicorum

564 4984 740 5036 more,
773 4969 870 5027 sed
893 4985 1102 5026 summa
1128 4985 1250 5024 cum
1275 4970 1536 5026 modestia
1565 4970 1865 5027 discedunt.
1895 4975 2068 5045 Atque
2095 4991 2161 5031 ex

563 5063 634 5118 iis
664 5064 736 5118 ita
781 5061 1042 5134 expositis
1097 5061 1460 5117 Tertullianus
1509 5064 1783 5118 concludit
1828 5079 1934 5120 non
1982 5066 2034 5120 in
2080 5066 2164 5122 his

559 5154 1002 5222 cbristianorum,
1028 5151 1124 5210 sed
1146 5153 1276 5225 ipsis
1300 5153 1579 5224 gentilium
1600 5156 1827 5212 canibus
1848 5171 1969 5213 esse
1997 5156 2160 5213 illici-

563 5257 648 5304 tas
671 5245 1112 5316 damnandasque
1143 5245 1422 5302 factiones.

631 5337 743 5394 Nec
786 5339 980 5408 potiori
1025 5335 1244 5408 quidem
1290 5337 1414 5407 jure
1465 5337 1518 5392 Ιιί
1566 5338 1911 5396 clamitabant
1939 5340 2157 5398 eosdem

559 5429 888 5488 christianos
939 5429 1275 5502 publicarum
1324 5431 1564 5486 onmium
1619 5433 1984 5489 calamitatum
2037 5449 2157 5492 esse

555 5531 830 5580 auctores.
857 5520 991 5576 Nam
1021 5531 1147 5577 ante
1185 5521 1423 5577 auditum
1467 5523 1678 5578 illorum
1731 5539 1926 5582 nomen
1977 5525 2157 5597 plures

553 5615 789 5682 insulae,
834 5615 904 5672 ab
930 5625 1150 5671 auctore
1195 5623 1380 5670 nostro
1409 5614 1807 5685 denominata,
1850 5627 1943 5673 aut
1990 5619 2157 5678 maris

555 5707 830 5774 fluctibus,
862 5715 954 5761 aut
995 5705 1228 5761 motibus
1270 5715 1428 5762 terra:
1461 5707 1727 5779 absorpta:
1757 5720 1903 5766 sunt.
1932 5710 2155 5769 Constat

551 5797 718 5853 etiam
762 5806 952 5862 antea,
992 5811 1055 5851 ac
1084 5796 1395 5868 priusquam
1429 5796 1520 5854 ulli
1573 5809 1755 5857 essent
1786 5801 2150 5861 Romanorum

2272 4710 2394 4752 cum
2437 4698 2625 4753 iisdem
2675 4696 2902 4752 ethnicis
2945 4697 3270 4752 commercia
3324 4695 3522 4766 ubique
3577 4695 3860 4761 habebant,

2268 4804 2334 4844 ac
2362 4789 2492 4844 solis
2536 4789 2774 4859 exceptis
2817 4789 3207 4860 superSIitiosis
3241 4789 3452 4843 illorum
3484 4788 3819 4843 cmremoniis
3839 4827 3854 4854 ,

2267 4884 2346 4940 sic
2374 4891 2518 4938 artes
2562 4883 2857 4938 miscebant
2882 4893 2936 4939 et
2976 4898 3189 4953 operas,
3222 4892 3418 4938 utcum
3443 4883 3542 4950 iis,
3567 4892 3620 4938 et
3656 4883 3724 4937 de
3756 4881 3860 4936 illis

2267 4977 2530 5034 viverent.
2557 4977 2626 5031 At
2649 4978 2971 5048 templorum
3003 4986 3308 5032 nostrorum
3335 5019 3350 5044 ,
3389 4977 3703 5048 inquiebant
3726 4991 3859 5047 gen-

2269 5069 2409 5137 tiles,
2443 5069 2720 5140 vectigalia
2750 5071 3083 5125 minututtur.
3107 5069 3213 5126 Sed
3243 5070 3455 5140 quibus,
3485 5070 3558 5123 ait
3582 5069 3864 5123 Tertullia-

2263 5161 2410 5216 nus?
2441 5159 2706 5231 Numquid
2739 5161 3044 5218 hominibus
3072 5162 3284 5233 diisque
3324 5161 3519 5216 vestris
3549 5159 3861 5216 mendican-

2263 5253 2442 5308 tibus?
2468 5251 2658 5307 Nonne
2687 5251 2971 5308 christiani
2999 5267 3154 5323 opem
3187 5253 3293 5307 illis
3323 5251 3627 5323 petentibus
3648 5266 3864 5322 semper

2260 5346 2474 5412 ferunt,
2506 5361 2801 5417 eorumque
2823 5345 3190 5402 misericordia
3222 5346 3377 5417 plura
3405 5345 3608 5399 vicatim
3635 5345 3861 5410 tribuit,

2260 5453 2420 5510 quam
2439 5439 2664 5509 gentiles
2687 5438 2999 5508 templatim?
3019 5436 3222 5494 Caetera
3244 5453 3375 5494 vero
3396 5437 3674 5508 vectigalia
3701 5436 3860 5491 iidem

2259 5530 2535 5586 christiani
2557 5539 2701 5585 tanta
2727 5529 2834 5585 fide
2858 5529 3187 5600 expendunt,
3210 5539 3408 5602 quanta
3427 5531 3772 5602 improbitate
3793 5526 3862 5584 ab

2258 5623 2491 5679 ethnicis
2522 5621 2836 5679 fraudantur
2859 5624 2999 5694 (cap.
3029 5622 3143 5695 ιε).

2328 5713 2555 5782 Quinam
2604 5724 2816 5782 autem,
2875 5713 3047 5788 pergit
3095 5723 3282 5772 auctor
3325 5724 3547 5784 noster,
3591 5714 3662 5772 de
3710 5712 3858 5770 chri-

2255 5805 2552 5866 stianorum
2616 5807 2975 5881 querebantur
3031 5807 3372 5868 inutilitate?
3433 5807 3623 5866 Nonne
3705 5805 3855 5864 leno-
