4252 6264
393 340 495 397 721

1536 336 1994 399 DISSERTATIO
2032 338 2094 397 D.
2132 339 2223 400 LE
2260 341 2597 401 NOURRY.’

3605 352 3710 409 722

390 469 524 522 nes,
588 455 935 528 perductores
963 496 979 522 ,
1047 454 1344 526 aquarioli,
1409 455 1623 523 sicarii,
1686 456 1998 525 venenarii,
2025 453 2083 516 Α
2110 456 2328 527 Hippias
2354 458 2408 513 in
2438 458 2675 528 insidiis,
2706 459 2739 515 a
2777 438 2839 517 se
2866 460 3022 518 alteri
3062 465 3298 534 paratis,
3339 465 3554 522 occisus
3590 481 3707 524 me-

391 550 568 622 magi,
597 560 651 606 et
680 549 770 605 alii
796 549 1037 620 ejusdem
1065 548 1250 605 farinae
1277 550 1562 607 homines?
1582 552 1652 605 At
1680 551 1760 607 eis
1789 550 1994 607 infruc-

395 655 579 702 tuosos
608 660 726 702 esse
755 645 958 702 fructus
983 655 1086 701 est.
1118 646 1386 701 Caeterum
1418 646 1462 699 si
1489 645 1769 701 christiani
1794 645 1996 716 aliquid

396 740 702 811 reipublicae
732 738 958 795 all‘erant
1001 739 1343 814 detrimenti,
1375 738 1501 794 illud
1527 738 1791 794 diemonia
1821 755 1887 794 ex
1914 740 1994 810 ip-

391 840 687 887 sorummet
711 831 1049 886 ethnicorum
1077 831 1395 902 corporibus
1421 829 1688 902 ejiciendo
1710 870 1725 895 ,
1752 831 1884 885 satis
1904 846 1994 886 su-

392 941 591 997 perque
638 927 1082 997 compensabant.
1111 925 1304 980 Verum
1349 925 1578 996 gentiles
1627 934 1769 979 tanta
1820 924 1994 995 profe-

389 1029 477 1074 cto
505 1018 820 1074 crudelitate
839 1059 855 1083 ,
877 1028 1079 1088 quanto
1115 1016 1423 1088 reipublicae
1452 1017 1651 1072 damno
1675 1015 1993 1073 occidebant

391 1111 711 1167 christianos
731 1154 747 1180 ,
780 1126 1009 1180 quorum
1037 1119 1310 1182 comperta
1341 1110 1590 1166 omnibus
1619 1124 1741 1166 esse
1762 1109 1993 1166 debebat

390 1203 815 1273 inuocentia,vel
846 1219 913 1260 eo
943 1204 1061 1260 solo
1081 1245 1096 1271 ,
1121 1203 1264 1275 quod
1292 1203 1570 1260 sceleratis
1587 1202 1709 1277 dpm
1742 1204 1883 1275 pleni
1905 1218 1993 1259 es-

387 1309 509 1353 sent
539 1313 810 1365 carceres,
837 1297 1017 1354 nullus
1044 1297 1141 1366 ibi,
1165 1286 1268 1354 nisi
1290 1312 1444 1352 suum
1477 1297 1651 1354 solum
1677 1297 1749 1353 ob
1769 1311 1987 1363 nomen,

385 1391 714 1447 Christianus
736 1389 1106 1462 reperiebatur
1130 1390 1274 1460 (cap.
1300 1391 1390 1455 ιδ,
1414 1388 1527 1459 44).

459 1482 647 1553 Neque
681 1482 807 1537 inde
842 1491 1047 1536 tantum
1075 1481 1330 1552 probatur
1355 1480 1569 1536 illorum
1601 1478 1723 1536 vitae
1749 1493 1991 1535 morum-

382 1589 490 1647 que
544 1576 857 1650 integritas,
890 1576 984 1632 sed
1036 1591 1106 1631 ex
1162 1574 1356 1630 divinis
1390 1575 1554 1630 etiam
1592 1574 1804 1630 illorum
1854 1573 1988 1645 legi-

382 1669 649 1740 bus,qute
674 1669 956 1725 sanctitate
998 1677 1053 1725 et
1093 1668 1412 1723 auctoritate
1458 1681 1552 1724 sua
1602 1666 1854 1724 omnibus
1884 1667 1988 1722 bu-

384 1761 559 1816 manis
599 1761 760 1831 longe
804 1768 1082 1831 praestant.
1124 1759 1258 1815 Nam
1323 1759 1406 1815 bze
1451 1758 1797 1816 homicidium
1826 1801 1841 1825 ,
1883 1759 1989 1816 illae

2099 550 2417 606 morantur?
2441 554 2512 608 At
2526 552 2852 610 christianus
2870 554 2939 612 ab
2962 555 3030 612 iis
3049 557 3299 614 omnibus
3318 558 3699 632 alienissimus,

2098 642 2235 699 nihil
2263 660 2493 716 unquam
2520 645 2606 702 his
2629 646 2807 704 simile
2837 649 3089 706 tentavit.
3114 648 3173 706 Si
3192 650 3313 722 quis
3337 651 3483 708 enim
3511 667 3703 712 exces-

2096 735 2168 791 sit
2209 737 2238 792 ὲ
2279 739 2461 810 regula
2489 740 2787 811 disciplina:
2811 784 2827 810 ,
2877 751 2990 799 tum
3017 743 3179 800 desiit
3205 759 3329 802 esse
3351 745 3697 806 christianus.

2168 828 2384 886 Ethnici
2408 846 2537 902 ergo
2565 831 2760 889 frustra
2792 835 3141 893 venditabant
3170 837 3523 911 philosophos
3563 856 3693 899 suos

2096 921 2402 978 christianis
2453 924 2675 979 scientia
2729 925 3069 997 arquiparari.
3125 926 3261 985 Nam
3317 929 3373 985 bi
3418 930 3519 1003 ipsi
3571 931 3698 1003 phi-

2093 1013 2346 1085 losophi,
2374 1016 2824 1087 quemadmodum
2874 1030 3046 1091 poeta:
3089 1036 3154 1079 ac
3198 1022 3500 1094 sophistae,
3548 1026 3701 1097 plura

2094 1106 2311 1178 quidem
2353 1108 2549 1179 placita
2598 1125 2665 1166 ex
2709 1112 2879 1168 sacris
2928 1112 3125 1170 divina:
3162 1124 3365 1171 nostra:
3404 1113 3699 1188 Scriptum

2096 1198 2330 1257 fontibus
2360 1200 2687 1258 hauserant:
2720 1202 2814 1259 sed
2855 1203 2973 1274 ejus
3006 1204 3408 1276 simplicitatem
3431 1248 3449 1276 ,
3489 1222 3554 1264 ac
3582 1222 3699 1266 ser-

2094 1306 2312 1348 monem
2342 1302 2469 1349 tunc
2509 1294 2798 1350 obscurum
2829 1296 3191 1368 despicientes
3213 1340 3229 1367 ,
3261 1315 3326 1356 ea
3355 1298 3536 1371 pravis
3569 1317 3697 1361 cor:

2094 1397 2355 1456 ruperunt
2405 1388 2520 1443 suis
2567 1388 2939 1460 opinionibus.
2994 1391 3074 1446 Ex
3129 1389 3232 1449 hac
3285 1394 3484 1465 quippe
3542 1409 3698 1452 sacra

2093 1480 2368 1551 Scriptura
2389 1492 2723 1553 agnoverunt
2745 1499 2907 1539 unum
2937 1482 3197 1543 duntaxat
3220 1500 3341 1544 esse
3364 1487 3535 1545 Deum
3557 1505 3571 1543 :
3595 1490 3695 1547 sed

2094 1571 2237 1630 hunc
2261 1573 2521 1629 Platonici
2542 1576 2918 1646 incorporeum
2939 1617 2954 1643 ,
2986 1576 3154 1634 Stoici
3179 1593 3501 1651 corporeum
3521 1621 3538 1649 ,
3568 1581 3698 1653 Epi-

2092 1681 2255 1724 curus
2281 1683 2346 1724 ex
2372 1661 2567 1725 atoniis
2586 1712 2600 1736 ,
2631 1685 2697 1727 ex
2728 1671 2966 1727 numeris
2989 1671 3321 1745 Pythagoras
3339 1715 3355 1741 ,
3385 1675 3693 1734 Heraclitus

2093 1774 2158 1817 ex
2186 1761 2310 1834 igne
2342 1770 2518 1818 ortum
2555 1777 2677 1819 esse
2715 1763 3034 1820 docuerunt.
3067 1765 3240 1821 Simili
3273 1781 3490 1839 quoque
3532 1769 3695 1827 modo

388 1857 551 1920 iram;
585 1853 671 1911 ha:
694 1854 1016 1911 adulterium
1037 1896 1051 1920 ,
1076 1854 1183 1910 illm
1207 1853 1736 1925 concupiscentiam:
1766 1853 1850 1909 hae
1880 1867 1988 1934 ma-
2014 1843 2063 1905 Β
2091 1852 2245 1911 Plato
2295 1854 2531 1911 divinam
2578 1856 2722 1912 illius
2768 1857 3159 1928 providentiam
3211 1861 3478 1929 asseruit,
3516 1878 3691 1934 ,quam

387 1949 653 2018 lelicium,
698 1949 806 2005 illae
843 1948 1266 2020 maleloquium;
1302 1948 1408 2004 illa:
1447 1947 1694 2018 injuriam
1723 1932 1988 2005 vindicari

388 2043 738 2114 praecipiunt,
784 2041 868 2098 hae
919 2042 1128 2114 injuriae
1175 2043 1345 2098 vicem
1392 2042 1620 2099 reddere
1674 2042 1982 2113 prohibent.

388 2135 503 2191 Huc
521 2134 729 2191 accedit
755 2135 897 2206 quod
934 2136 1113 2190 omnia
1136 2175 1152 2205 ,
1184 2150 1303 2206 qua:
1331 2136 1383 2191 in
1421 2135 1668 2192 humanis
1704 2137 1984 2208 gentilium

389 2226 595 2299 legibus
620 2226 915 2297 probantur
931 2268 946 2291 ,
976 2227 1093 2282 haec
1117 2243 1184 2282 ex
1222 2227 1418 2282 divinis
1437 2227 1852 2284 christianorum
1879 2238 1986 2286 sta-

389 2320 515 2375 tutis
542 2318 769 2375 delibata
797 2328 942 2373 sunt.
986 2317 1255 2375 Prmterea
1299 2322 1558 2385 majorem
1603 2334 1725 2375 esse
1756 2319 1944 2375 harum
1967 2362 1983 2389 ,

387 2429 547 2484 quam
575 2413 781 2467 illarum
799 2413 1171 2468 auctoritatem
1201 2412 1324 2468 hinc
1349 2413 1507 2484 plane
1530 2415 1831 2479 coniicitur,
1861 2416 1986 2486 quia

390 2506 618 2561 humana
651 2507 735 2561 lex
759 2506 1016 2579 perfringi
1047 2506 1201 2562 facile
1232 2517 1435 2577 potest,
1472 2507 1555 2563 vel
1598 2520 1818 2579 propter
1861 2524 1986 2565 reo-

386 2615 503 2654 rum
534 2597 769 2654 latebras
788 2641 802 2664 ,
834 2607 889 2654 et
918 2599 1172 2668 peccandi
1206 2601 1579 2655 necessitatem
1606 2642 1621 2666 ,
1654 2601 1737 2656 vel
1770 2611 1988 2673 propter

385 2692 631 2764 supplicii
681 2692 1032 2759 brevitatem,
1091 2707 1200 2748 non
1250 2693 1386 2748 ultra
1426 2693 1630 2748 obitum
1685 2694 1981 2767 inﬂigendi.

384 2788 453 2843 At
479 2787 607 2842 nihil
637 2802 855 2858 prorsus
885 2788 1053 2844 latere
1088 2796 1264 2869 potest
1297 2787 1459 2845 Deum
1485 2825 1500 2853 ,
1533 2787 1627 2858 qui
1653 2796 1887 2844 arternas
1915 2789 1986 2846 de

384 2879 707 2950 quibuslibet
745 2880 1029 2934 criminum
1074 2879 1308 2935 consciis
1358 2893 1544 2948 ptenas
1596 2880 1809 2950 repetit.
1844 2880 1985 2948 Quid

384 2972 575 3026 mirum
604 2987 755 3043 ergo,
779 2972 823 3025 si
873 2980 1014 3026 tanta
1058 2970 1240 3038 fuerit,
1273 2972 1431 3026 sicuti
1473 2972 1585 3042 jam
1639 2952 1983 3030 demonstra-

383 3072 493 3119 tum
518 3074 626 3129 est,
661 3064 1079 3121 christianorum
1124 3063 1272 3119 illum
1316 3065 1617 3147 timentium
1651 3066 1977 3137 innocentia,

381 3167 436 3214 ct
486 3157 765 3228 gentilium
822 3158 1197 3228 proconsulem
1243 3159 1593 3215 metuentium
1655 3161 1977 3231 perversitas

384 3256 522 3325 (cap.
553 3255 645 3319 45,
659 3253 795 3325 46)?

454 3349 524 3402 At
570 3348 872 3418 philosophi
931 3349 1141 3417 nostri,
1185 3348 1402 3405 aiebant
1454 3349 1575 3416 isti,
1625 3348 1869 3405 eamdem
1914 3365 1979 3407 ac

381 3438 659 3495 christiani
689 3440 1074 3512 profitebantur
1115 3441 1510 3510 innocentiam,
1546 3441 1808 3514 justitiam
1830 3484 1845 3511 ,
1880 3457 1976 3513 pa-

383 3532 661 3600 tientiam,
701 3534 1079 3603 sobrietatem,
1127 3535 1457 3605 pudicitiam.
1499 3535 1555 3593 Si
1605 3536 1678 3591 ita
1708 3545 1821 3602 est,
1848 3536 1979 3605 {res-

378 3624 577 3696 pondet
604 3624 1006 3694 Tertullianus',
1048 3641 1145 3683 cur
1192 3626 1373 3697 plures
1401 3625 1741 3698 philosophi,
1785 3628 1976 3696 super-

373 3717 619 3774 stitiones
652 3719 930 3788 gentilium
976 3719 1284 3789 adspernati
1304 3761 1320 3786 ,
1351 3719 1654 3787 laudantur,
1681 3718 1977 3774 donantur-

372 3826 476 3883 qne
524 3812 716 3867 statuis
751 3827 816 3867 ac
855 3813 1097 3878 salariis;
1144 3810 1421 3868 christiani
1464 3827 1594 3868 vero
1632 3813 1834 3868 ideirco
1866 3821 1977 3868 tor-

373 3912 603 3974 quentur
648 3912 703 3958 et
750 3900 1189 3958 interﬁciuntur?
1229 3902 1498 3974 Numquid
1545 3904 1836 3968 Socrates,
1883 3902 1973 3974 qui

372 3996 632 4052 dmtnonis
657 4038 674 4065 ,
701 3997 801 4051 sibi
824 4012 1038 4066 semper
1057 3996 1367 4052 adsistentis
1390 4038 1404 4063 ,
1435 4010 1597 4066 opera
1621 4012 1749 4051 usus
1774 4005 1852 4051 est
1876 4038 1891 4063 ,
1918 4003 1976 4051 et

373 4087 680 4158 Esculapio
723 4088 1083 4152 sacriﬁcavit,
1126 4088 1321 4143 melior
1364 4087 1465 4142 fuit
1499 4087 1810 4143 christianis
1835 4128 1850 4154 ,
1881 4086 1974 4158 qui

372 4178 635 4234 daemonia
664 4178 847 4251 fugant
874 4190 928 4236 et
954 4178 1550 4253 expellunt?Nutnquid
1578 4179 1847 4247 Thaletis,
1878 4178 1973 4251 qui

370 4271 437 4329 de
466 4272 577 4327 Deo
606 4273 967 4344 interrogatus
1011 4272 1145 4327 nihil
1186 4271 1502 4342 respondit,
1552 4280 1644 4327 aut
1689 4271 1969 4339 Platonis,

371 4363 463 4434 qui
490 4363 627 4419 dixit
665 4364 834 4419 Deum
881 4380 1009 4421 esse
1032 4364 1249 4421 inventu
1279 4373 1336 4420 et
1377 4371 1625 4420 enarrata
1653 4363 1930 4419 difﬁcilem
1952 4405 1968 4431 ,

370 4458 578 4527 major,
630 4469 723 4514 ant
772 4462 963 4515 melior
1025 4469 1108 4514 est
1157 4459 1423 4525 scientia,
1474 4473 1632 4530 quam
1685 4456 1971 4528 cujuslibet

369 4552 649 4609 christiani
674 4553 882 4625 Opiﬁcis
903 4595 919 4621 ,
947 4554 1039 4625 qui
1065 4554 1233 4609 Deum
1257 4553 1462 4608 invenit
1487 4595 1502 4620 ,
1533 4560 1590 4607 et
1608 4552 1735 4623 quis
1756 4551 1849 4607 ille
1876 4551 1967 4619 sit,

2090 1947 2303 2018 negavit
2329 1948 2612 2019 Epicurus.
2640 1949 2816 2021 Aliqui
2843 1949 2992 2006 illum
3022 1958 3172 2007 extra
3201 1951 3462 2009 mundum
3481 1994 3498 2022 ,
3525 1953 3616 2011 alii
3636 1955 3688 2012 in

2090 2040 2418 2110 eo~positum
2436 2041 2747 2099 censebant.
2769 2041 3031 2100 Eamdem
3047 2059 3178 2101 sane
3203 2044 3274 2102 ob
3290 2060 3509 2103 causam
3531 2048 3694 2105 varim

2088 2134 2305 2192 fuerunt
2328 2134 2543 2192 illorum
2586 2135 2658 2193 de
2696 2137 2881 2193 mundi
2920 2147 3044 2193 ortu
3073 2147 3128 2195 et
3166 2137 3486 2207 duratione,
3517 2155 3583 2197 ac
3620 2139 3693 2199 de

2088 2227 2285 2284 animae
2315 2227 2564 2285 humanae
2590 2236 2776 2284 natura
2807 2228 3169 2300 opinationes.
3199 2229 3387 2302 Neque
3424 2225 3691 2302 objicien-
3777 2286 3787 2299 ,

2089 2319 2216 2377 dum
2246 2328 2331 2377 est
2355 2334 2387 2375 a
2412 2320 2731 2393 quibusdam
2759 2335 2973 2393 quoque
2998 2320 3308 2380 christianis
3331 2322 3687 2382 adulteratam

2088 2410 2256 2468 fuisse
2294 2421 2568 2469 recentem
2605 2411 2805 2468 Christi
2843 2413 3164 2470 doctrinam.
3212 2413 3346 2471 Nam
3392 2413 3482 2485 hi,
3519 2417 3694 2489 inquit

2090 2504 2487 2571 Tertullianus',
2516 2504 2754 2561 haeretici
2775 2515 2929 2573 sunt,
2963 2516 3018 2562 et
3042 2506 3301 2564 adversus
3327 2523 3545 2567 errores
3566 2510 3684 2567 illo-

2087 2613 2209 2653 rum
2249 2597 2648 2669 prasscribimus
2690 2599 2991 2655 certissima
3021 2601 3262 2657 veritatis
3305 2601 3526 2673 regula,
3566 2618 3689 2675 qua:

2088 2688 2157 2745 ab
2173 2689 2413 2759 ejusdem
2439 2690 2640 2746 Christi
2661 2690 2937 2762 discipulis
2960 2691 3026 2748 ad
3049 2707 3149 2750 nos
3175 2695 3485 2750 transmissa
3509 2702 3612 2751 est.

2157 2781 2382 2854 Maligna
2427 2782 2646 2855 insuper
2684 2785 2992 2841 daemonum
3041 2783 3369 2854 calliditate,
3416 2802 3689 2860 pravoque

2087 2874 2297 2930 illorum
2335 2876 2586 2932 instinctu
2622 2878 2852 2947 gentiles
2893 2876 3198 2949 philosophi
3224 2886 3280 2934 et
3318 2889 3491 2950 poetae
3519 2879 3684 2952 quas-

2085 2965 2209 3020 dam
2235 2967 2605 3039 excogitarunt
2628 2967 2866 3036 fabulas,
2894 2977 2956 3024 ut
2979 2968 3113 3025 falsa
3139 2971 3400 3038 veritatis,
3419 2972 3474 3028 in
3501 2973 3686 3044 Scrip-

2085 3057 2219 3113 turis
2243 3058 2411 3114 sacris
2438 3059 2645 3115 tradita:
2660 3101 2677 3126 ,
2705 3060 3056 3117 similitudine
3075 3062 3259 3118 caeteri
3286 3063 3532 3120 homines
3548 3065 3681 3135 ipsis

2085 3148 2262 3220 potius
2284 3192 2301 3220 ,
2333 3165 2491 3222 quam
2520 3153 2828 3209 christianis
2851 3194 2868 3220 ,
2896 3153 3002 3210 sibi
3044 3154 3250 3212 odiosis
3272 3197 3289 3225 ,
3338 3156 3497 3213 ﬁdem
3536 3173 3679 3229 pra:-

2006 3229 2053 3293 C
2084 3252 2311 3301 starent.
2344 3243 2436 3300 Sic
2467 3244 2611 3301 enim
2636 3246 2841 3302 tinxere
2866 3247 3081 3318 aliquod
3109 3249 3248 3318 apud
3278 3248 3479 3307 inferos
3509 3252 3681 3309 tribu-

2080 3335 2168 3392 nal
2188 3376 2203 3402 ,
2232 3336 2755 3408 Pyriphlegetontem
2785 3336 3006 3394 ﬂuvium
3026 3378 3041 3404 ,
3091 3349 3144 3396 et
3175 3339 3389 3414 Elysios
3418 3357 3677 3414 campos;

2080 3426 2202 3497 quia
2223 3442 2253 3482 a
2280 3427 2485 3484 nostris
2504 3438 2823 3500 acceperant
2843 3429 3090 3486 ultimum
3116 3430 3232 3489 iure
3258 3433 3532 3490 hominum
3561 3451 3678 3492 om-

2080 3520 2227 3575 nium
2252 3520 2512 3591 judicium
2530 3563 2546 3589 ,
2571 3532 2803 3579 aeternas
2833 3525 3202 3594 improborum
3231 3540 3417 3596 pmnas
3436 3568 3452 3593 ,
3478 3543 3542 3585 ac
3562 3530 3680 3600 pio-

2079 3626 2198 3671 rum
2237 3613 2621 3683 sempiternam
2661 3615 2714 3670 in
2763 3616 3011 3686 paradiso
3048 3616 3378 3681 felicitatem,
3410 3618 3517 3676 Sed
3556 3621 3678 3691 quis

2079 3708 2289 3765 nesciat
2313 3708 2527 3780 scriptis
2550 3709 2749 3765 nostris
2766 3751 2783 3776 ,
2813 3718 2871 3765 ut
2897 3720 3018 3781 pote
3046 3712 3438 3784 antiquioribus
3459 3754 3474 3780 ,
3495 3714 3676 3784 potius

2078 3816 2239 3874 quam
2288 3801 2408 3858 aliis
2451 3802 2874 3870 recentioribus,
2914 3804 3070 3859 sicuti
3142 3804 3437 3877 archetypo
3495 3805 3673 3877 potius

2076 3911 2234 3968 quam
2263 3894 2482 3967 imagini
2510 3895 2838 3953 credendum
2867 3897 3008 3970 (cap.
3038 3897 3170 3972 47)?

2147 3990 2217 4046 Et
2258 4000 2408 4047 certe
2455 3990 2806 4064 Pythagorica
2857 3993 3155 4050 animarum
3204 3984 3673 4066 trattsmigratiune

2077 4084 2235 4154 longe
2272 4084 2451 4140 verior
2479 4092 2562 4140 est
2602 4086 2804 4155 integra
2841 4099 3127 4156 corporum
3173 4096 3480 4143 nostrorum
3517 4089 3676 4145 resti-

2078 4176 2229 4232 tutio.
2284 4176 2455 4234 Nemo
2516 4178 2715 4249 quippe
2776 4177 2984 4233 inﬁcias
3038 4193 3271 4249 unquam
3325 4180 3424 4235 ibit
3476 4195 3675 4252 corpus

2074 4269 2368 4325 humanum
2393 4269 2462 4325 ab
2499 4284 2564 4325 eo
2610 4268 2757 4325 reﬁci
2808 4284 3000 4338 posse,
3029 4283 3062 4325 a
3090 4285 3196 4342 quo
3231 4272 3414 4327 anima
3452 4271 3522 4329 de
3565 4289 3675 4329 uno

2072 4358 2128 4417 in
2171 4358 2315 4415 aliud
2363 4374 2559 4430 corpus
2620 4358 2880 4430 migrandi
2927 4368 3246 4429 potestatem
3294 4361 3496 4418 habere
3542 4377 3674 4433 per-

2074 4464 2257 4519 peram
2285 4450 2522 4523 ﬁngitur.
2552 4451 2753 4508 Verum
2781 4449 3058 4507 enimvero
3088 4451 3273 4507 ﬁctitia
3300 4453 3457 4523 plane
3475 4462 3559 4509 est
3579 4454 3672 4510 illa

2072 4544 2372 4601 animarum
2412 4545 2694 4617 migratio‘;
2735 4545 3170 4617 quandoquidem
3209 4545 3390 4603 nullus
3437 4561 3673 4617 unquam

371 4643 656 4700 confestim
677 4621 1236 4717 erplicat?Numquid
1260 4621 2051 4714 christianorum,quicon-D
2077 4654 2138 4695 se
2187 4640 2241 4695 in
2291 4638 2521 4695 bestiam
2565 4637 2914 4695 reformatum
2961 4638 3196 4710 agnovit.
3251 4638 3518 4695 Praeterea
3569 4638 3675 4697 hoc

370 4737 649 4792 tiuentiam
680 4748 929 4806 servant,
959 4737 1492 4807 autnullam,pr:eter
1515 4748 1760 4801 uxorem,
1790 4733 1971 4792 fremi-

369 4843 494 4883 nam
524 4829 945 4899 concupiscunt,
982 4829 1178 4896 minor,
1222 4837 1316 4883 aut
1363 4827 1515 4898 pejor
1554 4834 1640 4883 est
1675 4826 1970 4899 pudicitia,

367 4936 529 4992 quam
559 4921 799 4978 Platonis
827 4922 1251 4980 adolescentium
1273 4921 1636 4993 corruptoris,
1667 4920 1753 4978 vel
1782 4919 1974 4992 Dioge-

366 5010 461 5083 nis-
477 5010 745 5084 Phrynem
771 5016 1113 5072 meretricem
1145 5014 1354 5087 perdite
1378 5012 1612 5072 amantis
1635 5056 1651 5084 ,
1678 5014 1765 5071 vel
1793 5013 1969 5085 Speu-

366 5104 507 5176 sippi
531 5106 583 5161 in
624 5105 893 5164 adulterio
937 5109 1251 5175 morientis,
1282 5109 1368 5165 vel
1398 5110 1689 5166 Democriti
1715 5124 1837 5167 sese
1858 5151 1873 5178 ,
1905 5125 1975 5167 ne

365 5199 625 5256 mulieres
655 5201 927 5270 corruptis
964 5202 1135 5258 oculis
1169 5202 1405 5271 videret,
1442 5203 1799 5260 obcaecantis!
1842 5202 1974 5271 Quae

368 5304 501 5347 vero
528 5292 629 5350 fuit
653 5305 747 5349 aut
778 5294 1027 5366 Diogenis
1070 5295 1365 5362 modestia,
1396 5297 1703 5366 superbiam
1733 5296 1975 5353 Platonis

365 5384 471 5439 alia
498 5388 752 5458 superbia
778 5387 1036 5444 calcantis
1056 5429 1071 5456 ,
1098 5397 1194 5444 aut
1220 5388 1537 5461 Pythagorae
1561 5400 1617 5447 et
1637 5390 1874 5447 Zenonis
1902 5399 1977 5462 ty-

364 5478 649 5535 rannidem
679 5479 1047 5537 aﬁ'ectantium
1065 5482 1090 5534 ’ἐ
1115 5481 1247 5550 Qua:
1266 5480 1497 5553 Lycurgi
1517 5483 1762 5553 aequitas,
1790 5481 1880 5553 qui
1902 5481 1975 5538 ob

363 5571 679 5629 emendatas
715 5574 858 5645 leges
902 5587 1032 5629 suas
1075 5583 1304 5630 mortem
1349 5573 1447 5630 sibi
1486 5573 1791 5630 conscivit?
1835 5573 1974 5644 Quid

366 5664 564 5734 plura?
591 5664 785 5721 Nonne
812 5664 1138 5724 Aristoteles
1166 5676 1272 5723 tam
1301 5665 1531 5737 turpiter
1552 5665 1827 5723 Hersiliam
1853 5666 1975 5723 loco

365 5769 469 5810 suo
505 5756 743 5827 expulit,
791 5773 952 5829 quam
984 5758 1301 5841 Alexapdro
1345 5757 1593 5829 adulatus
1637 5759 1757 5815 est?
1787 5757 1977 5817 Nonne

366 5844 518 5908 Plato
546 5849 743 5912 ventri:
772 5850 946 5922 gratia
970 5850 1296 5923 vcnditatur»,
1327 5849 1633 5924 AriStippus
1652 5859 1961 5925 nepotatus,

2036 4732 2043 4740 ’
2075 4731 2272 4787 animae
2300 4729 2370 4787 de
2400 4745 2507 4786 uno
2536 4730 2589 4786 in
2615 4730 2759 4785 aliud
2789 4730 2988 4802 corpus
3014 4728 3239 4786 transitu
3259 4773 3275 4797 ,
3305 4745 3413 4786 una
3438 4731 3676 4789 hominis

2074 4838 2201 4896 pars
2223 4822 2366 4890 viva,
2398 4823 2561 4878 altera
2586 4838 2803 4894 semper
2828 4833 3036 4879 mortua
3066 4833 3327 4880 remanet.
3359 4825 3429 4880 At
3450 4840 3675 4883 necesse

2074 4917 2294 4974 omnino
2331 4926 2415 4973 est
2435 4924 2602 4972 totum
2626 4914 2899 4972 hominem
2926 4916 2992 4972 ad
3020 4915 3297 4987 pristinam
3328 4932 3479 4973 suam
3507 4917 3673 4974 vitam

2073 5009 2285 5075 redire;
2315 5017 2374 5066 ut
2398 5008 2467 5065 de
2488 5009 2644 5065 bonis
2677 5019 2772 5066 aut
2795 5009 2952 5066 malis
2970 5050 2986 5075 ,
3013 5024 3044 5065 a
3066 5020 3126 5065 se
3151 5010 3206 5065 in
3235 5009 3337 5066 hac
3360 5012 3469 5068 vita
3497 5012 3633 5069 actis
3655 5054 3673 5081 ,

2062 5086 2323 5158 ﬁnitimum
2369 5116 2400 5156 a
2448 5101 2559 5158 Deo
2600 5102 2859 5173 judicium
2890 5092 3126 5169 frel'erat.
3173 5102 3310 5171 Quid
3336 5118 3499 5173 vero,
3529 5104 3677 5177 quod

2079 5193 2256 5251 anima
2286 5193 2417 5250 nihil
2445 5193 2562 5250 sine
2577 5207 2807 5265 corpore
2835 5193 2947 5265 pati
2973 5202 3187 5264 potest,
3215 5210 3335 5267 quae
3365 5205 3543 5254 tamen
3564 5213 3675 5255 non

2078 5292 2198 5347 sine
2225 5291 2317 5347 illo
2346 5290 2548 5363 aliquid
2588 5289 2823 5348 meruit?
2857 5289 3043 5362 Neque
3069 5289 3272 5346 dixeris
3299 5289 3351 5347 id
3382 5307 3488 5349 non
3514 5307 3676 5364 posse

2080 5399 2312 5456 unquam
2353 5384 2421 5440 ab
2450 5384 2557 5439 ullo
2604 5384 2742 5440 ﬁeri.
2774 5382 2908 5440 Nam
2946 5383 3037 5456 qui
3076 5390 3159 5451 te,
3193 5397 3315 5439 cum
3344 5399 3452 5440 non
3489 5400 3673 5453 esses,

2079 5478 2218 5535 sicut
2246 5486 2302 5534 et
2329 5492 2543 5534 omnem
2573 5476 2831 5534 mundum
2851 5519 2866 5544 ,
2898 5475 2966 5533 de
2994 5475 3165 5533 nihilo
3208 5476 3446 5545 creavit,
3492 5485 3677 5548 potest

2076 5572 2262 5642 utique
2304 5570 2672 5642 temetipsum,
2721 5579 3000 5642 postquam
3033 5585 3155 5627 esse
3192 5569 3456 5637 desieris,
3499 5578 3672 5626 totum

2075 5665 2233 5722 sicuti
2271 5679 2427 5731 eras,
2476 5663 2720 5721 reﬁcere.
2764 5663 3044 5721 Postremo
3101 5662 3193 5717 lux
3217 5702 3233 5729 ,
3276 5662 3546 5730 tenebrat,
3593 5661 3676 5719 si-

2077 5748 2245 5826 dera,
2290 5755 2495 5812 fructus
2526 5764 2713 5823 terrae,
2759 5754 2991 5823 semina,
3036 5762 3092 5811 et
3128 5760 3322 5811 cratera
3370 5755 3474 5810 alia
3512 5767 3675 5826 quam

2079 5854 2312 5929 plurima
2339 5851 2702 5940 reviviscunt,
2738 5857 2943 5943 quanto
2979 5848 3153 5922 magis
3180 5846 3250 5908 ad
3289 5848 3457 5910 vitam
3482 5845 3683 5909 redibit
