4252 6264
551 356 660 413 725

1656 338 1724 396 IN
1761 326 2226 394 TEBTULLIANI
2262 327 2797 391 APOLOGE’I‘ICUM

3749 330 3859 392 724

554 471 747 533 homo,
776 467 866 538 qui
893 465 1108 538 quidem
1134 461 1182 518 si
1207 474 1269 516 se
1293 457 1499 530 Pythiae
1525 455 1743 512 oraculo
1761 450 2005 517 noverit,
2031 462 2149 503 om-
2173 444 2222 504 A
2252 460 2419 516 geues
2442 487 2458 512 ,
2489 445 2736 518 Pyrrhon
2765 487 2779 512 ,
2821 453 2876 502 et
2909 417 3197 503 Callinicus
3220 486 3235 512 ,
3276 444 3365 516 qui
3395 457 3523 500 suos
3561 443 3629 500 ad
3658 445 3861 506 doloris

555 565 702 619 nium
730 558 1070 616 morientium
1101 563 1155 610 et
1175 548 1564 622 resurgentium
1595 557 1677 603 est
1705 542 1990 602 dominus?
2023 540 2150 598 Ubi-

553 667 784 723 cumque
830 665 992 721 ergo,
1055 654 1147 701 aut
1199 655 1534 716 quocumque
1586 637 1747 694 modo
1799 637 1867 692 ad
1924 634 2148 691 nihilum

564 746 813 801 redactus
843 740 1019 803 fuerit,
1047 739 1112 792 ad
1137 738 1299 791 vitam
1325 741 1585 806 potestate
1615 731 1756 786 illius
1785 727 2146 793 revocabitur,

555 838 702 908 cujus
727 843 809 889 est
835 832 1052 886 nihilum
1075 873 1088 897 ,
1119 829 1256 884 sicut
1284 837 1330 883 et
1358 835 1536 881 totum.

623 925 890 998 Numquid
919 925 1096 996 igitur,
1127 931 1311 993 arguet
1332 919 1542 990 aliquis,
1575 913 1909 971 moriendum
1934 926 2149 983 semper

553 1030 608 1077 et
637 1015 1066 1089 resurgendum?
1100 1014 1173 1068 Ita
1219 1027 1384 1074 sane,
1425 1011 1499 1064 ait
1539 1007 1926 1073 Tertullianus,
1961 1007 2006 1061 si
2037 1004 2149 1059 Deo

548 1111 860 1186 placuisset.
889 1112 958 1164 At
987 1109 1094 1174 ille,
1121 1107 1211 1177 qui
1243 1119 1306 1161 ex
1333 1103 1562 1164 diversis
1582 1117 1644 1157 ac
1669 1099 1957 1156 contrariis
1985 1097 2147 1154 rebus

548 1206 754 1264 ereavit
789 1205 1001 1268 omnia,
1053 1199 1223 1255 voluit
1277 1199 1458 1267 utique
1498 1193 1746 1250 homines
1791 1200 2035 1247 mortuos
2078 1189 2148 1244 ad

549 1299 829 1372 pristinam
858 1295 1021 1350 vitam
1049 1291 1215 1350 semel
1243 1305 1308 1346 eo
1336 1288 1514 1344 medio
1545 1286 1800 1356 temporis
1826 1293 2027 1356 puncto
2054 1298 2149 1342 ex.-

547 1389 735 1456 citari,
779 1387 923 1459 quod
953 1387 1005 1439 in
1045 1383 1150 1439 fine
1187 1380 1374 1437 mundi
1410 1381 1550 1435 inter
1581 1378 1718 1432 hanc
1746 1384 2149 1444 temporaneam

551 1489 766 1537 aetatem
785 1521 800 1543 ,
830 1492 893 1533 ac
916 1476 1270 1534 mternitatem
1294 1470 1490 1528 deinde
1516 1469 1749 1526 futuram
1774 1465 2074 1523 intercedit.

623 1571 776 1627 Tunc
805 1580 983 1626 autem
1017 1566 1111 1623 Dei
1134 1566 1373 1623 cultores
1399 1574 1797 1632 consequentur
1823 1567 2040 1614 atternce
2065 1555 2148 1612 fe-

549 1667 764 1724 licitatis
801 1664 1078 1736 praemium
1101 1703 1118 1730 ,
1167 1657 1616 1730 quemadmodum
1645 1654 1856 1726 profani
1892 1663 1948 1710 et
1981 1652 2149 1724 iniqui

551 1758 880 1831 sempiterno
906 1757 1029 1827 igne
1064 1755 1466 1810 cruciahuntur.
1509 1749 1678 1821 Hujus
1721 1763 1882 1819 porro
1920 1746 2087 1820 ignis,
2117 1761 2150 1802 a

2255 542 2596 596 tolerantiam
2628 551 2682 596 et
2709 549 2938 596 mortem
2964 539 3236 595 cohortati
3257 547 3400 594 sunt.
3434 538 3676 596 Gentiles
3706 556 3860 598 nam-

2251 649 2356 705 que
2387 635 2617 704 primum
2638 633 2853 706 quidem
2895 634 3144 688 invictam
3176 632 3424 688 admirati
3453 643 3580 689 sunt
3607 634 3858 690 christiao

2252 741 2442 782 norum
2474 728 2851 783 constantiam.
2904 726 3039 781 Tum
3083 726 3280 782 dehinc
3318 737 3650 798 agnoverunt
3693 738 3856 788 tantm

2253 819 2571 874 constantiae
2613 834 2830 876 causam
2873 828 2931 875 et
2971 818 3280 874 christiana:
3332 819 3611 890 religionis
3662 823 3860 878 verita-

2252 921 2382 968 tem.
2406 913 2536 967 Eam
2557 927 2716 982 porro
2739 915 2970 984 agnitam
2999 912 3104 968 ulla
3135 913 3340 983 absque
3361 928 3512 968 mora
3539 914 3856 984 amplexati,

2254 1006 2392 1060 miro
2433 1005 2635 1060 incensi
2680 1013 2806 1060 sunt
2847 1003 3041 1061 ardore
3082 1004 3360 1076 martyrii,
3390 1020 3498 1076 quo
3523 1009 3648 1073 fnon
3678 1006 3856 1064 solum

2253 1097 2601 1154 remittuntur
2622 1098 2802 1154 omnia
2829 1107 3046 1168 peccata
3072 1117 3088 1164 ;
3115 1098 3209 1154 sed
3237 1107 3344 1153 tota
3368 1098 3528 1153 etiam
3562 1098 3655 1154 Dei
3687 1101 3858 1170 gratia

2257 1189 2555 1246 redimitur.
2589 1188 2798 1247 Gratias
2831 1189 2989 1261 igitur
3009 1189 3235 1261 agebant
3255 1189 3595 1246 ethnicorum
3625 1201 3846 1248 senten-

2254 1284 2372 1351 tiis,
2403 1284 2599 1356 quibus
2623 1283 2884 1351 damnati,
2911 1298 2941 1338 a
2974 1282 3087 1339 Deo
3122 1283 3536 1341 absolvebantur
3564 1284 3702 1358 (cap.
3735 1286 3850 1356 50).

2888 1390 3179 1434 Αιιτισυωε
3217 1391 3276 1432 ιι.

2219 1535 2225 1540 ‘
2258 1445 2556 1526 Ostenditur
2583 1468 2959 1524 Tertullianttm
2989 1485 3095 1524 esse
3124 1469 3277 1539 hujus
3305 1469 3424 1524 libri
3451 1477 3745 1536 auctorem,
3790 1486 3853 1524 ac

2323 1565 2436 1635 quis
2464 1564 2550 1619 ille
2579 1564 2763 1635 fuerit,
2794 1579 2908 1633 qua:
2933 1564 3044 1633 ejus
3074 1564 3241 1634 patria
3265 1604 3280 1631 ,
3309 1565 3395 1634 qui
3427 1575 3662 1634 parentes
3683 1602 3698 1629 ,
3718 1579 3851 1634 quo-

2323 1672 2439 1710 rum
2469 1655 2616 1726 falsis
2641 1655 2970 1726 religionibus
2995 1655 3218 1726 primunt
3243 1654 3464 1709 imbutus
3493 1656 3614 1727 fuit.

2325 1750 2543 1806 Constat
2567 1764 2698 1805 sane
2715 1789 2735 1818 ,
2756 1751 3142 1822 accommunis
3168 1750 3408 1805 omnium
3430 1791 3445 1817 ,
3476 1749 3693 1819 nemine
3723 1749 3853 1806 hac-

549 1859 767 1907 terreno
793 1857 977 1904 nostro
1014 1847 1174 1918 plane
1201 1845 1398 1902 diversi
1422 1886 1437 1912 ,
1471 1844 1714 1915 exempla
1756 1841 1912 1899 nobis
1933 1854 2143 1911 nsuppe-
2172 1841 2223 1903 B
2253 1851 2409 1900 tenus
2444 1843 2747 1914 refragante
2771 1885 2788 1910 ,
2815 1844 3082 1900 sententia
3119 1843 3219 1898 fuit
3262 1843 3654 1900 Tcrtullianum
3700 1845 3856 1915 hujus

549 1945 723 2000 ditant
769 1942 1022 2006 fulmina,
1072 1950 1126 1996 et
1171 1948 1383 1996 montes
1428 1953 1642 2008 semper
1694 1934 1966 1992 ardentes.
2019 1933 2150 2001 Qua:

547 2036 767 2109 quidem
805 2037 905 2092 etsi
945 2033 1247 2107 philosophi
1276 2033 1630 2105 agnoverint,
1679 2031 1877 2101 aliique
1914 2043 2022 2084 non
2049 2028 2149 2082 im-

553 2131 936 2203 probaverim;
971 2131 1108 2187 hanc
1151 2139 1328 2186 tamen
1369 2127 1788 2184 christianorum
1825 2122 2148 2180 sententiam

553 2223 889 2280 deridebant.
918 2223 1024 2278 Fac
1054 2233 1250 2287 tamen,
1283 2221 1330 2276 si
1363 2222 1470 2276 Deo
1496 2219 1692 2290 placet,
1719 2216 1866 2272 illam
1895 2229 2018 2272 esse
2044 2212 2146 2268 fal-

546 2333 684 2373 sam.
715 2319 786 2372 At
813 2324 962 2372 certe
985 2315 1236 2371 omnibus
1266 2313 1379 2384 ipsa
1419 2323 1636 2368 aeterna:
1679 2320 1771 2367 aut
1809 2323 2012 2382 ptume,
2055 2314 2150 2364 aut

549 2409 813 2467 mercedis
839 2422 966 2479 spes
1007 2407 1154 2463 utilis
1191 2415 1273 2462 est
1320 2415 1376 2461 et
1403 2404 1727 2460 necessaria.
1776 2402 2142 2472 Quaecumque

547 2518 712 2575 porro
736 2503 824 2559 illa
844 2504 936 2568 sit,
965 2518 1072 2559 non
1094 2501 1292 2558 idcirco
1314 2511 1488 2556 tamen
1508 2501 1560 2554 in
1581 2499 1904 2556 christianos
1928 2497 2141 2570 gladiis,

553 2596 762 2662 bestiis,
793 2594 1063 2659 crucibus,
1087 2603 1143 2650 et
1177 2593 1410 2665 ignibus,
1441 2591 1744 2648 exsultante
1771 2591 1974 2662 populo
1999 2632 2012 2656 ,
2046 2605 2148 2646 sa:-

557 2689 807 2746 viendum
850 2698 985 2744 erat.
1020 2687 1231 2742 Ethnici
1263 2687 1424 2760 igitur
1450 2687 1652 2742 insulse
1694 2700 1917 2756 prorsus
1941 2685 2144 2756 gestie-

557 2785 725 2848 bant,
777 2797 841 2838 ac
906 2782 1272 2854 gloriabantur
1308 2781 1376 2836 de
1409 2780 1645 2834 illorum
1689 2779 2000 2850 suppliciis,
2057 2777 2149 2849 qui

549 2877 792 2934 damnari
820 2877 1015 2946 potius,
1047 2890 1206 2946 quam
1233 2889 1263 2928 a
1293 2873 1404 2929 Deo
1429 2873 1680 2928 excidere
1722 2881 1972 2942 optantes
1992 2911 2008 2938 ,
2042 2871 2147 2927 im-

548 2967 1092 3036 mortalem‘agebant
1119 2963 1445 3036 triumphum
1467 2963 1604 3036 (cap.
1623 2963 1716 3028 48,
1747 2961 1863 3035 49).

623 3061 729 3119 Sed
758 3075 947 3118 rursus
971 3061 1200 3132 gentiles
1241 3062 1525 3130 acriusque
1564 3059 1993 3116 vociferabantur
2031 3055 2151 3110 nul-

553 3155 662 3210 lam
688 3155 995 3211 christianis
1023 3169 1144 3210 esse
1171 3154 1434 3226 querendi
1461 3166 1678 3210 causam
1705 3194 1720 3219 ,
1763 3153 1809 3208 si
1840 3167 1935 3207 sua
1961 3160 2151 3223 sponte

2251 1933 2582 2008 Apologetici
2614 1936 2736 1992 libri
2767 1951 2949 1991 verum
2981 1937 3380 2008 gcnuinumque
3404 1952 3524 1993 esse
3551 1946 3850 1994 auctorem.

2251 2029 2309 2086 Si
2339 2030 2459 2100 quis
2487 2038 2664 2084 tamen
2685 2037 2831 2084 certa
2865 2027 3087 2098 hujusce
3117 2028 3386 2098 opinionis
3408 2038 3728 2098 argumenta
3751 2029 3854 2085 sibi

2253 2120 2481 2191 proferri
2503 2118 2806 2187 desiderat,
2828 2119 3043 2174 abunde
3063 2119 3111 2173 ei
3132 2119 3442 2174 satisfacere
3470 2118 3613 2174 haud
3635 2119 3853 2176 diflicile

2251 2221 2356 2268 est.
2387 2210 2522 2266 Nam
2561 2220 2755 2280 praeter
2779 2209 3086 2280 complures
3115 2210 3506 2280 manuscriptos
3546 2211 3850 2268 remotioris

2251 2313 2307 2360 et
2339 2303 2604 2376 propioris
2643 2302 2816 2357 aetatis
2854 2301 3105 2366 codices,
3133 2303 3184 2355 in
3217 2302 3419 2372 quibus
3447 2301 3533 2358 hic
3575 2304 3690 2374 ipse
3718 2303 3853 2360 liber

2251 2396 2566 2454 Tertulliani
2594 2395 2812 2450 nomine
2847 2394 3177 2461 inscribitur,
3201 2393 3462 2450 Eusebius
3488 2394 3641 2464 cujus
3669 2395 3770 2451 hac
3797 2395 3849 2452 in

2253 2506 2314 2548 re
2357 2489 2490 2546 ﬁdes
2531 2489 2658 2544 nulli
2701 2495 2949 2558 suspecta
2990 2491 3110 2544 esSe
3150 2487 3345 2555 debet,
3379 2499 3501 2559 post
3534 2490 3850 2560 transcripta

2251 2581 2495 2654 quaedam
2523 2580 2746 2652 hujusce
2773 2579 2892 2636 libri
2935 2568 3136 2648 verba,
3168 2580 3365 2637 ibidem
3389 2581 3583 2652 adjecit
3617 2598 3631 2636 :
3674 2588 3848 2638 Ταῦτα

2251 2682 2608 2747 Τιρτυλλιινός,
2649 2682 2757 2734 trait;
2788 2663 3018 2743 ρωμαῐων
3052 2677 3214 2741 νόμους
3244 2682 3502 2746 ήκριϐωιιὼς
3535 2675 3681 2744 iiiP,
3703 2678 3772 2728 τὰ.
3793 2699 3847 2729 τε

2252 2777 2374 2825 ἄλλα
2402 2773 2598 2836 ἔνδοξος,
2626 2771 2708 2822 καὶ
2735 2781 2828 2828 τῶν
2862 2775 3076 2838 μάλιστα
3113 2771 3190 2822 ἐπὶ
3230 2758 3402 2837 ῥώμης
3429 2776 3672 2838 λαμπρῶν,
3701 2774 3745 2823 ἓν
3786 2782 3848 2840 τῇ
3905 2785 3912 2793 ·

2252 2871 2476 2934 γραφείσῃ
2519 2870 2604 2930 μὲν
2657 2866 2785 2930 αὖτῴ
2826 2874 2886 2932 τῇ
2946 2853 3185 2932 Ρωμαίων
3225 2875 3344 2934 φωνῇ
3371 2901 3385 2925 ,
3411 2867 3746 2932 μενιεληθιίσῃ
3803 2864 3853 2914 δὲ

2253 2959 2333 3010 καὶ
2390 2960 2468 3009 ἐπὶ
2510 2967 2600 3012 τὶν
2637 2960 2814 3022 ἰλλάδα
2859 2964 3066 3027 γλώσ-σαν
3104 2961 3220 3026 ὑπὲρ
3271 2961 3574 3025 Χριστιανῶν
3621 2959 3854 3024 ἀπολογίᾳ

2255 3048 2488 3122 (Euseb.
2557 3050 2644 3104 lib.
2718 3049 2785 3104 ll.
2852 3049 3050 3106 Eccles.
3100 3051 3279 3104 histor.
3335 3067 3451 3120 cap.
3504 3049 3560 3104 ἓ.
3631 3067 3684 3121 p.
3739 3049 3852 3121 41)

2253 3145 2384 3214 Quae
2411 3145 2625 3218 quidem
2656 3144 2882 3204 Rufinus
2903 3146 2980 3203 sic
3003 3147 3166 3204 latine
3190 3148 3571 3217 interpretatus
3591 3155 3698 3203 est:
3727 3145 3852 3201 Haec

549 3248 840 3319 patiantur.
874 3247 1050 3302 Athis
1085 3255 1272 3303 auctor
1297 3254 1481 3302 noster
1522 3245 1815 3317 respondet
1845 3243 1964 3299 illos
1999 3257 2150 3299 more
2174 3230 2222 3296 C
2255 3237 2604 3294 Tertulliamts
2631 3241 2706 3294 vir
2730 3248 2776 3294 et
2805 3241 2970 3311 legum
2997 3250 3043 3294 et
3086 3241 3461 3294 institutionum
3503 3240 3852 3296 Romanarum

559 3341 670 3410 pati
706 3340 965 3406 militum,
1000 3340 1092 3410 qui
1134 3339 1258 3395 licet
1301 3337 1425 3395 belli
1479 3338 1837 3410 deprecentur
1880 3338 2150 3408 pericula,

565 3434 694 3491 totis
728 3443 906 3490 tamen
951 3433 1230 3489 decertant
1280 3431 1514 3500 viribus,
1568 3447 1630 3488 ac
1666 3432 1885 3488 demum
1909 3434 2152 3504 gauden-

557 3536 673 3590 tes,
740 3525 1009 3596 praedam,
1055 3525 1336 3581 victoriam
1393 3533 1448 3580 et
1488 3525 1712 3596 gloriam
1761 3525 2151 3597 adipiscuntur.

549 3615 978 3673 Christianorum
1027 3617 1228 3686 quippe
1276 3615 1497 3671 victoria
1545 3616 1772 3686 gloriam
1820 3616 1983 3671 habet
2037 3618 2144 3687 pla-

551 3708 708 3766 cendi
736 3710 847 3765 Deo
868 3750 884 3776 ,
913 3717 969 3765 et
994 3710 1120 3764 vitae
1148 3717 1364 3764 aeternae
1391 3709 1647 3779 praedam.
1693 3710 1748 3765 ln
1774 3712 2012 3781 glorioso
2048 3728 2142 3768 au-

549 3811 661 3857 tem
706 3799 810 3854 hoc
847 3800 1143 3857 certamine
1184 3800 1320 3869 ipsa,
1365 3801 1559 3870 quibus
1585 3801 1911 3870 cruciantur,
1948 3804 2146 3859 instru-

557 3902 740 3948 menta
768 3894 873 3950 illis
899 3902 1024 3949 sunt
1047 3893 1260 3949 habitus
1289 3895 1529 3950 victorias
1557 3938 1571 3963 ,
1613 3897 1778 3951 vestis
1803 3895 2034 3968 palmata
2055 3939 2070 3965 ,
2100 3907 2153 3954 et

551 4001 744 4042 currus
769 3986 1168 4056 triumphantis.
1197 3985 1306 4042 Nec
1335 3986 1604 4058 desperati
1633 4003 1763 4060 ergo
1782 4032 1798 4055 ,
1827 4005 1926 4045 nec
1955 3989 2151 4061 perditi

553 4076 660 4133 dici
704 4087 950 4148 poterant
989 4077 1058 4133 ab
1097 4077 1362 4146 ethnicis,
1408 4079 1500 4150 qui
1541 4079 1727 4148 Mutii,
1766 4081 2152 4152 Empedoclis,

551 4168 775 4224 Didonis
798 4210 814 4236 ,
846 4169 1035 4242 Reguli
1059 4213 1074 4237 ,
1103 4171 1439 4236 Anaxarchi,
1469 4172 1660 4228 Atticm
1686 4173 1984 4230 meretricis
2008 4215 2024 4241 ,
2053 4174 2154 4230 Ze-

552 4262 712 4318 nonis
772 4261 1007 4329 Eleatis,
1064 4264 1367 4332 Laconum,
1414 4267 1749 4338 aliorumque
1791 4268 1842 4322 in
1873 4267 2154 4322 tormentis

554 4363 610 4410 et
646 4353 1015 4412 crudelissima
1062 4372 1195 4413 nece
1240 4357 1610 4416 fortitudinem
1654 4369 1714 4418 et
1755 4361 2149 4429 constantiam,

553 4461 663 4504 non
709 4448 959 4503 maximis
1005 4459 1204 4504 tantum
1251 4452 1559 4508 extulerunt
1588 4452 1866 4520 laudibus,
1914 4452 2009 4508 sed
2059 4467 2154 4510 eos

555 4541 716 4596 etiam
746 4542 978 4608 statuis,
1029 4542 1389 4614 imaginibus,
1433 4545 1600 4601 titulis
1640 4546 1707 4602 ad
1749 4545 2036 4618 quamdam
2083 4562 2149 4603 ex

2257 3332 2620 3401 peritissimus,
2663 3341 2708 3385 et
2751 3332 2884 3386 inter
2911 3342 3112 3387 nostros
3138 3334 3408 3404 scriptores
3437 3333 3713 3388 admodum
3743 3332 3852 3386 cla-

2255 3424 2373 3489 rus‘,
2404 3426 2455 3478 in
2483 3424 2814 3496 Apologetico
2835 3440 2928 3479 suo
2948 3465 2964 3493 ,
2992 3441 3137 3493 quem
3161 3424 3404 3479 adversus
3426 3434 3599 3495 gentes
3630 3441 3720 3495 pro
3739 3441 3857 3478 nos-

2258 3528 2336 3573 tra
2363 3518 2466 3588 ﬁde
2489 3517 2661 3573 scribit
2689 3516 2854 3588 (Ruf.
2881 3518 2973 3573 lib.
2997 3515 3063 3572 ll.
3092 3532 3212 3590 cap.
3261 3518 3297 3572 2
3323 3519 3364 3589 ).
3401 3516 3512 3574 Nec
3550 3517 3690 3572 male
3726 3531 3854 3588 pro-

2258 3611 2438 3680 fccto,
2486 3612 2529 3666 si
2569 3611 2744 3682 aliqua
2783 3626 2888 3666 non
2932 3609 3203 3666 omisisset
3247 3609 3409 3665 latine
3452 3609 3532 3664 sic
3556 3607 3850 3664 vertenda:

2256 3703 2446 3762 Postea
2499 3722 2722 3778 graecum
2777 3706 2831 3760 in
2890 3722 3170 3762 sermonem
3221 3707 3486 3761 translato.
3527 3705 3850 3760 Persuasum

2258 3798 2436 3869 itaque
2472 3798 2766 3865 Eusebius,
2822 3806 2875 3854 et
2927 3800 3044 3868 ipse
3089 3800 3251 3855 etiam
3292 3799 3510 3854 Ruﬁnus
3548 3799 3852 3854 habuerunt

2258 3888 2401 3944 hunc
2439 3889 2631 3945 librum
2662 3905 2692 3944 a
2723 3889 3056 3946 Tel-tulliano
3081 3890 3439 3962 conscriptum
3471 3889 3655 3945 fuisse.
3691 3889 3853 3946 Plura

2257 3982 2431 4038 adhuc
2457 3981 2598 4038 idem
2627 3983 2925 4052 Eusebius,
2954 3994 3249 4040 memorato
3271 3982 3587 4038 Tertulliani
3610 3982 3854 4050 nomine,

2256 4091 2324 4132 ex
2355 4075 2456 4131 hoc
2479 4075 2669 4131 eodem
2700 4075 2838 4132 libro
2869 4077 3207 4147 transcripsit
3245 4075 3460 4148 (Euseb.
3493 4075 3583 4131 lib.
3613 4074 3703 4143 ΙΙΙ,
3734 4090 3850 4146 cap.

2255 4168 2346 4235 25,
2375 4169 2597 4241 p.91),
2638 4179 2693 4226 et
2732 4169 2927 4227 alicubi
2989 4169 3193 4226 addidit
3239 4191 3251 4226 :
3297 4176 3508 4232 Εῐληται
3567 4169 3606 4223 δ’
3659 4175 3772 4240 ἡμῖν
3823 4179 3855 4234 ἡ

2254 4267 2445 4336 inopia
2474 4271 2525 4331 ἔξ
2551 4270 2605 4327 ἧς
2640 4270 2856 4338 ἀνωτὲρω
2893 4270 3219 4336 δεδηλώκαμεν
3254 4274 3340 4323 τοῦ
3379 4273 3725 4339 Τιρτυλλιανοῦ
3767 4273 3858 4336 ῥω-

2255 4373 2434 4425 μαικῆς
2488 4364 2780 4431 ἀπολογίαις,
2824 4365 2878 4421 ἧς
2940 4369 2970 4421 ἠ
3022 4369 3244 4432 ἑρμηνειί
3301 4368 3469 4416 τοῦτον
3513 4370 3614 4430 ἔχει
3660 4364 3852 4432 τρόπον.

2258 4446 2425 4504 Porro
2477 4466 2540 4506 ea:
2585 4449 2889 4506 Tertulliani
2913 4452 3278 4524 Apologetico,
3318 4453 3474 4507 latine
3526 4453 3809 4523 conscripto
3835 4494 3852 4519 ,

2257 4542 2400 4607 cuius
2430 4558 2586 4612 supra
2623 4543 2925 4598 mentionem
2956 4545 3167 4616 fecimus
3188 4586 3204 4610 ,
3232 4545 3340 4600 btet:
3361 4562 3391 4598 a
3422 4545 3564 4599 nobis
3587 4547 3855 4614 desumpta

553 4643 730 4690 morte
753 4629 820 4690 ad
847 4637 1008 4691 vitam
1035 4637 1429 4694 revocationem
1455 4679 1470 4705 ,
1501 4649 1555 4694 et
1579 4640 1765 4711 gloriae
1793 4642 2150 4697 aeternitatem
2175 4625 2233 4688 Β
2258 4643 2330 4688 εει
2351 4635 2578 4690 narratio
2609 4636 2628 4706 (
2651 4633 2783 4690 Ibid.
2812 4650 2931 4706 cap.
2963 4637 3054 4704 55,
3083 4652 3200 4710 pag.
3245 4637 3343 4692 l05
3371 4637 3409 4708 ).
3451 4637 3542 4693 Sic
3568 4637 3711 4693 enim
3751 4635 3856 4692 Va-

555 4726 895 4783 decorarunt.
923 4727 1098 4783 Tanto
1126 4728 1286 4800 igitur
1327 4729 1482 4786 abest
1516 4742 1574 4785 ut
1599 4730 1924 4787 christianus
1946 4773 1961 4799 ,
1989 4733 2079 4803 qui
2121 4747 2152 4789 a

550 4818 691 4886 Deo,
723 4834 821 4890 pro
845 4836 953 4891 quo
990 4822 1210 4892 patitur,
1242 4838 1423 4879 veram
1451 4825 1803 4881 teter-nitatem
1834 4834 2151 4896 exspectat,

555 4911 780 4968 insanus
805 4913 909 4980 sit,
937 4915 1065 4986 quin
1103 4917 1282 4986 potius
1310 4917 1432 4974 inde
1472 4918 1833 4974 innocentiam
1873 4935 2025 4976 suam
2048 4961 2064 4987 ,
2098 4927 2154 4976 et

555 5004 896 5061 ethnicorum
917 5007 1149 5078 iniquam
1170 5009 1361 5080 probet
1375 5011 1766 5068 crudelitatem.
1784 5011 1973 5069 Nonne
1989 5013 2153 5069 etiam

555 5098 614 5154 bi
659 5099 760 5171 ipsi
806 5100 1152 5157 christianam
1207 5104 1487 5161 mulierem
1548 5105 1618 5162 ad
1665 5106 1914 5162 lenonem
1976 5108 2152 5178 potius

556 5209 716 5266 quam
743 5195 954 5252 leonem
979 5196 1284 5254 damnando
1304 5240 1318 5266 ,
1362 5199 1539 5270 palam
1560 5201 1950 5258 conﬁtebantur
1976 5203 2149 5259 labem

556 5289 832 5360 pudicitia:
877 5291 1024 5348 omni
1054 5301 1444 5350 tormentorum
1485 5310 1684 5368 genere
1708 5339 1723 5363 ,
1753 5308 1809 5354 et
1835 5307 2006 5354 morte
2035 5299 2152 5369 ipsa

555 5381 877 5440 atrociorem
903 5382 973 5439 ab
999 5383 1090 5440 illa
1120 5395 1176 5441 et
1205 5386 1324 5442 aliis
1349 5387 1626 5444 christiani
1661 5393 1939 5462 reputari?
1967 5392 2153 5463 Neque

554 5475 712 5544 inde,
734 5492 804 5534 ne
827 5476 994 5535 hilum
1019 5478 1234 5549 quidem
1253 5521 1267 5545 ,
1295 5482 1581 5553 gentilibus
1597 5499 1694 5540 sua
1712 5485 2022 5556 proficiebat
2041 5501 2143 5542 ste.

552 5568 717 5634 vitia;
761 5569 1188 5643 quandoquidem
1233 5575 1451 5646 sanguis
1485 5585 1778 5648 martyrum
1819 5593 2004 5636 semen
2033 5589 2151 5638 erat

549 5657 991 5729 cbristianorum,
1023 5677 1128 5734 quo
1155 5663 1349 5720 mirum
1375 5665 1428 5720 in
1457 5666 1676 5724 modum
1703 5670 1980 5726 crescebat
2005 5686 2151 5726 sem-

548 5764 655 5821 per
672 5751 882 5807 illorum
923 5769 1199 5810 numerus.
1227 5755 1329 5812 Sua
1356 5758 1617 5830 siquidem
1640 5771 1814 5819 morte
1832 5762 1992 5834 longe
2019 5764 2141 5835 plu-

557 5853 645 5896 res
665 5840 954 5899 eﬂecerunt
982 5844 1271 5916 discipulos
1287 5890 1303 5918 ,
1326 5863 1486 5920 quam
1511 5851 1730 5924 Cicero,
1759 5854 1984 5923 Seneca,
2025 5857 2151 5914 Dioé

2255 4727 2421 4783 lesius
2446 4742 2618 4797 graeca
2645 4726 2964 4784 Tertulliani
2990 4729 3154 4785 verba
3177 4729 3338 4784 latina
3373 4728 3519 4786 fecit.
3548 4729 3668 4785 Alio
3698 4729 3852 4796 deni-

2255 4833 2360 4890 que
2385 4817 2560 4876 adhuc
2581 4819 2633 4875 in
2662 4819 2829 4888 libro,
2857 4821 3035 4876 citatis
3063 4821 3308 4877 similiter
3337 4821 3656 4878 Tertulliani
3681 4823 3853 4879 nostri

2255 4911 2456 4980 verbis,
2476 4912 2591 4969 btec
2616 4914 2878 4985 praemisit
2896 4912 3069 4985 (Idem
3090 4915 3178 4970 lib.
3205 4914 3272 4972 ν.
3301 4932 3418 4986 cap.
3448 4916 3504 4972 5.
3547 4934 3668 4987 pag.
3700 4914 3853 4989 169):

2259 5012 2464 5077 Μάρτυς
2505 5011 2557 5070 δὶ
2593 5011 2774 5064 πότων
2811 5009 2981 5080 γένοιτ’
3011 5012 3070 5064 ἂν
3102 5013 3358 5081 ἀξιόχρεως
3380 5015 3407 5064 ὁ
3431 5016 3774 5088 Τιρτνλλιανὸς
3797 5023 3856 5080 τῇ

2256 5105 2477 5170 ﬁumina
2539 5108 2780 5172 συγιλῆτῳ
2825 5116 3157 5174 προσφωνήσας
3210 5108 3328 5175 ὑπὲρ
3364 5117 3452 5164 τῆς
3487 5113 3691 5165 πίστεως
3734 5109 3859 5159 οἰοιο-

2259 5200 2416 5257 λοντιν
2468 5198 2523 5255 ἧς
2562 5196 2646 5247 nisi
2693 5197 2890 5263 πρόσθεν
2951 5201 3390 5266 (ammoniacum,
3427 5211 3518 5260 τγξν
3558 5221 3610 5252 τι
3653 5205 3858 5265 ἱσθοριαν

2256 5295 2463 5356 βεϐαιῶν
2520 5294 2602 5342 σὺν
2665 5293 2905 5355 ἀποδείξει
2959 5296 3184 5359 μείζονι,
3214 5294 3300 5346 καὶ
3367 5297 3684 5364 Ianuari”;
3747 5289 3858 5347 Sed

2257 5390 2302 5434 et
2361 5379 2744 5450 Tertullianus,
2808 5384 2880 5440 ita
2940 5384 3233 5456 interprete
3301 5384 3552 5452 Valesio,
3622 5384 3854 5456 ejusdem

2256 5474 2330 5528 rei
2357 5473 2569 5532 idoneus
2611 5477 2749 5536 testis
2791 5486 2867 5532 est
2901 5477 2956 5534 in
2997 5479 3327 5550 Apologetico
3346 5520 3362 5545 ,
3409 5496 3556 5549 quem
3604 5496 3696 5551 pro
3733 5479 3857 5549 fidei

2259 5576 2448 5621 nostra:
2473 5569 2763 5639 defensione
2789 5570 2859 5625 ad
2883 5582 3113 5628 senatum
3151 5573 3291 5629 urbis
3335 5572 3517 5630 Romae
3553 5573 3715 5630 latino
3747 5590 3855 5630 ser-

2255 5675 2402 5715 mone
2425 5663 2758 5734 conscripsit,
2788 5665 2939 5733 cuius
2979 5667 3131 5722 etiam
3173 5681 3332 5737 supra
3374 5667 3682 5724 mentionem
3722 5667 3852 5738 [eci-

2255 5765 2394 5816 mus,
2417 5751 2505 5806 ubi
2528 5752 2659 5809 hanc
2679 5754 2944 5812 historiam
2961 5755 3206 5817 ualidiore
3223 5799 3238 5827 ,
3263 5767 3414 5830 atque
3436 5758 3740 5816 evidentior:
3763 5774 3853 5814 ar-

2252 5861 2492 5922 gumento
2523 5852 2811 5922 conﬁrmat.
