4252 6264
439 274 549 334 ’125

1547 271 2002 332 DISSERTATIO
2040 273 2105 330 D.
2145 273 2236 332 LE
2275 277 2577 338 NOURBY.

3643 294 3751 353 726

509 386 592 458 Ad
622 401 739 458 hinc
763 413 893 458 vero
912 439 928 468 ,
953 397 1313 471 Hieronymus
1340 398 1395 454 in
1417 411 1512 453 sua
1539 395 1608 452 ad
1627 395 1876 467 Magnum
1907 392 2048 463 epis-
2073 393 2126 453 A
2151 404 2237 450 cet
2256 395 2616 470 Hieronymus
2637 398 2788 457 hisce
2815 402 3031 459 verbis:
3061 404 3506 464 Tertullianus....
3536 410 3748 478 provin-

439 491 586 566 tola(
619 492 919 563 Hieronym.
951 492 1100 563 epist.
1122 491 1214 558 83,
1255 490 1324 544 ad
1358 490 1500 560 Mag.
1536 505 1657 559 pag.
1687 485 1868 556 656):
1900 484 2038 551 Quid

439 585 759 642 Tertulliano
779 627 794 652 ,
822 585 992 654 inquit
1017 625 1031 649 ,
1053 584 1302 640 eruditius
1319 624 1335 649 ,
1366 581 1490 651 quid
1510 579 1754 634 acutius?
1792 577 2038 648 Apologe-

441 680 569 734 ticus
605 679 716 746 eius
736 718 752 745 ,
781 685 827 731 et
855 687 1033 731 contra
1058 686 1231 748 gentes
1259 674 1416 729 libelli
1437 714 1452 739 ,
1483 680 1727 726 cunctam
1746 669 1922 723 swculi
1949 666 2036 721 ob-

438 771 597 826 tinent
635 771 980 842 disciplinam.
1025 770 1184 825 Plura
1215 779 1392 824 autem
1424 767 1477 821 in
1521 780 1637 820 rem
1667 762 1801 818 adeo
1831 770 2034 818 certam

437 873 492 920 et
506 863 809 922 evidentem
831 878 1124 934 congerere
1146 863 1275 918 nihil
1300 874 1520 918 necesse
1536 867 1638 923 est,
1663 857 1764 912 nisi
1781 856 1915 912 velis
1935 855 2034 926 ipsi

437 959 535 1016 soli
567 957 862 1014 meridiano
890 957 1063 1012 lucem
1095 955 1292 1010 afferri.

505 1052 810 1121 Antequam
851 1045 981 1106 vero
1006 1049 1072 1104 ad
1103 1049 1247 1104 hunc
1273 1047 1469 1102 librum
1501 1059 1654 1101 more
1685 1049 1872 1100 nostro
1906 1054 2034 1096 exa-

437 1143 747 1199 minandum
779 1144 1094 1208 veniamus,
1125 1156 1305 1212 operae
1333 1141 1565 1211 pretium
1599 1147 1684 1194 est
1711 1136 2033 1206 investigare

435 1235 553 1305 quis
586 1235 674 1291 hic
713 1235 827 1305 ipse
866 1234 1010 1289 illius
1052 1242 1238 1290 auctor
1268 1233 1446 1288 fuerit.
1482 1231 1663 1287 Primo
1695 1230 1872 1299 itaque
1898 1240 2030 1296 qua-

432 1334 573 1394 tuor,
609 1327 756 1381 nullo
785 1325 959 1381 adhuc
985 1325 1309 1380 reclamante
1329 1365 1342 1388 ,
1369 1323 1611 1378 feruntur
1643 1321 1758 1375 hinc
1786 1319 1904 1388 ejus
1935 1331 2032 1372 no-

429 1420 611 1475 mina:
643 1419 886 1488 Quintus,
915 1418 1195 1488 Septimius
1214 1458 1230 1484 ,
1255 1414 1474 1470 Florens
1493 1456 1509 1482 ,
1533 1414 1904 1468 Tertullianus.
1929 1411 2032 1466 Ne-

427 1512 631 1568 minem
674 1527 802 1566 vero
830 1525 1046 1565 movere
1086 1509 1251 1564 debet
1289 1507 1408 1562 hinc
1435 1515 1514 1562 tot
1541 1509 1817 1560 nominum
1852 1505 2024 1558 turba.

427 1602 562 1657 Nam
600 1603 783 1673 plures
828 1599 1053 1656 totidem
1095 1599 1346 1670 appellati
1377 1607 1532 1661 sunt,
1580 1605 1638 1652 ut
1665 1597 1736 1651 ab
1763 1596 1881 1652 aliis
1917 1610 2029 1649 sua:

426 1695 632 1766 gentis,
658 1709 722 1749 ac
744 1693 959 1748 familiis
981 1692 1286 1747 hominibus
1305 1691 1759 1746 discernerentur.
1789 1688 2027 1743 Primum

2138 487 2232 541 circ
2273 487 2498 559 Africte,
2543 492 2758 548 civitatis
2812 492 3222 564 Carthaginensis
3256 497 3611 571 (llieronym.
3643 501 3744 556 Ca-

2141 579 2235 635 tal.
2278 580 2544 653 Scriptor.
2573 583 2784 642 Eccles.
2807 601 2927 656 cap.
2975 587 3067 652 55,
3115 604 3232 661 pag.
3287 589 3437 660 115).
3467 592 3743 660 Quamob-

2140 686 2255 726 rem
2288 673 2340 728 in
2368 673 2624 730 chronico
2651 676 2953 734 Eusebiano
2995 679 3190 736 dicitur
3230 680 3578 737 Tertullianus
3618 685 3742 756 Afer

2141 763 2369 833 (Chron.
2401 767 2599 823 Euseb.
2631 767 2700 823 ad
2729 784 2856 825 ann.
2891 771 3089 828 Christ.
3120 772 3252 844 208)
3286 791 3299 827 :
3331 773 3398 828 ab
3423 774 3617 845 Optato
3646 792 3742 834 au-

2140 863 2247 912 tem
2299 855 2641 916 Tertullianus
2685 863 3082 934 carthaginensis
3133 864 3360 938 (Optar.
3421 867 3516 923 lib.
3566 870 3616 924 1.
3674 870 3744 927 de

2137 947 2305 1003 schis.
2337 951 2598 1007 Douatist.
2639 951 2759 1025 pag.
2785 953 2877 1027 8).
2909 956 3012 1013 Sed
3055 955 3182 1029 quid
3209 960 3434 1016 testibus
3481 976 3617 1032 opus
3661 974 3747 1020 est

2137 1039 2396 1111 pluribus,
2427 1059 2551 1100 cum
2597 1046 2829 1116 ipsemet
2885 1049 3246 1106 Tertullianus
3303 1052 3529 1121 patriam
3589 1069 3743 1110 suam

2136 1131 2255 1200 his,
2305 1150 2426 1204 quae
2473 1136 2527 1191 in
2580 1138 2713 1204 illo,
2741 1139 2809 1196 de
2846 1157 2954 1210 quo
3014 1141 3208 1212 agitur,
3253 1145 3605 1214 Apologctico
3661 1145 3742 1203 le-

2135 1228 2309 1298 gimus
2333 1272 2348 1296 ,
2383 1231 2562 1286 verbis
2613 1233 2858 1289 indicet?
2896 1233 3134 1291 Infantes
3187 1254 3334 1319 penes
3358 1239 3601 1311 Africam
3633 1239 3740 1296 Sa-

2135 1327 2300 1375 tnrno'
2347 1323 2741 1378 immolabantur
2782 1326 2955 1398 palam
3009 1346 3165 1400 usque
3211 1331 3277 1384 ad
3325 1334 3742 1401 proconsulatum
3843 1354 3846 1356 '

2139 1409 2418 1469 Tiberii....
2452 1427 2570 1470 teste
2596 1418 2777 1471 militia
2804 1421 2987 1490 patria:
3013 1431 3198 1476 nostra:
3224 1439 3338 1494 qua:
3364 1425 3587 1495 idipsum
3627 1443 3739 1480 mu-

2134 1521 2228 1560 nus
2267 1506 2344 1560 illi
2376 1511 2669 1578 proconsuli
2699 1515 2879 1582 functa
2933 1523 3005 1568 est
3036 1517 3052 1584 (
3084 1515 3405 1572 Tertullian.
3451 1520 3734 1592 Apologet.

2134 1613 2250 1670 cap.
2289 1599 2326 1668 _9
2345 1601 2387 1669 ).
2421 1603 2491 1656 At
2521 1603 2742 1674 insuper
2783 1622 2843 1662 se
2871 1606 3197 1678 Carthagine
3226 1621 3410 1666 uatum
3442 1612 3605 1670 fuisse
3630 1622 3738 1672 tes-1'

2134 1693 2368 1750 tiﬁcatur
2391 1698 2496 1753 alio
2527 1697 2579 1752 in
2607 1698 2742 1754 libro
2759 1742 2774 1767 ,
2801 1716 2962 1770 quem
2981 1701 3499 1774 Carthagiuensibus
3522 1707 3732 1763 obtulit.

429 1800 610 1842 autem
638 1795 754 1841 erat
781 1799 1128 1855 praenomen.
1167 1799 1274 1854 quo
1303 1784 1383 1848 is.
1409 1782 1496 1838 cui
1538 1781 1930 1852 imponebatur.
1961 1779 2028 1834 ab
2055 1788 2105 1851 Β
2134 1785 2428 1844 Oblivionis
2457 1791 2602 1846 enim
2636 1792 2822 1848 vitium
2854 1794 2927 1848 ibi
2967 1795 3045 1849 eis
3071 1793 3192 1849 ideo
3230 1798 3556 1867 exprobrat,
3588 1801 3734 1869 quod

427 1878 673 1936 omnibus
699 1880 811 1933 suis
838 1876 1095 1932 fratribus
1126 1876 1377 1946 distingui
1408 1887 1608 1946 posset.
1639 1873 1852 1928 Etenim
1884 1887 2024 1942 prm-

431 1972 645 2026 nomiua
669 2012 684 2036 ,
716 1970 873 2026 sicuti
903 1968 1077 2023 Varro
1120 1962 1218 2023 nos
1260 1968 1494 2030 monuit,
1527 1975 1650 2021 sunt
1687 1966 1918 2019 instituta
1958 1964 2026 2018 ad

426 2081 570 2119 usum
591 2063 874 2134 singularia
893 2104 908 2130 ,
939 2062 1124 2132 quibus
1153 2062 1556 2116 discernerentur
1586 2060 1792 2114 nomina
1817 2059 2023 2130 gentili-

427 2160 495 2213 tia
512 2200 527 2226 ,
553 2168 658 2214 uta
687 2175 896 2214 numero
921 2156 1102 2211 Prima
1119 2197 1134 2221 ,
1161 2149 1421 2222 Secunda,
1459 2152 1627 2208 Tertia
1647 2195 1660 2220 ,
1700 2153 1897 2221 Quarta
1917 2195 1932 2219 ,
1969 2154 2023 2208 in

425 2253 545 2306 uiris
564 2292 579 2317 ,
606 2261 658 2305 ut
685 2249 904 2318 Quintus
925 2289 940 2316 ,
967 2249 1155 2304 Sextus
1175 2289 1189 2314 ,
1217 2246 1488 2312 Decimus;
1510 2247 1583 2300 sic
1608 2245 1672 2299 ab
1698 2247 1814 2300 aliis
1842 2245 2018 2312 rebus,

422 2363 536 2400 cum
561 2353 722 2400 essent
751 2344 853 2398 duo
886 2342 1109 2398 Terentii
1138 2351 1227 2396 aut
1262 2340 1470 2412 plures‘,
1511 2339 1834 2393 discernendi
1868 2354 2021 2392 causa

425 2449 481 2494 ut
523 2439 713 2510 aliquid
742 2437 1000 2508 singulare
1035 2437 1305 2501 haberent,
1340 2433 1616 2500 notabant,
1653 2444 1708 2486 ut
1748 2432 1810 2485 ab
1837 2448 1894 2487 eo
1934 2433 2020 2502 qui

421 2548 570 2586 mane
591 2541 738 2585 natus
763 2531 1033 2598 diceretur,
1071 2539 1126 2582 ut
1151 2536 1277 2583 esset
1311 2526 1540 2593 Manius,
1564 2525 1651 2595 qui
1673 2525 1784 2580 luce
1803 2523 2016 2593 Lucius,

417 2625 505 2694 qui
532 2632 644 2694 post
671 2625 831 2693 patris
856 2631 1102 2688 mortem,
1137 2619 1451 2674 Post/turnus
1491 2618 1511 2690 (
1539 2617 1695 2674 Varr.
1725 2617 1820 2672 lib.
1851 2615 1918 2683 ll,
1949 2617 2018 2674 de

418 2715 548 2787 liug.
581 2716 732 2770 latin.
769 2730 888 2786 pag.
919 2714 1086 2786 126).

488 2809 696 2864 Nomen
724 2824 852 2864 vero
873 2817 988 2864 erat
1011 2807 1356 2879 gentilitium,
1379 2806 1494 2863 sive
1520 2821 1550 2860 a
1571 2813 1732 2876 gente
1754 2805 2016 2874 desump-

417 2911 529 2956 tum
553 2943 565 2967 ,
593 2916 663 2956 ex
700 2916 803 2971 qua
833 2915 985 2958 suam
1014 2901 1206 2971 aliquis
1234 2900 1462 2956 ducebat
1487 2899 1773 2970 originem.
1805 2899 2015 2968 Cogno-

414 3010 535 3050 men
566 3009 748 3064 porro,
776 2992 921 3064 quod
947 2992 1127 3063 plures
1151 2992 1218 3046 ab
1243 2991 1529 3063 agnomina
1555 3005 1665 3045 non
1693 2990 2009 3060 distingunt,

412 3086 593 3143 datum
637 3095 756 3152 est,
805 3098 860 3140 ut
890 3100 1010 3140 cum
1049 3084 1103 3139 in
1153 3072 1255 3140 una
1297 3084 1498 3140 familia
1543 3083 1724 3153 plures
1764 3082 2008 3153 ejusdem

2130 1880 2234 1936 etsi
2272 1880 2441 1936 ariete
2483 1882 2613 1936 olim
2659 1883 2712 1938 in
2757 1883 2911 1940 bellis
2943 1886 3022 1940 usi
3065 1886 3326 1943 fuissent:
3360 1886 3486 1943 Cum
3531 1898 3732 1959 tamen,

2129 1972 2335 2043 inquit,
2361 1972 2652 2030 ultimarent
2678 1984 2908 2045 tempora
2933 1977 3116 2048 patria?
3135 1987 3224 2046 ,_et
3244 1979 3376 2036 aries
3396 1980 3509 2048 jam
3539 1980 3734 2036 Roma-

2127 2081 2222 2117 nus
2252 2065 2305 2117 in
2330 2080 2498 2119 muros
2523 2067 2784 2136 quondam
2820 2084 2938 2124 suos
2968 2069 3213 2140 auderet,
3242 2072 3548 2141 Obstupuere
3592 2073 3729 2129 illico

2126 2155 2550 2229 Cartliaginenses
2569 2199 2584 2225 ,
2613 2169 2668 2214 ut
2698 2176 2882 2215 nouum
2910 2171 3209 2218 extraneum
3253 2165 3512 2234 ingenium
3539 2166 3558 2238 (
3583 2164 3730 2223 Idem

2125 2247 2220 2304 lib.
2253 2249 2320 2304 de
2346 2249 2536 2314 Pallio,
2565 2265 2686 2320 cap.
2715 2251 2739 2305 1
2774 2253 2814 2322 ).
2846 2252 3034 2309 Nonne
3065 2263 3244 2310 autem
3270 2255 3394 2311 inde
3419 2256 3600 2327 colligi
3628 2272 3727 2328 po-

2124 2345 2228 2395 test
2255 2338 2339 2394 his
2366 2340 2544 2396 verbis
2567 2357 2678 2398 non
2701 2343 2879 2400 minus
2904 2344 3050 2401 clare
3079 2361 3231 2401 suam
3253 2386 3268 2411 ,
3291 2363 3450 2418 quarti
3500 2349 3716 2405 illorum

2122 2447 2257 2503 quos
2279 2433 2591 2505 alloquitur,
2623 2436 2850 2505 patriam
2873 2436 2941 2492 ab
2966 2438 3055 2494 illo
3085 2438 3394 2510 designari?

2194 2524 2516 2597 Carthagine
2555 2525 2716 2598 igitur
2743 2527 2886 2584 haud
2923 2527 3088 2586 dubie
3130 2539 3288 2586 natus
3315 2541 3431 2600 est,
3461 2541 3642 2603 patre,
3667 2544 3728 2590 ut

2121 2616 2196 2672 ait
2219 2616 2612 2690 Hieronymus,
2657 2622 2950 2677 centurione
2976 2623 3368 2693 proconsulari:
3393 2625 3475 2680 vel
3506 2626 3646 2681 sicut
3669 2627 3724 2684 in

2117 2709 2338 2765 Eusebii
2379 2709 2650 2768 Chronico
2690 2711 3066 2782 legimus:ille
3107 2715 3411 2770 centurionis
3441 2732 3723 2787 proconsu-

2119 2801 2242 2856 laris
2262 2802 2400 2870 ﬁlius
2428 2801 2544 2858 fuit.
2571 2803 2640 2857 At
2665 2818 2771 2859 non
2801 2819 2994 2876 magno
3019 2805 3236 2875 quidem
3254 2805 3305 2860 in
3333 2808 3538 2864 honore
3565 2819 3722 2865 erant

2118 2895 2454 2965 proconsulis
2492 2895 2838 2952 centuriones
2871 2906 2925 2951 ct
2951 2897 3177 2965 milites;
3211 2907 3270 2952 ut
3295 2909 3420 2969 pote
3445 2903 3536 2971 qui
3578 2903 3718 2960 illius

2115 2988 2476 3058 apparitores,
2503 2986 2629 3041 vilia
2650 2987 2948 3043 ministeria
2975 2989 3126 3047 obire
3151 2994 3714 3068 consueverant(Hie-

2113 3097 2314 3150 ronym.
2349 3079 2514 3135 (ἕαται.
2557 3080 2738 3150 script.
2783 3080 2930 3137 Eccl.
2960 3099 3075 3154 cap.
3118 3085 3210 3141 55.
3261 3104 3312 3157 p.
3358 3088 3481 3144 115.
3522 3088 3714 3148 Chron.

412 3189 567 3236 erant
595 3179 860 3245 nominis,
909 3177 1274 3248 unusquisque
1319 3192 1385 3231 ex
1429 3191 1534 3246 qua
1575 3183 1732 3231 natus
1775 3173 2004 3243 fuisset,
2035 3176 2080 3240 C
2114 3174 2302 3229 Euseb.
2327 3173 2395 3227 ad
2419 3190 2538 3227 ann.
2573 3173 2763 3229 Christ.
2792 3174 2900 3231 208
2925 3175 2965 3246 ).

413 3274 838 3345 dignosceretur.
865 3271 937 3326 At
965 3270 1182 3341 quidam
1222 3280 1400 3325 tamen
1424 3268 1716 3338 opinantur
1742 3282 2006 3337 agnomen

412 3368 537 3422 ideo
575 3367 810 3431 dictum,
857 3364 999 3436 quod
1027 3365 1198 3420 tribus
1219 3363 1331 3434 jam
1369 3363 1683 3418 memoratis
1721 3362 2010 3418 accesserit

411 3461 500 3517 vel
543 3460 613 3516 ob
652 3459 963 3530 praeclarum
993 3459 1208 3529 aliquod
1239 3457 1467 3525 factum,
1509 3456 1596 3512 vel
1635 3459 1884 3511 virtutem
1912 3455 2008 3511 ali-

410 3565 570 3623 quam
589 3593 604 3618 ,
632 3551 716 3605 vel
738 3549 954 3620 aliquod
982 3551 1148 3604 animi
1169 3550 1374 3613 vitium,
1400 3549 1483 3603 vel
1510 3546 1754 3618 corporis
1770 3561 2002 3613 naevum,

407 3646 494 3702 vel
518 3634 674 3700 aliam
705 3645 936 3701 similem
967 3645 1036 3700 ob
1059 3659 1299 3700 causam.
1333 3643 1439 3699 Sed
1465 3641 1532 3698 de
1559 3642 1644 3698 his
1672 3642 1825 3714 plura
1856 3641 2008 3712 Sigeo

407 3737 528 3792 nius
549 3778 563 3804 ,
589 3736 902 3808 Onuphrius
938 3736 1238 3802 Panvinus,
1266 3743 1322 3791 et
1350 3734 1438 3789 alii
1467 3735 1678 3806 (Sigon.
1712 3735 1776 3789 de
1803 3736 2001 3790 nomin.

405 3827 627 3883 Roman.
654 3845 771 3900 cap.
800 3830 854 3884 5.
886 3828 1122 3900 Unupltr.
1150 3831 1213 3883 de
1236 3829 1429 3883 nomin.
1467 3828 1621 3884 Rom.
1646 3828 1673 3900 §
1703 3829 1771 3885 15
1801 3837 1846 3883 et
1874 3827 1999 3899 16).

475 3923 789 3981 Tertulliani
835 3923 1010 3994 itaque
1054 3938 1367 3993 praenomen
1414 3923 1512 3978 fuit
1562 3925 1814 3990 Quintus,
1861 3923 2002 3979 haud

403 4018 562 4074 dubie
611 4020 734 4089 quia
780 4019 968 4088 quinto
1021 4019 1160 4073 inter
1202 4017 1394 4072 fratres
1437 4033 1563 4072 suos
1611 4016 1802 4071 ordine
1845 4025 2001 4071 natus

401 4123 536 4168 erat.
567 4111 771 4167 Nomen
799 4111 1079 4184 Septimius
1105 4154 1119 4180 ,
1153 4112 1227 4166 uti
1253 4112 1368 4182 ipse
1398 4112 1480 4166 his
1506 4111 1769 4182 significat
1800 4112 1996 4178 verbis,

402 4214 593 4280 quibus
632 4210 826 4266 librum
870 4212 934 4265 de
981 4208 1256 4281 virginibus
1297 4205 1558 4270 velandis,
1601 4205 1680 4260 sic
1700 4202 1996 4275 .absolvit:

404 4305 529 4362 Haec
551 4324 664 4362 cum
692 4308 822 4361 bona
847 4321 972 4377 pace
998 4303 1310 4377 legentibus,
1345 4303 1606 4357 ueritatem
1635 4304 1997 4359 consuetudini

400 4399 808 4470 prwponentibus
831 4437 846 4464 ,
875 4414 981 4468 pax
1001 4408 1046 4450 et
1076 4397 1242 4467 gratia
1264 4412 1295 4448 a
1324 4393 1542 4448 Damino
1569 4402 1742 4450 nostra
1767 4394 1897 4449 Jesu
1916 4411 1995 4450 re-

400 4494 588 4547 dundet
611 4509 725 4546 cum
751 4492 1002 4562 Septimio
1025 4490 1342 4545 Tertulliano
1360 4531 1375 4555 ,
1403 4491 1552 4557 cuius
1571 4490 1666 4545 hoc
1690 4491 1994 4561 apusculum

2133 3319 2138 3323 ς
2185 3265 2268 3322 Ab
2320 3265 2423 3321 hoc
2467 3275 2647 3322 autem
2690 3276 2842 3337 patre
2889 3283 2987 3324 suo
3034 3269 3432 3343 Tertulliauus,
3490 3284 3546 3331 et
3593 3276 3715 3336 aliis

2113 3374 2257 3416 nunc
2301 3359 2586 3429 incognitis
2616 3361 2933 3431 parentibus
2979 3364 3092 3418 suis
3135 3364 3366 3420 ethnicis
3393 3375 3582 3437 ortus,
3609 3385 3714 3441 ,ne-

2111 3451 2304 3507 fandas
2329 3451 2539 3530 illorum
2566 3454 2983 3523 superstitiones
3008 3471 3129 3512 cum
3154 3457 3289 3514 lacte
3315 3461 3488 3529 suxit,
3511 3463 3714 3531 palam-

2111 3561 2219 3618 que
2247 3557 2434 3616 postea
2460 3544 2736 3616 professus
2764 3556 2865 3602 est.
2897 3546 3033 3603 Nam
3064 3549 3152 3604 ubi
3181 3550 3249 3606 de
3277 3552 3421 3608 veris
3461 3554 3714 3611 christia-

2111 3657 2302 3699 norum
2347 3641 2684 3711 dogmatibus
2747 3641 3023 3712 disputat,
3073 3643 3294 3700 eosdem
3343 3644 3590 3703 ethnicos
3633 3648 3715 3706 sic

2110 3735 2338 3790 affatur:
2367 3733 2496 3789 llaec
2519 3744 2565 3788 et
2605 3750 2697 3789 nos
2734 3733 2939 3789 risimus
2964 3735 3276 3805 aliquando;
3309 3738 3374 3792 de
3403 3739 3582 3794 vestris
3609 3742 3712 3813 fui-

2110 3845 2223 3883 mus
2271 3845 2290 3884 :
2339 3829 2490 3897 ﬁunt,
2546 3843 2649 3882 non
2701 3837 2982 3882 nascuntur
3031 3828 3297 3884 christiani
3340 3829 3704 3903 (Tertullian.

2108 3919 2390 3991 Apologet.
2429 3933 2548 3989 cap.
2587 3916 2717 3991 18).
2751 3918 2918 3975 Suam
2957 3934 3118 3989 vero,
3161 3936 3269 3992 qua
3323 3931 3448 3979 tunc
3491 3924 3707 3982 labora-

2106 4011 2611 4079 bat,_cazcitatem,
2653 4025 2717 4066 ac
2762 4011 2874 4066 veri
2919 4012 3018 4076 Dei
3061 4012 3449 4084 ignorantiam,
3486 4016 3571 4072 his
3596 4032 3710 4073 ver-

2106 4105 2190 4162 bis
2240 4105 2348 4161 alio
2392 4105 2445 4160 in
2494 4105 2632 4160 libro
2660 4102 2906 4174 deplorat
2941 4122 2954 4160 :
2983 4101 3342 4160 Ptenitentiam
3364 4147 3380 4173 ,
3413 4107 3508 4162 hoc
3547 4125 3708 4179 genus

2106 4200 2368 4255 hominum
2388 4239 2404 4267 ,
2444 4197 2580 4269 quod
2605 4205 2652 4251 et
2691 4197 2790 4267 ipsi
2829 4207 2965 4250 retro
2985 4183 3220 4266 ,[uimus,
3247 4199 3415 4268 βαιά,
3443 4200 3552 4255 sine
3588 4201 3704 4256 Do-

2104 4293 2228 4346 mini
2273 4291 2496 4357 lumine,
2529 4298 2713 4344 natura
2761 4299 2904 4344 tenus
2949 4298 3165 4358 norant,
3213 4292 3500 4360 passionem
3543 4293 3701 4349 animi

2103 4386 2376 4456 quamdam
2405 4400 2542 4452 esse,
2569 4397 2684 4453 quae
2707 4383 2874 4437 veniat
2903 4383 2966 4438 de
2990 4367 3197 4456 offensa
3221 4386 3484 4440 sententia:
3511 4386 3698 4455 prioris

2104 4477 2124 4549 (
2147 4476 2268 4532 luit.
2301 4476 2394 4532 lib.
2423 4475 2491 4532 de
2522 4474 2802 4546 poeniteat.
2824 4489 2943 4546 cap.
2973 4476 3048 4548 1).

402 4602 473 4643 est
507 4590 524 4660 (
552 4589 775 4643 Tertull.
823 4589 916 4644 lib.
969 4587 1035 4643 de
1060 4587 1186 4657 Virg
1217 4585 1429 4641 veland.
1461 4599 1580 4655 cap.
1612 4583 1744 4658 17).
1785 4584 1993 4642 Nomen

2169 4568 2305 4624 Tum
2334 4583 2499 4637 ergo,
2531 4565 2982 4636 quemadmodum
3009 4567 3205 4624 eruditi
3241 4567 3344 4622 viri
3375 4568 3696 4626 observave-

398 4691 578 4736 autcm
608 4678 735 4735 illud
779 4679 1016 4750 Septimii
1057 4679 1262 4745 hahuit,
1307 4679 1431 4748 quia
1471 4687 1620 4732 ortus
1649 4687 1732 4732 est
1763 4692 1828 4732 ex
1858 4677 1993 4749 Sep-

397 4773 544 4830 timia
575 4781 747 4844 gente.
799 4772 934 4841 Quia
978 4786 1108 4827 vero
1152 4773 1332 4842 plures
1373 4780 1528 4825 erant
1568 4767 1726 4838 hujus
1779 4770 1994 4826 familia:

397 4869 529 4936 viri,
558 4867 797 4923 additum
825 4868 874 4922 ei
904 4881 1199 4938 cognomen
1223 4863 1447 4920 Florens
1474 4863 1821 4919 Tertullianus
1844 4905 1861 4933 ,
1889 4864 1991 4921 nisi

393 4961 650 5032 probetur
673 4975 702 5013 a
729 4961 1048 5031 cognomine
1075 4958 1326 5030 distingui
1354 4957 1485 5012 illud
1516 4972 1780 5028 agnomen
1799 4997 1819 5026 ,
1847 4956 1991 5028 quod

393 5055 492 5124 ipsi
519 5055 752 5125 aliquam
775 5054 1128 5126 peculiarem,
1158 5052 1230 5107 uti
1258 5051 1655 5122 annotavimus,
1677 5051 1748 5108 ob
1772 5066 1988 5108 causam

391 5147 460 5204 sit
486 5147 777 5218 adjectum.

461 5239 728 5297 Cancrum
759 5239 970 5295 tametsi
999 5247 1228 5310 quatuor
1256 5235 1357 5308 ipsi
1379 5236 1576 5293 fuerint
1599 5239 1814 5294 nomina
1834 5279 1849 5306 ,
1873 5238 1990 5294 solo

391 5331 739 5388 nihilominus
767 5330 1084 5388 Tertulliani
1111 5331 1331 5386 nomine
1371 5330 1441 5384 ab
1480 5330 1747 5397 Eusebio,
1780 5330 1854 5384 uti
1878 5331 1986 5400 jam

391 5423 621 5480 vidimus
647 5468 659 5489 ,
692 5436 854 5497 atque
893 5425 961 5480 ab
988 5425 1316 5496 Hieronymo
1340 5464 1354 5490 ,
1379 5432 1434 5478 et
1460 5422 1581 5478 aliis
1602 5463 1617 5490 ,
1642 5425 1989 5494 quemadmo-

390 5518 517 5573 dum
568 5519 705 5574 ini’ra
749 5535 849 5575 nec
892 5518 1058 5574 semel
1104 5517 1632 5584 animadvertemus,
1672 5519 1987 5590 appellatur.

388 5610 566 5681 Atque
593 5627 658 5666 eo
688 5611 848 5665 etiam
882 5611 1000 5665 solo
1028 5611 1410 5683 Apologeticus
1431 5612 1546 5682 ejus
1574 5612 1710 5670 liber
1732 5615 1784 5669 in
1811 5630 1991 5670 manu-

392 5703 608 5773 scriptis
633 5704 834 5760 nostris
858 5703 1132 5761 codicibus
1152 5705 1443 5777 inscriptus
1470 5714 1570 5762 est.

464 5794 578 5864 Qua
606 5806 787 5855 autem
820 5799 874 5856 in
902 5799 1171 5872 provincia
1199 5808 1254 5858 et
1279 5799 1413 5858 urbe
1440 5811 1597 5860 natus
1623 5804 1731 5873 sit,
1764 5815 1866 5862 nos
1892 5801 1991 5863 do-

2099 4669 2258 4729 runt,
2284 4659 2398 4716 veri
2427 4659 2523 4714 Dei
2552 4667 2608 4714 et
2637 4657 2946 4726 christiana:
2978 4660 3255 4732 religionis
3281 4659 3484 4717 lumine
3522 4661 3699 4733 priva-

2099 4764 2218 4823 tus,
2249 4753 2484 4825 profanis
2525 4753 2848 4823 spectaculis
2890 4753 3273 4809 delectabatur.
3308 4755 3385 4811 De
3425 4755 3511 4812 his
3547 4758 3694 4813 enim

2095 4847 2184 4903 ille
2210 4847 2402 4903 alicubi
2428 4845 2597 4902 dixit:
2631 4845 2778 4901 Malo
2806 4863 2908 4901 non
2930 4846 3141 4917 implere
3161 4887 3176 4915 ,
3213 4863 3367 4912 quam
3409 4851 3694 4906 meminisse

2095 4941 2255 5014 (Lib.
2308 4941 2376 4998 de
2421 4941 2671 5012 Spectac.
2709 4955 2826 5011 cap.
2860 4941 2992 5011 19).
3027 4939 3165 5010 Quin
3217 4943 3377 4997 etiam
3419 4959 3528 5000 non
3576 4943 3696 5001 sine

2094 5035 2260 5092 animi
2284 5035 2474 5092 dolore
2502 5034 2786 5092 confitetur
2809 5050 2868 5091 se
2897 5035 2950 5091 in
2993 5035 3168 5107 turpia
3197 5037 3378 5093 carnis
3404 5037 3532 5092 vitia
3573 5051 3696 5094 esse

2092 5129 2401 5200 prolapsum
2424 5145 2438 5183 :
2471 5125 2584 5199 Ego
2608 5129 2750 5184 enim
2776 5168 2792 5195 ,
2822 5127 3130 5198 inquiebat,
3153 5130 3258 5185 scio
3285 5147 3363 5184 me
3401 5147 3561 5201 neque
3589 5130 3697 5190 alia

2092 5237 2243 5276 carne
2267 5220 2519 5275 adulteria
2534 5221 2863 5290 commisisse,
2878 5237 3037 5292 neque
3056 5231 3198 5289 tunc,
3215 5223 3522 5295 legendum,
3537 5239 3697 5296 nunc,

2093 5315 2198 5368 alia
2243 5329 2394 5368 carne
2429 5314 2497 5367 ad
2544 5315 2902 5369 continentiam
2931 5315 3052 5368 eniti
3083 5314 3234 5385 (Lib.
3269 5316 3337 5372 dc
3378 5317 3694 5372 liesurt‘ect.

2095 5423 2242 5465 carn.
2275 5424 2396 5480 cap.
2425 5409 2537 5481 59).
2561 5408 2673 5465 Nec
2697 5410 2878 5465 minus
2897 5419 3080 5480 aperte
3114 5411 3352 5466 declarat
3375 5428 3434 5468 se
3463 5411 3692 5470 aliorum

2094 5510 2437 5572 peccatorum
2477 5517 2696 5558 suorum
2728 5503 3081 5572 paenituisse:
3111 5501 3192 5556 Tu
3232 5515 3468 5572 peccator
3502 5506 3600 5560 mei
3625 5506 3700 5560 si-

2094 5595 2230 5650 milis
2251 5636 2267 5663 ,
2294 5595 2399 5649 imo
2424 5611 2501 5650 me
2540 5597 2727 5651 minor.
2750 5594 2866 5669 Ego
2892 5599 3028 5651 enim
3052 5601 3404 5668 praestantiam
3426 5601 3479 5656 in
3499 5601 3697 5656 delictis

2096 5707 2260 5746 nteant
2282 5707 2502 5762 agnosco
2523 5691 2662 5764 (Lib.
2689 5691 2760 5750 de
2784 5693 3078 5750 Pcenitent.
3109 5711 3228 5768 cap.
3259 5695 3342 5770 4).
3382 5699 3462 5754 Ac
3509 5711 3700 5756 rursus

2092 5792 2310 5858 postea:
2335 5784 2584 5844 Peccator
2598 5788 2824 5846 omnium
2845 5799 3084 5848 notarum
3103 5806 3220 5848 cum
3245 5793 3471 5868 sim,.nec
3498 5791 3592 5851 ulli
3619 5799 3697 5854 rei
