4252 6264
561 297 665 357 727

1643 294 1713 352 IN
1750 292 2215 354 TERTULLIANI
2250 291 2780 362 APOLOGETICUH

3758 305 3872 363 728

555 417 655 470 nisi
698 415 1003 486 paenitentia:
1040 410 1211 480 n'atus,
1236 429 1338 467 non
1368 413 1523 486 facile
1567 428 1774 482 possum
1803 427 1956 482 super
1997 427 2060 465 ea
2106 427 2162 464 re
2187 410 2242 471 Α
2265 409 2543 469 daemones
2581 414 2866 481 potestatis
2897 417 3143 475 oculatus
3173 416 3327 474 testis
3367 417 3502 483 fuit.
3550 425 3646 475 aut
3670 419 3861 479 saltem

560 517 729 563 tacere
749 508 886 578 (Lib.
920 506 987 560 de
1013 504 1210 560 Pmnit.
1235 519 1354 574 cap.
1380 505 1490 562 12).
1521 506 1592 558 At
1619 504 1753 558 nulli
1780 503 1969 576 procul
1997 501 2162 558 dubio

558 599 753 653 mirum
775 596 1062 660 videbitur,
1096 596 1140 649 si
1167 594 1414 650 ethnicus
1441 594 1639 661 homo,
1668 594 1762 662 qui
1786 593 1917 649 deos
1956 591 2162 649 adulte.

554 705 679 757 ros,
711 698 765 742 ct
783 686 1041 741 adulteris
1073 686 1282 757 pejores
1319 685 1611 752 adorabat,
1659 701 1846 741 eorum
1878 684 2122 756 exempla
2143 725 2159 750 ,

556 782 696 837 sicut
742 779 992 835 Chaereas
1045 779 1185 849 apud
1237 779 1546 835 Terentium
1595 777 1861 850 (Eunuclt.
1916 787 2017 833 act.
2071 778 2157 834 Ill.

555 890 689 928 scen.
723 873 774 928 5.
805 888 850 926 v.
880 872 950 928 45
973 878 990 942 )
1015 871 1167 942 sequi
1202 872 1453 927 voluerit.
1485 870 1591 927 Sed
1636 880 1850 942 quanta:
1898 871 2015 927 haec
2060 873 2163 927 cri-

555 964 703 1019 mina
732 962 1064 1018 Tertulliano
1107 963 1233 1017 olim
1283 962 1500 1018 etlinico
1544 963 1846 1033 voluptati,
1880 973 2026 1018 tanto
2061 963 2164 1035 ipsi

556 1057 904 1114 Christianam
933 1067 1115 1126 postea
1147 1057 1460 1128 religionem
1506 1057 1774 1126 proﬁtenti
1800 1097 1816 1123 ,
1850 1056 1926 1112 uti
1954 1072 2021 1112 ex
2047 1058 2163 1127 ejus

555 1153 707 1207 libris
727 1162 933 1221 ,.atque
960 1151 1062 1207 hoc
1092 1152 1391 1223 prazsertim
1424 1150 1773 1222 Apologetico
1793 1191 1808 1217 ,
1837 1159 2002 1221 patet,
2029 1150 2163 1212 hor-

557 1243 670 1299 rori
701 1243 936 1298 fuerunt.

1166 1394 1454 1434 ARTICULUS
1492 1379 1572 1432 mi"

562 1538 759 1604 Quibus
801 1538 1086 1592 rationibus
1118 1537 1460 1592 Tertullianus
1491 1535 1559 1590 ad
1588 1536 1922 1591 christianum
1950 1538 2162 1609 religio-

661 1651 664 1654 ν
724 1648 840 1686 nem
867 1632 1119 1686 adductus
1137 1673 1152 1700 ,
1182 1643 1228 1686 et
1257 1631 1460 1701 quando
1487 1646 1599 1684 eam
1621 1633 1884 1701 professus
1905 1640 1999 1685 est.

2265 504 2334 558 de
2362 505 2451 558 illa
2483 509 2554 560 ita
2581 522 2904 577 persuasus,
2936 519 2996 566 ut
3022 513 3272 568 ethnicos
3295 513 3362 568 ad
3399 514 3696 584 perieulum
3722 515 3864 573 illius

2264 613 2449 654 coram
2477 600 2728 657 omnibus
2756 602 3056 660 faciendum
3087 616 3380 677 provocet,
3421 621 3486 662 ac
3529 607 3631 663 nisi
3660 607 3863 665 daemo-

2267 707 2362 747 nes
2389 693 2456 748 ab
2479 693 2583 749 illis
2612 694 2838 765 adjurati
2863 738 2878 763 ,
2907 713 2967 754 se
2995 698 3127 755 deos
3153 714 3260 754 non
3288 715 3410 756 esse
3437 700 3734 770 fateantur,
3768 701 3863 758 bo-

2267 797 2450 840 rumce
2475 784 2892 843 Christianorum
2922 791 3047 845 velit
3076 788 3225 862 fundi
3247 790 3601 862 sanguinem?
3631 793 3704 848 At
3737 795 3863 863 quid

2264 875 2392 942 isto,
2443 877 2655 948 inquit,
2700 896 2852 949 opere
2898 883 3246 954 manifestius,
3276 883 3400 954 quid
3441 884 3537 939 ltoc
3566 885 3864 956 probatione

2266 965 2511 1038 ﬁdelius?
2549 970 2868 1039 Simplicitas
2922 974 3146 1029 veritatis
3182 979 3235 1030 in
3291 975 3457 1032 medio
3513 987 3583 1032 est
3631 976 3815 1050 (idem
3843 1021 3860 1047 ,

2266 1060 2547 1132 Apologet.
2596 1079 2722 1134 cap.
2761 1065 2832 1122 25
2853 1064 2896 1138 ).
2942 1065 3294 1138 Exploratam
3327 1069 3486 1141 igitur
3531 1069 3717 1127 habuit
3763 1073 3864 1129 bu-

2262 1153 2351 1223 jus
2391 1156 2614 1212 rationis
2644 1167 2698 1212 et
2739 1160 3087 1228 experientiae
3135 1161 3240 1216 vim
3261 1202 3277 1227 ,
3309 1162 3395 1217 cui
3434 1178 3466 1217 a
3495 1163 3736 1233 nemine,
3760 1166 3863 1222 nisi

2266 1244 2416 1301 falsis
2443 1248 2764 1319 prarjudiciis
2792 1252 3004 1322 penitus
3030 1252 3332 1321 obcaecato,
3367 1255 3548 1312 resisti
3569 1271 3729 1327 posse
3773 1273 3862 1314 ar-

2266 1338 2580 1396 bitrabatur.

2336 1431 2448 1488 Nec
2473 1434 2647 1489 minus
2673 1449 2950 1507 perspecm
2976 1437 3078 1509 ipsi
3100 1439 3198 1494 fuit
3227 1439 3516 1511 Scriptum
3546 1455 3712 1499 sacrae
3736 1457 3864 1499 auc-

2265 1528 2489 1594 toritas,
2530 1544 2720 1599 quam,
2767 1529 2973 1601 inquit,
3024 1531 3110 1600 qui
3149 1531 3368 1600 adierit,
3400 1535 3618 1589 inveniet
3662 1534 3862 1601 Deum;

2265 1622 2352 1691 qui
2403 1623 2552 1676 etiam
2597 1623 2847 1678 studuerit
2900 1625 3219 1698 intelligere,
3272 1638 3482 1698 cogetur
3533 1639 3582 1681 et
3635 1630 3862 1686 credere.

2266 1711 2287 1783 (
2315 1711 2445 1768 Ibid.
2477 1728 2593 1785 cap.
2627 1714 2752 1784 l8).
2778 1715 2968 1772 Nonne
2992 1733 3121 1790 ergo
3157 1729 3213 1773 et
3252 1720 3342 1775 ille
3388 1721 3458 1775 ibi
3504 1722 3673 1777 Deum
3714 1725 3863 1780 inve-

555 1811 572 1850 Γ
633 1811 838 1878 Quibus
887 1811 1248 1867 Tertullianus
1297 1809 1596 1866 rationibus
1642 1809 1710 1865 ad
1760 1808 1962 1866 Christi
2003 1810 2159 1868 ﬁdem
2191 1809 2239 1870 B
2269 1804 2380 1869 nil.
2439 1814 2494 1860 θι
2547 1807 2709 1863 falsos
2751 1810 2971 1879 agHOVit
3011 1811 3290 1880 gentilium
3346 1811 3518 1880 deos,
3571 1829 3638 1869 ac
3684 1832 3865 1871 veram

558 1903 969 1975 amplexandam
1017 1905 1276 1974 impulsus
1323 1905 1420 1973 sit,
1467 1905 1512 1958 si
1557 1904 1678 1974 quis
1723 1897 1989 1973 postulat,
2037 1903 2084 1960 is
2130 1919 2160 1958 a

561 1997 793 2067 Georgio
820 1997 1166 2052 Ambianensi
1197 1997 1458 2067 capucino
1489 1995 1669 2051 audiet
1688 2005 1798 2051 tres
1819 1996 1936 2052 illas
1962 1996 2156 2053 fuisse:

559 2090 976 2145 Christianorum
999 2090 1384 2156 innocentiam,
1405 2089 1782 2147 excellentiam
1801 2106 1968 2148 sacra:
1988 2090 2163 2160 Scrip-

557 2193 693 2238 tura:
714 2224 730 2248 ,
762 2197 826 2237 ac
851 2183 1042 2236 miram
1081 2183 1393 2238 eorumdem
1421 2182 1838 2242 christianorum
1869 2187 1923 2240 in
1953 2184 2158 2239 daemo-

558 2289 656 2330 nes
686 2281 1003 2345 potestatcm
1032 2272 1242 2346 (Georg.
1265 2274 1638 2330 vind.Tertull.
1667 2285 1801 2346 part.
1821 2293 1881 2345 tt,
1904 2284 2084 2348 quaest.
2105 2276 2155 2330 l.

557 2375 607 2421 et
633 2367 710 2437 2).
743 2366 943 2422 Verum
963 2365 1079 2422 lucc
1102 2367 1215 2435 ipsa
1236 2409 1251 2437 ,
1276 2369 1618 2439 quantumvis
1647 2369 1820 2426 valida
1841 2411 1856 2436 ,
1887 2370 2158 2426 rationum

556 2470 830 2516 momenta
874 2461 964 2515 ille
1011 2461 1198 2516 eadem
1225 2502 1241 2529 ,
1298 2476 1403 2532 qua
1443 2459 1814 2529 atlstruiterat,
1861 2478 2026 2519 manu
2065 2463 2162 2518 de-

557 2552 740 2608 struit.
766 2550 900 2606 Nam
931 2552 1270 2607 continenter
1294 2551 2154 2624 adjunxitethnicosJudaeosque,

559 2644 748 2715 quales
777 2643 959 2714 utique
996 2654 1149 2698 erant
1191 2643 1485 2714 Ulpianus,
1537 2654 1592 2700 et
1633 2645 1955 2713 Suetonius,
1999 2647 2177 2704 Jose-.

554 2737 700 2807 phus
723 2746 779 2792 et
809 2736 966 2793 Philo
987 2778 1001 2804 ,
1034 2737 1276 2806 aliosque
1302 2727 1645 2813 dnctissimos
1675 2740 1820 2793 viros
1840 2779 1855 2804 ,
1893 2739 2042 2795 hisce
2073 2755 2158 2796 ra-

475 2877 484 2898 ,
559 2829 794 2885 tionibus
847 2845 951 2883 non
1017 2829 1192 2884 minus
1249 2838 1490 2895 attento,
1539 2845 1702 2900 quam
1753 2831 2154 2901 Tertullianus,

559 2925 740 2977 animo
767 2922 1076 2992 ponderatis
1103 2965 1118 2989 ,
1151 2938 1256 2978 non
1301 2923 1540 2994 potuisse
1575 2924 1645 2980 ad
1684 2925 1994 2982 christiana:
2031 2928 2157 2983 reli-

559 3012 734 3084 gionis
773 3013 1160 3082 professionem
1188 3014 1398 3070 adduci.
1438 3015 1814 3084 Quamobrem
1846 3027 1996 3089 putat
2023 3019 2156 3075 'l'ero

556 3110 841 3166 tullianum
869 3119 1144 3164 nutantem
1189 3109 1403 3175 adhuc,
1444 3125 1506 3164 ac
1548 3109 1931 3179 ﬂuctuantem,
1979 3114 2153 3184 aliqua

2265 1912 2386 1953 esse
2431 1898 2776 1954 christianam
2807 1901 3159 1974 religionem?
3190 1904 3377 1960 Tantis
3404 1907 3549 1962 enim
3577 1907 3866 1964 luminibus

2266 1992 2382 2046 haec
2413 1993 2606 2048 veritas
2631 1992 2887 2064 fulgebat,
2911 2007 2969 2050 ut
2992 1995 3061 2050 ab
3090 1997 3341 2054 omnibus
3366 2000 3667 2058 voluntaria
3695 2002 3865 2057 obsti-

2266 2085 2483 2138 natione
2526 2100 2633 2139 non
2673 2086 2977 2150 obcaecatis,
3008 2092 3191 2144 statim
3218 2092 3602 2160 susciperetur.
3634 2092 3739 2150 Sed
3780 2112 3868 2151 au.

2264 2174 2381 2230 dias
2421 2176 2578 2232 velim
2606 2178 2753 2233 illum
2786 2178 2902 2234 lucc
2929 2191 3267 2238 cnarrantem
3293 2199 3308 2238 :
3334 2183 3703 2242 Testimonium
3722 2190 3864 2260 igno-

2262 2269 2442 2323 rantite
2466 2279 2567 2335 est,
2595 2287 2709 2339 quae
2735 2271 3051 2342 iniquitatem
3077 2274 3200 2328 dum
3239 2286 3485 2343 excusat,
3524 2281 3864 2346 condemnat,-

2262 2375 2377 2414 cum
2397 2377 2571 2416 omnes
2589 2364 2678 2433 qui
2703 2373 2836 2418 retro
2865 2367 3113 2435 oderant,
3142 2369 3262 2436 quia
3284 2370 3587 2440 ignorabant
3615 2375 3764 2443 quale
3798 2377 3865 2430 sit
3930 2405 3938 2416 σ

2261 2453 2399 2521 quod
2415 2453 2644 2518 oderant,
2663 2455 2819 2510 simul
2837 2457 3076 2512 desinunt
3101 2460 3338 2530 ignorare
3351 2502 3366 2526 ,
3393 2473 3590 2518 cessant
3609 2475 3657 2519 et
3675 2467 3858 2522 odisse.

2262 2543 2348 2598 Ea:
2377 2544 2456 2600 his
2495 2546 2624 2614 ﬁunt
2665 2548 2960 2614 christiani,
2993 2550 3162 2621 utique
3203 2552 3267 2607 de
3306 2564 3594 2624 comperto,
3644 2567 3694 2610 et
3735 2559 3864 2612 inci-

2263 2639 2408 2706 piunt
2449 2637 2616 2693 odisse
2642 2642 2778 2709 quod
2821 2641 3058 2710 fuerant,
3102 2652 3151 2697 et
3193 2645 3422 2714 proﬁteri
3461 2647 3596 2716 quod
3643 2649 3858 2704 oderant

2263 2730 2435 2799 (Ibid.
2465 2747 2582 2800 cap.
2621 2733 2696 2803 Ι).
2741 2735 2810 2788 At
2836 2744 2983 2790 certe
3009 2737 3052 2789 si
3094 2745 3172 2790 tot
3195 2738 3457 2808 gentiles,
3491 2739 3688 2797 fatente
3717 2742 3862 2812 ipso-

2261 2834 2371 2879 met
2397 2824 2751 2892 Tcrtulliano,
2783 2827 2865 2881 his
2885 2828 3157 2895 omnibus,
3191 2839 3286 2884 aut
3317 2831 3540 2902 singulis
3567 2833 3865 2889 rationibus

2261 2917 2384 2972 lacti
2430 2927 2555 2972 sunt
2597 2918 2914 2986 christiani;
2961 2931 3164 2990 quanto
3211 2925 3382 2993 magis
3440 2924 3568 2992 ille,
3597 2925 3683 2980 cui
3730 2925 3866 2982 adeo

2260 3021 2534 3082 comperta
2559 3011 2659 3066 fuit
2683 3012 2889 3068 falsitas
2917 3013 3191 3084 religionis
3229 3017 3603 3082 ethnicorum,
3632 3028 3686 3073 et
3724 3019 3868 3074 chri-

2260 3105 2446 3159 stianae
2466 3105 2683 3160 veritas.
2716 3105 2798 3160 Ad
2829 3105 2976 3160 illam
3005 3108 3166 3177 igitur
3200 3109 3547 3179 rejiciendam
3570 3152 3584 3175 ,
3625 3120 3681 3166 et
3726 3111 3863 3168 hanc

559 3203 818 3274 singulari
870 3202 1156 3272 divinaque
1213 3202 1420 3258 visione
1468 3203 1798 3273 impulsum,
1848 3204 2155 3285 christiana:
2182 3198 2227 3261 C
2261 3199 2668 3266 amplexanda"!
2719 3215 2856 3270 opus
2899 3215 3007 3256 ηοη
3047 3201 3228 3257 halm“
3275 3217 3378 3268 εει,
3408 3219 3570 3274 quam
3598 3204 3862 3276 Georgius

554 3297 804 3367 religioni
828 3311 982 3351 somn
1010 3296 1222 3352 dedisse
1248 3312 1462 3353 nomen.
1489 3295 1596 3352 Sed
1623 3297 1890 3354 undenam
1911 3341 1926 3368 ,
1950 3315 2154 3370 quaeso,

558 3387 818 3458 Georgius
861 3387 1046 3442 didicit
1083 3401 1113 3440 a
1163 3386 1474 3443 memoratis
1502 3387 1570 3441 ab
1606 3402 1672 3443 eo
1712 3404 1835 3444 cum
1870 3389 2158 3460 gentilibus

556 3489 673 3535 tum
715 3480 913 3535 Judmis
971 3479 1090 3534 illas
1134 3480 1442 3535 eliristianm
1488 3479 1764 3551 religionis
1812 3483 2157 3552 probationes

553 3580 708 3625 tanta
738 3580 938 3641 quanta
967 3586 997 3624 a
1040 3570 1374 3626 Tertulliano
1404 3571 1568 3626 animi
1614 3574 1909 3628 attentione
1929 3614 1944 3640 ,
1992 3577 2158 3646 tequi-

556 3672 668 3718 tate
691 3701 706 3728 ,
735 3661 1044 3716 sinceritate
1062 3677 1327 3731 expensas
1351 3673 1407 3718 et
1434 3662 1800 3732 ponderatas?
1825 3664 1973 3720 Unde
1993 3667 2156 3722 etiam

556 3753 764 3822 accepit
787 3751 1179 3808 Tertullianum
1205 3753 1292 3808 illa
1320 3753 1580 3824 singulari
1621 3755 1827 3811 visione
1856 3756 2017 3813 luisse
2060 3759 2156 3816 do.

555 3855 773 3914 natum,
803 3862 905 3916 qua
929 3847 1166 3916 privatus
1186 3888 1201 3914 ,
1232 3848 1349 3902 aliis
1375 3849 1786 3916 quamtumlibet
1810 3851 2156 3911 validissimis

554 3937 886 4002 rationibus,
935 3938 1000 3992 ad
1040 3938 1388 3993 christianum
1433 3939 1748 4010 religionem
1784 3942 1978 3999 adduci
2019 3961 2156 4001 nunc

555 4048 716 4104 quam
747 4032 1045 4103 potuisset?
1071 4031 1283 4088 Siccine
1309 4047 1440 4104 ergo
1479 4033 1773 4090 christiano
1797 4037 2154 4110 religiosoque

553 4129 762 4184 homini
806 4127 930 4182 licet
955 4143 1102 4183 mera
1132 4142 1302 4198 eaque
1333 4128 1601 4184 levissima
1631 4131 1938 4200 conjectura
1966 4148 2152 4188 eorum

553 4221 663 4274 vim
693 4228 749 4276 et
773 4219 936 4274 robur
971 4219 1241 4275 inﬁrmare
1262 4223 1729 4294 argumentorum},
1759 4223 1952 4294 quibus
1977 4225 2151 4280 chris-

553 4313 716 4370 tiana:
741 4315 1015 4385 religionis
1041 4315 1238 4370 veritas
1256 4357 1271 4381 ,
1307 4325 1365 4371 ut
1403 4315 1539 4371 infra
1567 4317 1912 4374 ostendemus
1933 4361 1950 4390 ,
1989 4319 2152 4375 invic-

555 4407 766 4462 tissime
809 4405 1250 4460 dcmonstratur?
1297 4406 1404 4462 Sed
1433 4407 1620 4462 doctus
1661 4408 1752 4464 ille
1788 4409 1871 4463 vir
1914 4411 2150 4466 animum

548 4490 702 4559 'haud
745 4500 907 4556 dubie
933 4515 1040 4556 non
1065 4499 1196 4555 satis
1235 4499 1543 4575 adverterat
1567 4501 1634 4556 ad
1659 4516 1722 4557 ea
1752 4501 2064 4558 Tertulliani
2096 4504 2148 4559 in

2261 3291 2416 3346 ﬁnxit
2436 3334 2452 3360 ,
2481 3291 2658 3346 divina
2683 3293 2912 3349 visione.

2335 3387 2559 3455 Quando
2585 3396 2766 3443 autem
2793 3386 3104 3444 christianos
3139 3388 3384 3459 religioni
3415 3404 3608 3446 nomen
3633 3389 3862 3458 dederit,

2261 3493 2367 3534 non
2396 3479 2466 3533 ita
2495 3477 2652 3534 facile
2680 3479 2900 3534 dixeris.
2930 3479 3191 3550 Opinatus
3213 3489 3298 3536 est
3325 3483 3468 3536 enim
3505 3481 3776 3538 Pamclius
3802 3483 3864 3538 lio

2258 3570 2416 3626 brum
2453 3570 2516 3624 de
2544 3571 2718 3624 Pallio
2749 3571 3014 3640 publicam
3063 3573 3115 3626 in
3143 3572 3317 3628 lucem
3365 3573 3434 3628 ab
3475 3573 3570 3629 illo
3596 3574 3854 3630 emissum

2259 3679 2400 3718 anno
2425 3662 2622 3719 Christi
2651 3664 2775 3730 195,
2803 3674 2856 3718 et
2878 3665 3058 3720 statim
3082 3680 3146 3720 ac
3168 3665 3256 3720 ille
3281 3665 3570 3721 christiana
3597 3666 3858 3736 religione

2259 3759 2500 3814 initiatus
2525 3758 2643 3813 fuit.
2671 3758 2775 3814 Sed
2802 3757 2934 3813 falsa
2977 3768 3060 3814 est
3099 3758 3259 3829 hujus
3284 3758 3560 3829 scriptoris
3585 3757 3767 3827 opinio
3801 3758 3852 3812 in

2257 3849 2578 3920 assignanda
2602 3849 2760 3919 hujus
2781 3849 2900 3904 libri
2931 3859 3089 3906 astate
3109 3892 3126 3917 ,
3164 3866 3321 3921 quem
3348 3851 3501 3919 longe
3524 3860 3706 3919 postea
3726 3890 3742 3914 ,
3773 3851 3856 3904 ni-

2257 3942 2449 3996 mirum
2481 3950 2600 4011 post
2637 3941 2806 4011 ipsius
2833 3958 2862 3994 a
2888 3941 3150 3996 catholica
3193 3941 3429 3998 Ecclesia
3457 3940 3854 4010 defectionem,

2256 4044 2312 4092 et
2351 4036 2493 4091 circa
2531 4049 2731 4090 annum
2755 4035 2854 4090 2H
2889 4036 3148 4106 scriptum
3190 4051 3332 4091 nunc
3357 4035 3638 4106 peritiores
3665 4035 3857 4091 existi-

2257 4141 2424 4186 mant.

2328 4225 2448 4279 Alio
2475 4223 2636 4294 igitur
2669 4224 2831 4281 modo
2878 4223 3308 4294 investigandum
3351 4231 3436 4278 est
3483 4231 3748 4293 suscepta:
3786 4222 3853 4276 ab

2256 4317 2348 4372 illo
2391 4316 2549 4387 hujus
2593 4317 2941 4388 professionis
2983 4317 3211 4371 initium.
3258 4314 3524 4370 Discimus
3567 4324 3749 4370 autem
3786 4330 3848 4368 ex

2254 4411 2582 4482 Hieronymo
2607 4412 2805 4466 editam
2853 4410 2921 4465 ab
2961 4423 3027 4464 eo
3055 4409 3118 4462 de
3160 4409 3385 4479 conjugii
3430 4407 3672 4462 molestiis
3715 4423 3854 4462 com-

2254 4505 2635 4560 mentationem
2658 4521 2671 4558 :
2704 4501 2832 4559 Cum
2852 4502 3022 4556 adhuc
3041 4509 3167 4556 esset
3195 4500 3488 4554 adolescens
3513 4499 3848 4569 (llieronym.

552 4595 905 4667 Apologetico
971 4593 1039 4649 de
1101 4593 1391 4664 Martyrum
1453 4595 1706 4664 patientia
1761 4596 1970 4651 verba:
2023 4593 2345 4664 Quileib.
2394 4597 2436 4652 Ι.
2485 4598 2604 4653 adv.
2659 4597 2839 4652 Jovin.
2870 4611 2989 4667 pag.
3024 4596 3125 4651 157
3154 4594 3190 4665 ).
3222 4594 3476 4663 Quamvis
3519 4604 3696 4649 autem
3727 4607 3848 4648 eum

553 4707 654 4745 non
676 4689 1096 4759 contemplatione
1115 4688 1226 4758 ejus
1251 4686 1534 4740 concutitur
1562 4687 1630 4740 ad
1651 4688 2011 4758 requirendum
2025 4689 2158 4762 quid}

550 4782 688 4836 intus
712 4781 766 4834 in
803 4796 858 4834 re
883 4780 984 4833 sit?
1012 4778 1140 4845 Quis
1168 4795 1266 4830 non
1285 4818 1299 4840 ,
1332 4779 1418 4830 ubi
1455 4778 1748 4846 requisivit,
1793 4779 2020 4832 accedit?
2050 4778 2149 4835 Ubi

551 4873 785 4940 accessit,
808 4873 938 4925 mori
958 4880 1162 4942 exoptat
1189 4870 1530 4940 (Tertullian.
1560 4871 1843 4942 Apologet.
1871 4887 1987 4942 cap.
2016 4870 2149 4944 50)?

549 4967 622 5024 Et
647 4981 834 5022 rursus
864 4966 954 5021 ille
983 4963 1136 5021 alteri
1165 4965 1301 5020 libro
1339 4965 1416 5020 sic
1445 4965 1608 5021 ﬁnem
1634 4966 1890 5037 imponit:
1928 4967 2150 5039 Quisque

551 5069 746 5114 tantam
785 5059 1107 5113 tolerantiam
1146 5067 1406 5128 spectans,
1454 5067 1510 5112 ut
1551 5060 1725 5128 aliqua
1763 5062 2002 5132 scrupulo
2032 5077 2150 5132 per-

547 5171 748 5221 cussus,
773 5163 820 5208 et
847 5153 1096 5225 inquirere
1122 5153 1419 5207 accenditur
1445 5153 1566 5222 quid
1591 5155 1653 5207 sit
1681 5155 1733 5208 in
1759 5171 1961 5224 caussa,
1991 5165 2039 5210 et
2065 5157 2148 5212 ubi

546 5246 835 5318 cognoverit
875 5247 1162 5311 veritatem,
1213 5256 1259 5300 et
1309 5247 1419 5316 ipse
1467 5247 1638 5300 statim
1689 5247 1917 5319 sequitur
1953 5247 1972 5319 (
1996 5247 2140 5305 Libr.

547 5341 614 5395 ad
650 5339 868 5409 Scapul.
912 5354 1031 5409 cap.
1066 5339 1238 5395 ultim.
1267 5338 1305 5409 ).
1342 5345 1410 5394 At
1432 5340 1476 5396 si
1505 5341 1728 5411 quilibet
1755 5343 1970 5413 gentilis
1993 5385 2009 5412 ,
2042 5359 2143 5401 nec

547 5434 768 5489 omnino
798 5436 1038 5505 pertinax
1059 5476 1073 5498 ,
1117 5450 1215 5491 nec
1244 5435 1458 5506 iniquus
1483 5452 1667 5492 rerum
1691 5438 2018 5504 aestimator,
2060 5439 2142 5494 sic

540 5526 719 5596 agnita
774 5524 1081 5581 Christianae
1121 5526 1396 5597 religionis
1440 5529 1699 5596 veritate,
1726 5545 1845 5586 eam
1875 5529 2143 5600 amplexa.

541 5625 630 5676 tus
667 5626 784 5685 est,
815 5629 1012 5686 quanto
1040 5620 1209 5688 magis
1235 5619 1627 5687 Tertulliauos,
1669 5621 1759 5692 qui
1800 5622 1936 5679 alios
1976 5623 2139 5680 animi

538 5711 830 5780 sagacitate
851 5751 867 5773 ,
894 5719 948 5766 et
972 5711 1225 5783 aequitate
1246 5713 1402 5782 longe
1422 5712 1749 5782 superabat?

610 5800 750 5863 Quid
803 5816 963 5871 vero,
1007 5802 1148 5870 quod
1197 5802 1288 5860 ille
1338 5805 1573 5860 maxime
1617 5805 2034 5862 Christianorum
2078 5809 2134 5866 in

2247 4690 2467 4760 juvenili
2493 4701 2650 4745 uitale
2677 4690 2870 4745 lusisse
2911 4690 2962 4744 in
2994 4688 3095 4744 hac
3139 4687 3358 4743 materia
3387 4687 3623 4752 dixerit;
3656 4686 3851 4742 Eusto-

2252 4784 2431 4840 chium
2474 4795 2650 4840 tamen
2679 4784 2938 4854 virginem
2981 4783 3048 4837 ad
3097 4783 3271 4848 hunc,
3301 4783 3442 4836 sicut
3481 4790 3535 4836 et
3577 4780 3713 4834 alios
3753 4779 3852 4850 Cy-

2253 4879 2422 4948 priani
2445 4918 2460 4944 ,
2503 4877 2744 4939 Damasi,
2777 4885 2936 4947 atque
2962 4873 3233 4931 Ambrosii
3266 4873 3429 4928 libros
3475 4871 3733 4942 legendos
3758 4870 3851 4927 ad—

2253 4971 2528 5028 hortatur:
2587 4969 2654 5025 Et
2694 4986 2867 5037 nunc,
2915 4969 3126 5042 inquit,
3172 4967 3345 5022 eadem
3389 4965 3660 5033 admoneo,
3711 4973 3766 5018 ut
3804 4963 3852 5020 si

2252 5063 2340 5118 tibi
2368 5063 2532 5132 placet
2563 5063 2693 5118 scire
2723 5072 2843 5130 quot
2885 5061 3127 5116 molestiis
3153 5061 3294 5132 virgo
3335 5058 3491 5114 libera
3509 5099 3525 5124 ,
3553 5067 3673 5127 quot
3717 5072 3849 5112 uxor

2250 5155 2504 5210 adstricta
2531 5155 2627 5220 sit,
2652 5154 2792 5224 legas
2844 5153 3220 5207 Tertullianum
3257 5152 3327 5204 ad
3371 5151 3591 5206 amicum
3621 5147 3848 5220 philoso-

2250 5253 2407 5323 phum
2433 5251 2451 5322 (
2475 5249 2620 5304 Idem
2667 5247 2835 5317 Epist.
2883 5245 2970 5301 18.
2995 5247 3062 5300 ad
3104 5244 3357 5300 Eustoch.
3395 5261 3450 5313 p.
3488 5243 3557 5299 57
3585 5244 3625 5312 ).
3661 5240 3766 5297 Sed
3790 5242 3846 5297 in

2248 5341 2465 5399 dubium
2494 5341 2632 5397 haud
2659 5339 2931 5396 immerito
2961 5336 3140 5393 vocari
3171 5345 3347 5408 potest
3367 5345 3545 5390 utrum
3570 5333 3660 5390 hic
3684 5333 3844 5398 liber,

2246 5436 2399 5503 cuius
2419 5434 2527 5505 jam
2552 5451 2581 5488 a
2614 5433 2774 5502 longo
2797 5429 3322 5503 temporejaeturam
3359 5427 3618 5494 fecimus,
3641 5441 3678 5484 a
3709 5425 3845 5482 Ter-

2248 5527 2470 5583 tulliano
2508 5526 2758 5591 etlmico,
2802 5533 2897 5579 aut
2948 5523 3242 5579 christiano
3289 5510 3451 5578 fuerit
3490 5521 3839 5592 compositus.

2245 5619 2443 5676 Verum
2501 5621 2621 5687 cui,
2683 5618 2889 5690 inquiet
2938 5616 3178 5688 aliquis,
3230 5613 3525 5670 verisimile
3574 5609 3845 5668 videbitur

2244 5712 2622 5782 Hieronymum
2651 5710 2955 5766 christiana)
2983 5708 3172 5780 virgini
3216 5717 3492 5762 auctorem
3532 5719 3842 5760 suasorem-

2239 5821 2345 5876 que
2369 5818 2489 5862 esse
2516 5802 2791 5873 voluisse;
2825 5813 2881 5861 ut
2907 5801 3048 5860 hunc
3074 5803 3213 5859 sicut
3242 5799 3492 5872 Cypriani
3539 5797 3756 5856 Damasi
3784 5804 3840 5854 et
