4252 6264
347 350 458 410 729

1473 343 1934 406 DISSERTATIO
1969 344 2033 404 D.
2074 346 2164 403 LE
2198 347 2506 408 NOURRY.

3551 352 3658 414 730

354 467 625 525 Ambrosii
653 466 822 523 libros
847 465 1217 538 pervolutarct
1236 506 1251 531 ,
1283 464 1328 522 si
1356 463 1482 536 quid
1513 464 1735 520 vidisset
1781 463 1834 518 in
1863 461 1957 516 illo
1982 461 2036 521 A
2063 464 2201 534 quod
2231 469 2502 522 necessitas
2553 468 2836 534 imperabat
2887 467 3126 542 (Tertull.
3180 471 3268 526 lib.
3321 470 3360 526 l.
3390 469 3460 526 ad
3491 469 3655 529 Uxor.

355 569 541 617 contra
569 569 738 614 statas
785 560 1094 614 christianas
1134 557 1410 628 religionis
1452 557 1643 628 leges?
1671 555 1955 624 Quomodo

357 662 534 709 autem
566 652 929 708 Tertullianus
976 651 1278 722 hujusmodi
1309 651 1503 706 librum
1547 651 1814 705 coniicere
1861 663 1955 718 po-

360 744 482 810 tuit,
511 744 610 797 nisi
637 742 828 798 iisdem
852 742 1062 814 legibus
1090 741 1302 798 abunde
1324 741 1484 796 fuerit
1515 741 1833 797 institutus?
1863 741 1956 794 At-

360 837 450 908 qui
480 837 678 903 nulltts,
728 836 820 890 illo
861 836 978 906 ipso
1030 845 1200 901 teste,
1247 834 1595 890 Christianam
1643 833 1952 904 religionem

361 927 582 997 ejusque
606 927 752 997 leges
779 928 1020 998 agnovit,
1067 927 1194 998 quin
1225 926 1367 980 illam
1399 924 1685 982 confestim
1729 924 1955 979 voluerit

361 1019 622 1090 proﬁteri.
664 1020 933 1076 Praeterea
983 1019 1344 1090 Hieronymus
1389 1018 1504 1074 haec
1545 1017 1721 1073 adhuc
1751 1017 1819 1073 de
1865 1017 1956 1072 illo

360 1114 632 1170 memoria:
670 1115 1004 1170 ‘mandavit:
1038 1112 1140 1168 Hic
1182 1130 1338 1185 usque
1377 1114 1446 1167 ad
1491 1114 1707 1168 mediam
1757 1121 1955 1167 cetatem

361 1207 620 1278 presbyter
652 1204 1329 1277 EcclesiatUdemCatalog.
1362 1206 1537 1274 script.
1560 1203 1700 1258 Eccl.
1721 1220 1835 1274 cap.
1861 1204 1952 1268 55,

361 1315 414 1368 p.
464 1299 636 1370 115),
676 1299 927 1354 videlicet
967 1298 1267 1365 catholicae,
1321 1298 1619 1369 permansit,
1660 1308 1713 1352 et
1755 1298 1955 1353 idcirco

360 1399 648 1461 antequam
676 1389 913 1445 Montani
941 1389 1132 1446 haeresi
1164 1371 1392 1446 iniectus
1423 1389 1629 1445 ﬂtisset.
1663 1389 1798 1445 Tum
1826 1405 1954 1445 vero

358 1483 452 1538 ille
477 1483 677 1539 ibidem
702 1483 934 1554 adjecit:
959 1481 1149 1537 Fertur
1174 1482 1358 1536 vixisse
1377 1497 1533 1548 usque
1556 1481 1624 1533 ad
1651 1481 1955 1550 decrepitam

354 1584 578 1640 atatem,
601 1574 668 1630 ad
691 1589 888 1630 annum
911 1573 1114 1629 scilicet
1132 1573 1516 1643 octogesimum
1541 1614 1555 1638 ,
1586 1581 1675 1626 aut
1707 1573 1750 1626 si
1783 1573 1913 1628 velis
1934 1614 1949 1639 ,

354 1664 1164 1734 nonagesimum.~0rthodoxus
1193 1664 1352 1734 igitur
1383 1663 1668 1734 presbyter
1707 1677 1955 1732 perman-

353 1759 424 1814 sit
447 1757 517 1813 ad
547 1773 746 1812 annum
774 1759 948 1814 aetatis
977 1772 1090 1812 suae
1119 1757 1337 1812 circiter
1366 1756 1856 1827 quadragesimum.
1887 1759 1953 1812 At

2057 572 2174 625 cap.
2211 557 2287 628 7).
2315 557 2583 625 Quorsum
2625 561 2767 616 enim
2799 560 2913 616 hate
2938 561 3003 616 ad
3045 561 3186 615 illam
3233 563 3352 616 fecit
3379 563 3539 619 verba
3562 607 3576 631 ,
3611 564 3656 620 si

2059 663 2089 702 a
2134 660 2394 706 consueto
2434 651 2761 707 matrimonii
2804 667 2900 707 usu
2950 653 3064 723 ipse
3108 669 3345 723 uxorque
3399 654 3515 724 ejus
3552 656 3657 712 sibi

2060 757 2275 814 semper
2305 746 2792 814 temperavissent?
2829 746 2998 802 Nemo
3047 756 3224 801 tamen
3255 758 3356 814 est,
3390 749 3478 817 qui
3533 749 3657 804 inde

2062 846 2168 887 non
2194 833 2457 904 intelligat
2483 845 2684 904 quanto
2707 835 3073 891 Tertullianus
3099 837 3440 892 continentia:
3488 839 3655 893 casti-

2059 923 2292 995 tatisque
2315 925 2493 981 studio
2521 925 2881 983 inﬂannnatus
2915 942 3128 1000 semper
3157 931 3333 984 fuerit.

2131 1016 2304 1072 Minus
2325 1029 2502 1074 autem
2531 1019 2722 1074 mirum
2747 1021 2995 1076 omnibus
3021 1021 3190 1078 videri
3228 1023 3485 1089 deberet,
3513 1023 3654 1093 quod

2059 1108 2150 1165 ille
2171 1124 2395 1166 uxorem
2421 1126 2570 1166 suam
2598 1112 2663 1168 ad
2686 1113 3071 1169 continentiam
3101 1114 3182 1168 his
3213 1116 3264 1170 in
3295 1116 3441 1170 libris
3458 1117 3656 1172 adhor-

2061 1211 2223 1266 Ietur,
2251 1201 2298 1255 si
2325 1217 2450 1258 vera
2472 1204 2542 1259 sit
2570 1203 2638 1259 de
2690 1214 2954 1274 tempore,
2985 1221 3092 1274 quo
3133 1207 3315 1277 scripti
3349 1218 3492 1276 sunt,
3517 1223 3654 1277 quo-

2059 1293 2304 1348 rumdam
2327 1310 2448 1349 cum
2481 1295 2960 1366 lieterodoxorum,
2994 1308 3103 1354 tum
3131 1299 3518 1354 catholicorum
3541 1303 3656 1370 epi-

2058 1385 2168 1439 nio.
2185 1385 2268 1440 Ab
2297 1387 2386 1441 illo
2411 1389 2553 1442 enim
2572 1388 2746 1444 editos
2762 1391 3102 1459 suspicantur
3124 1400 3229 1446 tam
3249 1393 3654 1462 ingravescente

2059 1476 2248 1546 ipsius,
2277 1493 2433 1548 quam
2465 1479 2691 1536 ﬂorente
2712 1495 2776 1536 ac
2806 1480 2978 1536 vivida
3019 1484 3200 1538 uxoris
3253 1493 3427 1539 actate.
3458 1483 3658 1550 Quam-

2058 1575 2243 1628 obrem
2274 1583 2456 1644 putant
2508 1575 2560 1630 in
2601 1575 2667 1630 iis
2696 1577 2938 1630 conditas
2969 1576 3111 1630 illius
3151 1578 3302 1646 quasi
3353 1580 3655 1632 testamenti

2059 1664 2286 1720 tabulas.
2328 1665 2434 1722 Sed
2479 1682 2585 1722 non
2633 1666 2774 1722 aliud
2825 1668 3093 1736 opinionis
3139 1684 3251 1723 sua:
3281 1680 3654 1739 argumentum

2062 1757 2382 1828 proferunt,
2415 1762 2516 1831 nisi
2551 1759 2665 1814 haec
2687 1759 3002 1816 Tertulliani
3054 1761 3233 1826 verba,
3287 1778 3406 1833 quae
3460 1765 3656 1832 primis

354 1867 454 1908 nec
483 1860 614 1908 tunc
638 1852 869 1922 primum
895 1853 1114 1922 quidem
1142 1893 1157 1916 ,
1189 1865 1291 1906 nec
1318 1851 1495 1905 statim
1529 1860 1656 1922 post
1703 1851 1953 1906 emissam
1985 1856 2032 1916 B
2063 1851 2181 1906 libri
2211 1850 2362 1907 initio
2394 1853 2465 1906 ita
2498 1853 2748 1922 leguntur
2775 1868 2787 1906 :
2841 1850 2979 1906 Nam
3013 1853 3341 1907 stecularibus
3372 1863 3655 1924 satagentes

354 1945 659 2004 christiana:
708 1944 981 2016 religionis
1007 1943 1507 2014 professionem,ad
1552 1945 1695 1999 hunc
1736 1959 1954 2000 sacrum

354 2038 596 2095 ordinem
623 2028 839 2094 evectus
870 2037 1099 2092 videtur.
1128 2035 1272 2107 Ergo
1312 2035 1537 2104 juvenili
1583 2037 1634 2090 in
1686 2047 1844 2091 :ctate
1889 2053 1953 2091 ex

353 2133 572 2189 ethnico
612 2131 938 2186 cltristiauus
992 2129 1162 2198 factus
1199 2128 1430 2184 videtur.
1461 2129 1654 2197 Quanti
1683 2139 1859 2184 autem
1901 2130 1954 2184 in

356 2236 461 2283 tota
490 2225 630 2281 hanc
655 2227 1126 2296 argumentatione
1152 2223 1221 2278 sit
1249 2221 1525 2292 ponderis,
1559 2222 1716 2293 periti
1757 2223 1955 2295 quique

355 2319 720 2391 pronuntient.

959 2445 1251 2486 ARTICULUS
1291 2446 1362 2485 ιν.

355 2546 435 2601 De
469 2545 766 2601 Tertulliani
791 2545 1029 2616 conjugio
1048 2585 1064 2612 ,
1095 2553 1142 2597 et
1170 2559 1368 2597 summo
1402 2542 1725 2598 continentia:
1743 2559 1950 2608 amore,

424 2640 488 2695 de
511 2641 620 2711 ejus
663 2640 984 2703 sacerdotio;
1007 2647 1180 2692 utrum
1213 2637 1469 2708 presbyter
1518 2637 1708 2706 factus,
1739 2638 1952 2691 marito-

424 2751 537 2789 rum
577 2751 714 2789 more
745 2750 857 2788 cum
895 2749 1053 2788 uxore
1097 2733 1308 2798 uixerit,
1353 2748 1442 2784 nec
1479 2733 1639 2786 sacris
1691 2731 1952 2786 ordinibus

425 2829 651 2882 initiatos
696 2826 985 2880 distinxerit
1021 2843 1052 2879 a
1099 2824 1288 2878 laicis:
1334 2823 1592 2894 quodnam
1635 2823 1788 2894 fuerit
1813 2824 1952 2878 illius

424 2919 620 2974 vivendi
653 2935 846 2990 genus,
891 2934 1045 2988 quant
1088 2917 1282 2987 asperis
1330 2914 1552 2969 moribus
1584 2931 1603 2968 :
1626 2915 1876 2985 quomodo
1907 2924 1951 2970 et

421 3010 626 3081 quando
652 3012 705 3065 in
728 3009 1159 3064 Montanistarum
1177 3008 1408 3062 Iucresim
1439 3007 1740 3079 prolapsus,
1773 3024 1834 3060 ac
1852 3023 1952 3077 quo

420 3105 586 3162 (atatis
608 3121 715 3160 sua:
748 3115 792 3159 et
823 3104 1013 3158 C/tristi
1040 3121 1176 3159 anno
1207 3102 1489 3174 longiorem
1512 3103 1665 3156 vitam
1691 3101 1903 3171 ﬁnierit.

2058 1961 2251 2012 sumus,
2272 1955 2317 1998 et
2337 1947 2534 2015 utrique
2558 1956 2783 2001 nostrum
2800 1947 3085 2002 consultum
3119 1945 3368 2002 volumus.
3391 1947 3450 2003 Si
3472 1947 3656 2002 talibus

2058 2039 2386 2104 ordinamus,
2425 2057 2517 2094 cur
2543 2059 2645 2095 non
2683 2043 2849 2112 magis
2880 2042 2942 2095 de
2970 2041 3152 2097 divinis
3195 2052 3344 2112 atque
3378 2041 3655 2098 caelestibus

2060 2130 2347 2199 posteritati
2373 2142 2561 2186 nostra:
2581 2134 2868 2203 prospicere
2895 2131 3180 2197 debeamus,
3216 2143 3260 2187 et
3287 2135 3504 2205 legatum
3531 2150 3654 2204 quo-

2056 2223 2328 2278 dammodo
2365 2225 2641 2296 praelegam
2666 2225 3065 2278 admonitionem
3091 2235 3136 2279 et
3176 2225 3655 2280 demonstrationem

2055 2333 2229 2371 eorum
2251 2358 2266 2384 ,
2299 2333 2413 2388 qua:
2450 2334 2512 2372 ex
2558 2317 2702 2372 bonis
2728 2317 3128 2383 immortalibus,
3166 2327 3212 2372 et
3256 2318 3320 2370 de
3362 2317 3656 2372 Itan-editam

2055 2412 2294 2464 caelorum
2325 2411 2600 2480 deputatur
2625 2411 2644 2482 (
2673 2408 2810 2464 Ibid.
2843 2427 2957 2478 cap.
2990 2409 3081 2480 l)?
3108 2409 3212 2464 Sed
3240 2412 3363 2480 quia
3391 2411 3440 2464 itt
3469 2409 3654 2464 codice

2056 2505 2321 2574 Agobardi
2347 2545 2362 2570 ,
2395 2504 2468 2558 uti
2497 2519 2597 2558 nos
2639 2513 2818 2559 monet
2867 2503 3161 2574 lligaltius,
3192 2503 3274 2557 bis
3316 2502 3507 2572 legitur
3536 2503 3654 2555 tali-

2053 2597 2167 2661 bus,
2199 2597 2251 2652 id
2281 2607 2585 2652 correctum
2613 2597 2797 2660 voluit,
2831 2613 2891 2651 ac
2921 2599 3202 2666 legendum
3231 2614 3242 2648 ;
3269 2596 3455 2650 talibus
3508 2597 3656 2648 tabu-

2055 2687 2132 2742 las
2179 2690 2510 2755 ordinamus;
2543 2699 2598 2744 et
2646 2688 2764 2743 itide
2792 2689 2993 2758 colligit
3025 2689 3121 2741 hos
3157 2688 3320 2740 lllll'OS
3351 2688 3650 2741 testatne:.ti

2056 2783 2225 2837 inst-tr
2254 2799 2284 2837 a
2312 2782 2644 2837 Tertulliano
2667 2824 2682 2848 ,
2713 2790 2868 2836 aetate
2894 2781 3002 2850 jam
3047 2780 3334 2850 plutimum
3379 2788 3649 2848 provecti,

2053 2875 2384 2944 compositos
2419 2873 2636 2944 (Rigalt.
2669 2872 2794 2926 Not.
2819 2875 2871 2927 1.
2902 2873 2954 2926 in
2973 2878 3104 2924 hunc
3126 2871 3290 2940 libr.).

2126 2965 2230 3022 Sed
2255 2968 2463 3021 tametsi
2487 2983 2574 3021 res
2597 2969 2668 3020 ita
2692 2975 2852 3028 esset,
2899 2965 3155 3036 numqttid
3180 2974 3494 3021 testamenta
3519 2982 3655 3019 unn-

2055 3073 2214 3128 quam
2238 3100 2252 3124 ,
2287 3057 2387 3112 nisi
2419 3058 2824 3128 ingravescente
2867 3057 2976 3129 jam
3004 3065 3182 3122 tritate,
3206 3075 3207 3078 ‘
3228 3058 3295 3112 ab
3347 3059 3653 3112 hominibus

2058 3150 2193 3206 facta
2242 3149 2629 3220 obsignataque
2684 3151 2846 3205 sunt?
2905 3150 3170 3220 Numquid
3216 3166 3375 3204 nemo
3420 3151 3652 3220 prudens

385 3277 388 3280 ι
423 3245 660 3301 Uxorem
689 3253 835 3298 certe
862 3240 1226 3296 Tcrtullianus
1254 3237 1438 3292 habuit
1463 3279 1478 3302 ,
1522 3250 1750 3307 eamque
1778 3236 1952 3291 chris-
1978 3242 2023 3306 C
2061 3243 2223 3298 homo
2243 3283 2258 3307 ,
2292 3257 2355 3298 ac
2383 3243 2678 3313 przesertim
2705 3242 3061 3311 christianus,
3095 3244 3194 3298 etsi
3220 3241 3449 3298 ﬂorente
3478 3243 3653 3298 adhuc

352 3337 551 3414 tianam
579 3376 595 3402 ,
629 3335 706 3389 uti
743 3350 811 3389 ex
836 3333 1065 3399 duobus,
1097 3345 1231 3402 quos
1263 3329 1329 3385 ad
1362 3329 1508 3385 illam
1529 3329 1768 3399 scripsit,
1800 3327 1950 3384 libris

351 3431 756 3488 evidentissimc
782 3428 1208 3483 demonstratur.
1250 3427 1320 3479 At
1345 3431 1544 3478 nostra:
1575 3422 1750 3478 aetatis
1774 3421 1947 3490 scrip-

350 3535 501 3580 tores
527 3524 578 3577 in
611 3521 1028 3576 controversiam
1054 3527 1250 3574 vocant
1287 3526 1466 3570 utrum
1497 3514 1588 3570 ille
1615 3513 1792 3569 adhuc
1820 3528 1950 3584 gen-

351 3616 491 3681 tilis,
523 3625 618 3670 aut
661 3614 984 3669 christianos
1003 3613 1148 3668 illam
1194 3609 1450 3681 gentilem
1479 3617 1573 3663 aut
1599 3605 1947 3662 christianam

348 3712 582 3770 duxerit.
615 3711 748 3766 Nam
781 3725 898 3764 mos
931 3708 1180 3780 quidem,
1226 3713 1285 3760 ut
1308 3706 1422 3775 ipse
1449 3703 1814 3760 Tertullianus
1837 3709 1947 3757 tes-

351 3818 527 3872 tatur,
557 3806 872 3862 christiauis
917 3815 1044 3859 tunc
1089 3809 1237 3868 erat;
1271 3811 1330 3856 ut
1373 3801 1571 3856 inirent
1608 3798 1945 3854 ethnicorum

349 3901 638 3956 mulierum
685 3898 956 3954 connubia
980 3939 994 3962 ,
1044 3895 1353 3965 nullumque
1397 3895 1449 3948 in
1483 3893 1625 3948 illius
1651 3891 1948 3945 aliorumve

349 3995 561 4065 scriptis
579 4002 757 4048 exstat
782 3991 1083 4062 vestigium,
1101 4005 1208 4060 quo
1225 3986 1556 4056 deprehendi
1575 3985 1744 4056 possit
1771 3995 1946 4039 utrutn

350 4087 460 4153 ille,
489 4086 646 4141 ducta
670 4087 782 4154 jam
815 4099 981 4138 uxore
1004 4124 1017 4147 ,
1049 4081 1115 4136 ad
1136 4079 1337 4136 Christi
1360 4089 1533 4134 castra
1559 4075 1942 4133 convolaverit.

350 4180 546 4236 Verum
580 4181 622 4233 si
646 4195 716 4235 ex
741 4179 806 4233 iis
835 4193 954 4248 qum
976 4177 1134 4247 paulo
1155 4185 1281 4229 ante
1305 4173 1555 4236 diximus,
1576 4169 1757 4226 inferri
1780 4169 1949 4240 possit

349 4273 416 4328 ab
441 4273 532 4328 illo
561 4271 738 4326 adhuc
760 4273 960 4340 juvene
987 4268 1041 4322 in
1082 4267 1226 4337 leges
1255 4265 1455 4321 Christi
1478 4264 1736 4333 juratum,
1768 4276 1948 4316 nonne

349 4374 402 4421 et
428 4365 554 4421 hinc
584 4379 795 4434 quoque
822 4361 1067 4417 concludi
1099 4368 1276 4430 potest
1317 4359 1533 4414 ductam
1559 4359 1626 4412 ah
1665 4371 1732 4412 eo
1761 4364 1947 4426 postea

349 4455 619 4512 uxorem?
647 4456 746 4511 Ubi
787 4455 929 4509 enim
962 4453 1289 4509 christianus
1318 4453 1488 4506 factus
1527 4461 1608 4506 est
1636 4447 1822 4520 majori
1853 4450 1945 4504 oh-

349 4549 628 4604 servandae
655 4548 964 4603 christiana:
1010 4547 1142 4618 legis
1188 4546 1365 4600 studio
1404 4561 1621 4614 semper
1669 4545 1976 4616 ﬂagr.ivit,~

2053 3344 2208 3389 a-tate
2252 3334 2321 3389 de
2352 3343 2524 3389 morte
2551 3349 2767 3406 semper
2819 3335 3056 3402 incerta,
3103 3342 3158 3390 et
3186 3342 3504 3390 testamento
3554 3349 3652 3388 suo

2052 3427 2260 3482 conseri
2273 3427 2450 3482 bendo
2481 3427 2770 3497 cogitavit?
2803 3429 2868 3482 At
2896 3436 3040 3482 certe
3066 3427 3430 3483 Tertullianus
3454 3443 3520 3484 eo
3547 3444 3650 3499 po-

2053 3519 2172 3573 tiori
2197 3519 2319 3590 jure
2346 3519 2412 3574 de
2437 3519 2528 3574 illo
2553 3519 3081 3586 condenduqualibet
3107 3528 3262 3575 mtate
3289 3537 3383 3575 sua
3414 3521 3651 3592 cogitare

2051 3612 2254 3679 debuit,
2281 3612 2422 3683 quod
2445 3623 2570 3667 tunc
2594 3612 2938 3667 stcvientibus
2970 3613 3022 3666 in
3047 3613 3373 3668 christianos
3399 3613 3647 3680 ethnicis,

2050 3706 2263 3761 nescire
2294 3721 2402 3760 non
2451 3714 2659 3776 poterat
2685 3706 2844 3759 vitam
2873 3721 3023 3760 suam
3068 3705 3304 3775 quotidie
3332 3705 3650 3774 periclitari.

2049 3796 2241 3852 Nonne
2271 3797 2430 3850 etiam
2467 3798 2608 3865 ille,
2659 3805 2807 3851 tanto
2843 3808 3058 3867 tamque
3090 3796 3381 3867 singulari,
3413 3799 3486 3852 uti
3517 3797 3654 3853 dixi-

2050 3904 2193 3954 mus,
2222 3888 2566 3943 continentize
2609 3889 2975 3958 castitatisque
3006 3903 3192 3942 amore
3221 3903 3436 3958 semper
3465 3889 3618 3944 incen
3637 3918 3654 3931 ο

2051 3999 2163 4051 sus,
2192 3985 2362 4054 potuit
2388 3981 2626 4053 quolibet
2670 3984 2795 4037 vita:
2823 3997 2932 4037 sua:
2975 3992 3218 4054 tempore
3241 3998 3464 4039 uxorem
3497 3999 3650 4038 suam

2050 4078 2118 4131 ad
2139 4094 2281 4141 eam,
2315 4078 2359 4132 si
2389 4094 2622 4150 unquam
2645 4077 2803 4132 vidua
2833 4077 2989 4141 foret,
3009 4077 3432 4132 conservandam
3455 4077 3654 4131 adhor-

2054 4169 2196 4224 tari?
2224 4169 2302 4224 Ad
2327 4168 2442 4223 lucc
2472 4184 2600 4225 vero
2624 4170 2668 4223 si
2707 4171 2824 4235 illa,
2867 4185 2989 4222 eum
3036 4169 3398 4226 Tertullianus
3428 4171 3653 4227 edendis

2052 4260 2137 4315 his
2167 4261 2316 4316 libris
2345 4276 2566 4331 Operam
2597 4261 2776 4328 dabat,
2808 4260 2981 4314 adhuc
3007 4271 3143 4325 erat,
3178 4271 3233 4314 ut
3253 4263 3420 4327 aiunt,
3454 4264 3648 4331 vivida,
3726 4286 3730 4290 ·

2054 4356 2312 4423 numquid
2341 4371 2412 4409 ex
2441 4356 2560 4408 ﬁcta
2589 4355 2938 4424 quorumdam
2973 4355 3112 4410 illius
3141 4356 3428 4411 verborum
3451 4359 3654 4427 signiti-

2053 4450 2264 4504 cationc
2292 4449 2539 4504 concludi
2567 4456 2738 4517 potest
2765 4449 2910 4501 illutn
2939 4462 3122 4502 senem
3154 4448 3317 4503 fuisse
3346 4458 3438 4503 aut
3463 4449 3652 4505 decre-

2055 4545 2267 4614 pitum?
2298 4543 2482 4613 Neque
2511 4539 2763 4597 audiendi
2816 4549 2960 4607 sunt,
2991 4544 3079 4612 qui
3132 4542 3394 4610 objiciunt
3419 4543 3566 4611 plura
3598 4543 3650 4598 iu

348 4657 511 4712 quam
545 4651 600 4694 ut
621 4641 734 4710 ipse
759 4641 1090 4697 Christianus
1119 4640 1279 4693 aliam
1309 4639 1361 4693 in
1392 4637 1812 4702 matrimonium,
1848 4637 1946 4690 nisi
1974 4633 2027 4691 D
2059 4640 2140 4692 his
2172 4637 2320 4691 libris
2373 4650 2693 4699 occurrere,
2742 4634 2935 4704 quibus
2992 4635 3356 4689 'l'ertullianus
3410 4651 3564 4689 suum
3598 4637 3648 4692 in

349 4733 700 4788 christianum
745 4734 1032 4802 acciperet.
1079 4731 1146 4785 Et
1173 4745 1302 4786 vero
1334 4731 1386 4784 in
1434 4730 1611 4782 citatis
1638 4728 1706 4781 ad
1737 4745 1946 4782 uxorem

348 4827 504 4882 libris
530 4827 580 4883 ei
612 4828 941 4898 persuadere
980 4835 1228 4889 conatur,
1279 4834 1337 4878 ut
1365 4825 1411 4878 si
1441 4824 1557 4893 ipse
1585 4823 1729 4893 prior
1755 4838 1819 4877 ex
1848 4824 1948 4876 hac

345 4919 454 4975 vita
479 4919 810 4990 migraverit,
837 4919 924 4974 illa
954 4927 1044 4972 aut
1075 4926 1388 4988 permaneat
1409 4916 1464 4970 in
1486 4915 1760 4972 viduitatis
1780 4925 1944 4981 statu,

350 5023 440 5069 aut
489 5012 786 5068 christiano
838 5012 1002 5067 nubat
1046 5013 1164 5067 viro
1187 5052 1202 5077 ,
1233 5013 1276 5065 si
1308 5010 1439 5066 velit
1475 5009 1726 5065 secundis
1752 5008 1950 5078 nuptiis

348 5105 562 5176 illigari.
591 5104 781 5160 Nonne
807 5114 984 5159 autem
1017 5119 1146 5158 vero
1175 5117 1398 5172 prorsus
1446 5101 1622 5158 simile
1649 5109 1733 5156 est
1753 5141 1766 5164 ,
1796 5100 1947 5154 illum

346 5198 589 5268 paruisse
627 5197 868 5268 legibus,
918 5211 1054 5267 quas
1097 5196 1250 5251 uxori
1291 5210 1403 5250 suae
1447 5193 1813 5265 prtescripsit?
1840 5193 1947 5250 Sed

347 5287 511 5345 hasce
538 5289 881 5360 conjecturas
909 5289 1139 5344 aliorum
1167 5286 1372 5359 judicio
1397 5285 1783 5356 permittimus.

417 5381 550 5437 Cum
572 5397 666 5437 sua
696 5397 857 5452 porro
879 5397 1046 5438 uxore
1073 5380 1457 5443 Tertullianus,
1482 5379 1641 5434 solito
1657 5378 1944 5449 cunjugum

344 5489 519 5540 more,
553 5474 693 5530 haud
718 5473 882 5530 dubie
900 5474 1134 5541 vivebat,
1157 5472 1372 5545 quando
1400 5473 1474 5527 illi
1506 5471 1670 5526 libros
1701 5471 1944 5542 proxime

343 5565 593 5623 laudatos
614 5566 830 5624 direxit.
862 5567 991 5623 Eam
1015 5567 1232 5638 quippe,
1263 5565 1308 5620 si
1337 5564 1452 5634 ipse
1483 5564 1628 5633 prior
1659 5563 1940 5634 moriatur,

345 5658 410 5714 ad
436 5659 823 5716 continentiam
871 5660 924 5714 in
973 5658 1232 5714 viduitate
1278 5656 1599 5714 servandam
1627 5656 1705 5711 sic
1749 5658 1944 5712 cohor-

346 5761 511 5805 tatur.
538 5752 603 5806 [ιι
624 5752 763 5807 auod
785 5754 836 5806 in
866 5753 1209 5816 matrimonio,
1244 5751 1438 5822 inquit,
1469 5766 1569 5804 non
1595 5751 1863 5816 valuimus,
1887 5752 1940 5807 in

343 5842 588 5920 uiduitate
601 5855 868 5903 sectentur.
895 5845 1258 5919 Muplcctcnda
1271 5845 1468 5902 occasio
1493 5852 1586 5916 est,
1604 5859 1718 5915 quat
1737 5843 1936 5915 adimit,

2054 4729 2401 4785 Montanistas
2425 4727 2534 4797 jam
2566 4741 2890 4796 propensum
2919 4727 3156 4780 animum
3191 4725 3458 4794 patefacit.
3483 4727 3650 4781 Num-

2053 4821 2180 4892 quid
2209 4821 2350 4876 enim
2377 4821 2500 4890 quia
2528 4835 2748 4875 uxorem
2781 4835 2930 4873 suam
2961 4819 3026 4871 ad
3049 4820 3432 4874 continentiam
3455 4820 3652 4876 adhor-

2053 4913 2238 4969 tatur?
2263 4916 2332 4968 At
2367 4928 2547 4968 nonne
2590 4913 2704 4982 ipse
2729 4913 2887 4967 etiam
2932 4911 3128 4966 Paulus
3153 4912 3444 4982 Apostolus
3472 4914 3649 4970 chris-

2054 5008 2228 5062 tianos
2245 5007 2313 5062 ad
2342 5005 2588 5062 eamdem
2612 5006 2860 5059 virtutem
2883 5004 3192 5060 cohortatus
3217 5005 3337 5059 est?
3367 5004 3473 5061 Sed
3497 5007 3652 5062 nobis

2053 5102 2254 5158 sullicit
2297 5101 2439 5171 quod
2489 5099 2790 5156 concedant
2832 5098 3218 5154 Tertullianum
3273 5114 3392 5153 cum
3435 5099 3533 5155 hos
3581 5101 3650 5162 ad

2055 5210 2278 5250 uxorem
2309 5193 2578 5250 scribebat
2622 5193 2786 5250 libros
2808 5234 2821 5258 ,
2858 5191 3093 5247 nondum
3126 5192 3178 5246 in
3207 5191 3649 5250 Montanistarum

2052 5287 2256 5358 lapsum
2286 5285 2450 5340 fuisse
2478 5300 2740 5342 errorem.
2784 5285 2863 5340 Ad
2887 5285 3118 5340 mediam
3149 5285 3291 5340 enim
3320 5302 3488 5357 usque
3514 5295 3649 5341 tcta-

2055 5391 2163 5437 tem
2185 5424 2198 5445 ,
2233 5365 2304 5436 uti
2352 5381 2711 5452 Hieronymus
2735 5423 2750 5448 ,
2786 5396 2815 5435 a
2868 5381 3022 5436 nobis
3049 5382 3243 5435 citatus
3292 5381 3604 5436 testiﬁcatur
3629 5425 3644 5448 ,

2054 5473 2337 5544 presbyter
2365 5473 2644 5529 catholica:
2694 5473 2947 5528 Ecclesia:
2999 5471 3118 5527 fuit.
3149 5473 3288 5541 Ergo
3318 5473 3474 5544 longe
3523 5482 3648 5531 ante

2049 5573 2379 5622 senectutem
2407 5581 2559 5619 suam
2605 5564 2770 5619 libros
2800 5565 2916 5620 illos
2937 5577 3336 5635 composuerat.

2119 5659 2188 5713 At
2207 5657 2656 5729 quemadmodum
2685 5657 2751 5712 dc
2778 5656 3094 5714 Tertulliani
3125 5660 3379 5732 conjugio
3402 5670 3644 5729 constat,

2047 5751 2120 5806 ita
2147 5765 2278 5807 sane
2302 5761 2451 5806 extra
2483 5749 2702 5806 dubium
2728 5765 2848 5808 esse
2889 5751 3098 5806 videtur
3127 5752 3274 5807 illum
3302 5768 3456 5809 sacro
3489 5769 3645 5824 prcs-

2045 5843 2319 5917 byteratus
2346 5842 2536 5902 ordine
2583 5842 2748 5901 fuisse
2773 5843 3168 5915 inauguratum.
3203 5845 3414 5904 Etenim
3453 5844 3644 5905 llicroe
