4252 6270
581 317 684 378 751

1649 311 1721 370 IN
1759 307 2223 371 TERTULLIANI
2258 309 2790 374 APOLOGETICUII

3779 319 3886 380 752

584 443 784 506 nymus
806 471 822 499 ,
867 437 924 488 et
955 427 1078 486 libri
1109 427 1178 485 de
1223 423 1734 483 Prasdestinatorum
1779 413 1972 482 heresi
1998 435 2185 481 auctor
2211 427 2264 488 Α
2288 425 2428 498 apud
2444 442 2536 480 nos
2557 427 2924 483 revelatianum
2950 427 3268 483 charismata
3293 428 3476 484 sortita
3497 470 3512 495 ,
3539 427 3666 501 quas
3696 429 3750 484 in
3780 430 3884 486 Ec-

581 525 732 583 illum
773 518 1029 579 Ecclesia:
1064 519 1437 592 presbyterum
1467 517 1610 576 haud
1653 517 1962 574 dubitanter
2003 517 2189 588 appel-

582 618 696 676 lant
723 615 1052 689 (Hieronym.
1076 612 1242 668 Catal.
1265 612 1442 684 script.
1476 610 1622 666 Eccl.
1651 627 1767 682 cap.
1797 610 1888 666 53.
1906 627 2028 682 pag.
2059 609 2181 665 115.

583 709 895 766 Prtedestin.
951 722 1070 775 cap.
1102 703 1196 760 26.
1251 722 1372 776 pag.
1399 703 1518 774 28).
1570 702 1934 772 Quamobrem
1977 701 2185 758 Alixius

582 811 892 860 memorata:
933 799 1166 871 Rigaltii,
1197 797 1268 853 de
1290 797 1438 854 libris
1473 812 1504 851 a
1532 795 1862 852 Tertulliano
1886 795 1993 867 jam
2027 801 2185 850 aetate

581 892 835 952 confecto
862 890 929 946 ad
960 906 1184 946 uxorem
1215 889 1430 959 scriptis
1459 930 1474 955 ,
1521 887 1762 958 Opinioni
1809 901 1876 942 eo
1914 885 2185 942 lubentius

583 986 926 1058 subscripsit,
959 985 1098 1055 quod
1128 983 1255 1039 inde
1275 982 1466 1038 confici
1498 996 1653 1053 posse
1689 981 1904 1054 putabat
1931 980 2180 1037 eumdem

582 1079 1006 1146 Tertullianum,
1057 1086 1340 1150 postquam
1386 1077 1669 1148 presbyter
1720 1075 1891 1132 factus
1927 1083 2030 1142 est,
2059 1091 2182 1131 cum

585 1188 756 1230 uxore
786 1187 880 1229 sua
903 1171 1061 1226 solito
1087 1171 1290 1225 vixisse
1320 1183 1470 1223 more
1501 1168 1750 1223 maritali.
1786 1165 1894 1222 Sed
1920 1167 2036 1221 haec
2055 1182 2185 1232 scn-

585 1268 748 1325 tentia
798 1275 852 1323 et
886 1265 1106 1321 ruinoso
1155 1276 1411 1334 prorsus,
1461 1261 1536 1316 uti
1564 1257 2185 1324 annotavimus,lunda-

583 1367 799 1424 mento,
851 1372 913 1412 ac
967 1356 1118 1410 falsis
1171 1355 1498 1410 Calvinianae
1541 1352 1814 1407 lia-reseas
1861 1350 2184 1422 prasjudiciis

585 1453 767 1509 innixa
801 1459 904 1507 est.
950 1449 1017 1504 Et
1046 1459 1196 1506 certe
1246 1464 1352 1519 quo
1393 1447 1583 1518 majori
1636 1445 1980 1500 continentia:
2009 1444 2186 1500 studio

587 1543 952 1600 Tertullianus
973 1585 988 1610 ,
1021 1551 1080 1596 ut
1107 1541 1303 1612 smpius
1327 1539 1564 1595 diximus
1591 1581 1605 1604 ,
1631 1537 1884 1600 ardebat,
1918 1552 1983 1592 eo
2009 1538 2186 1592 minus

584 1633 865 1708 probabile
903 1641 988 1689 est
1035 1632 1208 1698 illum,
1242 1641 1525 1702 postquam
1571 1628 1977 1700 presbyteratus
2011 1627 2186 1684 ordini

587 1727 895 1797 adscriptus
923 1726 1037 1790 fuit,
1062 1740 1170 1779 non
1199 1725 1412 1779 stetisse
1443 1724 1494 1777 in
1523 1723 1748 1777 aliorum
1776 1721 1978 1777 Latiare
2002 1721 2188 1778 Eccle-

2287 521 2441 576 clesia
2470 521 2602 576 inter
2643 521 2902 576 dominica
2945 523 3194 577 solemnia
3223 539 3313 594 per
3337 525 3558 578 ecstasin
3598 525 3652 579 in
3700 527 3884 595 spiritu

2289 613 2569 682 patitur....
2596 610 2725 668 Post
2753 622 3012 668 transacta
3037 615 3284 668 solemnia
3309 657 3326 682 ,
3349 615 3559 670 dimissa
3580 617 3754 687 plebe,
3785 635 3883 688 quo

2287 721 2383 760 usu
2409 706 2536 760 solet
2566 707 2709 762 nobis
2733 709 3029 762 renuntiare
3047 724 3161 778 quin
3186 708 3365 763 viderit
3399 709 3666 781 (Tertull.,
3699 712 3789 766 lib.
3821 713 3884 769 de

2286 797 2457 851 Anim.
2483 814 2599 870 cap.
2623 797 2699 872 9).
2721 800 2790 854 At
2815 799 3047 855 certeibi
3079 799 3168 855 ille
3205 815 3327 857 sese
3349 816 3380 856 a
3408 801 3578 872 plebe,
3609 816 3705 858 seu
3736 804 3882 859 omni

2285 889 2544 946 laicorum
2571 905 2734 962 grege
2760 892 3014 946 secernit.

2357 982 2625 1038 Privatam
2645 992 2824 1037 autem
2842 981 3243 1053 solitariamque
3263 983 3372 1054 egit
3401 983 3582 1050 vitam,
3597 999 3660 1040 ac
3685 984 3884 1055 reject:

2285 1075 2558 1129 communi
2588 1074 2824 1128 omnium
2877 1083 3046 1141 veste,
3070 1085 3394 1146 sumptoque
3440 1076 3882 1148 philosophorum

2287 1169 2484 1240 pallio,
2514 1183 2574 1222 se
2603 1183 2670 1223 ex
2721 1168 3056 1237 publicorum
3109 1169 3442 1240 negotiorum
3489 1171 3713 1225 tumultu
3754 1171 3882 1226 suh-

2286 1261 2512 1318 duxisse
2536 1261 2877 1318 testiﬁcatur.
2910 1261 3038 1316 Haec
3077 1265 3217 1318 enim
3259 1271 3384 1318 sunt
3413 1262 3552 1333 ejus,
3585 1263 3708 1320 [icto
3739 1265 3883 1336 ejus-

2287 1355 2412 1412 dem
2456 1356 2603 1428 pallii
2647 1355 2730 1410 sui
2774 1355 2996 1410 nomine
3037 1356 3240 1412 verba:
3274 1355 3385 1429 Ego
3430 1357 3561 1411 nihil
3588 1357 3723 1427 foro,
3753 1359 3886 1415 nihil

2287 1464 2490 1518 campo,
2521 1447 2647 1501 nihil
2676 1447 2834 1501 curia:
2856 1446 3040 1513 debeo;
3068 1447 3198 1502 nulli
3249 1449 3409 1518 oﬁicio
3456 1449 3678 1520 advigila
3697 1491 3712 1515 ,
3742 1451 3886 1505 nulla

2289 1549 2458 1595 rostra
2485 1555 2806 1610 prazoccupa,
2835 1539 2981 1594 nulla
3006 1541 3249 1610 praetoria
3289 1540 3530 1606 observo;
3553 1542 3754 1596 canales
3779 1559 3885 1598 non

2289 1635 2449 1689 odora
2471 1631 2767 1700 ;cancellos
2812 1648 2913 1687 non
2957 1634 3139 1701 adoro,
3166 1634 3408 1690 subsellia
3456 1651 3557 1688 non
3605 1637 3882 1703 cantanda,

2289 1727 2410 1795 jura
2453 1741 2554 1778 non
2598 1723 2865 1789 conturbo,
2889 1741 3074 1778 causas
3107 1741 3211 1780 non
3232 1725 3415 1791 clatra,
3439 1741 3538 1780 non
3555 1727 3758 1797 judico,
3784 1743 3887 1784 nou

583 1819 678 1873 size
701 1817 1038 1874 sacerdotum
1067 1817 1308 1888 chIigiis
1326 1858 1342 1882 ,
1373 1817 1465 1886 qui
1499 1829 1630 1871 sese
1683 1817 1750 1870 ab
1776 1816 1932 1871 solita
1961 1830 2187 1870 uxorum
2216 1825 2265 1885 Β
2293 1820 2476 1885 milito,
2502 1819 2684 1874 secessi
2713 1818 2776 1872 de
2805 1819 3018 1890 populo,
3045 1820 3102 1872 in
3128 1835 3208 1872 me
3229 1820 3439 1873 unicum
3477 1821 3734 1890 negotium
3761 1821 3887 1875 mihi

589 1907 982 1966 consuetudine
1012 1908 1378 1964 continebant.
1408 1906 1768 1962 Paucissimos
1813 1905 2078 1978 siquidem
2103 1914 2186 1962 at-

585 2017 690 2074 que
735 2002 802 2056 ad
849 2016 1117 2056 summum
1146 2000 1282 2055 duos
1330 1999 1416 2054 vel
1447 2009 1554 2054 trcs
1581 1999 1854 2062 invenias,
1897 1999 1988 2069 qui
2028 2012 2184 2054 secus

585 2095 812 2167 egerint.
844 2093 1013 2149 Nemo
1039 2101 1215 2149 autem
1245 2093 1354 2148 ulla
1383 2107 1631 2163 umquam
1677 2092 1887 2146 ratione
1935 2091 2185 2146 ostendet

586 2186 972 2241 'l‘ertullianum
1006 2183 1198 2240 horum
1241 2184 1451 2256 potius,
1500 2199 1660 2255 quam
1709 2183 1926 2239 illorum
1969 2184 2072 2238 sibi
2115 2181 2184 2238 ad

585 2277 903 2333 imitandum
934 2277 1279 2348 proposuisse
1309 2275 1576 2346 exempla.

657 2370 858 2426 Verum
889 2369 1028 2425 alius
1056 2370 1241 2424 nescio
1269 2369 1388 2439 quis
1418 2367 1672 2435 forsitan,
1720 2381 1997 2423 sacrorum
2041 2365 2185 2422 ordi-

583 2483 713 2523 num
742 2474 1095 2537 oppugnator,
1119 2481 1150 2520 a
1167 2465 1322 2519 nobis
1342 2464 1648 2535 postulabit,
1670 2479 1768 2520 cur
1788 2464 2184 2529 Tertullianus,

583 2562 626 2616 si
677 2558 957 2631 presbyter
995 2557 1111 2624 fuit,
1161 2571 1284 2613 sese
1330 2557 1615 2627 aliquando
1642 2557 1695 2612 in
1749 2557 2008 2612 laicorum
2040 2565 2186 2618 retu-

583 2652 705 2707 lerit
753 2667 1056 2707 numerum.
1112 2650 1242 2704 Nam
1295 2649 1349 2704 in
1395 2650 1533 2704 libro
1587 2650 1654 2706 de
1697 2649 1995 2706 Oratione:
2026 2648 2178 2717 Nos,

584 2744 793 2814 inquit,
825 2743 901 2798 vel
929 2743 1150 2796 maxime
1194 2741 1389 2796 nullius
1416 2741 1515 2796 loci
1562 2743 1789 2796 homines
1820 2740 2066 2812 (Tertull.
2091 2741 2182 2798 lib.

585 2837 647 2889 de
679 2835 826 2889 Orat.
855 2852 970 2904 cap.
997 2833 1109 2906 14).
1146 2833 1251 2890 Sed
1282 2835 1528 2904 quamvis
1555 2834 1664 2902 hic,
1694 2836 1851 2890 sicuti
1873 2835 2180 2906 opinantur,

585 2938 730 2984 esset
770 2928 962 2983 horum
1003 2930 1286 2984 verborum
1317 2944 1543 2995 sensus;
1576 2928 1710 2983 nihil
1767 2940 1944 2984 tamen
1994 2944 2059 2984 ex
2103 2930 2184 2984 eis

589 3031 776 3078 contra
808 3020 1123 3075 Tertulliani
1162 3020 1520 3076 sacerdmium
1560 3020 1806 3076 concludi
1840 3028 2032 3090 potest.
2056 3021 2184 3076 Cer-

585 3123 698 3169 tum
723 3114 997 3170 enimvero
1046 3128 1153 3169 non
1197 3123 1280 3168 est
1320 3124 1496 3169 utrum
1517 3155 1534 3181 ,
1557 3113 1772 3183 quando
1801 3111 1916 3170 haec
1944 3112 2180 3185 scripsit,

585 3215 699 3264 tum
726 3207 901 3264 adhuc
931 3208 984 3263 in
1005 3222 1167 3279 grege
1194 3222 1300 3261 non
1329 3205 1491 3262 fuerit
1527 3207 1809 3261 laicorum.

663 3303 733 3357 At
761 3302 975 3373 quidam
1003 3299 1158 3355 nobis
1190 3297 1332 3354 haud
1362 3298 1522 3354 dubie
1549 3299 1806 3369 objicient
1847 3297 1914 3353 ab
1939 3297 2032 3353 illo
2059 3299 2186 3354 sub-

585 3396 748 3451 latum
778 3395 943 3451 fuisse
977 3407 1138 3448 omne
1165 3392 1336 3447 laicos
1358 3391 1497 3446 inter
1525 3399 1580 3445 et
1605 3391 1831 3446 clericos
1871 3389 2182 3458 discrimen,

586 3488 674 3543 ubi
703 3488 771 3543 de
797 3487 1036 3556 utrisijue
1063 3485 1206 3538 hunc
1242 3483 1478 3554 loquitur
1513 3481 1567 3536 in
1598 3480 1814 3536 modum
1842 3498 1854 3534 :
1885 3480 2034 3535 Unde
2055 3478 2187 3552 Epi-

582 3578 724 3648 scopi
749 3587 796 3631 et
823 3577 998 3632 Clerus
1021 3575 1046 3628 7
1073 3574 1261 3630 Nonne
1287 3575 1350 3629 de
1371 3575 1602 3629 onmibus
1758 3573 1863 3629 Sed
1888 3590 2002 3640 cuin
2024 3575 2184 3628 extol—

589 3670 743 3724 limur
765 3671 1008 3725 adversus
1053 3669 1270 3736 clerum,
1298 3677 1417 3722 tunc
1445 3684 1604 3722 unum
1633 3683 1807 3722 omnes
1833 3683 2031 3736 sumus,
2063 3675 2184 3722 tunc

587 3778 760 3818 omnes
789 3761 1076 3816 sacerdotes
1101 3776 1193 3824 nos
1219 3759 1326 3813 Deo
1352 3769 1397 3814 et
1429 3759 1577 3813 Patri
1597 3759 1752 3830 fecit,
1783 3775 1898 3812 cum
1923 3775 2014 3830 per
2039 3759 2183 3814 uda:-

587 3855 879 3928 quationem
908 3852 1196 3922 disciplina:
1241 3853 1572 3907 sacerdotalis
1618 3868 1954 3924 provocamur
1977 3894 1992 3920 ,
2025 3853 2184 3924 depo-

584 3948 754 4003 nimus
795 3946 1023 4017 infulas,
1059 3953 1106 3999 et
1151 3945 1372 4016 impares
1421 3961 1617 4001 sumus.
1649 3945 1722 4000 Ita
1751 3945 1966 4017 quidem
1995 3947 2084 4003 ille
2129 3949 2184 4005 in

587 4043 730 4100 libro
753 4042 816 4099 de
856 4043 1188 4114 Monogamia
1215 4041 1403 4115 (Idem,
1437 4041 1525 4097 lib.
1556 4043 1619 4098 de
1657 4042 1870 4116 Monog.
1913 4060 2032 4118 cap.
2065 4045 2180 4118 12).

586 4141 757 4200 Simili
786 4156 998 4214 quoque
1023 4139 1188 4198 modo
1234 4144 1290 4198 in
1320 4145 1427 4202 alio
1455 4145 1523 4203 de
1563 4146 1941 4206 Exhortatione
1966 4152 2183 4207 castita-

588 4235 652 4290 tis
671 4234 1081 4304 :Di/ferentiam,
1110 4237 1302 4309 inquit,
1327 4238 1459 4294 inter
1484 4241 1717 4296 ordinem
1745 4252 1792 4298 et
1823 4237 2018 4313 plebem
2041 4261 2190 4300 cons-

589 4332 723 4386 tituit
750 4330 994 4388 Ecclesiae
1023 4335 1343 4400 auctoritas;
1372 4344 1419 4390 et
1448 4336 1611 4391 honor
1641 4353 1730 4410 per
1757 4339 1952 4395 ordinis
1981 4356 2185 4396 conses-

587 4441 700 4480 sum
722 4425 1070 4494 sanctiﬁcatus
1094 4442 1112 4490 ;
1138 4427 1264 4481 adeo
1287 4427 1372 4482 ubi
1396 4429 1742 4486 Ecclesiastici
1763 4433 1958 4488 ordinis
1985 4450 2087 4489 non
2113 4445 2186 4490 est

587 4533 876 4585 consessus,
908 4529 954 4576 et
984 4518 1159 4588 offers,
1182 4531 1227 4576 et
1278 4523 1468 4594 tinguis
1493 4564 1509 4590 ,
1539 4535 1586 4579 et
1624 4527 1862 4582 sacerdos
1899 4542 1952 4583 es
1983 4526 2070 4582 tibi
2099 4543 2184 4582 sa-

588 4610 670 4666 lus
697 4609 887 4684 (Idem,
918 4612 1003 4668 lib.
1039 4613 1101 4668 de
1127 4613 1344 4672 Exhort.
1381 4616 1558 4672 Castit.
1588 4634 1704 4690 cap.
1740 4619 1815 4691 7).

663 4704 865 4761 Verum
911 4708 1112 4763 nemini
1164 4709 1552 4782 incompertum
1599 4721 1682 4769 est
1724 4715 1870 4770 illum
1911 4715 2038 4772 dum
2069 4716 2186 4774 hazc

587 4798 874 4867 scriberet,
898 4800 1009 4872 jam
1035 4803 1216 4860 animo
1271 4803 1548 4863 imbibisse
1568 4807 2005 4868 Montanistarum
2033 4829 2188 4870 erro-

589 4907 714 4962 res,
769 4909 902 4966 quos
943 4896 1141 4955 ibidem
1189 4913 1406 4958 secutus
1453 4903 1694 4975 adjecit:
1746 4906 1853 4963 Sed
1901 4909 1985 4963 ubi
2039 4919 2179 4979 tres,

592 4982 830 5042 Ecclesia
854 4998 948 5057 est,
976 4990 1090 5044 licet
1112 4991 1234 5047 laici
1263 4993 1470 5067 (Ibid.).
1501 4997 1864 5066 Quamobrem
1889 5003 2184 5059 errantium

590 5095 744 5136 more
774 5080 857 5137 vel
885 5081 986 5137 sibi
1013 5097 1118 5138 non
1141 5086 1402 5153 constitit,
1431 5088 1517 5144 vel
1542 5104 1738 5147 nomen
1758 5093 2054 5151 sacerdotis
2079 5111 2186 5153 non

591 5176 814 5245 proprio
839 5185 896 5234 et
916 5177 1192 5245 strictiori,
1221 5180 1314 5236 sed
1346 5181 1642 5255 impropria
1670 5195 1726 5242 et
1767 5186 1941 5244 latiori
1983 5191 2190 5262 accepit

599 5269 935 5340 signiﬁcatu,
967 5272 1418 5342 quemadmodum
1474 5292 1582 5334 non
1629 5282 1796 5336 semel
1847 5284 2078 5340 sumitur
2121 5275 2206 5343 ab'

591 5359 800 5443 Joanne
849 5361 934 5418 bis
958 5404 974 5431 ,
1006 5362 1072 5420 ad
1108 5380 1228 5436 qua:
1253 5367 1496 5425 alludere
1535 5370 1746 5428 videtur
1793 5375 2012 5432 verbis:
2047 5376 2191 5434 Fecit

594 5471 688 5511 nos
707 5471 920 5527 regnum
947 5465 993 5510 et
1019 5458 1306 5515 sacerdotes
1336 5459 1445 5517 Deo
1475 5471 1520 5517 et
1550 5462 1699 5535 Patri
1731 5483 1824 5522 suo
1849 5468 2184 5542 (Apocalyps.

591 5565 711 5620 cap.
754 5549 799 5619 Ι,
851 5549 928 5622 6).
977 5552 1153 5623 Atque
1202 5554 1394 5612 iterum
1448 5566 1632 5627 postea
1670 5559 1906 5616 :Fecisti
1944 5579 2036 5619 nos
2085 5564 2189 5622 Deo

593 5650 768 5696 nostra
820 5657 1032 5714 regnum
1071 5653 1120 5700 et
1157 5647 1446 5703 sacerdotes
1477 5648 1638 5722 (Ibid.
1667 5669 1781 5723 cap.
1816 5649 1881 5708 ν.
1918 5655 2028 5726 10).
2073 5657 2191 5728 Ipse

593 5733 872 5789 enimvero
926 5736 1067 5792 idem
1116 5737 1506 5810 Tertullianus,
1541 5747 1752 5802 tametsi
1785 5757 1909 5804 tunc
1951 5749 2188 5808 Montani

596 5829 859 5890 sectator,
887 5825 992 5883 alio
1017 5827 1068 5883 in
1115 5828 1253 5886 libro
1297 5831 1376 5888 sic
1404 5833 1670 5904 loquitur:
1707 5837 1801 5895 Est
1842 5840 1994 5899 hodie
2038 5859 2186 5900 soror

2209 4657 2264 4717 D

2287 1921 2381 1978 est,
2405 1911 2504 1965 nisi
2523 1911 2666 1965 aliud
2691 1926 2792 1964 non
2817 1926 2964 1978 cura,
3005 1927 3159 1982 quant
3184 1927 3246 1965 ne
3267 1926 3440 1966 curem
3468 1910 3662 1981 (Idem,
3707 1911 3794 1967 lib.
3823 1914 3887 1967 de

2287 2001 2431 2056 Pall.
2462 2019 2579 2072 cap,
2604 2001 2683 2072 5).

2359 2091 2595 2148 Moribus
2616 2105 2745 2148 vero
2767 2099 2875 2146 tam
2905 2092 3068 2146 castis
3095 2092 3401 2162 sanctisque
3434 2092 3565 2160 fuit,
3597 2108 3760 2164 quam
3787 2092 3886 2149 du-

2286 2187 2363 2243 ris
2392 2187 2632 2258 profecto
2660 2196 2714 2242 et
2751 2186 2980 2257 asperis.
3016 2186 3320 2242 Severioris
3348 2201 3564 2256 quoque
3588 2186 3888 2256 disciplina:

2289 2295 2395 2335 non
2443 2279 2616 2334 solum
2663 2286 2895 2333 sectator
2935 2286 3082 2344 erat,
3113 2278 3208 2333 sed
3248 2278 3543 2334 acerrimus
3585 2279 3789 2346 etiam,
3822 2293 3889 2336 ac

2286 2374 2423 2430 ultra
2450 2381 2618 2428 statos
2643 2372 2933 2443 ,aequitatis
2980 2373 3176 2427 limites
3225 2373 3478 2430 defensor
3517 2385 3570 2429 et
3609 2386 3884 2446 patronus.

2284 2465 2396 2522 Nec
2425 2479 2611 2536 parum
2655 2464 2870 2534 quidem
2899 2464 3186 2520 verisimile
3207 2465 3414 2522 videtur
3461 2467 3610 2521 illum
3640 2466 3773 2523 falsa
3800 2483 3888 2524 se-

2284 2556 2557 2623 veritatis,
2587 2572 2744 2627 quam
2781 2558 3118 2612 montanisue
3150 2573 3260 2628 prae
3286 2572 3344 2613 se
3381 2557 3650 2626 ferebant,
3703 2561 3887 2629 specie

2286 2651 2567 2721 deceptum
2599 2651 2652 2705 in
2681 2665 2866 2705 eorum
2913 2651 3160 2705 haaresim
3209 2666 3331 2706 sese
3371 2650 3581 2706 dedisse
3631 2653 3884 2722 przccipi-

2288 2753 2417 2799 tem.
2443 2743 2549 2800 Sed
2582 2745 2685 2798 huc
2714 2742 2947 2814 ingenita
2977 2743 3142 2797 animi
3176 2743 3366 2799 duritia
3393 2745 3736 2799 inclinantem
3767 2754 3882 2798 tra-

2286 2845 2480 2891 xerunt
2509 2835 2653 2890 falsa:
2677 2836 3028 2906 quarumdam
3051 2836 3353 2903 mulierum,
3384 2835 3520 2890 illius
3541 2834 3764 2892 heresis
3793 2851 3890 2893 ve-
3929 2909 3936 2914 _

2287 2944 2430 2984 neno
2459 2927 2806 2993 imbutarum,
2851 2927 3105 2992 visiones,
3148 2936 3307 2998 atque
3365 2927 3751 2998 praidietiones.
3792 2927 3890 2984 De-
3931 2919 3942 2932 ’

2287 3022 2451 3092 nique
2479 3020 2672 3075 invidia
2717 3031 2763 3075 et
2803 3021 3122 3074 contumeliis
3164 3021 3462 3074 clericorum
3511 3020 3760 3075 Romana:
3787 3019 3892 3075 Ec-

2285 3117 2473 3182 clesiaz,
2504 3115 2578 3169 ait
2600 3113 2977 3186 Hieronymus,
3008 3115 3076 3168 ad
3115 3113 3353 3168 Montani
3382 3113 3569 3185 dogma
3613 3115 3849 3181 delapsus
3868 3156 3885 3180 ,

2211 3210 2256 3273 C
2288 3209 2342 3263 in
2365 3207 2537 3263 multis
2586 3223 2730 3263 nova:
2765 3206 3048 3277 prophetia:
3099 3205 3358 3272 meminit,
3417 3205 3702 3276 specialiter
3718 3215 3888 3259 autem

2289 3301 2530 3358 adversus
2562 3299 2844 3354 Ecclesium
2871 3298 2891 3370 (
2919 3297 3216 3369 Hieronym.
3240 3297 3476 3369 Catalog.
3531 3298 3708 3368 script.
3740 3295 3887 3353 Eccl.

2288 3408 2334 3446 c.
2363 3393 2454 3448 55.
2487 3409 2541 3462 ρ.
2576 3390 2724 3464 IIS).

2358 3483 2592 3540 Primam
2617 3485 2794 3554 itaque
2822 3484 2945 3539 vita:
2970 3498 3099 3550 suze,
3127 3499 3248 3554 qua:
3274 3482 3481 3556 longior
3508 3483 3695 3555 procul
3725 3483 3888 3540 dubio

2287 3575 2408 3644 fuit,
2443 3587 2649 3648 partem
2673 3577 2723 3630 in
2748 3576 2985 3633 Ecclesia
3006 3575 3294 3642 catholica,
3323 3578 3546 3632 alteram
3580 3576 3889 3632 miserando

2288 3683 2438 3737 sane,
2469 3684 2569 3724 nec
2595 3668 2726 3723 satis
2754 3684 2987 3739 unquam
3012 3667 3342 3738 deplorando
3379 3684 3530 3738 casu
3580 3669 3719 3724 inter
3743 3668 3892 3724 Mon-

2289 3763 2508 3818 tanistas
2555 3762 2838 3818 hznreticos
2877 3763 3151 3832 transegit.
3182 3761 3316 3816 Nam
3363 3763 3503 3818 sicut
3541 3763 3714 3834 pergit
3748 3761 3890 3817 idem

2287 3857 2644 3927 Hieronymus
2699 3839 2728 3909 ε’
2775 3855 2948 3926 Usque
3009 3857 3078 3910 ad
3133 3857 3352 3910 mediam
3409 3866 3609 3920 (etatem
3663 3855 3890 3928 pra'sbg-

2288 3959 2362 4006 ter
2389 3948 2635 4004 Ecclesia:
2691 3949 2966 4018 permansit
3009 3947 3227 4022 (Ibid.).
3260 3947 3422 4004 Addit
3458 3958 3636 4003 autem
3695 3947 3890 4003 ibidem

2285 4041 2680 4098 eruditissimus
2708 4041 2938 4112 scriptor
2979 4042 3130 4096 illum
3160 4041 3408 4097 ﬂoruisse
3431 4042 3767 4114 potissimum
3793 4041 3893 4099 sub

2285 4134 2484 4192 Severo
2513 4133 2750 4204 principe
2769 4143 2824 4189 et
2851 4134 3120 4189 Antonino
3141 4133 3428 4200 Caracalla,
3460 4143 3641 4205 atque,
3675 4135 3748 4189 uti
3774 4133 3892 4190 fer»

2289 4239 2394 4298 tur,
2426 4229 2735 4301 pervenisse
2759 4228 2824 4284 ad
2846 4227 3172 4300 decrepitam
3201 4245 3370 4300 usque
3395 4240 3628 4285 atatem.
3661 4229 3716 4284 Si
3758 4244 3888 4286 vero

2287 4323 2629 4398 peritioribus
2679 4323 2850 4379 nostri
2899 4324 3156 4393 temporis
3183 4325 3545 4394 Scriptoribus
3591 4322 3749 4378 Iidem
3796 4323 3895 4378 bao

2287 4423 2532 4489 beamus,
2557 4428 2714 4476 natus
2747 4421 2918 4476 fuerat
2942 4419 3084 4474 circa
3110 4433 3310 4473 annum
3335 4417 3537 4473 Christi
3573 4415 3696 4484 I60,
3724 4425 3780 4472 et
3793 4432 3892 4471 an-

2289 4534 2360 4574 no
2381 4518 2594 4574 circiter
2612 4516 2718 4572 245
2741 4526 2984 4570 mortuus
3003 4522 3105 4570 est.
3135 4512 3345 4568 lnﬁcias
3369 4526 3531 4582 porro
3567 4511 3745 4566 nullus
3771 4511 3890 4579 ibit,

2289 4611 2589 4682 longiorem
2616 4607 2788 4665 media
2812 4616 2963 4678 parte
2990 4606 3153 4662 fuisse
3172 4605 3294 4660 vita:
3320 4604 3462 4660 illius
3479 4619 3716 4668 cursum,
3737 4606 3894 4673 cujus

2289 4716 2614 4778 postremam
2641 4712 2846 4774 partem
2871 4702 2923 4756 in
2950 4698 3348 4772 propugnandis
3374 4698 3623 4767 absurdis
3672 4698 3893 4754 lucreti-

2289 4813 2472 4854 eorum
2519 4795 2793 4852 erroribus
2834 4791 3244 4859 consumendo,
3287 4801 3342 4846 et
3390 4789 3492 4846 sibi
3550 4790 3649 4860 ipsi
3675 4797 3730 4843 et
3771 4788 3893 4844 aliis

2250 4921 2257 4928 γι
2289 4891 2693 4964 quampluribus
2724 4889 2922 4946 nocuit.
2954 4886 3315 4956 Quamobrem
3340 4894 3489 4942 recte
3509 4885 3621 4955 jam
3647 4883 3893 4940 laudatus

2289 5001 2319 5040 a
2350 4985 2505 5041 nobis
2531 4984 2888 5055 Hieronymus
2912 4999 2925 5036 :
2947 4979 3018 5036 In
3044 4979 3379 5046 Tertulliana,
3405 4978 3595 5049 inquit,
3620 4978 3892 5033 laudamus

2290 5078 2572 5150 ingenium,
2601 5076 2900 5132 damnamus
2947 5073 3178 5129 haeresim
3209 5071 3402 5146 (Idem,
3433 5071 3522 5126 lib.
3551 5069 3641 5126 ΙΙΙ.
3667 5071 3888 5141 Apolog.

2291 5170 2409 5226 adv.
2429 5169 2610 5239 Ruﬁn.
2638 5185 2753 5240 pag.
2780 5166 2933 5239 865).
2961 5167 3032 5222 At
3049 5164 3119 5223 de
3149 5165 3294 5222 illius
3319 5163 3534 5238 ingenio
3573 5165 3730 5236 paulo
3761 5163 3893 5220 ube-

2292 5265 2401 5322 rius
2426 5263 2692 5336 agendum
2721 5271 2823 5320 est.

2895 5386 3193 5431 Αιιτιουιυε
3231 5388 3285 5430 ν.

2292 5518 2373 5576 De
2407 5517 2708 5575 Tertulliani
2731 5515 2955 5589 ingenio,
2981 5524 3029 5573 et
3055 5514 3327 5586 multiplici
3352 5514 3636 5569 eruditione
3658 5529 3678 5567 :
3725 5519 3897 5568 utrum

2363 5612 2754 5681 iurisconsultus
2798 5610 2990 5682 fuerit,
3041 5618 3088 5665 et
3137 5608 3271 5664 idem
3303 5623 3366 5662 ac
3413 5607 3761 5679 Tertyllianus
3790 5622 3810 5661 .'
3835 5605 3901 5661 de

2366 5710 2474 5781 ejus
2494 5706 2628 5778 style
2647 5721 2706 5760 ac
2725 5703 2975 5760 scribendi
2996 5703 3168 5770 modo,
3199 5712 3246 5756 et
3271 5700 3489 5756 nominis
3514 5700 3818 5756 celebritate.

2365 5844 2570 5901 Severo
2595 5855 2802 5899 morum
2827 5838 3145 5911 vivendique
3175 5851 3372 5912 genere
3395 5836 3757 5898 Tertullianus
3785 5847 3898 5900 σοι,
