4252 6264
341 349 451 408 733

1435 335 1890 399 DlSSERTATlO
1924 336 1991 395 D.
2030 338 2120 400 LE
2157 341 2470 405 NOURRY.

3528 358 3639 434 πρ

329 468 595 542 quebatur
623 467 839 524 innatus
876 464 1108 536 impetus
1133 464 1352 538 ingenii,
1388 461 1684 520 acutissimi
1713 461 1931 534 quidem
1956 455 2011 517 A
2037 457 2330 530 ignoratur,
2382 471 2440 520 et
2483 463 2713 536 ipsamet
2740 467 2976 524 auctoris
3013 469 3212 541 scripta
3263 472 3638 532 manifestissi-

327 573 383 622 et
427 561 700 630 acerrimi,
743 559 839 618 sed
889 576 996 615 non
1035 558 1216 616 minus
1254 559 1432 632 asperi
1474 573 1539 615 ac
1572 557 1925 615 vehementis.

327 657 666 728 Quapropter
694 653 1022 725 Hieronymo
1051 663 1274 709 vocatur
1303 670 1317 708 :
1366 651 1500 708 acris
1543 661 1590 706 et
1625 651 1929 706 vehementis

329 750 520 822 ingenii
545 750 620 804 vir
653 747 992 821 (llieronym.
1021 746 1260 819 Catalog.
1289 746 1473 817 script.
1498 745 1647 801 Eccl.
1683 760 1802 816 cap.
1833 745 1924 813 55,

329 858 455 916 pag.
487 844 631 913 115).
667 845 738 898 At
765 842 1014 912 quamvis
1044 841 1094 896 id
1124 840 1409 908 tacuisset,
1445 840 1636 894 durum
1667 847 1722 894 et
1750 838 1923 909 impa-

327 938 465 993 tiens
482 937 622 992 illius
635 936 906 1007 ingenium
923 936 1119 1006 passim
1136 933 1330 1004 ubique
1343 934 1396 988 in
1409 932 1526 1004 ejus
1541 931 1923 987 lucubrationi-

327 1028 428 1084 bus
465 1029 676 1084 emicat.
723 1027 861 1096 Quid
905 1043 1035 1098 ergo
1062 1028 1278 1091 mirum.
1311 1027 1356 1080 si
1379 1025 1467 1082 ille
1497 1027 1632 1080 intra
1657 1025 1925 1096 legitimos

327 1121 621 1192 patientiae,
646 1119 1094 1186 mansuetudinis,
1118 1134 1181 1174 ac
1207 1117 1591 1175 moderationis
1616 1117 1814 1172 limites
1833 1133 1922 1174 se-

325 1227 387 1269 se
413 1213 692 1268 continere
718 1213 914 1283 smpius
937 1227 1042 1266 non
1071 1211 1344 1282 potuerit?
1380 1211 1450 1266 Et
1475 1210 1591 1282 ipse
1635 1218 1782 1266 certe
1814 1218 1924 1265 tam

325 1305 560 1370 sincero,
601 1321 760 1376 quam
803 1304 1085 1376 pmnitenti
1115 1304 1296 1360 animo
1325 1304 1498 1375 palam
1529 1303 1812 1361 confessus
1839 1312 1923 1360 est

322 1414 382 1456 se
425 1399 700 1470 patientiae
739 1399 937 1454 virtute
989 1414 1093 1453 non
1127 1398 1346 1453 omnino
1388 1396 1554 1453 fuisse
1619 1398 1919 1468 prmditum.

321 1490 415 1546 llis
440 1492 585 1547 enim
617 1507 772 1547 suum
813 1490 883 1546 de
926 1490 1114 1547 eadem
1173 1490 1424 1560 patientia
1469 1489 1665 1546 librum
1711 1489 1923 1552 orditur

322 1583 509 1640 verbis
534 1601 547 1637 :
579 1583 835 1654 Conﬁteor
860 1585 926 1634 ad
955 1580 1232 1636 Dominum
1262 1581 1428 1636 Deum
1451 1582 1577 1637 satis
1603 1592 1788 1638 temere
1816 1600 1919 1653 me,

318 1676 361 1730 si
382 1693 488 1731 non
515 1678 668 1732 etiam
691 1676 1009 1747 impudenter
1028 1676 1092 1729 de
1122 1675 1367 1761 patientia
1393 1691 1692 1744 componere
1715 1692 1918 1742 ausum,

317 1769 400 1823 cui
425 1768 733 1837 pra’standw
753 1767 963 1822 idoneus
984 1768 1189 1821 omnino
1221 1783 1321 1821 non
1351 1783 1484 1833 sum,
1512 1777 1568 1821 ut
1609 1767 1760 1824 homo
1797 1767 1919 1822 nul-

2031 566 2178 607 mum
2208 555 2455 612 omnibus
2478 555 2699 614 faciunt.

2102 647 2170 700 At
2210 653 2619 718 prmtermittere
2675 663 2850 710 tamen
2899 669 3006 710 non
3055 671 3340 727 possumus
3370 659 3640 732 singulare

2029 737 2296 806 quoddam
2327 741 2640 799 eruditionis
2665 759 2853 815 genus,
2886 746 3029 816 quod
3053 749 3136 803 his
3165 749 3429 807 Eusebius
3458 753 3638 810 verbis

2030 829 2083 885 in
2149 831 2482 913 Tertulliano
2529 835 2806 892 laudavit:
2840 846 3203 910 Τερτουλλιανὸς
3250 850 3357 903 τοὺς
3407 836 3642 913 ρωμαίων

2027 926 2191 994 νόμους
2213 934 2502 996 ἠκροεωιὼς,
2529 932 2648 1000 ἀνῆρ
2665 936 2732 984 τά
2752 953 2808 985 τι
2833 937 2958 986 ἄλλα
2995 936 3175 998 ἔνδοξος
3203 939 3285 988 καὶ
3311 952 3399 991 τῶν
3423 945 3640 1006 μάλιστα

2026 1024 2106 1074 ἐπὶ
2143 1026 2316 1088 Pam;
2349 1030 2574 1095 λαμπρῶν
2615 1024 2863 1094 (Euseb.
2918 1025 3014 1080 lib.
3064 1026 3127 1082 ll.
3180 1027 3382 1084 Hister.
3428 1031 3635 1090 Eccles.

2026 1124 2148 1183 cap.
2171 1111 2228 1177 2,
2257 1127 2378 1184 pag.
2411 1114 2586 1184 41),ἰὰ
2609 1124 2714 1183 est,
2745 1114 2962 1172 Valesio
2993 1119 3287 1190 interprete
3318 1139 3332 1176 :
3369 1120 3640 1178 Tertullia-

2033 1219 2130 1257 nus
2186 1203 2354 1276 legum
2402 1203 2754 1261 Romanarum
2796 1210 3153 1279 peritissimus,
3198 1222 3246 1267 et
3283 1213 3415 1268 inter
3457 1215 3639 1273 latinos

2027 1297 2297 1367 scriptores
2337 1299 2714 1356 celeberrimus.
2746 1301 2952 1358 Valesio
2983 1304 3140 1376 longe
3162 1317 3316 1362 antea
3349 1310 3640 1377 praciverat

2027 1389 2254 1448 Rufinus
2278 1392 2526 1450 eumdem
2555 1410 2694 1465 pene
2731 1395 2784 1452 in
2812 1398 3029 1454 modum
3062 1419 3076 1454 :
3119 1398 3464 1457 Tertullianus
3490 1404 3565 1458 vir
3591 1414 3640 1458 et

2025 1484 2214 1557 legum,
2237 1487 2429 1557 inquit,
2453 1499 2500 1541 et
2517 1489 2892 1545 institutionum
2909 1490 3259 1548 Romanarum
3279 1496 3636 1566 peritissimus,

2029 1586 2077 1632 et
2093 1579 2230 1632 inter
2253 1575 2454 1634 nostros
2474 1582 2748 1653 scriptores
2771 1584 3048 1639 admodum
3074 1587 3424 1659 clarus(Ruf.,
3443 1590 3531 1644 lib.
3549 1589 3633 1656 Il,

2024 1669 2144 1725 hist.
2177 1669 2402 1741 Eccles.,
2431 1689 2547 1744 cap.
2577 1673 2654 1745 “2).
2683 1679 2725 1729 A
2749 1690 2878 1730 vero
2904 1687 3084 1732 autem
3125 1679 3280 1750 longe
3305 1681 3520 1747 absunt,
3545 1685 3636 1754 qui

2024 1761 2151 1818 inde
2181 1763 2429 1819 concludi
2471 1781 2631 1836 posse
2659 1763 2946 1823 autumant
2971 1769 3360 1826 Tertullianum
3393 1773 3635 1832 nostrum

319 1859 418 1914 lius
442 1858 580 1927 boni,
630 1860 834 1931 quando
872 1868 1103 1927 oporteat
1146 1858 1647 1927 demonstrationem,
1689 1869 1736 1916 et
1777 1877 1917 1916 com-
1949 1857 1997 1917 B
2028 1855 2363 1927 professione
2385 1872 2479 1914 sua
2501 1857 2666 1914 fuisse
2685 1859 3150 1931 jurisconsultum,
3176 1879 3405 1937 eumque
3435 1868 3636 1938 ipsum-

317 1953 692 2008 mendationem
729 1953 950 2022 alicujus
978 1952 1054 2006 rei
1081 1952 1306 2020 adortos,
1335 1952 1474 2023 ipsos
1507 1953 1651 2024 prius
1677 1954 1729 2008 in
1755 1953 1922 2008 admi-

319 2043 616 2099 nistratione
640 2044 753 2113 ejus
781 2043 855 2098 rei
874 2042 1204 2113 deprehendi,
1233 2053 1282 2098 et
1319 2046 1652 2099 constantiam
1693 2061 1920 2101 commo-

318 2139 472 2194 nendi
509 2141 733 2211 propriae
768 2138 1165 2193 conuersationis
1221 2140 1524 2193 auctoritate
1575 2140 1813 2211 dirigere,
1859 2157 1923 2195 ne

317 2231 454 2286 dicta
501 2231 652 2302 factis
705 2231 1051 2301 deﬁcientibus
1099 2231 1396 2286 erubescant
1447 2230 1691 2304 (Tcrtul.
1724 2232 1818 2289 lib.
1847 2232 1918 2289 de

323 2322 555 2380 Patient.
579 2339 701 2394 cap.
727 2325 802 2395 1).

316 2443 321 2450 -
394 2414 592 2470 Verum
619 2416 664 2471 si
693 2417 932 2472 acriores
957 2416 1120 2471 animi
1163 2417 1393 2488 impetus
1420 2418 1614 2474 virtute
1652 2417 1920 2487 patientia:

318 2508 572 2580 mitigare
594 2523 700 2565 non
723 2525 936 2581 semper
956 2510 1144 2579 valuit,
1178 2511 1396 2582 ingenio
1423 2521 1570 2567 certe
1591 2510 1831 2583 pollebat
1851 2510 1918 2566 ad

317 2601 614 2672 quamlibet
641 2603 937 2672 .‘scientiam
975 2602 1132 2658 facile
1157 2603 1589 2674 consequendam
1614 2605 1915 2674 aptissimo.

321 2695 590 2764 Quantum
636 2711 766 2752 vero
791 2697 935 2751 omni
957 2695 1276 2753 eruditionis
1315 2711 1514 2768 genere
1544 2697 1914 2766 abundaverit,

317 2802 381 2842 ex
411 2788 493 2842 his
529 2787 736 2857 conjice
765 2787 1026 2844 Vincentii
1055 2785 1352 2845 Lirinensis
1381 2789 1560 2844 verbis
1591 2788 1774 2844 :Sicut
1799 2789 1918 2844 Uri-

315 2895 462 2951 genes
501 2881 641 2950 apud
668 2879 892 2947 ercos,
913 2881 984 2933 ita
1003 2880 1085 2933 hic
1110 2880 1248 2949 apud
1269 2878 1478 2935 Latinos
1503 2891 1789 2936 nostrorum
1811 2899 1918 2937 om—

316 2974 455 3027 nium
487 2975 638 3044 facile
677 2975 912 3044 princeps
942 2975 1258 3045 judicandus
1319 2986 1412 3030 est.
1464 2976 1600 3042 Quid
1647 2978 1780 3031 enim
1823 2977 1917 3033 hoc

314 3069 420 3127 uiro
473 3071 714 3125 doctius?
763 3070 900 3139 Quid
945 3071 1000 3126 in
1053 3071 1235 3127 divinis
1291 3082 1440 3144 atque
1490 3073 1726 3128 humanis
1771 3073 1916 3130 rebus

315 3163 673 3218 exercitatius?
700 3162 901 3234 Nempe
937 3180 1135 3218 omnem
1177 3164 1574 3235 philosOphiam,
1613 3175 1660 3218 et
1706 3174 1917 3220 cunctas

2026 1959 2138 2005 met
2160 1963 2280 2004 esse
2307 1949 2718 2022 Tertyllianum,
2743 1953 2831 2023 qui
2852 1968 3037 2009 revera
3064 1954 3210 2026 leges
3227 1957 3438 2026 publice
3454 1957 3637 2016 docuit

2026 2049 2081 2094 et
2107 2040 2502 2111 interpretatus
2531 2053 2641 2100 est.
2689 2043 2820 2098 Nam
2851 2054 3076 2117 uterque
3115 2049 3347 2119 propriis
3389 2051 3501 2107 suis
3539 2069 3636 2110 no-

2025 2132 2261 2198 minibus
2313 2136 2445 2190 satis
2496 2135 2861 2206 distinguitur.
2894 2139 3097 2196 Deinde
3128 2156 3260 2197 vero
3289 2145 3408 2213 quis
3429 2147 3635 2202 nesciat

2026 2239 2186 2296 posse
2214 2225 2464 2297 aliquem,“
2491 2227 2704 2298 juribus
2735 2230 3048 2302 legibusque
3091 2233 3452 2291 Romanorum
3497 2238 3630 2293 affa-

2023 2318 2120 2374 tim
2167 2319 2368 2386 imbui;
2422 2322 2634 2378 tametsi
2676 2322 2890 2379 illorum
2937 2326 3214 2381 scientiam
3263 2343 3534 2400 nunquam
3577 2331 3631 2387 in

2025 2411 2227 2468 scholis
2254 2413 2478 2482 publicis
2502 2415 2777 2485 professus
2799 2415 3128 2473 fueritiNon
3159 2419 3231 2474 ibi
3255 2420 3434 2492 itaque
3461 2421 3633 2480 Euse-

2023 2506 2144 2562 bius
2170 2506 2485 2563 Tertulliani
2543 2507 2930 2579 professionem
2962 2511 3168 2578 laudat,
3197 2513 3292 2570 sed
3333 2516 3628 2584 perfectam

2035 2599 2212 2672 legum
2257 2601 2618 2657 Romanarum
2645 2603 2944 2659 doctrinam
2970 2615 3131 2676 atque
3160 2607 3424 2677 peritiam.

2099 2691 2203 2746 Par
2260 2702 2418 2747 tanta:
2479 2693 2620 2747 illius
2690 2694 2979 2750 eruditioni
3049 2713 3155 2751 non
3204 2708 3320 2753 erat
3374 2700 3630 2756 elocutio.

2023 2782 2232 2855 Equos
2259 2794 2439 2840 autem
2465 2795 2521 2840 et
2549 2786 2773 2842 idoneos
2803 2801 2864 2842 ea
2895 2787 2962 2843 de
2999 2803 3060 2843 re
3084 2788 3294 2858 judices
3333 2791 3377 2845 si
3418 2791 3631 2848 deside-

2026 2891 2140 2943 ras,
2175 2879 2228 2931 in
2257 2877 2350 2931 tibi
2374 2886 2572 2949 praesto
2609 2889 2690 2933 est
2726 2879 3011 2943 Lactantii,
3037 2880 3127 2950 qui
3161 2881 3351 2937 Cicero
3376 2883 3628 2939 christia-

2020 2983 2122 3024 nus
2148 2969 2322 3038 audit,
2349 2970 2612 3041 judicium
2651 2989 2663 3025 :
2698 2971 2978 3041 Septimius
3007 2971 3352 3030 Tertullianus
3373 2978 3470 3048 fuit
3491 2979 3630 3033 omni

2019 3079 2200 3134 genere
2226 3064 2510 3118 litterarum
2551 3065 2762 3135 peritus,
2788 3065 2875 3118 sed
2902 3065 2956 3118 in
2985 3064 3266 3136 eloquendo
3296 3085 3474 3138 parum
3496 3072 3626 3140 faci-

2020 3157 2104 3223 lis,
2131 3167 2177 3211 et
2193 3157 2364 3211 minus
2388 3169 2640 3226 comptus,
2665 3168 2712 3211 et
2733 3158 2950 3211 multum
2974 3158 3214 3213 obscurus
3231 3159 3498 3226 (Lactant.
3530 3162 3624 3217 lib.

315 3255 738 3325 philosOphorum
781 3263 941 3309 sectas
965 3295 981 3322 ,
1037 3255 1267 3310 auctores
1329 3265 1702 3325 assertoresque
1742 3266 1906 3311 secta-

2020 3248 2083 3304 V.
2109 3247 2242 3303 Inst.
2261 3250 2424 3303 divin.
2445 3263 2563 3318 cap.
2583 3249 2637 3313 1,
2660 3265 2779 3320 pag.
2797 3249 3147 3322 459)..Neque
3170 3251 3371 3307 dixeris
3401 3254 3471 3308 ibi
3495 3253 3628 3311 Lac-

312 3363 448 3412 rum,
480 3362 748 3415 omnesque
775 3363 949 3401 eorum
986 3347 1306 3416 disciplinas,
1338 3362 1536 3400 onmem
1581 3347 1909 3402 historiarum

313 3454 375 3492 ac
401 3438 687 3491 studiorum
733 3440 1018 3493 uarietatem
1060 3441 1192 3493 mira
1228 3438 1448 3508 quadam
1476 3440 1655 3494 mentis
1700 3440 1907 3510 capaci-

313 3539 420 3584 tate
464 3530 759 3599 complexus
803 3539 892 3585 est.
924 3529 1140 3603 Ingenio
1165 3547 1282 3588 vero
1321 3547 1486 3587 nonne
1523 3541 1626 3586 tam
1671 3534 1812 3604 gravi
1848 3549 1908 3588 ac

311 3623 596 3677 uehementi
631 3623 900 3690 excelluit;
941 3635 996 3678 ut
1045 3625 1174 3678 nihil
1215 3625 1311 3680 sibi
1353 3642 1480 3695 pene
1517 3625 1587 3680 ad
1606 3641 1908 3697 expugnan-

313 3719 435 3773 dum
462 3722 781 3790 proposuerit
810 3764 825 3788 ,
851 3721 986 3791 quod
1014 3739 1117 3777 non
1137 3731 1228 3776 aut
1255 3723 1488 3778 acumine
1521 3723 1794 3794 irruperit,
1819 3731 1908 3777 aut

313 3813 536 3884 pondere
559 3815 785 3869 eliserit?
809 3813 932 3868 Jam
974 3830 1128 3885 porro
1172 3816 1416 3871 orationis
1461 3832 1571 3871 sua:
1595 3817 1772 3871 laudes
1796 3817 1909 3888 quis

311 3909 514 3978 exsequi
551 3907 716 3962 ualeat
736 3908 763 3963 .9
793 3907 922 3976 Qua:
946 3918 1090 3962 tanta
1115 3909 1281 3963 nescio
1310 3925 1410 3980 qua
1441 3910 1695 3964 rationum
1733 3925 1906 3965 neces-

310 4000 460 4055 sitate
482 4011 712 4056 conserta
752 4011 847 4066 est,
900 4011 955 4055 ut
988 4001 1058 4054 ad
1102 4016 1401 4056 consensum
1419 4002 1520 4069 sui,
1546 4018 1673 4072 quos
1696 4002 1909 4056 suadere

311 4107 412 4144 non
439 4099 674 4160 potuerit,
707 4092 973 4163 impellat.
1002 4090 1160 4164 Cujus
1184 4101 1302 4162 quot
1332 4109 1458 4163 pene
1481 4092 1650 4159 verba,
1693 4101 1765 4147 tot
1802 4109 1913 4148 sen-

312 4187 482 4240 tentia:
499 4195 635 4253 sunt,
666 4196 786 4257 quot
806 4203 1002 4254 sensus,
1048 4196 1120 4241 tot
1141 4186 1382 4242 uictoriis.
1424 4184 1608 4241 Sciunt
1636 4186 1729 4240 hoc
1758 4186 1906 4242 Mar-

309 4280 498 4346 ciones,
542 4280 762 4351 Apelles,
796 4279 1030 4347 Praxete,
1069 4279 1430 4351 Hermogenes,
1457 4279 1650 4347 Judaei,
1685 4279 1909 4336 Gentiles

312 4373 558 4441 Gnostici,
589 4373 878 4444 caterique,
925 4389 1138 4442 quorum
1162 4373 1251 4428 ille
1275 4373 1618 4443 blasphemiae
1652 4375 1825 4429 multis
1847 4389 1909 4428 ac

308 4470 507 4540 magnis
547 4461 863 4523 voluminum
899 4483 1108 4522 suorum
1161 4467 1394 4534 molibus,
1441 4467 1571 4522 velut
1606 4468 1906 4537 quibusdam

309 4561 610 4633 fulminibus
651 4562 822 4616 euertit
864 4565 881 4631 ε
903 4561 1147 4617 Vineent.
1195 4561 1360 4616 Lirin.
1394 4561 1782 4616 Commonitor.
1817 4561 1901 4632 l).

2022 3340 2246 3394 tantium
2277 3341 2418 3411 loqui
2447 3340 2514 3396 de
2543 3341 2865 3398 Tertulliani
2889 3344 3063 3412 potius
3083 3344 3449 3415 Apologetico,
3478 3346 3627 3402 aliis-

2012 3450 2117 3506 que
2156 3435 2308 3491 libris
2334 3435 2596 3492 adversus
2644 3437 2890 3493 ethnicos
2937 3438 3171 3509 scriptis,
3212 3455 3369 3510 quam
3415 3443 3625 3498 caeteris

2011 3527 2128 3599 ejus
2173 3529 2444 3600 operibus.
2466 3529 2678 3586 Etenim
2703 3532 2891 3588 eadem
2916 3544 2998 3589 est
3020 3533 3330 3606 Hieronymi
3360 3536 3428 3592 de
3452 3538 3626 3592 omni-

2013 3621 2112 3675 bus
2163 3619 2305 3675 illius
2334 3623 2881 3679 commentationibus
2926 3625 3217 3692 sententia,
3272 3641 3430 3697 quam
3477 3626 3624 3684 hisce

2012 3713 2354 3786 paucioribus
2394 3716 2573 3770 verbis
2621 3718 3019 3788 pronuntiavit:
3057 3717 3405 3773 Tertullianus
3454 3719 3625 3775 creber

2012 3822 2083 3868 est
2118 3814 2170 3868 in
2191 3812 2474 3880 sententiis,
2498 3812 2587 3866 sed
2627 3815 2843 3885 diﬁicilis
2885 3814 2941 3866 in
2978 3813 3260 3884 eloquendo
3285 3812 3619 3886 (llieronym.

2011 3903 2182 3978 Epist.
2243 3905 2336 3962 49.
2392 3905 2456 3960 ad
2490 3906 2699 3962 Paulin.
2731 3923 2849 3978 pag.
2906 3907 3057 3978 567).
3104 3906 3274 3962 Nemo
3305 3919 3484 3964 autem
3517 3918 3620 3977 est,

2010 3999 2098 4068 qui
2128 4006 2306 4053 notata
2338 3997 2405 4054 ab
2428 4007 2655 4069 utroque
2682 4000 2940 4054 orationis
2970 3998 3227 4066 difﬁcilis,
3260 3999 3546 4068 inornatze,
3565 4011 3619 4058 et

2013 4089 2342 4146 obscurioris
2371 4091 2499 4145 vitia
2531 4105 2636 4145 non
2667 4091 2845 4145 statim
2873 4089 3260 4158 deprehendat.

2083 4185 2185 4239 Alii
2238 4200 2366 4239 vero
2412 4183 2816 4256 reprehendunt
2863 4183 3236 4254 inmquabilem
3263 4198 3471 4251 eorum,
3503 4187 3622 4257 qui-

2011 4278 2111 4334 bus
2139 4279 2226 4335 ille
2270 4279 2453 4345 utitur,
2502 4287 2938 4349 argumentorum
2985 4280 3320 4335 varietatem.
3354 4280 3620 4336 Gravissi-

2016 4371 2118 4425 mis
2149 4369 2414 4440 siquidem
2445 4379 2498 4426 et
2528 4369 2913 4434 invictissimis,
2965 4370 3242 4441 inquiunt,
3275 4381 3619 4443 argumenta-

2018 4461 2256 4517 tionibus
2311 4462 2494 4531 plures
2541 4461 2676 4514 alias
2705 4502 2721 4527 ,
2770 4461 3054 4531 rapidioris
3125 4463 3325 4534 ingenii
3372 4463 3618 4519 acumine

2011 4552 2360 4622 excogitatas,
2405 4550 2730 4622 quandoque
2789 4552 3140 4618 intermiscet,
3195 4569 3315 4624 quae
3364 4555 3618 4614 levissimi

306 4651 419 4709 Sed
488 4651 649 4708 tantis
693 4652 938 4708 laudibus
988 4653 1132 4708 illam
1175 4652 1316 4708 haud
1365 4651 1526 4708 dubie
1569 4653 1907 4723 omnigenam
1934 4642 2106 4704 Dant
2135 4643 2332 4699 nullius
2359 4643 2514 4714 plane
2541 4651 2666 4698 sunt
2691 4646 2970 4699 momenti.

308 4744 631 4801 Tertulliani
653 4746 1008 4803 eruditionem
1030 4745 1287 4815 cumulat,
1312 4761 1414 4818 qua
1450 4745 1504 4801 in
1535 4745 1721 4817 primis
1741 4745 1909 4802 libros

305 4852 436 4894 suos
476 4838 528 4892 in
577 4837 882 4894 christianae
929 4839 1226 4910 religionis,
1258 4849 1312 4896 et
1339 4839 1761 4894 orthodoxorum
1806 4837 1906 4894 dos

305 4939 544 5002 gmatum
590 4929 966 4987 defensionem
1011 4933 1243 5002 scriptos
1290 4931 1491 5002 passim
1529 4931 1726 5002 ubique
1771 4946 1908 4988 con-

305 5024 521 5096 spers'it.
551 5023 913 5092 Quamobrem
956 5033 1151 5096 praeter
1200 5024 1492 5081 Eusebium
1535 5033 1589 5081 et
1628 5023 1904 5095 Rufinum,

301 5118 413 5190 jam
442 5134 474 5175 a
505 5119 660 5176 nobis
708 5121 922 5190 citatos,
965 5121 1206 5192 aliosque
1260 5121 1586 5192 complures,
1619 5121 1688 5178 ab
1715 5120 1908 5177 Hiero-

306 5229 471 5286 nymo
512 5214 814 5286 appellatur
853 5218 931 5270 uir
977 5215 1724 5288 eruditissimusﬁﬂieronym.
1781 5215 1906 5272 adv.

305 5307 468 5378 Vigil.
499 5324 620 5380 pag.
645 5309 756 5367 285
783 5318 838 5367 et
863 5312 1022 5382 epist.
1054 5311 1144 5368 83.
1185 5311 1252 5368 ad
1279 5311 1414 5383 Mag.
1445 5326 1568 5382 pag.
1615 5311 1765 5382 656),
1801 5325 1910 5382 quo

304 5399 522 5469 quidem
543 5401 678 5457 nihil
703 5411 790 5459 est
813 5403 1093 5468 eruditius,
1128 5411 1180 5460 et
1212 5403 1437 5459 acutius.
1469 5401 1526 5457 ln
1568 5403 1684 5472 ipso
1705 5413 1905 5470 autem,

303 5487 372 5546 de
420 5506 528 5562 quo
575 5507 720 5550 nunc
779 5494 1136 5566 disputamus,
1196 5495 1361 5565 ipsius
1416 5493 1805 5565 Apologetico,
1853 5503 1908 5551 et

301 5583 425 5640 aliis
470 5585 731 5642 adversus
775 5596 965 5659 gentes
998 5587 1192 5644 libellis
1219 5587 1272 5643 id
1300 5587 1532 5643 emicare
1559 5585 1700 5641 haud
1745 5585 1904 5642 dubi-

303 5683 479 5751 tanter
526 5677 780 5734 afﬁrmat.
821 5678 1016 5750 Opera:
1056 5679 1216 5751 igitur
1259 5693 1482 5751 prorsus
1512 5676 1719 5735 inutilis
1766 5677 1907 5734 foret

301 5748 621 5832 hoc,'sicut
662 5767 824 5826 facile
870 5748 999 5839 est,
1060 5748 1343 5827 illustrium
1396 5767 1682 5841 cujuslibet
1729 5769 1902 5826 aetatis

300 5855 625 5930 scriptorum
646 5861 988 5936 _testimoniis
1026 5862 1367 5936 comprobari
1385 5904 1402 5936 ,
1434 5861 1578 5935 quod
1604 5876 1652 5941 a_
1681 5861 1897 5920 nemine

2089 4738 2157 4792 At
2190 4735 2430 4806 plerique
2461 4750 2650 4790 onmes
2679 4734 2913 4791 fatentur
2943 4736 3070 4791 illud
3101 4737 3356 4795 vitiosum
3385 4741 3503 4798 sive
3531 4741 3623 4798 dio-

2013 4830 2191 4895 cendi,
2214 4828 2327 4886 sive
2355 4829 2763 4901 argumentandi
2785 4844 2984 4900 genus,
3019 4830 3187 4886 sicubi
3219 4843 3484 4902 occurrat,
3519 4836 3618 4893 mi-

2011 4925 2153 4981 canti
2178 4937 2396 4995 prorsus
2416 4922 2801 4978 sententiarum
2821 4923 3081 4993 gravitate
3097 4965 3112 4992 ,
3139 4938 3456 4998 summaque
3484 4927 3616 4984 alio-

2013 5033 2132 5074 rum
2165 5025 2602 5086 argumentorum
2625 5015 2760 5085 viae
2787 5013 3043 5086 pondere,
3060 5017 3211 5088 quasi
3232 5019 3366 5074 mira
3387 5019 3618 5089 quadam

2010 5106 2473 5180 compensatione,
2497 5107 2651 5164 leniri
2682 5116 2739 5164 et
2771 5108 3040 5164 resarciri.
3061 5108 3131 5164 Et
3162 5123 3293 5166 vero
3313 5111 3358 5166 si
3382 5111 3616 5169 Vincen-

2010 5205 2146 5260 tium
2177 5203 2671 5272 Lirinensem,non
2689 5204 2910 5259 omnino
2926 5205 3164 5274 ineptum
3178 5203 3559 5278 judicem,jam
3583 5223 3616 5264 a

2011 5297 2166 5353 nobis
2187 5297 2430 5364 citatum,
2449 5309 2637 5352 rursus
2651 5295 2837 5352 audire
2853 5296 2985 5352 velis
3009 5315 3021 5352 :
3043 5296 3427 5369 Tanta,inquit,
3448 5301 3620 5358 nescio

2009 5408 2110 5464 qua
2146 5392 2404 5445 rationum
2434 5390 2747 5456 necessitate,
2776 5391 2940 5445 oratio
2969 5392 3100 5462 ejus,
3165 5403 3396 5448 conserta
3423 5405 3531 5462 est,
3559 5404 3618 5452 ut

2008 5484 2078 5538 ad
2104 5482 2516 5555 consensumpui
2541 5497 2669 5552 quos
2706 5483 2920 5538 suadere
2947 5499 3049 5538 non
3087 5486 3324 5556 potuerit,
3344 5487 3613 5559 impellat.

2009 5577 2168 5648 Cujus
2187 5587 2308 5649 quot
2329 5592 2455 5648 pene
2473 5577 2644 5644 verba,
2668 5584 2738 5629 tot
2765 5577 3024 5632 sententiae
3060 5588 3201 5644 sunt,
3231 5588 3350 5650 quot
3397 5597 3609 5650 sensus,

2007 5682 2078 5728 tot
2107 5672 2347 5727 uictoria.
2375 5669 2509 5726 Eam
2538 5685 2667 5726 sane
2694 5671 2765 5727 ob
2806 5685 3022 5726 causam
3053 5672 3163 5738 ille,
3195 5672 3352 5729 sicuti
3396 5674 3614 5732 aiebant

2005 5766 2256 5824 Chronici
2282 5763 2573 5822 Eusebiani
2593 5772 2779 5821 auctor
2806 5782 2820 5818 :
2851 5764 3092 5820 Omnium
3118 5765 3466 5822 Ecclesiarum
3494 5784 3609 5824 ser-

2005 5875 2152 5918 mone
2169 5859 2446 5918 celebratur
2467 5855 2690 5931 (Euseb.
2723 5856 2922 5919 Chron.
2953 5858 3022 5917 ad
3049 5873 3176 5918 ann.
3206 5859 3403 5920 Christ.
3435 5860 3592 5935 208).
