4252 6270
603 357 713 421 755

1640 359 1709 417 IN
1744 355 2214 437 TERTULLIANI
2250 342 2781 416 APOLOGETICUM

3799 351 3901 416 736

606 478 971 538 Ecclesiarum
999 482 1177 533 autem
1209 474 1339 533 dicit
1365 490 1472 533 non
1494 474 1692 534 'solum
1733 478 2059 544 Occidentis,
2109 475 2204 536 sed
2230 472 2284 535 A
2311 474 2440 530 illud
2465 474 2925 546 intrusum,atque
2947 487 3017 530 ex
3042 470 3182 529 libro
3207 470 3274 529 ad
3291 470 3580 543 Scapulam
3602 472 3708 530 huc
3728 481 3907 532 trans-

608 575 770 629 etiam
799 566 1298 636 Orientis.jQuidam
1326 570 1466 624 enim
1495 568 1638 625 illius
1663 570 1807 634 libri,
1837 571 1907 626 ob
1931 584 2205 641 magnum,

607 679 716 736 quo
767 658 1190 728 aestimabantur,
1221 661 1475 732 pretium,
1515 663 1567 715 in
1588 677 1816 732 grmcam
1861 663 2118 733 linguam,
2152 668 2211 716 ut

612 753 771 826 paulo
795 759 955 807 antea
983 752 1382 820 annotavimus,
1422 753 1794 825 conversi,jah
1817 755 2005 825 grzrcis
2035 753 2209 809 homi-

606 845 766 902 nibus
793 859 897 899 non
924 843 1104 902 minus
1130 846 1305 911 avide,
1341 862 1499 918 quam
1531 862 1561 901 a
1593 847 1771 902 latinis
1801 848 2134 917 legebantur.

615 924 654 937 θ
680 937 837 993 Tanti
863 952 1028 1009 porro
1068 937 1369 1011 Cyprianus
1397 954 1491 995 eos
1528 937 1676 1007 fecit,
1729 947 1787 995 ut
1831 939 2035 995 idcirco
2072 936 2210 995 Ter-

611 1028 890 1085 tullianum
913 1030 1227 1101 magistrum
1256 1030 1605 1101 appellaverit
1632 1040 1806 1098 suum,
1838 1046 1935 1087 nec
1964 1031 2108 1086 diem
2133 1032 2215 1086 ul.

612 1123 726 1178 lum
757 1120 875 1177 sine
901 1120 1125 1195 alicujus
1170 1137 1238 1178 ex
1277 1122 1421 1178 illius
1465 1122 1615 1178 libris
1642 1122 1894 1190 lectione
1938 1122 2214 1194 praeterire

610 1214 861 1271 voluerit.
902 1213 1074 1285 Hujus
1106 1218 1293 1283 jautem
1326 1227 1431 1271 tam
1483 1215 1715 1272 assiduae
1768 1216 2014 1272 lectionis
2064 1216 2215 1273 testis

610 1308 759 1363 omni
786 1305 895 1362 tide
920 1307 1092 1378 major
1113 1307 1267 1364 nobis
1301 1318 1385 1365 est
1412 1308 1796 1381 Hieronymus,
1824 1310 1914 1380 qui
1944 1324 1972 1364 a
2005 1324 2133 1381 quo,
2162 1317 2217 1367 et

612 1414 771 1470 quam
797 1406 945 1454 certo
972 1397 1023 1453 id
1051 1400 1337 1470 acceperit,
1367 1401 1443 1456 sic
1465 1409 1682 1456 enarrat
1707 1419 1720 1456 :
1760 1400 1880 1456 Vidi
1922 1418 2013 1474 ego
2036 1418 2215 1472 quem-

613 1490 733 1544 dam
760 1489 985 1545 Paulum
1014 1489 1338 1560 Concordia’,
1370 1493 1507 1565 quod
1535 1495 1780 1565 oppidum
1804 1494 1979 1550 Italia:
2002 1506 2095 1563 cst,
2137 1512 2217 1552 se-

615 1599 751 1649 nem,
780 1584 864 1651 qui
886 1599 939 1636 se
964 1584 1097 1638 beati
1122 1582 1368 1655 Cypriani
1385 1587 1498 1656 jam
1546 1587 1754 1657 grandis
1773 1586 1936 1642 wtatis
1964 1589 2217 1644 notarium

610 1690 729 1728 cum
754 1673 863 1745 ipse
886 1674 1158 1729 admodum
1189 1686 1315 1730 esset
1336 1676 1649 1743 adolescens,
1708 1677 1883 1733 Roma:
1907 1680 2091 1736 vidisse
2132 1680 2215 1735 di-

615 1776 787 1831 ceret,
834 1771 1122 1838 referreque
1172 1768 1269 1823 sibi
1325 1770 1551 1835 solitum,
1602 1786 1861 1842 nunquam
1902 1771 2217 1843 Cyprianum

2312 569 2477 624 latum
2517 582 2639 624 esse
2665 566 2973 638 pronuntiat
2999 566 3017 636 (
3046 565 3193 621 Idem
3221 563 3310 620 lib.
3339 566 3408 620 ad
3429 565 3645 637 Scapul.
3674 583 3791 638 cap.
3821 566 3903 638 2).

2313 660 2405 719 Sic
2471 660 2650 731 itaque
2713 658 3041 715 difficultatis
3111 657 3311 714 nodum
3367 658 3527 715 unius
3580 658 3730 716 verbi
3793 675 3916 715 am-

2314 757 2590 827 putatione
2640 754 2814 811 secari
2864 754 3049 810 voluit.
3084 752 3278 809 Verum
3327 767 3452 822 qua,
3487 753 3682 809 amabo
3734 761 3808 821 te,
3836 769 3915 809 ra-

2317 848 2497 906 tione?
2522 847 2678 903 Nulla
2706 847 2937 918 penitus,
2980 859 3044 900 ac
3070 854 3256 901 contra
3302 844 3541 901 omnium
3571 846 3914 916 manuscrip-

2316 952 2494 999 torum
2519 941 2763 998 codicum
2792 939 3185 996 auctoritatem.
3214 939 3416 995 Everso
3449 939 3631 1011 itaque
3659 954 3812 996 vanae
3853 940 3917 995 il-

2315 1034 2420 1091 lius
2458 1033 2726 1104 opinionis
2770 1031 3116 1088 fundamento
3146 1073 3161 1097 ,
3191 1039 3248 1087 et
3276 1032 3388 1101 ipsa
3421 1031 3634 1101 penitus
3654 1041 3776 1087 ruat
3816 1047 3919 1088 ne-

2316 1139 2469 1183 cesse
2495 1133 2596 1181 est.
2651 1123 2790 1192 Quin
2821 1124 2982 1179 etiam
3011 1122 3159 1178 illius
3188 1121 3405 1179 falsitas
3419 1137 3487 1179 ex
3515 1135 3642 1179 mox
3672 1121 3919 1180 dicendis

2316 1219 2494 1275 adhuc
2517 1218 2714 1274 clarius
2742 1216 2961 1287 patebit.

2391 1310 2631 1382 Scaliger
2656 1319 2857 1376 autem,
2886 1317 2941 1365 et
2986 1308 3197 1364 Alixius
3239 1304 3444 1377 Opinati
3496 1315 3623 1363 sunt
3662 1306 3805 1363 hunc
3847 1305 3920 1362 li-

2318 1405 2476 1462 brum
2504 1403 2558 1459 in
2584 1403 2759 1458 lucem
2792 1386 2997 1456 tantum
3028 1398 3293 1470 prodiisse
3323 1405 3444 1469 post
3469 1397 3708 1470 ejusdem
3733 1397 3920 1455 Severi

2319 1490 2659 1568 imperatoris
2707 1503 2960 1561 mortem,
3011 1507 3132 1563 quae
3158 1505 3300 1548 anno
3318 1487 3516 1546 Christi
3563 1490 3692 1546 211.
3729 1504 3924 1546 mense

2319 1588 2615 1646 Februario
2643 1585 2857 1641 accidit.
2897 1586 2967 1640 At
2988 1583 3209 1650 nullamf
3236 1582 3565 1653 opinationis
3609 1597 3720 1637 sum
3757 1580 3919 1637 aliam

2319 1680 2550 1737 reddunt
2575 1678 2863 1745 rationem,
2897 1675 3001 1732 nisi
3043 1676 3167 1747 quia
3201 1664 3679 1730 arbitrantur‘hmc
3701 1672 3920 1728 Tertul-

2320 1772 2445 1827 liani
2472 1770 2673 1827 verba:
2708 1768 2902 1839 Papias
2933 1768 3066 1839 leges
3113 1768 3222 1835 lteri
3240 1764 3683 1821 constantissimus
3724 1765 3925 1835 princi-

612 1856 801 1931 absque
822 1859 1125 1915 Tertulliani
1168 1863 1380 1917 lectione
1423 1879 1581 1917 unum
1629 1864 1761 1917 diem
1807 1866 2131 1936 praeteriisse,
2157 1883 2218 1922 ac
2245 1869 2293 1929 B
2322 1881 2443 1938 pum
2495 1864 2712 1920 Severus
2750 1861 2962 1917 exclusit
3015 1859 3212 1931 (Idem
3261 1858 3568 1930 Apologet.,
3621 1873 3742 1928 cap.
3785 1859 3820 1914 ι
3849 1856 3871 1928 )
3902 1898 3921 1924 ,

614 1952 710 2006 sibi
738 1954 911 2008 crebro
935 1954 1102 2008 dicere
1139 1971 1157 2008 :
1203 1954 1286 2008 Da
1320 1955 1646 2027 Magistrum,
1679 1956 2052 2013 Tertullianum
2079 1959 2216 2015 vide-

615 2044 732 2101 licet
781 2046 1078 2117 signi/icans
1131 2047 1471 2121 (llieronym.
1502 2048 1743 2119 Catalog.
1783 2041 1970 2122 script'.
2002 2052 2212 2109 Eccles.

616 2150 737 2207 cap.
765 2137 855 2203 5'5,
892 2152 1010 2208 pag.
1040 2140 1203 2208 115).
1231 2140 1368 2205 Quin
1408 2140 1566 2194 etiam
1599 2142 1753 2211 plane
1797 2154 2070 2199 asseverat
2116 2144 2217 2201 hoc

615 2242 680 2283 ex
731 2228 976 2297 ipsismet
1029 2230 1287 2300 Cypriani
1333 2231 1482 2286 libris
1536 2241 1785 2287 taSIatum
1815 2234 2100 2289 satisﬁeri.
2133 2234 2216 2292 Ad

576 2321 1017 2378 .Pammachium
1067 2323 1344 2380 enimvero
1389 2333 1446 2379 et
1493 2324 1762 2381 Oceanum
1811 2325 1928 2382 lucc
1972 2328 2024 2382 in
2056 2327 2214 2384 verba

613 2415 833 2484 scripsit
862 2433 874 2470 :
904 2414 1092 2471 Beatus
1117 2414 1404 2488 Cyprianus
1424 2416 1743 2473 Tertulliano
1770 2421 2013 2492 magistro
2035 2423 2214 2484 utitur,

620 2520 675 2563 ut
703 2510 813 2579 ejus
841 2510 1032 2579 scripta
1066 2511 1281 2579 probant
1305 2529 1323 2565 :
1349 2528 1559 2582 cumque
1584 2513 1773 2567 eruditi
1797 2523 1843 2569 et
1875 2515 2099 2569 ardentis
2122 2514 2219 2569 viri

621 2601 900 2655 delectetur
945 2602 1170 2672 ingenio,
1203 2601 1508 2678 Montanum
1551 2620 1665 2657 cum
1696 2621 1755 2659 eo
1781 2603 2220 2672 Maximannth

616 2713 716 2751 non
756 2699 982 2768 sequitur
1006 2698 1175 2767 (Idem
1206 2698 1364 2768 epist.
1396 2698 1488 2753 42.
1524 2714 1647 2770 pag.
1679 2697 1827 2769 542).
1861 2698 1971 2755 Nec
1995 2699 2218 2759 dubium

615 2803 745 2846 sane
770 2799 850 2846 est
889 2791 1014 2858 quin
1038 2792 1124 2845 alii
1168 2792 1574 2862 quatnplurinti,
1608 2792 2061 2862 quemadmodum
2109 2796 2217 2868 Cy-

618 2882 856 2951 prianus,
902 2882 1216 2938 Tertulliani
1268 2884 1431 2938 lihros
1471 2885 1950 2952 'pcrvhlutavcriut.
2007 2889 2081 2942 Dc
2126 2888 2218 2945 illo

616 2973 880 3044 siquidem
913 2975 1028 3031 hare
1056 2991 1238 3031 rursus
1259 2977 1327 3031 ab
1363 2976 1687 3048 Ilierouymo
1728 2978 1918 3034 litteris
1966 2981 2215 3036 mandata

612 3056 845 3138 legimus
872 3084 887 3123 :
920 3067 1089 3123 Multa
1120 3070 1323 3140 scripsit
1351 3071 1623 3147 volumina,
1669 3088 1782 3142 qua:
1814 3073 1932 3143 quia
1958 3083 2080 3128 nota
2103 3082 2220 3129 sunt

618 3162 868 3232 pluribus,
912 3165 1338 3235 prtetermittimus
1378 3163 1713 3238 (Hieronym.
1772 3165 1950 3239 ibid).
1983 3168 2050 3222 At
2080 3183 2217 3239 quo-

2318 1973 2425 2014 non
2479 1957 2636 2013 aliter
2665 1998 2680 2023 ,
2723 1969 2883 2026 quam
2949 1952 3017 2009 de
3070 1950 3175 2007 hoc
3232 1951 3562 2020 imperatore
3614 1949 3723 2021 jam
3772 1964 3925 2004 mor-

2320 2060 2411 2106 tuo
2467 2062 2629 2121 posse
2680 2046 2924 2118 intelligi.
2957 2043 3226 2115 Numquid
3268 2058 3399 2114 ergo
3426 2041 3767 2111 adverbium,
3788 2042 3919 2108 lteri,

2319 2144 2467 2199 illum
2519 2142 2696 2212 potius
2741 2148 3033 2206 mortuum,
3054 2152 3214 2206 quam
3251 2135 3428 2193 adhuc
3453 2127 3724 2191 viventem
3760 2134 3927 2206 signi-

2318 2234 2478 2291 licat?
2508 2232 2709 2290 Deinde
2766 2246 2894 2288 vero
2939 2231 3011 2286 ibi
3057 2227 3290 2286 Severus
3329 2227 3569 2299 glorioso
3598 2226 3923 2283 constantis-

2319 2327 2440 2383 simi
2472 2326 2729 2397 principis
2772 2323 2928 2379 titulo
2965 2328 3277 2379 exornatur.
3319 2321 3389 2374 At
3414 2316 3687 2391 quomodo
3715 2315 3926 2374 Tertul-

2319 2419 2493 2474 lianus
2517 2417 2618 2472 hoc
2643 2416 2819 2488 elogio
2845 2415 2992 2470 illum
3017 2413 3279 2470 decorare
3295 2410 3488 2481 potuit,
3506 2410 3610 2466 nisi
3635 2418 3921 2481 antequam

2319 2511 2547 2583 publicis
2570 2508 2764 2585 edictis
2793 2508 2967 2564 diram
2998 2508 3053 2562 in
3081 2505 3404 2560 christianos
3429 2502 3717 2558 excitasset
3737 2514 3925 2573 perse-

2319 2601 2629 2659 cutionem?
2678 2600 2837 2671 Atqui
2886 2615 3004 2656 eam
3056 2597 3289 2653 movisse
3346 2593 3657 2666 perhibetur
3682 2601 3924 2649 exeunte

2319 2710 2462 2751 anno
2485 2693 2687 2749 Christi
2716 2691 2952 2747 secundo
2981 2705 3142 2762 supra
3168 2683 3609 2745 ducenttﬁmum.
3633 2684 3923 2740 Tertullia-

2320 2788 2607 2859 nusLigitur
2636 2786 2778 2841 hunc
2802 2786 2995 2841 librum
3025 2793 3150 2839 ante
3178 2782 3321 2838 hunc
3347 2794 3567 2845 annum,
3588 2793 3654 2833 ac
3693 2777 3926 2861 proinde

2321 2887 2445 2934 ante
2496 2877 2656 2948 hujus
2696 2875 3036 2947 imperatoris
3070 2874 3277 2929 obitum
3323 2870 3620 2927 coniecisse
3649 2867 3926 2938 ﬁdicendus

2321 2978 2423 3025 est.
2456 2968 2565 3025 Nec
2596 2969 2774 3024 minus
2798 2967 3014 3038 quidem
3045 2976 3195 3022 certo
3216 2964 3345 3019 illud
3388 2962 3604 3034 probari
3630 2970 3814 3033 posset
3841 2961 3926 3017 his

2321 3062 2464 3118 illius
2493 3060 2670 3118 verbis
2699 3079 2713 3115 :
2743 3060 2899 3132 Leges
2950 3059 3192 3114 adversus
3238 3054 3558 3114 Christianos
3614 3051 3788 3108 nullus
3823 3051 3921 3107 Se-

2324 3172 2470 3212 verus
2496 3155 2750 3221 impressit
2788 3169 2908 3225 qum
2944 3152 3011 3217 in
3039 3147 3360 3223 quibusdam
3404 3145 3566 3216 hujus
3595 3142 3929 3215 Apologetici

615 3257 779 3312 modo
810 3256 915 3313 illis
964 3256 1102 3313 adeo
1130 3266 1258 3314 nota
1279 3235 1402 3314 esse
1431 3235 1699 3329 poterant,
1733 3257 1833 3315 nisi
1858 3235 1919 3315 ea
1947 3235 2223 3331 saepe'sze.
2250 3257 2295 3321 ί]
2332 3248 2718 3318 manuscriptis
2743 3255 2797 3301 et
2826 3244 2983 3301 editis
3009 3240 3286 3300 codicibus
3312 3239 3563 3309 leguntur
3591 3235 3777 3309 (Ibid,
3800 3251 3925 3331 cap.

617 3351 737 3422 pius
787 3351 1080 3423 legissent?

1225 3443 1454 3502 CAPUT
1514 3444 1577 3499 II.

621 3556 698 3611 De
745 3557 862 3611 libri
888 3557 1396 3630 Apologeticijaztate,
1425 3535 1605 3626 quibus
1631 3557 1849 3612 directus
1876 3556 2223 3630 nuncupatus-

692 3667 789 3721 que
832 3653 918 3717 ‘it,
950 3661 1121 3705 utrum
1159 3651 1382 3705 auctoris
1420 3650 1624 3704 nomine
1658 3650 1878 3720 primunt
1926 3652 2220 3723 inscriptus,

693 3742 805 3813 quis
820 3743 959 3797 illius
981 3743 1172 3808 titulus,
1194 3744 1388 3813 quodve
1410 3754 1785 3815 argumentum,
1806 3759 1838 3797 a
1857 3744 2035 3813 quibus
2060 3747 2111 3800 in
2131 3762 2218 3800 ca-

697 3834 805 3903 pita
828 3833 1046 3899 divisus,
1078 3842 1122 3887 et
1169 3834 1385 3903 prteﬁxa
1424 3833 1649 3903 capitum
1668 3835 1967 3902 summaria,
1997 3851 2097 3905 quo
2125 3853 2222 3907 ap-

696 3924 882 3993 plausu
908 3932 1192 3995 susceptus,
1213 3940 1244 3978 a
1264 3940 1363 3994 quo
1378 3924 1431 3977 in
1447 3939 1665 3995 graecam
1685 3924 1913 3996 linguam
1956 3943 2225 3983 conversus

640 4010 648 4015 ⁴
695 4034 756 4072 ac
781 4034 882 4091 quo
909 4015 1042 4089 style
1063 4017 1398 4088 conscriptus.

1146 4151 1443 4193 ARTICULUS
1466 4151 1676 4193 PRIIUS.

630 4252 743 4320 Quo
785 4259 1008 4324 tempore
1039 4251 1382 4308 Tertullianus
1427 4253 1810 4327 Apologeticum
1870 4254 2125 4325 publicam
2174 4260 2228 4314 in

1206 4351 1368 4406 lucem
1404 4352 1644 4407 emiserit.

702 4466 866 4522 Extra
892 4479 1052 4522 omne
1077 4464 1295 4521 dubium
1328 4475 1414 4521 est
1438 4465 1862 4533 Tertullianum,
1893 4466 1968 4522 uti
2002 4467 2115 4537 jam
2136 4480 2227 4522 os-

630 4559 923 4623 tendimus,
954 4571 1076 4614 esse
1106 4556 1261 4628 hujus
1310 4558 1641 4629 Apologetici
1673 4557 1794 4615 libri
1839 4550 2025 4614 verum
2073 4574 2135 4615 ac
2163 4574 2230 4630 ge

2323 3344 2403 3415 5}.
2431 3341 2568 3410 Quia
2597 3351 2772 3395 tamen
2799 3338 2851 3391 in
2882 3335 3003 3392 aliis
3033 3332 3356 3390 editionibus
3398 3338 3455 3386 et
3491 3335 3701 3415 septem
3727 3325 3931 3383 nostris

2324 3408 2602 3492 codicibus
2645 3428 3024 3500 manuscriptis
3072 3426 3332 3497 scriptum
3387 3430 3505 3491 est,
3550 3408 3733 3475 iratius
3770 3416 3928 3473 Verus

2324 3526 2616 3599 impressit;
2660 3524 2797 3592 lucc,
2840 3521 2909 3576 de
2946 3519 3138 3591 quibus
3175 3516 3352 3572 adhuc
3379 3522 3588 3586 postea,
3630 3527 3740 3568 non
3789 3509 3929 3565 ultra

2324 3635 2485 3692 quam
2508 3626 2772 3690 oporteat,
2805 3613 3042 3686 urgenda
3071 3609 3340 3667 duximus.

2394 3714 2562 3768 Instat
2587 3726 2717 3768 vero
2740 3710 2945 3765 Alixius
2966 3726 2980 3764 :
3004 3706 3073 3762 ad
3093 3720 3250 3762 suum
3279 3702 3641 3760 Tertullianus
3692 3699 3755 3754 de
3784 3697 3935 3754 Prc-

2326 3804 2684 3878 scriptionibus
2711 3802 3065 3858 haereticorum
3090 3799 3286 3855 librum
3312 3794 3554 3851 alludere
3578 3793 3808 3859 videtur,
3836 3790 3934 3847 ubi

2329 3902 2383 3956 in
2440 3898 2792 3970 Apologetico
2843 3902 3030 3949 contra
3087 3891 3210 3947 illos
3246 3889 3325 3945 sic
3348 3888 3629 3959 disputat:
3683 3883 3939 3954 Expedite

2327 3990 2702 4064 praescribimus
2740 3985 2985 4040 adulteris
3029 3982 3215 4039 nostris
3260 3980 3407 4035 illam
3448 3994 3555 4034 esse
3582 3977 3812 4049 regulam
3853 3992 3936 4032 ve-

2327 4084 2515 4152 ritatis,
2562 4096 2675 4149 quae
2722 4079 2887 4134 veniat
2926 4095 2959 4131 a
3005 4075 3227 4142 Christo,
3262 4072 3563 4128 transmissa
3611 4086 3701 4141 per
3726 4068 3936 4124 comites

2327 4180 2522 4246 ipsius,
2554 4176 2734 4246 quibus
2780 4172 3058 4245 aliquando
3100 4168 3399 4243 posteriores
3455 4165 3638 4220 diuersi
3685 4163 3771 4219 isti
3794 4179 3938 4217 com-

2330 4280 2631 4326 mentatores
2683 4265 3032 4339 probabuntur
3076 4261 3097 4335 (
3129 4260 3285 4328 lbid.,
3318 4273 3438 4329 cap.
3485 4258 3553 4313 47
3583 4256 3622 4328 ).
3654 4256 3725 4311 At
3777 4269 3938 4309 num-

2330 4362 2457 4435 quid
2495 4362 2598 4418 hoc
2631 4367 3004 4431 argumentum
3043 4355 3302 4411 adversus
3345 4356 3635 4407 novatores
3657 4391 3675 4419 ,
3714 4357 3770 4404 et
3801 4346 3941 4402 doc-

2333 4459 2486 4514 trina:
2515 4455 2825 4513 christiana:
2861 4458 3207 4520 corruptores
3251 4447 3319 4502 ab
3369 4445 3477 4501 alio
3520 4442 3764 4500 adhiberi
3821 4455 3941 4497 non

2334 4558 2528 4622 potest,
2559 4548 2662 4604 nisi
2686 4547 2755 4603 ab
2776 4560 2863 4613 eo,
2891 4544 2983 4616 qui
3006 4543 3202 4600 librum
3228 4540 3290 4595 de
3320 4534 3801 4609 Prcescriptionibus
3820 4533 3932 4590 Irar-

627 4654 850 4710 uuiuum
878 4663 1177 4709 auctorem.
1207 4654 1396 4724 Atquo
1422 4663 1665 4725 tempore
1688 4668 1811 4710 eum
1835 4656 2223 4725 composuerit,
2252 4651 2307 4713 D
2332 4645 2601 4701 reticorunt
2628 4640 2893 4698 ediderit?
2921 4636 3124 4695 Deinde
3152 4649 3283 4692 vero
3303 4634 3349 4690 si
3376 4633 3450 4690 ibi
3474 4631 3544 4689 ad
3564 4631 3711 4688 hunc
3734 4629 3936 4686 librum

630 4760 737 4801 non
769 4761 872 4800 una
913 4754 997 4802 est
1020 4746 1262 4800 omnium
1290 4747 1604 4801 consensio.
1626 4742 1889 4817 Georgius
1918 4748 2060 4803 enim
2096 4749 2230 4803 Am-

628 4836 904 4894 bianensis
963 4846 1113 4908 putat
1157 4837 1306 4892 illum
1349 4853 1379 4891 a
1410 4837 1739 4893 Tertulliano
1782 4838 1986 4895 editum
2042 4840 2230 4910 primis

632 4929 819 4986 Severi
852 4918 1195 5000 Imperatoris
1223 4930 1401 4996 annis,
1429 4930 1533 4986 hoc
1556 4938 1660 4998 est,
1683 4931 1843 5001 paulo
1870 4938 1994 5002 post
2030 4945 2229 4988 annum

631 5022 832 5080 ChriSti
863 5023 968 5080 195
995 5020 1203 5095 (Georg.
1232 5021 1386 5077 Vind.
1415 5021 1659 5089 TertulL,
1683 5033 1820 5093 part.
1850 5022 1937 5091 III,
1969 5024 1998 5097 §
2029 5026 2082 5081 1.
2106 5043 2225 5098 pag.

629 5116 746 5189 20),
773 5131 881 5188 quo
909 5116 1000 5173 ille
1028 5116 1257 5172 Romani
1302 5117 1523 5188 imperii
1559 5116 1796 5174 habenas
1830 5118 2097 5175 moderari
2124 5132 2235 5177 cae.

631 5210 728 5282 pit.
759 5209 921 5266 Suam
943 5218 1122 5266 autem
1144 5209 1449 5281 opinionem
1479 5209 1605 5266 inde
1636 5210 1957 5267 conﬁrmare
1983 5220 2228 5281 conatur,

633 5302 777 5374 quod
797 5303 1067 5359 existimet
1100 5301 1509 5370 Tertullianum,
1537 5302 1630 5358 ubi
1650 5302 1718 5360 de
1735 5305 2021 5375 superstite
2052 5305 2231 5375 parri-

634 5395 897 5459 cidarum,
931 5395 1023 5466 qui
1068 5409 1252 5451 necem
1281 5395 1694 5466 imperatoribus
1720 5394 2028 5462 intulerant,
2074 5410 2231 5452 race-

635 5488 872 5545 matioue
898 5486 1153 5558 loquitur,
1185 5486 1256 5542 ibi
1278 5485 1346 5542 de
1376 5486 1672 5544 Pertinacis
1695 5487 2130 5545 interfectoribus
2157 5487 2233 5545 fe-

638 5581 779 5639 cisse
832 5594 1139 5635 sermonem
1171 5580 1191 5651 (
1219 5578 1526 5635 Tertullian.
1583 5581 1896 5654 Apologetic.
1948 5598 2064 5653 cap.
2092 5582 2163 5637 55
2192 5580 2235 5656 ).

639 5672 775 5738 Quia
812 5685 941 5725 vero
995 5671 1194 5737 Albini,
1243 5672 1332 5742 qui
1393 5672 1651 5729 adversus
1700 5673 1960 5730 Severum
2011 5674 2241 5744 impera-

642 5769 827 5814 torem
859 5762 1204 5830 COIlSpimVlI,
1230 5778 1423 5818 nomen
1441 5764 1607 5834 quod
1651 5767 1705 5820 in
1752 5774 1902 5821 textu
1926 5764 2261 5822 Tertulliani

647 5844 849 5907 Ibidem
876 5849 1090 5922 legitur,
1138 5851 1263 5911 huic
1303 5855 1586 5916 sententia:
1631 5856 1906 5920 adversari
1959 5857 2238 5929 cernebat,

2333 4737 2627 4794 collineare
2658 4733 2840 4799 voluit,
2872 4747 2970 4788 cur
2993 4730 3143 4786 illum
3177 4726 3496 4785 clarioribus
3521 4724 3701 4781 verbis
3719 4737 3823 4780 non
3850 4720 3937 4777 in-

2334 4831 2496 4900 dicat,
2547 4839 2709 4900 atque
2738 4829 2804 4883 iis
2845 4826 3032 4893 utitur,
3060 4838 3183 4894 qua:
3210 4821 3281 4887 de
3304 4821 3418 4886 illo,
3465 4820 3543 4874 uti
3592 4817 3681 4873 alii
3726 4822 3935 4887 putant,

2336 4934 2443 4980 tam
2473 4918 2835 4987 conﬁciendo,
2880 4932 3038 4990 quam
3059 4915 3170 4988 jam
3195 4914 3494 4984 composito
3517 4917 3743 4982 possunt
3777 4907 3939 4963 intel-

2336 5017 2464 5089 ligi?
2496 5014 2736 5084 Denique
2757 5027 2862 5067 non
2888 5017 3098 5066 constat
3124 5008 3266 5063 inter
3286 5003 3527 5061 eruditos
3552 5017 3659 5072 quo
3686 5009 3939 5070 tempore

2338 5109 2702 5168 Tertullianus
2726 5107 2868 5163 hunc
2887 5104 2956 5162 de
2987 5098 3466 5171 Prwscriptionibus
3518 5096 3713 5151 librttm
3754 5093 3938 5164 publi-

2335 5220 2451 5261 cam
2477 5202 2719 5260 emiserit
2739 5200 2790 5254 in
2819 5199 3017 5254 lucem.
3049 5194 3341 5251 Peritiores
3367 5200 3547 5246 autem
3586 5187 3758 5245 critici
3798 5201 3939 5243 cen-

2336 5306 2458 5352 sent
2483 5295 2550 5350 ab
2574 5308 2639 5350 co
2665 5292 3017 5362 divulgatum,
3049 5301 3175 5345 cum
3213 5283 3452 5343 nondum
3488 5282 3556 5340 ab
3583 5278 3825 5338 Ecclesia
3846 5292 3944 5335 ca-

2336 5388 2532 5446 tholica
2555 5386 2861 5443 defecisset.

2410 5481 2688 5538 Neminem
2722 5488 2914 5551 porrog,
2945 5476 3022 5532 uti
3047 5474 3350 5547 opinamur,
3375 5470 3504 5527 illud
3534 5464 3946 5539 movebit'quod

2343 5577 2549 5633 Alixius
2597 5574 2773 5630 adhuc
2823 5571 3059 5643 objectat
3113 5569 3446 5641 designatam
3509 5582 3539 5623 a
3607 5564 3961 5621 Tertullianu-

2342 5673 2445 5730 sibi
2508 5669 2678 5727 videri
2726 5667 2997 5724 insolitam
3046 5664 3329 5736 eclipsim,
3378 5676 3500 5733 qua:
3543 5675 3688 5717 anno
3721 5656 3946 5715 Christi

2342 5766 2469 5821 210.
2493 5762 2714 5834 contigit
2739 5760 2941 5836 (Ibid,
2967 5775 3085 5829 cap.
3107 5756 3228 5829 20).
3259 5753 3414 5823 Quod
3458 5753 3605 5810 enim
3651 5751 3782 5807 citat
3818 5748 3945 5806 libri

2344 5855 2680 5928 Apologetici
2701 5860 2880 5927 caput,
2903 5853 2960 5915 in
2985 5849 3283 5928 eapullum
3302 5848 3463 5922 plane
3492 5853 3666 5907 exstat
3689 5841 3946 5923 singula-
