4252 6264
317 316 424 372 7'51

1471 305 1924 378 DISSERTATIO.
1953 307 2020 368 D.
2061 307 2149 368 LE
2186 307 2493 369 NOURRY.

3529 318 3633 375 7'58

318 432 397 488 ris
427 436 480 485 et
503 427 732 486 insolitae
755 423 984 499 alicujus
1006 424 1223 499 eclipsis
1256 421 1513 482 indicium
1534 468 1548 495 ,
1577 427 1830 499 nullaque
1851 428 1928 483 si.
1955 431 2008 489 Î‘
2037 442 2143 483 non
2173 429 2378 495 minimi
2409 428 2650 500 profecto
2682 441 2803 484 esse
2829 427 3100 500 ponderis,
3131 431 3176 486 si
3220 429 3419 489 ethnici
3451 435 3634 503 proxi-

320 522 615 596 gnificatio.

398 618 502 673 Alii
550 617 731 689 itaque
759 617 1072 673 existimant
1129 615 1270 672 hunc
1313 616 1506 673 librum
1534 631 1562 670 a
1595 615 1931 672 Tertulliano

338 711 712 768 elucubratum
743 709 932 779 fuisse,
976 725 1096 765 cum
1127 710 1360 789 Severus
1386 711 1503 766 orbi
1534 710 1778 765 Romano
1825 711 1930 764 im-

323 803 567 876 perabat.
597 803 714 858 Non
739 803 884 859 enim
917 803 1089 869 illum,
1123 802 1224 858 nisi
1252 802 1429 858 adhuc
1455 811 1790 872 regnantem,
1833 816 1932 858 nec

322 896 376 952 in
399 895 722 950 christianos
741 894 916 950 adhuc
935 894 1110 965 palam
1139 893 1472 960 saevientem,
1488 893 1928 960 constantissimi,

322 988 398 1044 uti
417 988 572 1060 paulo
600 997 724 1042 ante
751 984 1370 1057 diximus,lmperatoris
1387 986 1562 1056 elogio
1584 993 1926 1040 exornasset.

329 1080 531 1137 Deinde
553 1095 683 1136 vero
703 1080 793 1135 ubi
810 1080 878 1135 de
904 1079 1288 1150 perduellibus,
1311 1079 1453 1134 laesae
1472 1078 1768 1148 maiestatis
1787 1077 1892 1133 reis
1912 1118 1953 1145 ,.

324 1188 389 1230 ac
419 1173 650 1245 publicis
690 1172 936 1229 hostibus
953 1183 1137 1242 postea
1171 1172 1389 1228 disserit
1426 1190 1438 1226 :
1475 1171 1661 1238 Unde,
1710 1171 1882 1242 inquit
1912 1210 1930 1236 ,

322 1265 529 1334 Cassii,
575 1275 625 1320 et
674 1264 870 1336 Nigri,
914 1273 960 1321 et
1028 1263 1239 1331 Albini,
1310 1262 1447 1318 Ibid.
1509 1277 1628 1334 cap.
1679 1261 1768 1318 55.
1842 1263 1931 1332 qui

323 1357 572 1414 videlicet
594 1357 663 1414 de
695 1373 904 1413 summa
936 1357 1145 1427 imperii
1196 1363 1462 1426 potestate
1511 1371 1633 1410 cum
1683 1354 1934 1425 legitimis

321 1449 743 1522 lmperatoribus
766 1451 1196 1508 decertaverant.
1216 1452 1305 1520 {At
1331 1458 1452 1519 post
1465 1449 1702 1505 occisum
1731 1463 1918 1504 mense

320 1543 458 1601 Maio
484 1543 611 1600 anui
644 1544 749 1602 195
790 1546 1120 1600 Pcrtinacem
1151 1543 1560 1614 Imperatorem,
1589 1541 1651 1598 C.
1682 1542 1933 1598 Pescen-

319 1639 443 1697 nius
469 1639 631 1710 Niger
695 1655 982 1710 purpuram
1024 1647 1080 1693 et
1107 1637 1390 1708 imperium
1441 1637 1495 1691 in
1532 1637 1808 1692 Pannonia
1839 1651 1931 1691 as-

323 1733 578 1802 sumpsit,
611 1733 835 1803 ejusque
867 1733 918 1785 in
946 1741 1122 1800 partes
1163 1730 1372 1785 transiit
1405 1729 1623 1785 Cassius
1657 1728 1931 1784 Clemens.

2033 536 2174 576 mam
2199 521 2583 591 lmperatorum
2625 532 2852 576 mortem
2884 531 3151 591 optantes,
3183 539 3366 595 magos
3391 525 3632 596 aliosque

2031 615 2305 671 divinandi
2341 627 2456 671 arte
2486 617 2684 687 peritos
2725 616 2790 671 de
2848 616 3015 671 solius
3064 616 3246 673 Severi
3290 617 3633 687 Imperatoris

2032 709 2207 763 salute
2235 708 2398 763 semel
2433 717 2633 763 tantum
2656 708 3067 764 consuluissent.
3093 710 3160 763 At
3181 719 3326 764 certe
3351 709 3634 766 Tertullia-

2034 814 2134 854 nus
2163 799 2363 854 hancce
2394 800 2840 855 consultationem
2875 802 3072 872 sacpius
3105 802 3430 872 propositam
3461 811 3514 857 et
3542 817 3633 858 re-

2034 896 2255 966 petitam
2284 895 2446 950 fuisse
2484 895 2623 950 haud
2675 897 2901 950 obscure
2945 895 3228 967 significat.
3275 897 3541 952 Prmtcrea
3579 897 3625 951 si

2034 985 2149 1042 haec
2168 986 2308 1040 illius
2331 985 2399 1042 de
2419 985 2608 1042 iisdem
2638 987 2912 1043 seditiosis
2931 986 3247 1062 factionibus
3277 987 3441 1043 verba
3476 1009 3488 1044 :
3521 987 3626 1043 Sed

2034 1087 2081 1133 et
2135 1093 2288 1132 nunc.
2321 1116 2335 1130 .
2365 1117 2379 1130 .
2418 1116 2430 1128 .
2459 1077 2684 1150 quotidie
2735 1079 3020 1132 revelantur
3050 1121 3064 1144 ,
3118 1078 3390 1133 attentiori
3448 1079 3629 1134 animo

2035 1169 2428 1240 expendamus,
2453 1185 2632 1224 nonne
2657 1169 2779 1224 inde
2801 1170 2978 1239 colligi
3007 1179 3151 1224 recte
3184 1178 3376 1239 potest,
3409 1170 3476 1226 de
3530 1170 3633 1224 illis

2034 1277 2336 1319 sermonem
2392 1264 2460 1318 ab
2511 1263 2603 1318 illo
2648 1261 2782 1328 fieri,
2819 1266 3091 1332 'tanquam
3140 1263 3374 1318 nondum
3421 1263 3634 1334 penitus

2035 1355 2334 1422 exstinctis,
2358 1354 2454 1410 sed
2477 1355 2543 1410 ad
2575 1369 2842 1409 summum
2875 1357 3082 1425 sopitis,
3105 1362 3368 1426 caputque
3407 1356 3635 1424 amplius

1993 1499 1997 1502 .
2034 1447 2282 1502 attollere
2308 1461 2414 1502 non
2447 1446 2800 1502 audentibus?
2847 1446 3093 1501 Nondum
3122 1462 3248 1518 ergo
3277 1448 3506 1502 Severus
3532 1445 3632 1500 ba-

2036 1540 2217 1595 buisse
2246 1539 2527 1595 videbatur
2565 1550 2778 1608 apertas
2821 1555 2942 1594 cum
2984 1539 3264 1594 Plautiano
3308 1539 3628 1594 simultates.

2039 1634 2203 1704 Atqui
2232 1633 2542 1688 Plautianus
2596 1633 2758 1686 filiam
2802 1647 2952 1687 suam
2999 1631 3297 1686 Plautillam
3345 1630 3633 1686 Caracalltc

2037 1726 2276 1796 ejusdem
2311 1725 2500 1782 Severi
2526 1726 2636 1781 filio
2683 1727 2735 1780 iu
2768 1725 3166 1780 matrimonium
3213 1739 3355 1780 anno
3397 1724 3503 1780 204
3523 1725 3635 1780 col-

326 1822 488 1895 Niger
512 1839 641 1879 vero
670 1823 842 1878 vietus
868 1839 898 1876 a
925 1823 1148 1884 Severo,
1176 1837 1237 1876 ac
1257 1820 1724 1892 profligatistertio
1743 1821 1929 1891 przelio
1959 1821 2007 1882 B
2036 1819 2247 1875 locavit.
2267 1821 2423 1875 Auno
2439 1830 2616 1876 autem
2632 1820 2974 1890 subscqucnti
3009 1819 3116 1885 ille,
3145 1827 3277 1874 teste
3302 1817 3626 1886 llerodiano,

327 1917 474 1972 illius
494 1917 684 1986 c0piis,
715 1915 832 1985 fuga
857 1914 1018 1969 saluti
1041 1930 1151 1969 sum
1170 1913 1453 1969 consulere
1469 1913 1667 1969 frustra
1701 1921 1926 1967 conatus

329 2007 434 2063 est.
454 2007 536 2063 Ab
563 2007 628 2062 iis
644 2007 807 2072 enim,
833 2008 920 2076 qui
951 2009 1236 2074 fugientem
1255 2006 1692 2076 insequebantur,
1717 1993 1927 2060 occisu's

322 2099 425 2155 fuit
451 2099 550 2154 sub
573 2098 736 2155 linem
765 2101 893 2154 anni
929 2098 1062 2167 194,
1093 2099 1178 2154 vel
1238 2098 1342 2154 195
1373 2099 1600 2153 initium.
1651 2097 1778 2152 Post
1812 2096 1927 2152 haec

330 2191 566 2249 Severus
595 2193 810 2260 Albino,
836 2208 992 2264 quem
1047 2191 1194 2248 falsis
1224 2191 1519 2254 blanditiis,
1574 2207 1641 2246 ne
1693 2191 1926 2246 hostium

338 2299 556 2340 suorum
583 2300 841 2340 numerus
885 2293 1206 2354 augeretur,
1240 2282 1546 2352 deceperat,
1595 2283 1795 2339 bellum
1844 2285 1926 2337 in-

327 2379 468 2435 tulit.
511 2379 814 2434 Commisso
864 2378 1079 2434 tandem
1136 2393 1303 2448 prope
1349 2377 1667 2448 Lugdunum
1716 2377 1926 2447 prmlio,

332 2471 564 2526 Albinus
589 2472 739 2526 initio
791 2472 917 2526 anni
965 2471 1066 2526 197
1121 2469 1322 2526 fractus
1367 2485 1429 2526 ac
1468 2469 1641 2538 fusus,
1696 2479 1925 2526 mortem

323 2559 429 2616 sibi
455 2561 778 2617 conscivisse
805 2561 1137 2632 perhibetur.

395 2651 580 2725 Neque
609 2664 784 2710 tamen
816 2661 944 2710 tunc'
981 2656 1200 2709 omnino
1247 2654 1454 2708 finitum
1485 2663 1566 2708 est
1606 2653 1761 2709 civile
1816 2652 1928 2709 bel-

323 2745 456 2801 lum.
481 2745 868 2816 Superfuerunt
897 2747 1098 2803 etenim
1160 2746 1318 2814 huius
1366 2745 1616 2800 factionis
1667 2745 1923 2810 fautores,

326 2838 394 2894 de
414 2839 605 2910 quibus
657 2840 854 2896 ibidem
907 2840 1280 2896 Tertullianus
1311 2848 1539 2896 noster:
1575 2838 1682 2894 Sed
1739 2849 1785 2893 et
1840 2839 1928 2909 qui

339 2950 471 2988 nunc
495 2935 842 3002 scelestarum,
867 2936 962 3001 ait,
993 2935 1217 3004 partium
1242 2935 1368 2988 socii
1414 2950 1474 2986 ac
1505 2934 1766 3002 plausores
1793 2949 1923 3002 quo-

332 3024 455 3079 tidie
473 3026 758 3080 revelantur
785 3068 800 3090 ,
858 3035 966 3097 post
1040 3026 1340 3080 vindemiam
1400 3024 1673 3078 racematio
1751 3040 1929 3093 super-

325 3129 443 3188 stes,
487 3121 623 3176 Ibid.
656 3137 774 3192 cap.
835 3121 925 3176 '58.
956 3124 1023 3176 At
1073 3122 1188 3176 lucc
1223 3120 1422 3174 clarius
1451 3119 1518 3173 ab
1567 3117 1713 3173 Î‘á¿–Î¹á½·Î¿
1759 3116 1924 3188 Spar-

2031 1912 2368 1967 manifestam
2400 1912 2713 1977 Carzicallm,
2744 1912 2925 1982 generi
2973 1912 3076 1974 sui,
3111 1910 3200 1980 qui
3252 1919 3361 1964 tum
3410 1925 3628 1965 uxorem

2031 2019 2180 2060 suam
2201 2005 2408 2074 oderat,
2436 2007 2714 2062 audaciam
2769 2005 3110 2076 furoremque
3154 2007 3374 2071 veritus,
3428 2005 3481 2060 in
3511 2005 3628 2076 ejus

2030 2098 2312 2168 imperium
2384 2100 2592 2156 insidiis
2645 2099 2897 2156 invadere
2962 2102 3179 2156 molitus
3229 2114 3311 2156 est
3350 2100 3631 2173 (llerodia-

2031 2190 2116 2244 lib.
2141 2189 2211 2244 Ill
2237 2191 2288 2244 in
2320 2188 2440 2243 Vita
2453 2190 2628 2246 Sever.
2655 2209 2775 2264 pag.
2803 2192 2908 2246 244
2928 2201 2972 2247 et
2998 2193 3282 2264 seqq.z)Scd
3311 2195 3391 2247 bis
3417 2196 3632 2249 retectis

2029 2283 2303 2339 Caraealla
2356 2284 2506 2339 illum
2532 2325 2546 2350 ,
2596 2294 2860 2355 prmsente
2889 2285 3090 2342 Severo
3122 2297 3271 2356 patre
3317 2303 3414 2342 suo
3435 2329 3449 2354 ,
3472 2287 3633 2358 jussit

2034 2376 2228 2432 occidi.
2260 2378 2399 2432 Ante
2430 2376 2569 2433 hunc
2601 2378 2764 2448 igitur
2784 2394 2983 2433 annum
3011 2377 3329 2433 Tertulliani
3362 2381 3630 2450 Apologe.-

2033 2469 2188 2536 ticus,
2219 2469 2313 2524 sed
2337 2486 2442 2523 non
2471 2469 2638 2525 multo
2668 2470 2813 2540 prius
2839 2472 3074 2540 scriptus
3096 2471 3323 2527 videtur.
3355 2472 3622 2539 Quorsum

2030 2561 2173 2616 enim
2197 2562 2676 2634 Plautianipotius,
2707 2580 2866 2634 quam
2897 2565 3100 2629 Albini,
3149 2575 3202 2620 et
3247 2566 3474 2621 aliorum
3509 2583 3632 2637 per-

2031 2653 2286 2711 duellium
2314 2657 2516 2712 nomini
2537 2659 2893 2728 pepercisset?
2918 2659 3260 2714 Postannum
3295 2661 3471 2730 itaque
3504 2661 3628 2728 l97,

2032 2765 2142 2820 quo
2163 2751 2393 2806 Albinus
2419 2752 2680 2807 violentas
2699 2753 2798 2807 sibi
2833 2768 3022 2807 manus
3062 2755 3260 2819 attulit,
3293 2763 3346 2809 et
3369 2763 3495 2808 ante
3531 2769 3629 2807 an-

2031 2857 2156 2894 num
2179 2840 2283 2896 9.04
2313 2842 2544 2910 autEZOS,
2570 2858 2676 2916 quo
2709 2843 3018 2898 Plautianus
3045 2852 3273 2899 necatus
3325 2853 3426 2909 est,
3486 2843 3628 2900 hunc

2032 2918 2394 2989 Tertullianus
2425 2935 2616 2990 librum
2651 2936 2904 2989 confecit.

2103 3025 2387 3081 Probabile
2407 3034 2582 3080 tamen
2603 3026 2923 3097 quibusdam
2939 3025 3146 3081 videtur
3159 3042 3279 3082 eum
3295 3042 3323 3081 a
3342 3027 3628 3084 Tertullia-

2031 3132 2101 3172 no
2127 3117 2426 3187 profectum
2449 3133 2590 3173 anno
2607 3119 2924 3188 posteriore,
2948 3134 3052 3188 quo
3069 3119 3319 3174 Antonini
3343 3119 3628 3174 Caraeallm

325 3213 470 3267 tiano
498 3213 643 3270 hunc
687 3216 738 3268 in
797 3214 1014 3269 modum
1061 3213 1396 3285 explicantur
1431 3209 1628 3266 :Multi
1655 3227 1778 3266 sane
1810 3220 1923 3280 post
1949 3209 1994 3273 C
2026 3211 2338 3268 decennalia
2377 3209 2894 3281 Cmsarianiimperii
2919 3213 3186 3268 celebrata
3241 3222 3364 3268 sunt
3395 3255 3411 3280 ,
3459 3222 3622 3283 atque

323 3303 584 3371 Albinum,
635 3306 786 3375 ï¬dem
830 3307 875 3361 ei
917 3316 1195 3370 servantes,
1228 3305 1359 3360 bello
1397 3321 1429 3358 a
1485 3303 1670 3359 Severo
1701 3309 1926 3373 superati

229 3464 237 3471 _
324 3403 441 3450 sunt
487 3394 776 3466 (Spartian.
807 3397 859 3451 in
893 3395 1008 3451 Vita
1037 3398 1210 3452 Sever.
1244 3413 1363 3467 pag.
1391 3395 1517 3451 525.
1545 3396 1642 3450 col.
1669 3396 1748 3465 1).
1777 3394 1927 3450 Ultus

324 3493 408 3546 est
436 3489 592 3560 igitur
632 3491 854 3560 graviter
874 3491 1181 3545 Albiuanam
1211 3490 1541 3558 defectionem
1573 3531 1589 3554 ,
1647 3489 1926 3559 interfectis

325 3585 584 3658 plurimis,
608 3599 788 3654 genere
817 3599 1013 3653 quoque
1051 3584 1164 3654 ejus
1203 3582 1473 3646 exstincto,
1519 3581 1680 3635 iratus
1731 3580 1923 3652 papula

325 3692 373 3737 et
393 3679 733 3741 senatoribus,
789 3676 1008 3731 Romam
1051 3677 1205 3732 venit.
1265 3675 1400 3730 Tum
1431 3673 1630 3730 deinde
1660 3681 1782 3743 post
1806 3688 1920 3728 me-

325 3782 530 3832 morata
559 3773 708 3827 varia
752 3770 936 3828 Severi
966 3770 1157 3825 itinera
1204 3769 1332 3824 illud
1363 3768 1558 3840 adjecit
1586 3785 1600 3822 :
1633 3766 1780 3821 Inter
1818 3767 1925 3822 hac

329 3867 708 3924 Pescennianas
723 3863 1267 3935 reliquias,Plautiano
1281 3873 1502 3925 auctore,
1512 3863 1920 3933 persequebatur,

324 3961 468 4016 itaut
513 3959 785 4015 nonnullos
812 3960 963 4012 etiam
999 3974 1062 4012 ea:
1089 3958 1265 4011 amicis
1301 3958 1425 4021 suis,
1477 3959 1624 4027 quasi
1677 3957 1793 4011 vita:
1818 3973 1925 4011 sua:

325 4053 646 4108 insidiatores
663 4061 920 4121 appeteret
956 4049 1118 4123 (Ibid.
1141 4051 1255 4104 ead.
1281 4068 1401 4121 pag.
1423 4050 1524 4104 col.
1548 4049 1627 4119 2).
1652 4050 1827 4120 Atque
1849 4064 1916 4106 ex

328 4145 409 4201 his
435 4145 820 4217 posterioribus
862 4143 1040 4198 verbis
1089 4143 1246 4212 aliqui
1311 4142 1504 4197 confici
1548 4157 1708 4214 posse
1734 4141 1921 4196 existi-

323 4252 468 4295 mant
491 4238 803 4295 Tertulliani
831 4237 1230 4306 Apologcticum
1261 4237 1311 4290 in
1336 4237 1508 4291 lucem
1536 4235 1797 4306 prodiisse
1817 4251 1921 4290 non

323 4330 496 4388 Solum
524 4330 974 4402 postexstinctas,
995 4330 1062 4384 de
1091 4330 1280 4398 quibus
1299 4329 1386 4383 ille
1412 4328 1644 4392 disserit,
1676 4327 1923 4397 perduel-

326 4423 453 4478 lium
484 4424 755 4494 reliquias,
801 4423 896 4478 scd
937 4431 1058 4492 post
1077 4421 1362 4477 -Plautiani
1393 4421 1552 4476 etiam
1575 4419 1802 4488 crcdem,
1832 4421 1922 4492 qui

319 4515 543 4586 jubente
570 4514 864 4582 Caraealla,
886 4530 1026 4570 anno
1053 4513 1253 4570 Christi
1280 4512 1386 4569 204
1415 4524 1506 4568 aut
1528 4513 1637 4570 â€œ205
1666 4512 1916 4568 interfec-

325 4618 412 4664 iUS
440 4621 542 4665 ÎµÎµÎ¹.

400 4702 458 4757 In
486 4701 640 4773 hujus
668 4712 842 4759 autem
887 4704 1158 4774 opinionis
1210 4701 1672 4776 confirmationem
1714 4700 1910 4757 adduci

2028 3305 2167 3377 ignis
2186 3305 2590 3376 persecutionis,
2619 3307 2669 3360 in
2685 3305 3006 3362 christianos
3021 3306 3322 3368 concitatae,
3351 3305 3627 3361 ardentius

2028 3397 2307 3468 ï¬‚agrabat.
2337 3396 2470 3452 Nam
2492 3397 2560 3452 de
2583 3397 2646 3453 iis
2668 3397 3028 3454 Tertullianus
3051 3401 3102 3454 in
3141 3397 3244 3454 hoc
3276 3398 3625 3469 Apologetico

2026 3489 2224 3559 saepius
2252 3489 2539 3559 disputavit
2565 3491 2584 3558 (
2611 3507 2726 3562 cap.
2767 3490 2804 3544 2
2827 3491 2866 3562 ).
2919 3490 3122 3547 Deinde
3145 3506 3276 3547 vero
3299 3492 3476 3562 plures
3507 3491 3627 3561 qui-

2029 3581 2150 3640 dem
2172 3583 2239 3638 ab
2284 3583 2404 3638 aliis
2443 3583 2860 3652 lmperatoribus
2888 3584 2941 3638 in
2972 3583 3292 3640 christianos
3323 3585 3466 3654 leges
3493 3583 3626 3640 latas

2027 3683 2312 3742 memorat,
2340 3675 2436 3730 sed
2463 3675 2662 3730 nullam
2687 3690 2717 3729 a
2763 3675 2991 3733 Severo.
3017 3675 3206 3731 Nonne
3233 3692 3360 3748 ergo
3414 3675 3628 3732 Tertul-

2027 3765 2204 3823 lianus
2219 3778 2343 3822 ante
2366 3769 2695 3839 promulgata
2714 3768 2872 3838 hujus
2908 3769 2962 3824 in
2988 3783 3082 3824 eos
3111 3769 3285 3826 edicta
3312 3771 3455 3825 hunc
3483 3771 3626 3840 Apo-

2026 3857 2312 3930 logcticum
2338 3859 2532 3915 librum
2560 3861 2849 3931 divulgavit
2877 3861 2900 3914 ?

2098 3954 2437 4024 Atquamvis
2463 3954 2554 4008 ille
2591 3955 2691 4010 hoc
2738 3955 2789 4010 in
2841 3955 2976 4011 libro
3018 3956 3278 4012 adversus
3327 3956 3573 4013 ethnicos
3599 3999 3616 4024 ,

2027 4044 2117 4115 qui
2146 4043 2452 4116 Principum
2498 4046 2757 4101 solemnia
2789 4062 2894 4102 non
2950 4047 3130 4103 minus
3187 4049 3406 4116 nefario,
3460 4053 3618 4120 quam

2028 4138 2405 4208 superstitioso
2435 4138 2540 4193 ritu
2569 4139 2817 4209 agebant,
2870 4141 3130 4195 acerrime
3163 4141 3446 4196 invehatur
3469 4184 3483 4210 ,
3514 4157 3620 4197 non

2028 4227 2094 4284 de
2121 4228 2416 4284 Caracallac
2449 4238 2626 4285 tamen
2657 4232 2858 4300 potius,
2883 4247 3041 4301 quam
3083 4232 3268 4288 Severi
3295 4235 3626 4306 aliorumque

2028 4322 2337 4393 Principum
2370 4323 2800 4378 solemnitatibus
2829 4323 3066 4379 disserit.
3090 4326 3170 4381 Ad
3199 4326 3623 4384 Christianorum

2027 4426 2203 4470 autem
2232 4417 2659 4486 persecutiones,
2686 4425 2739 4470 et
2774 4416 2919 4484 leges
2948 4417 2998 4471 in
3045 4433 3140 4475 eos
3165 4420 3392 4489 scriptas
3421 4461 3436 4486 ,
3479 4419 3623 4490 quod

2026 4519 2254 4580 spectat,
2288 4510 2442 4564 facile
2464 4509 2809 4564 concedimus
2857 4507 3115 4566 Severum
3154 4512 3361 4580 imperii
3399 4512 3478 4565 sui
3511 4511 3624 4566 iui-

1946 4606 2000 4666 D
2029 4603 2100 4658 tio
2122 4603 2187 4657 iis
2204 4618 2392 4658 revera
2411 4601 2622 4657 favisse.
2653 4600 2771 4671 lpse
2792 4601 3053 4673 siquidem
3070 4602 3433 4657 Tertullianus
3471 4603 3624 4659 testis

2027 4704 2111 4752 est
2143 4695 2366 4766 hujusce
2397 4693 2617 4762 favoris,
2649 4693 2804 4764 cujus
2848 4694 2988 4749 hanc
3026 4694 3261 4750 reddidit
3311 4698 3574 4752 rationem
3602 4738 3617 4765 ,

323 4785 540 4869 quoque
582 4806 829 4868 poterant
863 4798 1240 4870 subsequentia
1279 4796 1520 4867 ejusdem
1545 4795 1814 4866 Spartiani
1853 4795 1921 4851 de
2021 4788 2146 4860 Ipse
2177 4789 2349 4853 etiam,
2374 4788 2563 4858 inquit,
2599 4786 2838 4848 Severus,
2863 4797 3006 4856 pater
3033 4786 3298 4854 Antonini,
3319 4789 3627 4844 christiano-

321 4889 428 4944 boc
479 4889 601 4959 ipso
641 4887 971 4965 imperatore
1020 4889 1180 4946 verba
1220 4907 1234 4945 :
1277 4888 1472 4943 Multos
1521 4888 1721 4954 etiam,
1774 4888 1921 4958 quasi

325 4981 611 5047 Chaldaeos,
641 4992 730 5036 aut
761 4994 894 5038 vates
924 4983 986 5037 de
1005 5000 1098 5038 sua
1124 4981 1289 5038 salute
1315 4981 1709 5050 consuluissent,
1738 4980 1925 5036 intere-

323 5078 434 5143 mit,
481 5077 736 5148 prwcipue
787 5087 1045 5148 suspectos
1084 5093 1486 5149 unumquemque
1529 5077 1770 5133 idoneum
1818 5078 1919 5132 im-

323 5170 484 5238 perio,
505 5186 618 5224 cum
640 5171 746 5241 ipse
766 5171 1005 5240 parvulos
1033 5170 1203 5225 adhuc
1233 5171 1368 5240 ï¬lios
1391 5170 1614 5238 haberet,
1643 5171 1796 5242 idque
1824 5169 1926 5223 dici

323 5261 387 5314 ab
411 5262 473 5317 iis
495 5262 572 5316 vel
605 5265 859 5331 crederet,
905 5263 982 5317 vel
1011 5263 1251 5330 audiret,
1296 5263 1382 5333 qui
1421 5263 1515 5317 sibi
1544 5265 1928 5333 augurabantur

321 5353 588 5423 imperium
603 5353 814 5426 (lbid.);
841 5371 962 5410 nam
977 5354 1341 5409 Tertullianus
1357 5353 1546 5409 eodem
1563 5358 1760 5408 citatoa
1777 5354 1931 5410 nobis

323 5445 498 5513 capite
543 5445 676 5501 dixit
714 5466 727 5504 :
763 5447 960 5501 Eadem
1011 5446 1174 5516 ofï¬cia
1201 5488 1216 5514 ,
1261 5446 1315 5502 in
1375 5445 1674 5516 principum
1719 5446 1923 5500 scilicet

321 5536 778 5606 solemnitatibus,
809 5539 1124 5610 dependunt,
1158 5548 1204 5594 et
1224 5539 1310 5609 qui
1345 5539 1627 5609 astrologos
1653 5577 1666 5600 ,
1697 5545 1744 5590 et
1768 5552 1920 5590 arus-

323 5629 493 5698 pices,
523 5640 571 5685 et
613 5648 854 5704 augures,
893 5641 943 5687 et
969 5648 1146 5703 magos
1167 5633 1232 5687 de
1266 5629 1481 5686 Cesaris
1519 5631 1685 5701 capite
1714 5631 1920 5685 consul-

323 5731 451 5779 tant.
484 5723 811 5795 (Tertullian.
842 5725 1110 5797 Apologet.
1141 5741 1258 5798 cap.
1297 5724 1368 5781 55
1401 5724 1444 5796 ).

324 5879 358 5895 Îº
397 5815 586 5890 Negari
611 5820 829 5894 quidem
872 5835 981 5880 non
1005 5827 1184 5892 potest
1226 5819 1366 5880 hanc
1407 5819 1922 5894 argumentationem

527 5953 554 5961 Ï

2022 4899 2136 4937 rum
2182 4897 2372 4935 memor
2431 4881 2528 4951 fuit
2559 4879 2798 4955 (Tertul.
2858 4881 2944 4935 lib.
2989 4882 3056 4935 ad
3104 4879 3320 4952 Scapul.
3366 4899 3483 4953 cap.
3537 4885 3622 4954 4).

2025 4972 2165 5028 Nam
2185 4981 2230 5027 et
2252 4973 2532 5027 Proculum
2550 4973 2902 5040 christianum,
2922 4974 3010 5044 qui
3056 4972 3341 5044 Tarpacion
3368 4977 3627 5045 cognomi-

2026 5068 2263 5132 nabatur,
2311 5065 2563 5120 Eultodia:
2603 5076 3006 5138 procuratorem,
3048 5067 3134 5137 qui
3171 5083 3285 5121 eum
3329 5085 3418 5138 per
3458 5069 3626 5122 oleum

2030 5161 2311 5235 aliquando
2341 5169 2626 5227 curaverat,
2660 5160 2937 5229 requisivit,
2963 5169 3007 5214 et
3035 5161 3086 5215 in
3111 5161 3303 5231 palatio
3340 5178 3432 5217 suo
3453 5161 3626 5216 habuit

2032 5272 2189 5330 usque
2205 5255 2271 5309 ad
2293 5264 2501 5309 mortem
2549 5255 2682 5322 ejus,
2723 5271 2869 5325 quem
2899 5263 2946 5309 et
2984 5253 3270 5309 Antoninus
3309 5256 3495 5326 Optime
3534 5272 3622 5310 no.

2034 5358 2197 5415 verat,
2231 5348 2360 5402 lacte
2387 5348 2664 5402 christiano
2690 5347 2958 5401 educatus.
2987 5345 3243 5402 Fatemur
3263 5363 3474 5418 quoque
3510 5350 3628 5404 nul-

2030 5442 2213 5496 lamin
2252 5441 2602 5512 Apologetico
2655 5439 2769 5494 fieri
2811 5439 2942 5511 legis
2977 5439 3045 5494 ab
3084 5439 3275 5495 eodem
3331 5441 3530 5496 Severo
3571 5441 3625 5496 in

2027 5536 2349 5592 christianos
2380 5536 2595 5592 sancita:
2617 5537 2968 5590 mentionem.
2995 5545 3004 5550 '

2100 5629 2297 5686 Verum
2322 5645 2428 5686 non
2443 5627 2565 5682 inde
2579 5636 2724 5681 certo
2737 5625 2982 5682 concludi
3010 5643 3164 5696 posse
3181 5636 3434 5712 putamus
3459 5627 3609 5683 illum

2025 5723 2224 5782 editum
2254 5721 2415 5778 fuisse
2458 5730 2740 5792 postquam
2788 5718 3062 5775 Caracalla
3093 5760 3108 5786 ,
3137 5735 3280 5776 anno
3304 5720 3404 5775 2H
3460 5719 3608 5776 solus

2027 5819 2295 5893 imperare
2323 5813 2596 5888 coepisset,
2620 5823 2782 5885 atque
2800 5812 2996 5873 ethnici
3028 5826 3094 5871 eo
3117 5812 3230 5887 jam
3259 5821 3542 5887 regnante,
3571 5813 3630 5872 in
