4240 6262
590 293 699 363 759

1673 285 1742 346 ΙΝ
1775 273 2244 347 τεῐιτυιιιλκι
2278 273 2812 342 ΑροιοαεπευΜ

3793 265 3900 334 710

594 420 926 477 christianos
945 427 1133 473 omnes
1163 407 1536 470 crudelissime
1562 405 1811 463 furebant
1848 417 1912 459 ac
1957 399 2187 458 baccha-
2214 397 2268 462 Α
2292 397 2456 453 divini
2489 395 2710 451 luminis
2755 401 2811 450 et
2837 389 3038 465 gratia!
3065 389 3343 448 auxilium.
3373 388 3644 447 Praeterea
3668 387 3896 445 Tertul-

593 511 810 569 bantur.
841 510 1043 566 Tantus
1065 507 1266 578 quippe
1289 512 1405 560 erat
1431 499 1766 557 etlmicorum
1797 497 1852 551 in
1879 509 1974 550 eos
2003 492 2151 548 furor
2175 531 2192 556 ,

2295 488 2470 544 lianus
2498 498 2606 544 tam
2637 487 2920 543 excellenti
2947 501 3011 541 ac
3045 483 3338 556 perspicaci
3392 482 3609 553 ingenio
3640 482 3898 553 prteditus

591 613 654 662 ut
680 607 723 661 is
744 605 913 668 solus,
966 616 1030 657 ac
1057 572 1476 655 vanusveterum
1517 595 1692 666 legum
1717 598 2028 663 praeteritus,
2063 586 2196 658 ipsis
2295 592 2429 649 crat,
2481 590 2540 636 ut
2581 580 2990 652 quadragesimo
3031 578 3208 634 aetatis
3259 589 3372 632 suae
3413 590 3558 631 anno
3618 574 3718 629 hac
3758 572 3896 645 ipsa,

488 749 490 754 .
596 699 663 753 ad
704 696 973 767 quoslibet
999 709 1270 766 nunquam
1316 708 1422 747 non
1466 685 1854 746 excruciandos
1898 682 2190 740 suffecerit.

593 789 776 861 Neque
802 787 854 844 id
875 803 904 843 a
931 787 1086 844 nobis
1117 796 1318 843 temere
1359 783 1595 855 ﬁngitur.
1641 779 1873 836 Eosdem
1920 777 2196 833 enimvero

594 883 822 955 gentiles
865 881 1230 939 Tertullianus
1276 886 1458 934 noster
1506 875 1591 930 his
1632 872 1918 944 compellat
1968 868 2191 925 verbis:

599 977 808 1046 Quoties
827 977 883 1032 in
913 976 1216 1032 christianos
1238 972 1507 1035 destruitis,
1532 968 1721 1041 partim
1751 965 1934 1021 animis
1949 961 2195 1036 prapriis,

597 1072 782 1143 partim
804 1069 993 1141 legibus
1018 1063 1455 1138 obtemperantes!
1487 1062 1693 1128 Quoties
1722 1060 1897 1126 etiam,
1926 1053 2200 1128 prieteritis

597 1165 755 1231 nobis,
785 1179 878 1218 suo
902 1164 1020 1233 jure
1045 1177 1137 1216 nos
1167 1161 1430 1215 inimicum
1464 1156 1644 1227 vulgus
1684 1152 1878 1208 invadit
1942 1148 2200 1222 lapidibus

599 1265 646 1310 et
685 1253 935 1309 incendiis
966 1254 987 1306 !
1017 1252 1155 1323 Ipsis
1193 1248 1595 1305 Bacchanalium
1647 1245 1796 1315 furiis
1849 1258 1941 1297 nec
1988 1239 2200 1295 mortuis

601 1357 817 1420 parcunt
837 1345 1148 1411 christianis,
1175 1344 1297 1415 quin
1327 1345 1444 1398 illos
1481 1327 1554 1396 de
1600 1341 1774 1410 requie
1811 1337 2106 1408 sepulturae,
2139 1334 2204 1389 de

601 1443 747 1514 asylo
774 1441 997 1512 quodam
1022 1440 1198 1494 mortis
1217 1439 1331 1508 jam
1386 1435 1516 1490 alios
1540 1478 1554 1501 ,
1599 1436 1712 1504 jam
1743 1448 1832 1487 nec
1854 1441 1983 1487 totos
2004 1472 2018 1496 ,
2060 1429 2200 1484 auel-

603 1535 733 1603 lant,
764 1533 1033 1600 dissecent,
1056 1531 1341 1586 distrahant
1399 1525 1739 1602 (Tertullian.
1767 1523 2046 1594 Apologet.
2079 1535 2199 1591 cap.

602 1626 689 1685 56.
726 1642 847 1700 pag.
877 1624 1026 1696 159).
1045 1624 1206 1679 Paulo
1228 1629 1405 1676 autem
1431 1619 1576 1690 prius
1599 1616 1915 1674 ille-dixerat
1938 1633 1950 1667 :
1973 1613 2085 1668 Nec
2109 1611 2205 1666 ulli

605 1721 771 1793 magis
803 1719 1192 1790 depopulatores
1215 1714 1629 1780 christianorum,
1650 1726 1801 1780 quam
1821 1707 2002 1778 vulgus
2033 1705 2200 1776 (Idem

2297 675 2511 746 aliaque
2566 671 2758 743 majori
2795 671 3097 728 eruditione
3125 669 3311 734 imbui,
3343 675 3400 724 et
3436 681 3501 724 ea
3541 675 3713 724 totum
3759 666 3903 724 hunc

2301 766 2502 824 librum
2531 765 2810 838 complere
2835 763 2977 820 haud
3005 761 3301 820 difﬁciliter
3322 761 3574 835 potuerit.

2907 914 3207 958 Αιιτιαυιυε
3233 914 3291 955 ΙΙ.

2303 1020 2623 1090 Quibusnam
2641 1017 2961 1075 Antistitibus
2987 1025 3035 1071 et
3063 1013 3366 1087 prasidibus
3392 1013 3527 1068 hunc
3551 1009 3902 1067 Tertullianus

2596 1111 2989 1184 Apologeticum
3015 1107 3200 1164 librum
3217 1105 3603 1177 nuncupaverit.

2374 1226 2586 1293 Quanto
2617 1223 2854 1295 apertius
2891 1222 3198 1294 clariusque
3217 1217 3583 1276 Tertullianus
3611 1217 3730 1288 ipso
3749 1217 3902 1288 Apo-

2302 1317 2518 1389 logetici
2565 1317 2718 1372 initio
2746 1313 2981 1386 prodidit
3020 1313 3171 1369 illum
3211 1326 3243 1367 a
3281 1325 3344 1366 se
3371 1310 3634 1366 directum
3677 1307 3906 1363 Romani

2303 1411 2503 1481 imperii
2531 1406 2852 1463 Antistitibus
2875 1406 2930 1461 in
2951 1415 3126 1477 aperto
3154 1413 3200 1459 et
3216 1404 3372 1473 edito,
3394 1403 3450 1457 in
3466 1402 3579 1472 ipso
3593 1404 3698 1473 fere
3715 1400 3904 1456 uertice

2304 1503 2522 1558 civitatis
2587 1498 2992 1573 praesidentibus,
3018 1496 3351 1570 (Tertullian.
3397 1492 3664 1566 Apologet.
3695 1509 3812 1562 cap.
3839 1492 3897 1548 1.

2305 1611 2425 1667 pag.
2457 1594 2608 1666 257).
2636 1602 2786 1649 tanto
2819 1590 3009 1663 majori
3048 1591 3350 1646 animorum
3379 1587 3724 1644 contentione
3767 1586 3908 1641 inter

2314 1689 2555 1744 eruditos
2576 1689 2878 1758 disputatur
2899 1685 3142 1756 quinam,
3189 1683 3426 1755 cujusve
3455 1680 3686 1737 civitatis
3712 1679 3909 1736 fuerint

603 1771 725 1884 capa.
743 1811 832 1868 55.
989 1809 1140 1881 451).
1158 1821 1358 1863 caecum
1377 1819 1570 1875 nempe
1587 1813 1640 1858 et
1658 1816 1932 1868 vesanum,
1947 1797 2088 1870 quod
2103 1810 2196 1851 sua

2317 1781 2388 1836 illi
2455 1780 2733 1851 prmsides.
2786 1779 2941 1849 Apud
2993 1777 3255 1848 plurimos
3293 1773 3508 1846 quidem
3565 1771 3750 1843 opinio
3795 1771 3908 1841 jam

609 1903 960 1975 proculdubio
977 1901 1143 1968 rabie,
1159 1915 1222 1955 ac
1237 1898 1471 1970 ingenito
1488 1897 1641 1968 quasi
1656 1895 1853 1963 furore,
1869 1893 2015 1948 nullo
2028 1901 2206 1947 autem

607 1995 783 2070 legum
799 1996 1112 2069 praescripto
1123 1993 1189 2050 ad
1206 1992 1483 2050 vexandos
1497 1989 1873 2060 necandusque
1885 1986 2208 2042 christianos

611 2091 906 2148 ferebatur.
933 2089 1047 2146 lluc
1069 2087 1298 2156 accedit,
1331 2086 1470 2158 quod
1502 2083 1704 2142 ethnici
1747 2083 1799 2138 in
1837 2095 1932 2138 eos
1959 2078 2210 2136 refunde-

608 2182 737 2240 bant
768 2183 1100 2254 publicarum
1126 2178 1365 2236 omnium
1393 2177 1754 2234 calamitatum
1802 2187 2070 2230 caussam.
2106 2169 2210 2226 Ubi

611 2277 771 2348 igitur
793 2275 970 2346 aliqua
994 2273 1299 2339 accidisset,
1353 2280 1462 2326 tum
1518 2267 1824 2335 confestim,
1875 2272 2011 2320 teste
2037 2260 2212 2316 adhuc

609 2368 966 2434 'l‘ertulliano,
1013 2363 1425 2422 conclamabant
1459 2379 1473 2416 :
1505 2359 1824 2418 Christianos
1904 2357 1972 2411 ad
2015 2356 2210 2410 leonem

613 2461 798 2535 (Ibid.,
829 2478 945 2531 cap.
973 2458 1088 2529 40).

683 2555 845 2610 Adire
878 2564 1058 2608 tamen
1109 2550 1263 2607 nobis
1312 2549 1558 2606 videmur
1598 2546 1852 2617 aliquem,
1895 2544 1985 2615 qui
2037 2541 2214 2598 adhuc

613 2647 838 2702 instabit
864 2646 979 2700 lucc
1027 2621 1238 2714 aliaque
1267 2641 1416 2712 plura
1474 2640 1528 2695 in
1567 2638 1668 2693 hoc
1698 2636 2048 2707 Apolugetico
2107 2649 2213 2689 non

611 2739 849 2812 potuisse
880 2739 945 2793 ab
972 2738 1205 2792 Auctore
1236 2742 1420 2789 nostro
1463 2730 1732 2794 describi,
1763 2725 2014 2798 quamdiu
2045 2725 2212 2781 Seve-

614 2847 706 2887 rus
730 2830 1028 2901 lmperator
1055 2827 1188 2884 favit
1227 2825 1560 2890 christianis,
1593 2837 1694 2878 nec
1737 2821 1900 2876 ullam
1955 2817 2216 2874 adversus

617 2924 899 2994 coslegem
955 2922 1198 2976 dederat.
1241 2918 1441 2982 Verum
1489 2916 1533 2971 si
1590 2914 1787 2970 nullius
1841 2911 1973 2982 legis
2018 2911 2085 2966 ab
2150 2925 2217 2965 eo

619 3016 739 3072 lata:
768 3015 971 3071 Auctor
995 3023 1180 3069 noster
1210 3010 1478 3076 meminit,
1511 3009 1563 3064 id
1589 3007 1678 3063 alii
1711 3005 1780 3062 de
1800 3003 2060 3060 industria
2107 3001 2218 3058 fac-

618 3116 729 3164 tum
760 3122 882 3163 esse
910 3105 1218 3176 upinantur,
1249 3119 1318 3158 ne
1360 3101 1529 3172 magis
1562 3099 1798 3154 irritaret
1824 3097 2052 3154 viventis
2092 3105 2218 3150 tunc

2309 1873 2512 1930 dudum
2543 1871 2843 1927 invaluerat
2869 1868 2952 1924 his
2972 1869 3153 1924 verbis
3197 1867 3498 1924 Romanum
3551 1874 3796 1921 senatum
3833 1861 3909 1919 si-

2311 1967 2592 2039 gniﬁcari;
2665 1963 2791 2020 aliis
2830 1972 3008 2019 tamen
3057 1971 3243 2033 postea
3287 1960 3461 2016 visum
3518 1967 3602 2015 est
3639 1954 3908 2028 designari

2313 2058 2572 2131 praesides
2613 2055 2989 2128 Carthaginis;
3034 2055 3157 2111 aliis
3210 2054 3429 2110 demum
3480 2061 3741 2126 quotquot
3798 2059 3910 2108 toto

2314 2153 2558 2210 Romano
2579 2151 2631 2206 in
2663 2151 2890 2221 imperio
2911 2145 3150 2220 presides
3169 2155 3345 2208 erant.

2385 2245 2580 2301 Prima:
2619 2252 2797 2298 autem
2837 2241 3107 2310 opinionis
3123 2239 3357 2295 fautores
3384 2237 3626 2292 nituntur
3646 2234 3731 2290 his
3758 2233 3907 2304 ipsis,

2315 2351 2434 2408 qua:
2459 2334 2762 2402 citavinms,
2795 2332 3110 2388 Tertulliani
3145 2331 3345 2386 verbis.
3377 2327 3498 2384 Non
3550 2327 3712 2383 aliam
3737 2329 3910 2382 enim-

2315 2444 2447 2486 vero
2472 2429 2661 2484 urbem
2684 2427 2788 2482 nisi
2810 2426 3037 2481 Romam
3054 2423 3277 2480 indicari
3298 2421 3645 2478 arbitrantur.
3670 2419 3741 2474 Et
3762 2425 3910 2474 certe

2317 2526 2435 2596 quis
2455 2523 2614 2590 alius,
2643 2521 2926 2593 inquiunt,
2959 2534 3081 2576 esse
3112 2525 3286 2590 potest
3310 2516 3401 2571 ille
3446 2522 3664 2584 apertus
3699 2520 3753 2568 et
3795 2509 3913 2566 edi-

2318 2627 2404 2673 tus
2440 2617 2670 2672 civitatis
2713 2625 2901 2671 vertex
2930 2653 2945 2681 ,
2990 2612 3093 2667 nisi
3132 2607 3493 2666 llomdnorum
3544 2603 3907 2676 Capitolium,

2316 2709 2461 2782 quod
2475 2707 2838 2765 Tertullianus
2852 2703 3149 2776 periphrasi
3173 2702 3367 2774 potius,
3395 2713 3552 2771 quam
3569 2712 3666 2753 suo
3688 2695 3914 2751 nomine

2317 2801 2695 2874 appellandum
2719 2799 2926 2856 censuit
2961 2797 2983 2851 τ
3022 2797 3208 2852 Nonne
3252 2795 3414 2850 etiam
3464 2792 3521 2847 in
3579 2789 3738 2862 hujus
3778 2802 3910 2845 sen-

2319 2897 2503 2953 tentiae
2532 2893 2997 2960 conﬁrmationem
3021 2891 3151 2946 illud
3174 2887 3402 2961 proferri
3426 2885 3642 2960 poterit,
3672 2881 3818 2955 quod
3836 2881 3905 2939 de

2319 2991 2450 3047 solis
2493 2989 2679 3060 eclipsi
2701 3030 2715 3055 ,
2749 3004 2868 3060 qua:
2937 2985 3152 3043 Christo
3204 2983 3470 3040 moriente
3519 2978 3763 3050 contigit,
3783 2976 3914 3034 scri-

2320 3067 2470 3153 plum
2499 3080 2566 3136 ab
2606 3081 2698 3136 illo
2751 3080 2976 3150 legimus
3030 3096 3046 3136 :
3102 3076 3242 3131 Eum
3283 3065 3463 3130 mundi
3507 3070 3916 3128 casumrclatuns

617 3169 966 3272 imperatoris
986 3193 1358 3268 animnm,‘sed
1382 3169 1588 3249 facilius
1609 3191 1676 3248 ad
1695 3189 1963 3264 saniorem
1983 3197 2216 3245 mentem
2243 3192 2288 3256 ρ
2320 3178 2376 3272 ﬁt
2403 3179 2600 3272 arcanis
2629 3177 2800 3232 miris
2827 3175 3018 3230 habet“
3046 3174 3097 3246 (1
3106 3174 3209 3229 ὺὲάο
3241 3191 3356 3246 cap-
3386 3169 3778 3272 21)οοξιειξιι²ωι
3798 3179 3919 3268 flle-

619 3293 769 3350 illum
793 3305 1056 3348 revocare
1085 3297 1286 3362 posset.

696 3382 774 3438 Ea
805 3399 967 3453 porro
992 3391 1116 3436 sunt
1161 3379 1430 3436 rationum
1461 3384 1732 3434 momenta
1763 3373 1955 3446 quibus
1993 3372 2220 3428 diversa:

622 3473 689 3530 de
714 3473 874 3544 hujus
903 3473 1024 3528 libri
1054 3481 1213 3528 actate
1237 3471 1518 3541 Opiniones
1565 3469 1884 3523 innituntur.
1914 3467 1983 3521 At
2034 3464 2100 3519 iis
2129 3458 2218 3519 se-

623 3567 750 3623 dulo
775 3567 1046 3637 expensis,
1080 3567 1124 3618 si
1152 3564 1268 3619 bzec
1298 3563 1562 3634 posterior
1586 3561 1704 3616 aliis
1736 3557 2094 3631 praeponenda
2127 3556 2221 3612 tibi

623 3659 900 3726 videatur,
943 3658 1215 3714 fatendum
1247 3666 1329 3710 est
1350 3655 1494 3709 hunc
1521 3653 1716 3708 librum
1758 3652 2028 3722 vulgatum
2059 3648 2222 3704 fuisse

623 3759 745 3823 post
769 3752 1050 3804 excitatam
1072 3749 1138 3804 ab
1169 3747 1356 3802 eodem
1385 3747 1587 3801 Severo
1608 3743 1872 3800 adversus
1894 3741 2221 3798 christianos

637 3843 1092 3917 persecutionem,
1147 3855 1251 3891 non
1280 3836 1494 3907 quidem
1531 3849 1674 3890 anno
1718 3834 1818 3890 197
1861 3823 1965 3889 aut.
1989 3834 2114 3898 198,
2166 3842 2224 3889 ut

630 3935 848 4006 quidam
883 3932 1078 3989 frustra
1108 3931 1415 4001 opinantur,
1443 3927 1539 3983 sed
1583 3942 1724 3982 anno
1743 3926 1872 3993 202,
1925 3941 2032 3996 quo
2065 3925 2222 3983 idem

626 4028 862 4086 Severus
886 4028 1030 4096 leges
1059 4028 1111 4080 in
1135 4038 1230 4080 eos
1251 4036 1437 4078 revera
1465 4020 1736 4086 condidit,
1769 4028 1824 4075 et
1847 4019 2136 4086 decimum,
2167 4028 2224 4075 ut

627 4124 702 4177 ait
724 4120 983 4175 Eusebius
1014 4160 1029 4184 ,
1051 4115 1257 4188 imperii
1285 4115 1369 4171 sui
1394 4129 1592 4169 annum
1620 4113 1811 4185 agebat
1847 4112 1868 4186 (
1899 4111 2100 4167 Euseb.
2132 4112 2223 4169 lib.

628 4213 716 4270 Vl.
748 4212 944 4268 Eccles.
979 4212 1097 4268 hist.
1121 4226 1236 4280 cap.
1257 4208 1312 4262 2.
1346 4225 1465 4281 pag.
1500 4206 1623 4264 101.
1653 4214 1697 4262 et
1725 4205 1913 4277 scqq.).

699 4309 769 4364 At
806 4307 850 4362 si
899 4305 1016 4376 quis
1073 4304 1276 4375 judicet
1331 4318 1438 4358 non
1493 4302 1624 4357 satis
1673 4300 1853 4355 valida
1891 4314 2013 4356 esse
2067 4297 2226 4371 hujus
2276 4330 2281 4336 ι

626 4401 899 4475 opinionis
939 4399 1313 4465 ﬁrmamenta,
1345 4396 1391 4452 is
1438 4404 1584 4451 certe
1631 4409 1741 4450 non
1793 4391 2105 4449 difﬁtebitur
2157 4407 2226 4448 ex

638 4498 744 4564 his,
782 4511 902 4567 qum
949 4493 1110 4567 paulo
1155 4501 1278 4546 ante
1324 4488 1753 4555 annotabamus,
1799 4497 1946 4544 recte
1987 4486 2225 4558 profecto

2325 3270 2435 3326 nim
2461 3270 2548 3325 illa
2573 3277 2720 3336 sunt,
2749 3269 2851 3324 nisi
2878 3268 3242 3323 Romanorum
3289 3277 3506 3328 arcana,
3538 3261 3650 3316 sive
3673 3258 3910 3326 archiva,

2323 3373 2382 3420 et
2411 3361 2870 3435 citat-tephylacia,
2896 3361 2950 3416 in
2973 3360 3167 3432 quibus
3214 3366 3335 3414 acta
3388 3355 3600 3427 publica
3656 3349 3917 3409 reconde-

2325 3459 2547 3516 bantur?
2576 3457 2710 3512 Nam
2739 3457 2814 3511 ibi
2840 3455 2933 3512 ille
2957 3462 3144 3509 narrat
3169 3452 3397 3508 Pilatum
3435 3448 3655 3504 Tiberio
3681 3447 3917 3516 Impera-

2327 3553 2428 3608 tori
2460 3551 2791 3606 nuntiavisse
2842 3530 2948 3603 non
2995 3547 3174 3602 solum
3219 3544 3357 3599 hanc
3404 3540 3671 3613 eclipsim,
3712 3537 3809 3594 sed
3853 3549 3919 3593 ea

2327 3644 2489 3700 etiam
2530 3640 2954 3698 extraordinaria
2981 3639 3183 3704 omnia,
3217 3652 3336 3708 qua:
3363 3643 3561 3691 anteet
3584 3643 3704 3704 post
3719 3629 3922 3687 Christi

2327 3743 2558 3791 mortem
2579 3733 2909 3790 acciderant.
2929 3731 3060 3799 Quis
3084 3741 3264 3785 autem
3312 3726 3467 3782 facile
3506 3739 3612 3780 non
3658 3721 3924 3779 concedet

2327 3829 2600 3885 Tiberium
2623 3828 2852 3898 jussisse
2887 3825 3006 3882 haec
3045 3827 3102 3881 in
3153 3823 3337 3880 iisdem
3395 3819 3584 3890 reponi
3605 3826 3661 3874 et
3710 3816 3923 3872 servari

2327 3922 2575 3989 arcanis,
2625 3922 2694 3978 ad
2737 3937 2858 3994 qua:
2906 3918 3194 3978 scrutanda
3223 3912 3585 3990 Tertullianus
3635 3912 3922 3969 Romanos

2329 4026 2578 4088 provocat
2597 4016 2621 4069 ?

2402 4109 2485 4165 Ad
2510 4109 2652 4178 quod
2682 4110 2770 4167 ille
2810 4109 3113 4174 obscurius,
3142 4108 3242 4164 hoc
3271 4105 3536 4163 Eusebius
3585 4105 3782 4162 clarius
3804 4103 3911 4172 his,

2328 4217 2447 4273 qua:
2463 4203 2607 4257 nulla
2634 4203 2956 4259 obscuritate
2971 4202 3339 4269 involvuntur,
3363 4200 3544 4256 retulit
3569 4199 3776 4254 verbis:
3794 4197 3928 4254 Ter-

2331 4296 2578 4352 tullianus
2604 4297 2914 4368 Apologiam
2946 4313 3098 4354 suam
3123 4310 3188 4370 ea
3211 4303 3683 4369 ῥωμιῐιῇσηοιλῆτῳ
3700 4316 3920 4368 προσφω-

2331 4405 2474 4456 νήσας
2490 4407 2506 4448 :
2523 4391 2604 4447 Ad
2628 4401 2856 4448 senatum
2873 4409 3140 4449 romanum
3155 4393 3472 4467 conscripsit.
3503 4391 3718 4464 (Euseb.
3738 4391 3825 4446 lib.
3852 4387 3924 4445 ν.

2337 4487 2472 4544 Hist.
2501 4487 2699 4545 Eccles.
2726 4506 2841 4563 cap.
2873 4490 2928 4546 5.
2954 4507 3073 4563 pag.
3092 4489 3241 4562 169).
3267 4489 3374 4547 Nec
3395 4491 3677 4545 minimum
3705 4485 3923 4558 quidem

631 4590 811 4661 colligi
834 4604 994 4660 posse
1024 4587 1165 4642 hunc
1191 4583 1502 4640 Tertulliani
1529 4582 1722 4638 librum
1754 4582 1806 4636 in
1839 4582 2010 4636 lucem
2038 4580 2106 4635 ab
2132 4580 2224 4636 illo
2252 4600 2307 4662 Β
2331 4585 2542 4640 roboris
2562 4584 2689 4640 huic
2739 4587 3018 4662 sententiae
3065 4601 3132 4641 eo
3180 4583 3365 4640 afferri
3413 4593 3714 4650 autumant,
3775 4579 3928 4654 quod

629 4686 887 4742 emissum
915 4681 1081 4736 fuisse
1127 4679 1303 4751 aliquo
1331 4687 1454 4750 post
1482 4675 1666 4731 Albini
1713 4690 1902 4731 necem
1954 4683 2220 4743 tempore,

630 4779 684 4835 id
731 4787 856 4845 est,
902 4784 1022 4846 post
1070 4773 1213 4840 197,
1271 4768 1726 4844 quemadmodum
1774 4767 2177 4824 observavimus
2204 4809 2222 4837 ,

627 4873 826 4930 Christi
869 4887 1088 4928 annum.
1129 4870 1397 4941 Quoniam
1452 4884 1581 4925 vero
1620 4866 1984 4924 Tertullianus
2023 4865 2223 4924 ibidem

631 4966 902 5038 signiﬁcat
954 4979 1233 5036 repressos
1287 4961 1455 5018 fuisse
1503 4960 1737 5032 majores
1781 4959 2030 5038 factionis
2080 4958 2222 5016 illius

628 5035 884 5132 impetus,
916 5075 979 5114 ac
1013 5035 1268 5129 quasdam
1291 5063 1496 5111 tantum
1529 5051 1858 5125 superfuisse
1885 5035 2098 5110 illarum
2127 5068 2216 5109 re-

629 5152 846 5225 liquias,
871 5150 996 5208 inde
1022 5164 1152 5206 sane
1169 5146 1598 5206 concludendum
1627 5154 1728 5214 est,
1752 5145 1913 5216 hujus
1949 5145 2068 5202 libri
2087 5154 2220 5201 zela-

629 5255 738 5303 tem
771 5258 912 5300 anno
943 5241 1043 5298 l99
1079 5250 1169 5295 aut
1199 5240 1376 5312 potius
1415 5238 1523 5295 200
1562 5237 1980 5309 consignandam
2030 5237 2221 5295 videri.

703 5331 1148 5408 Urgebit’tandem
1171 5332 1362 5404 aliquis
1381 5341 1507 5388 tunc
1523 5329 1929 5400 Tertullianum,
1950 5341 2010 5386 ut
2029 5332 2224 5401 sacpius

629 5429 832 5486 dictum
857 5437 972 5496 est,
1004 5443 1109 5484 non
1147 5425 1386 5497 attigisse
1460 5422 1927 5494 quadragesimum
1969 5421 2223 5494 quintum

631 5523 805 5580 mtatis
829 5537 942 5579 suae
965 5535 1180 5577 annum.
1209 5519 1371 5590 Atqui
1397 5531 1610 5573 summa
1665 5514 1921 5583 eruditio,
1968 5530 2089 5587 qua:
2117 5514 2225 5572 mi-

630 5631 749 5673 rum
773 5615 826 5672 in
866 5613 1081 5672 modum
1109 5621 1163 5668 et
1192 5609 1388 5684 passim
1417 5609 1613 5682 ubique
1641 5609 1695 5668 in
1722 5607 1826 5668 hoc
1854 5608 1994 5664 illius
2014 5609 2098 5680 Ap
2111 5608 2225 5664 olo-

631 5708 806 5778 getico
834 5707 1076 5779 refulget,
1109 5703 1498 5775 provectiorem
1538 5710 1750 5758 aetatem
1791 5699 2102 5758 desiderare
2133 5699 2215 5754 vi-

2331 4673 2692 4734 Tertullianus
2715 4677 3010 4734 Romaa'diu
3034 4687 3398 4735 commoratus
3425 4678 3514 4735 sit.
3548 4674 3759 4734 Rursus
3777 4692 3930 4733 nam-

2331 4784 2436 4841 que
2463 4769 2531 4826 de
2575 4771 2666 4826 illo
2713 4770 2978 4827 Eusebius
3016 4771 3130 4826 hcce
3189 4772 3425 4843 posteris
3467 4755 3667 4841 scripto
3719 4768 3914 4826 tradita

2329 4863 2545 4934 reliquit
2565 4866 2676 4918 trusi
2704 4881 2797 4924 τῶν
2823 4871 3036 4934 μάλιστα
3070 4868 3152 4921 ἐπὶ
3176 4855 3350 4935 ῥώμης
3378 4873 3624 4937 λαμπρῶν.
3653 4861 3723 4918 El
3750 4863 3932 4919 Romae

2326 4957 2674 5012 celeberrimus
2698 4959 2794 5030 fuit
2823 4956 3015 5032 (Idem,
3041 4957 3164 5013 ibid.
3191 4957 3280 5016 lib.
3312 4959 3375 5013 ll.
3401 4975 3518 5030 cap.
3547 4958 3604 5013 2.
3643 4973 3767 5030 pag.
3807 4956 3929 5030 11).

2333 5049 2448 5107 Huc
2491 5065 2704 5122 quoque
2741 5050 2947 5108 accedit
2988 5050 3344 5124 Hieronymus
3374 5049 3700 5124 (Hicranym.
3743 5047 3918 5104 Catal.

2329 5141 2564 5212 scriptor.
2604 5141 2799 5197 Eccles.
2833 5159 2949 5215 cap.
2983 5142 3072 5199 5'5.
3105 5160 3226 5214 pag.
3253 5140 3380 5216 H5)
3414 5184 3429 5208 ,
3473 5142 3561 5212 qui
3601 5140 3922 5196 testiﬁcatur

2332 5235 2485 5290 illum
2525 5235 2842 5292 clericorum
2869 5234 3233 5293 Romanorum
3264 5244 3510 5293 vexatum
3533 5234 3698 5291 fuisse
3717 5233 3918 5291 invidia

2331 5337 2390 5387 et
2417 5328 2777 5384 contumeliis.
2803 5327 2901 5385 Ubi
2918 5337 3120 5398 autem,
3139 5329 3242 5386 nisi
3268 5345 3391 5386 cum
3419 5329 3607 5386 Romae
3648 5327 3918 5400 degebat?

2399 5419 2508 5477 Sed
2533 5418 2687 5484 nihil,
2715 5419 2960 5492 inquiunt
2982 5421 3095 5488 alii,
3113 5421 3289 5478 obstat
3312 5423 3599 5493 quominus
3623 5420 3917 5478 Tertullia-

2329 5528 2450 5583 nus,
2473 5513 2635 5571 etiam
2654 5513 2780 5570 dum
2808 5513 3132 5588 Carthagine
3159 5515 3441 5583 habitaret,
3474 5515 3578 5571 illis
3599 5515 3818 5572 invidiae
3858 5521 3917 5572 et

2325 5609 2710 5666 calumniarum
2735 5609 2934 5668 aculeis
2959 5619 3303 5682 pungeretur.
3331 5609 3465 5667 Tam
3487 5611 3634 5667 enim
3655 5611 3905 5683 frequens

2325 5709 2440 5756 erat
2461 5701 2600 5758 inter
2618 5701 2887 5759 Romanos
2932 5712 2987 5759 et
3019 5701 3470 5772 Carthaginenses
3501 5704 3912 5769 commercium,

631 5796 810 5857 detur.
866 5795 982 5857 lino
1015 5809 1144 5856 vero
1209 5806 1522 5868 supernum,
1571 5795 1649 5850 uti
1700 5793 1790 5852 alii
1840 5791 2178 5864 respondent
2200 5829 2217 5862 ,
2320 5799 2381 5850 ut
2407 5808 2566 5866 quam
2588 5789 2946 5854 Tertullianus
2973 5807 3242 5856 meruerat
3267 5808 3494 5857 summa:
3511 5793 3831 5856 eruditionis
3849 5797 3907 5852 et
