4252 6270
303 324 416 388 161

1461 320 1912 384 DISSEBTATIO
1951 320 2015 380 D.
2057 318 2146 382 LE
2181 321 2489 384 NOURRY.

3506 316 3618 378 ’με

310 444 573 500 doctrinae
594 442 809 509 famam,
837 439 1114 497 abinvidis
1137 437 1393 496 Romanas
1423 440 1680 496 Ecclesiae
1709 439 1919 496 clericis
1945 435 1999 500 Α
2093 441 2230 509 Quid
2257 456 2404 507 vero,
2437 440 2579 513 quod
2610 447 2891 512 postquam
2913 437 3150 496 ostendit
3174 436 3438 495 humanas
3463 438 3616 495 victi-

311 540 552 610 potnerit
573 538 816 594 lacerari.
845 536 958 592 Nec
978 537 1084 591 alio
1106 544 1275 602 certe,
1306 550 1466 606 quam
1505 534 1573 591 ad
1601 534 1741 590 hanc
1769 535 1915 591 illius

313 632 510 688 fumant
550 631 837 697 Eusebius,
868 629 1045 686 verbis
1065 628 1311 701 proxime
1340 629 1517 684 citatis
1540 669 1555 693 ,
1615 628 1920 696 respexisse

316 726 450 796 ipsis
478 724 708 780 videtur.
739 725 921 794 Neque
950 724 1112 778 etiam
1159 724 1242 777 his
1293 720 1382 777 ille
1407 721 1634 778 denotat
1685 721 1918 793 aliquam

318 819 636 875 Tertulliani
664 819 716 872 in
737 818 868 873 urbe
888 817 1059 872 Roma
1074 816 1480 883 habitationem,
1509 814 1602 872 sed
1632 816 1920 871 maximam

320 911 457 982 apud
498 911 772 966 Romanos
803 909 1035 964 nominis
1064 917 1119 963 et
1142 909 1298 962 famae
1324 906 1442 978 ejus
1459 947 1473 973 ,
1499 907 1572 963 ob
1597 906 1919 978 singularem

319 1005 618 1060 doctrinam
648 1003 954 1074 scriptaque
979 1015 1085 1070 sua,
1097 999 1487 1056 celebritatem.

391 1095 594 1167 Urgere
647 1105 825 1150 tamen
854 1094 944 1148 alii
973 1100 1246 1162 poterant,
1269 1092 1536 1147 neminem
1566 1104 1786 1161 prorsus
1815 1089 1918 1145 dil-

322 1189 463 1245 ﬁteri
484 1204 643 1260 posse
669 1189 818 1243 illum
845 1187 1072 1241 Romam
1116 1186 1306 1242 saltem
1337 1184 1504 1240 semel
1533 1186 1764 1240 venisse.
1793 1184 1923 1251 Quis

321 1283 464 1338 enim
497 1282 599 1337 hoc
623 1295 820 1351 negare
847 1279 1096 1344 auderet,
1128 1276 1270 1346 quod
1299 1277 1526 1347 ipsemet
1565 1275 1925 1331 Tertullianus

323 1373 676 1429 disertissime
703 1371 976 1427 asseruit?
1005 1368 1337 1424 Gemmarum
1363 1351 1679 1422 nobilitatem
1703 1367 1922 1422 vidimus

323 1467 504 1524 Roma:
529 1469 593 1523 de
623 1467 831 1540 fastidio
854 1466 946 1520 illo
977 1463 1288 1518 Parthorum
1317 1473 1364 1518 et
1393 1462 1683 1529 Medorum,
1716 1469 1925 1516 ecetera-

321 1579 535 1634 rumque
556 1562 819 1634 gentilium
844 1575 1076 1625 suorum,
1125 1573 1299 1613 coram
1335 1556 1583 1610 matronis
1631 1557 1926 1610 erubescen-

325 1664 448 1722 tem,
483 1657 582 1710 nisi
602 1672 701 1724 quo
725 1655 793 1707 ad
822 1653 1212 1708 ostentationem
1240 1651 1346 1720 fere
1401 1648 1650 1704 habentur
1682 1647 1922 1719 (Tertull.

325 1749 413 1803 tib.
464 1747 504 1802 Ι.
568 1747 632 1800 de
687 1747 840 1800 Cultu
885 1745 1024 1813 fient.
1074 1757 1189 1814 cap.
1219 1742 1320 1812 6).
1353 1742 1422 1796 At
1472 1751 1618 1796 certe
1645 1741 1785 1795 sicut
1833 1755 1924 1795 se-

2024 551 2139 591 mas
2167 534 2306 605 apud
2333 535 2505 611 varias
2530 543 2736 604 gentes,
2765 539 2821 590 et
2843 532 3110 588 Romanos
3127 531 3274 602 ipsos
3295 530 3399 586 diis
3421 531 3617 587 immo-

2024 627 2142 694 lari,
2171 628 2296 684 etin
2321 625 2564 682 Catilinae
2601 625 2972 696 conjuratione
2987 624 3278 680 humanum
3299 624 3614 694 sanguinem

2023 719 2362 792 degustatum
2390 761 2404 786 ,
2461 729 2572 774 tum
2617 719 2730 776 haec
2775 717 3086 788 subjunxit:
3117 715 3291 787 Longe
3343 729 3603 771 excurro:

2024 813 2173 868 hodie
2197 814 2330 880 istic,
2362 811 2414 867 id
2441 820 2544 880 est,
2574 811 2630 866 in
2656 811 2768 882 ipsa
2828 811 2961 866 urbe
3006 809 3095 866 ubi
3141 808 3256 865 haec
3304 808 3619 878 scribebat,

2025 903 2255 960 Bellona:
2281 915 2512 959 sacratos
2535 907 2754 976 sanguis
2795 904 2856 958 de
2878 904 3067 974 femore
3119 902 3370 974 proscisso
3407 903 3462 957 in
3501 901 3619 973 pal-

2025 1000 2219 1053 mulam
2276 1008 2511 1067 exceptus
2538 1039 2553 1064 ,
2603 998 2712 1053 esui
2762 997 2913 1051 datus
2969 997 3139 1068 signat
3179 995 3342 1068 (Ibid.
3391 1012 3506 1066 cap.
3558 993 3617 1051 9.

2027 1107 2144 1163 pag.
2170 1089 2298 1163 521)
2319 1089 2451 1158 Quis
2476 1105 2636 1162 ergo,
2665 1090 2926 1162 inquient,
2954 1104 3060 1144 non
3088 1089 3232 1145 videt
3251 1089 3319 1145 ab
3339 1088 3431 1146 illo
3470 1103 3623 1145 suam

2027 1182 2297 1239 civitatem
2321 1198 2351 1237 a
2375 1183 2614 1238 Romana
2642 1192 2826 1254 aperte
2853 1181 3103 1252 distingui
3127 1181 3150 1234 ?

2102 1280 2341 1352 Denique
2366 1281 2594 1336 ethnicis
2648 1281 2870 1352 opponit
2901 1279 3260 1349 christianos,
3303 1280 3470 1336 Deum
3515 1296 3624 1338 non

2028 1375 2378 1444 proconsulem
2432 1374 2657 1428 timentes
2687 1372 2866 1443 (Ibid.
2890 1391 3006 1444 cap.
3050 1373 3124 1429 45
3149 1378 3190 1444 ).
3226 1374 3434 1430 Ethnici
3469 1375 3628 1446 igitur

2030 1466 2190 1532 hunc,
2235 1467 2457 1522 minime
2512 1482 2640 1521 vero
2685 1467 2832 1521 illum
2884 1466 3159 1521 timebant.
3211 1466 3503 1523 Proconsnl
3532 1483 3628 1522 au-

2031 1570 2137 1614 tem
2187 1573 2292 1615 non
2347 1559 2554 1624 Romae,
2599 1559 2695 1614 sed
2736 1560 2832 1629 εἰη
2881 1559 3170 1627 provinciis
3219 1561 3356 1616 hanc
3409 1561 3629 1633 gerebat

2030 1649 2257 1720 primam
2282 1649 2628 1722 magistratus
2665 1651 3001 1722 dignitatem.
3030 1650 3231 1706 Verum
3255 1653 3357 1706 alia
3384 1655 3627 1723 superio-

2031 1745 2108 1799 ris
2137 1746 2417 1800 sententize
2444 1747 2802 1813 firmamenta,
2839 1745 3033 1816 quibus
3061 1744 3334 1800 Romanos
3365 1747 3626 1817 praesules

326 1841 463 1906 mel,
512 1840 581 1893 ita
635 1839 831 1908 saepius
884 1838 1110 1891 Romam
1165 1836 1247 1891 ire
1285 1836 1500 1906 potuit,
1558 1834 1736 1904 ibique
1773 1848 1924 1889 com-
1955 1829 2006 1894 Β
2032 1838 2382 1908 compellatos
2414 1852 2537 1894 esse
2565 1838 2921 1907 omendimns,
2961 1838 3043 1894 his
3084 1837 3352 1895 rationum
3382 1853 3630 1896 momen-

327 1931 555 1987 morari.
601 1929 815 2000 Optime
864 1928 1082 1999 quidem
1153 1937 1418 1998 reponent
1476 1927 1563 1981 alii
1592 1927 1736 1983 :Sed
1789 1942 1925 1997 quo-

331 2023 489 2079 modo
517 2021 732 2093 probari
766 2029 1018 2091 poterunt
1042 2019 1145 2075 alia
1161 2018 1476 2076 Tertulliani
1499 2015 1553 2074 in
1577 2016 1715 2074 hanc
1735 2017 1928 2074 urbem

311 2117 542 2184 itinera,
566 2125 656 2169 aut
676 2129 799 2169 eum
830 2113 905 2167 ibi
935 2127 1122 2169 revera
1165 2113 1432 2168 mansisse
1474 2111 1692 2183 quando
1722 2110 1925 2182 Apolo-

330 2210 560 2280 geticum
588 2205 908 2263 conﬁciebat
933 2207 956 2259 ?

402 2301 763 2368 Quamobrem
787 2299 965 2370 plures
1005 2297 1334 2353 arbitrantur
1371 2296 1522 2352 illum
1546 2309 1768 2367 prorsus
1791 2294 1928 2350 Car-

334 2395 554 2465 thagine
582 2393 805 2457 editum,
855 2391 1202 2462 oblatumque
1231 2389 1457 2460 hujusce
1487 2388 1720 2444 civitatis
1746 2388 1932 2459 praesi-

331 2486 513 2543 dibus.
550 2485 762 2540 Etenim
793 2485 861 2539 ab
908 2483 1075 2550 illius,
1118 2483 1194 2537 uti
1242 2482 1356 2552 jam
1406 2481 1638 2537 vidimus
1663 2523 1678 2550 ,
1705 2480 1932 2537 exordio

332 2581 459 2636 illos
476 2590 650 2644 vocat,
682 2580 735 2634 in
763 2569 944 2650 aperto
971 2587 1018 2631 et
1043 2577 1177 2632 edito
1204 2576 1385 2630 vertice
1413 2577 1628 2631 civitatis
1656 2574 1933 2646 praesiden-

335 2684 404 2728 tes
449 2671 661 2743 (Idem,
717 2673 983 2742 Apologet.
1029 2687 1144 2740 cap.
1196 2669 1287 2724 16.
1336 2686 1456 2741 pag.
1499 2669 1654 2740 259).
1697 2668 1931 2725 Rursum

338 2781 465 2824 vero
494 2766 621 2820 alibi
656 2783 669 2820 :
696 2763 763 2819 In
813 2761 933 2831 ista,
965 2763 1160 2834 inquit,
1188 2763 1388 2818 civitate
1414 2763 1467 2817 in
1495 2777 1600 2833 qua
1625 2777 1780 2816 suout
1811 2761 1932 2816 elu-

335 2857 594 2914 cubrabat
648 2856 1082 2927 Apologcticum.
1117 2855 1278 2925 Atqui
1315 2855 1487 2909 Roma
1539 2868 1647 2908 non
1701 2851 1929 2918 civitas,

336 2951 431 3008 sed
458 2951 608 3018 urbs,
662 2959 822 3022 atque
868 2965 936 3006 eo
964 2950 1081 3004 solo
1124 2948 1279 3004 Urbis
1316 2947 1532 3002 nomine
1583 2961 1679 3017 per
1707 2954 1934 3001 antono-

339 3049 562 3123 masiam
596 3045 854 3116 appellari
886 3044 1112 3099 solebat.
1159 3041 1347 3098 Nonne
1374 3041 1518 3096 enim
1560 3041 1675 3096 [nec
1705 3040 1934 3110 ipsamet
1994 3055 2000 3058 ‘

338 3147 460 3192 sunt
502 3138 620 3202 ejus
661 3137 820 3192 verba
847 3153 861 3191 :
891 3134 1151 3189 Liberum.
1176 3172 1190 3188 .
1214 3176 1227 3190 .
1260 3171 1274 3188 .
1297 3132 1527 3188 consules
1559 3141 1765 3187 senatus
1805 3147 1932 3185 auc-

2031 1933 2102 1987 tis
2129 1946 2227 1987 nec
2255 1931 2626 1999 destruuntur,
2657 1947 2756 1988 nec
2778 1932 3137 1988 inﬁrmantur.

2103 2025 2281 2081 Tertia
2305 2026 2505 2098 itaque,
2533 2035 2588 2082 et
2613 2026 2751 2081 inter
2781 2036 3085 2096 utramque,
3111 2025 3367 2082 hactenus
3398 2039 3428 2079 a
3474 2026 3630 2083 nobis

2030 2120 2352 2189 expositam,
2377 2119 2552 2174 media
2593 2119 2805 2175 illorum
2836 2120 3017 2189 opinio
3038 2129 3142 2187 est,
3175 2120 3264 2190 qui
3304 2120 3632 2175 arbitrantur

2031 2211 2175 2266 hunc
2200 2210 2608 2282 Apolugelicum
2665 2211 2856 2269 librum
2896 2227 2928 2267 a
2981 2212 3314 2268 Tertulliauo
3367 2213 3628 2269 directum

2031 2303 2198 2361 fuisse
2229 2319 2334 2360 nou
2365 2306 2518 2360 unius
2544 2314 2748 2361 tantum
2779 2306 3030 2372 civitatis,
3064 2316 3156 2361 aut
3180 2307 3466 2377 provincia:
3491 2351 3506 2377 ,
3535 2308 3631 2364 sed

2034 2398 2218 2463 totius,
2241 2413 2400 2468 quam
2431 2397 2588 2468 longe
2631 2398 2840 2469 lateque
2867 2400 3103 2470 patebat,
3159 2402 3365 2456 romani
3418 2403 3628 2472 imperii

2035 2489 2375 2562 praesidibus.
2407 2492 2475 2545 At
2491 2507 2552 2546 ea
2571 2491 2617 2545 si
2640 2492 2853 2560 probari
2879 2493 3067 2561 possit,
3089 2492 3312 2547 aliarum
3334 2503 3629 2551 assertores

2034 2579 2286 2654 poteruni
2331 2597 2514 2638 secum
2564 2581 2720 2639 facile
2777 2583 3134 2639 reconciliari.
3190 2583 3381 2640 Utrum
3448 2597 3628 2642 autem

2034 2691 2158 2732 vera
2189 2676 2277 2740 sit,
2302 2675 2427 2746 quia
2455 2676 2509 2730 id
2542 2675 2609 2731 ab
2643 2675 2759 2746 ejus
2783 2677 3022 2746 patronis
3050 2691 3158 2731 non
3209 2679 3339 2731 satis
3379 2687 3631 2734 accurate

2034 2768 2457 2826 demonstratum
2484 2779 2586 2835 est,
2612 2785 2641 2824 a
2681 2769 2834 2825 nobis
2887 2769 3195 2840 diligentius
3227 2769 3627 2839 inquirendum.

2036 2861 2218 2917 Primo
2248 2863 2426 2932 itaque
2451 2869 2663 2917 constat
2692 2861 2837 2916 hunc
2864 2861 3061 2916 librum
3094 2861 3251 2917 nullis
3275 2862 3589 2917 nominatim
3609 2904 3625 2928 ,

2035 2953 2128 3009 sed
2156 2954 2450 3024 generatim
2470 2952 2786 3023 praesidibus
2806 2953 3028 3008 missum
3057 2968 3179 3010 esse
3213 2955 3538 3010 etoblatum'.
3569 2955 3627 3012 Si

2036 3049 2126 3117 qui
2155 3048 2299 3103 enim
2329 3049 2546 3102 nomine
2580 3061 2699 3113 suo,
2734 3061 2838 3102 nec
2867 3048 2954 3102 alii
2993 3058 3187 3118 praeter
3215 3049 3338 3104 illos
3391 3050 3626 3120 appella-

2035 3149 2238 3205 rentur,
2268 3140 2412 3194 nulla
2444 3155 2567 3195 esse
2597 3149 2776 3210 posset
2814 3141 2878 3196 lis
2918 3149 3008 3196 aut
3052 3144 3450 3198 controversia.
3496 3142 3631 3197 Nam

339 3231 562 3296 toritate,
613 3247 714 3284 non
743 3230 893 3284 modo
919 3227 1074 3295 Urbe,
1124 3227 1216 3282 sed
1270 3227 1508 3282 universa
1552 3225 1713 3280 “alia
1764 3225 1928 3280 θιὶηιὶ·
1957 3226 2003 3290 C
2039 3234 2101 3288 iis
2131 3234 2270 3287 hunc
2294 3233 2345 3286 in
2368 3231 2584 3287 modum
2631 3232 2938 3299 nominatis,
2971 3233 3214 3288 absoluta
3263 3249 3394 3289 sane
3421 3248 3484 3290 ac
3506 3248 3632 3305 pcr-

337 3332 584 3377 naverunt
609 3321 767 3390 (Ibid.
799 3337 914 3391 cap.
936 3320 992 3376 6.
1022 3337 1143 3392 pag.
1176 3318 1327 3387 305).

417 3417 620 3473 Deinde
637 3432 694 3472 se
721 3427 847 3473 tunc
875 3418 1018 3474 illinc
1064 3415 1302 3473 abfuisse
1357 3415 1497 3470 haud
1545 3415 1774 3471 obscure
1797 3413 1934 3469 Ter-

344 3508 600 3564 tullianus
633 3510 746 3579 ipse
795 3509 1074 3578 significat.
1125 3507 1258 3563 Nam
1317 3517 1437 3577 post
1486 3507 1645 3562 citata
1695 3506 1938 3576 proxime

344 3602 492 3658 illius
542 3602 700 3658 verba
757 3599 932 3656 dixit:
969 3601 1098 3656 Ecce
1145 3602 1200 3654 in
1251 3600 1346 3654 illa
1388 3600 1766 3670 religiosissima
1817 3597 1940 3652 urbe

341 3683 645 3752 zEneadum'
667 3696 886 3767 piorum,
918 3695 969 3749 id
991 3704 1093 3760 est,
1122 3695 1318 3760 Roma,
1357 3701 1430 3747 est
1479 3692 1683 3764 Jupiter
1735 3691 1936 3762 quidem

343 3786 505 3859 (Ibid.
527 3804 640 3857 cap.
660 3786 716 3844 9.
731 3786 1182 3858 pag.517).Vides
1199 3785 1336 3840 hanc
1361 3784 1428 3840 ab
1452 3799 1518 3840 eo
1536 3784 1710 3838 vocari
1727 3783 1936 3848 urbem,

349 3891 405 3937 et
425 3881 510 3936 bis
531 3880 730 3945 verbis,
749 3865 940 3947 iniitla,
970 3877 1258 3949 signiﬁcari
1289 3893 1348 3933 se
1368 3877 1436 3932 ab
1455 3892 1516 3932 ea
1563 3875 1730 3932 fuisse
1757 3888 1937 3930 remo-

347 3985 484 4032 tum.
517 3978 597 4031 Ad
627 3976 742 4030 haec
767 3989 921 4042 vero,
953 3974 1042 4029 ubi
1072 3973 1270 4042 patrios
1313 3980 1366 4027 et
1393 3969 1654 4042 indigetes
1681 3983 1939 4039 quorum-

345 4067 466 4122 dam
495 4067 770 4122 nationum
803 4064 934 4120 deos
969 4072 1218 4119 recenset
1247 4080 1261 4118 :
1291 4060 1578 4128 Romanas,
1628 4069 1685 4114 ut
1733 4061 1936 4129 opinor,

345 4163 534 4233 inquit,
565 4163 851 4232 provincias
879 4159 1036 4226 edidi,
1067 4175 1161 4213 nec
1191 4167 1358 4211 tamen
1398 4156 1659 4210 Romanos
1707 4153 1830 4208 deos
1855 4167 1940 4206 ea-

345 4272 488 4322 rum,
543 4257 663 4326 quia
729 4253 911 4308 Ranae
961 4269 1065 4308 non
1107 4252 1272 4323 magis
1326 4250 1602 4316 coluntur,
1651 4265 1804 4319 quam
1855 4247 1942 4317 qui

347 4364 445 4420 per
496 4349 664 4418 ipsam
715 4363 916 4418 quoque
961 4343 1170 4400 Italiam
1224 4343 1529 4414 municipali
1566 4341 1943 4396 consecratione

346 4452 610 4497 censentur
666 4443 684 4510 (
717 4439 855 4494 Ibid.
899 4457 1014 4510 cap.
1045 4436 1174 4508 24).
1210 4439 1276 4492 At
1324 4451 1454 4491 sane
1498 4435 1544 4489 si
1564 4434 1708 4489 hunc
1747 4433 1941 4489 librum

348 4533 593 4590 Romano
621 4533 829 4588 senatui
867 4539 1247 4602 nuncupasset,
1281 4545 1387 4586 non
1415 4528 1498 4582 his
1529 4527 1726 4592 verbis,
1758 4526 1945 4581 Roma-

2040 3327 2176 3382 fecta
2203 3338 2391 3380 caussa
2423 3333 2557 3380 erat.

2113 3417 2318 3473 Deinde
2338 3433 2469 3472 vero
2493 3416 2727 3472 fatentur
2756 3431 2947 3472 omnes
2986 3415 3038 3471 in
3065 3415 3169 3472 hoc
3187 3416 3326 3473 libro
3353 3417 3632 3475 Romanos

2040 3512 2320 3584 priesides,
2336 3526 2435 3567 nec
2457 3511 2622 3566 semel
2640 3511 2888 3582 ’quidem,
2904 3511 3234 3581 compellari.
3252 3510 3459 3582 Ecquid
3489 3511 3634 3568 enim

2039 3606 2094 3661 id
2128 3617 2427 3678 negaretur,
2453 3606 2722 3676 quodjam
2753 3607 3034 3677 probatum
3065 3615 3169 3674 est,
3213 3615 3374 3677 atque
3406 3605 3489 3660 his
3515 3621 3636 3660 rur-

2041 3712 2158 3752 sum
2183 3697 2360 3752 verbis
2385 3698 2769 3753 conlirmatur:
2809 3695 2878 3752 Ut
2914 3697 2981 3751 ad
3011 3714 3092 3752 eos
3119 3698 3464 3751 dominatores
3518 3715 3635 3768 gen-

2043 3791 2169 3844 tium
2212 3790 2512 3862 adspiciam.
2562 3788 2730 3844 Homo
2775 3791 2870 3861 fuit
2911 3788 3087 3843 Numa
3119 3789 3408 3863 Pompilius
3449 3790 3632 3861 (Ibid.

2040 3899 2157 3952 cap.
2205 3881 2320 3953 2|)
2373 3880 2556 3953 Neque
2608 3889 2788 3958 tamen
2831 3880 2929 3936 hos
2985 3891 3189 3936 tantum
3216 3882 3469 3953 prtesides
3495 3883 3632 3948 ,sed

2043 3974 2316 4043 Quirites,
2365 3981 2419 4029 et
2471 3974 2643 4044 ipsam
2675 3988 2885 4045 quoque
2941 3973 3151 4045 plebem
3205 3973 3502 4030 Romanam
3556 3975 3634 4031 sic

2044 4067 2334 4137 alloquitur
2384 4066 2402 4137 (
2434 4065 2571 4120 Ibid.
2624 4084 2741 4138 cap.
2791 4065 2944 4136 55):
2981 4065 3136 4139 Ipsos
3187 4065 3438 4134 Quirites,
3471 4067 3637 4137 ipsam

2042 4164 2370 4218 vernaculam
2449 4170 2634 4232 septem
2699 4159 2938 4228 collium,
2989 4160 3092 4216 hoc
3147 4169 3265 4228 est,
3329 4161 3476 4218 urbis
3527 4162 3638 4218 Ro-

2044 4271 2166 4323 mae,
2197 4256 2434 4321 Plebem,
2462 4256 2702 4310 convenio
2723 4298 2737 4320 ,
2767 4271 2833 4308 an
2881 4253 3034 4308 alicui
3089 4253 3282 4309 Ccesari
3315 4273 3407 4310 suo
3453 4265 3633 4328 parcat

2046 4349 2222 4418 lingua
2260 4347 2539 4400 Romana?
2589 4345 2966 4400 Verumtamen
3029 4344 3174 4400 aliud
3226 4354 3342 4414 est,
3397 4348 3632 4417 inquies,

2045 4442 2252 4510 aliquos
2297 4441 2351 4495 in
2409 4440 2547 4494 libro
2599 4455 2697 4494 suo
2727 4438 2946 4512 alloqui,
2999 4439 3142 4494 aliud
3185 4453 3315 4495 vero
3367 4439 3432 4494 iis
3483 4453 3641 4495 suum

2046 4533 2257 4590 mittere
2286 4541 2341 4588 et
2367 4548 2674 4602 nuncupare
2692 4531 2908 4586 librum.
2928 4531 3092 4587 Recte
3122 4531 3359 4602 quidem.
3391 4529 3497 4584 Sed
3523 4544 3639 4597 cur,

346 4645 468 4700 nas,
489 4630 768 4694 Romanos,
787 4627 966 4682 Romae
984 4669 998 4693 ,
1019 4626 1114 4682 sed
1136 4625 1310 4696 poxius
1331 4623 1447 4678 istis
1467 4641 1479 4677 :
1498 4632 1708 4689 uestras,
1729 4630 1938 4687 vestros,
1965 4618 2020 4680 D
2047 4626 2238 4680 amabo
2268 4633 2350 4691 te,
2401 4639 2587 4679 omnes
2632 4624 2902 4702 Romanos
2946 4622 3204 4691 prmsides
3226 4663 3239 4686 ,
3272 4619 3538 4688 Quirites,
3588 4627 3646 4676 et

348 4732 404 4780 ct
423 4722 630 4788 avobis,
657 4723 836 4792 utique
861 4730 1125 4776 uteretur.
1144 4716 1408 4773 Eumdem
1441 4725 1616 4770 tamen
1649 4714 1701 4768 in
1728 4712 1944 4768 modum

347 4816 474 4872 alibi
502 4815 676 4871 adhuc
702 4815 912 4871 locutus
944 4822 1026 4870 est
1058 4812 1224 4884 (Ibid.
1260 4827 1378 4880 cap.
1405 4809 1498 4879 2i,
1524 4825 1643 4881 pag.
1671 4806 1798 4877 592,
1827 4822 1943 4878 cap.

347 4910 439 4966 35.
469 4926 588 4982 pag.
611 4909 764 4980 tsi).

426 5002 922 5072 lnstantpncterea
946 5000 1146 5057 nullam
1193 5000 1245 5055 in
1268 4999 1373 5054 hoc
1398 4997 1534 5053 libro
1586 4997 1701 5052 fieri
1729 5001 1948 5053 senatus

360 5092 587 5149 Romani
612 5093 962 5160 mentionem,
991 5093 1086 5148 sed
1108 5091 1264 5146 sicuti
1293 5090 1447 5145 initio
1475 5088 1723 5143 antistites
1747 5096 1792 5142 et
1816 5101 1950 5158 pra-

357 5188 603 5256 sidentes,
636 5186 706 5242 ita
733 5187 857 5242 etin
886 5185 995 5243 fine
1025 5186 1268 5257 prasides
1289 5182 1622 5254 compellari.
1663 5180 1779 5236 Jam
1818 5193 1948 5234 vero

352 5279 547 5337 audisti
578 5282 758 5352 priora
795 5282 913 5352 ejus
964 5281 1127 5335 verba
1156 5322 1170 5346 ,
1224 5294 1367 5334 nunc
1417 5278 1714 5349 posteriora
1761 5273 1948 5331 audias

351 5375 513 5432 velim
549 5394 563 5431 :
593 5375 698 5431 Sed
715 5375 810 5430 hoc
853 5374 1006 5447 agite,
1029 5374 1146 5428 boni
1187 5373 1431 5445 praesides
1455 5413 1469 5437 ,
1513 5372 1743 5425 meliores
1791 5369 1962 5425 multo.

354 5469 492 5541 apud
514 5469 782 5541 populum,
809 5469 852 5524 si
879 5469 984 5524 illis
1010 5468 1323 5523 christianos
1350 5465 1749 5520 immolaveritis.
1785 5462 1947 5534 (Ibid.

351 5577 468 5633 cap.
499 5562 589 5618 50.
614 5573 735 5634 pag.
760 5561 909 5634 5'50.)
942 5565 1009 5618 At
1043 5577 1108 5618 eo
1130 5561 1347 5616 nomine
1373 5573 1482 5614 non
1499 5555 1737 5632 appellat
1750 5555 1950 5611 Roma-

357 5669 453 5710 nos
473 5665 774 5721 senatores,
831 5663 924 5712 aut
983 5655 1355 5726 magistratus,
1402 5650 1500 5707 sed
1541 5649 1676 5706 alios
1724 5649 1779 5706 in
1820 5649 1953 5706 urbe

353 5757 418 5802 ac
433 5747 730 5819 provincia,
754 5747 807 5803 in
838 5763 940 5819 qua
969 5746 1242 5814 manebat,
1273 5742 1451 5803 Africa
1469 5741 1723 5802 videlicet
1745 5750 1802 5800 et
1823 5741 1951 5799 Car-

351 5836 570 5913 thagine
587 5840 911 5913 residentes
939 5847 988 5898 et
1008 5839 1276 5898 antistites.

2051 4719 2292 4789 plebeios
2313 4718 2620 4773 nominibus
2645 4717 2755 4771 suis
2777 4715 3098 4787 appellavit,
3132 4715 3230 4771 nisi
3251 4716 3373 4786 quia
3403 4732 3558 4772 suum
3574 4715 3644 4774 ad

2053 4827 2146 4870 eos
2175 4812 2370 4868 librum
2393 4811 2711 4867 mittendum
2741 4825 2863 4866 csse
2889 4820 3038 4864 certo
3072 4808 3335 4865 noverat?

2124 4909 2192 4962 At
2217 4907 2346 4962 satis
2371 4905 2651 4979 perspicue
2669 4903 3026 4968 ostendimus,
3047 4917 3152 4958 non
3207 4904 3479 4961 Romanos
3521 4913 3644 4961 tan-

2053 5008 2162 5056 tum
2180 5042 2194 5064 ,
2219 4998 2314 5055 sed
2337 4999 2468 5055 alios
2489 4999 2648 5054 etiam
2679 4996 2938 5069 praesides
2957 4997 3010 5052 in
3032 4995 3137 5052 hoc
3157 4996 3469 5054 Tertulliani
3501 4997 3641 5053 libro
3691 5041 3696 5043 μ

2053 5092 2382 5163 compellari.
2416 5091 2667 5164 Exposita
2702 5105 2933 5163 namque
2985 5092 3036 5146 in
3067 5092 3318 5148 secunda:
3378 5091 3647 5163 Opinionis

2052 5183 2418 5239 defensionem
2449 5193 2761 5255 argumenta
2802 5199 2910 5238 non
2943 5181 3119 5239 minus
3173 5193 3356 5253 aperte
3408 5185 3639 5255 probant

2053 5277 2259 5333 huncce
2287 5275 2480 5332 librum
2512 5274 2631 5330 aliis
2677 5276 2932 5345 scriptum
2959 5272 3158 5341 fuisse,
3192 5289 3350 5347 quam
3399 5274 3647 5330 Romana

2054 5371 2262 5427 senatui
2293 5411 2308 5438 ,
2337 5381 2429 5424 aut
2453 5367 2771 5441 praesidibus
2802 5366 3082 5422 Romanis.

2127 5462 2241 5519 llnc
2265 5461 2502 5529 accedit,
2531 5459 2673 5531 quod
2700 5469 2887 5515 auctor
2908 5465 3095 5515 noster
3115 5459 3166 5513 in
3199 5459 3300 5514 hoc
3326 5459 3636 5531 Apologeti-

2056 5569 2155 5621 co,
2207 5553 2656 5640 quemadmodum
2704 5552 2759 5628 ip
2789 5551 2999 5607 duobus
3026 5554 3093 5605 ad
3144 5550 3394 5607 Nationes
3447 5552 3600 5610 libris
3629 5592 3648 5621 ,

2055 5661 2396 5703 communem
2440 5645 2713 5713 omnium,
2747 5652 3030 5716 'quotquot
3078 5645 3134 5702 in
3188 5644 3320 5702 orbe
3379 5654 3648 5703 terrarum

2055 5749 2228 5808 erant,
2259 5736 2680 5797 Christianorum
2706 5751 2954 5795 caussam
2984 5737 3110 5810 agit.
3127 5737 3278 5795 Sicut
3301 5755 3430 5813 ergo
3458 5741 3558 5799 hos
3579 5741 3646 5799 ad

2057 5839 2275 5891 cunctas
2303 5831 2547 5891 nationes
2567 5871 2582 5901 ,
2615 5829 2685 5890 ita
2707 5827 3116 5905 Apologeticum
3137 5831 3331 5891 librum
3361 5829 3427 5891 ad
3452 5847 3650 5895 omnes
