4240 6262
631 309 740 370 745

1702 303 1768 363 ΙΝ
1805 297 2273 362 TERTULLIANI
2311 299 2844 362 APOLOGETICUM
2889 325 2900 329 ·

3831 304 3941 364 7η

630 428 857 488 Romani
891 425 1097 498 iniperii
1127 422 1382 495 praesides
1407 421 1474 478 ab
1523 435 1590 478 eo
1649 423 1847 479 missos
1901 421 2102 489 fuisse,
2135 419 2223 477 cui
2252 418 2305 479 A
2331 427 2437 476 tem
2465 419 2783 492 prtcceptis,
2814 418 3010 491 quibus
3037 419 3256 478 cuilibet
3301 413 3599 478 christiano
3645 419 3934 478 horrendis

630 524 1075 582 verisimillimum
1117 534 1223 573 non
1254 517 1560 572 videbitur?

703 616 883 686 Neque
910 611 1111 666 dixeris
1135 610 1395 681 scriptum
1437 609 1506 664 ab
1531 609 1625 666 illo
1647 625 1859 682 quoque
1882 651 1897 676 ,
1950 609 2003 665 in
2057 608 2228 665 cluis-

628 709 891 764 tianorum
923 702 1322 769 defensionem,
1347 703 1540 765 alium,
1583 712 1639 757 ut
1670 706 1784 772 ipse
1825 712 2014 769 vocat,
2071 701 2228 754 libel-

627 801 736 857 lum
757 841 772 864 ,
805 813 963 870 quem
994 797 1058 852 ad
1087 797 1402 868 Scapulam,
1454 797 1745 868 praeposito
1795 797 1937 852 illius
1964 795 2184 851 nomine
2208 836 2223 860 ,

627 894 844 951 direxit.
885 893 995 950 Cur
1019 893 1184 957 enim,
1220 891 1447 947 obsecro
1479 900 1563 955 te,
1599 891 1724 946 huic
1749 906 1929 960 quem,
1957 889 2219 959 ohjectas,

627 987 810 1043 libello
841 984 1184 1041 Proconsuiis
1216 982 1491 1054 proprium
1541 997 1740 1038 nomen
1791 981 2097 1051 inscripsit?
2127 995 2223 1035 cur

628 1080 682 1137 in
707 1096 772 1137 eo
803 1080 997 1151 ubique
1019 1095 1078 1135 se
1105 1078 1170 1134 ad
1197 1094 1317 1134 eum
1345 1078 1620 1146 speciatim
1651 1076 1888 1131 scribere
1917 1072 2223 1145 significat?

627 1188 726 1231 cur
755 1188 785 1228 c
836 1174 1107 1227 contrario
1163 1171 1214 1225 in
1262 1169 1610 1240 Apologetico
1662 1168 1830 1222 multo
1875 1166 2109 1238 graviori
2159 1180 2224 1220 ac

627 1267 853 1337 longiori
882 1265 1022 1321 libro
1044 1306 1058 1330 ,
1092 1263 1291 1318 nullius
1313 1262 1470 1332 plane
1508 1260 1792 1330 singularis
1824 1260 2056 1314 hominis
2077 1302 2091 1323 ,
2124 1273 2224 1326 nec

620 1358 979 1431 quorumdam
1011 1355 1299 1427 prtesidum
1333 1369 1530 1410 nomen
1559 1353 1710 1408 ullibi
1737 1352 2002 1408 inseruit?
2034 1350 2226 1406 Nonne

625 1451 743 1507 haec
793 1451 906 1520 ipsa
957 1449 1094 1504 ratio
1151 1457 1272 1513 est,
1330 1446 1452 1516 quia
1509 1444 1923 1514 Apologeticum
1973 1442 2226 1498 omnibus

627 1543 952 1620 generaliter
968 1541 1197 1596 ethnicis
1218 1538 1536 1610 praesidibus
1567 1536 1915 1592 scribendum
1944 1550 2068 1590 esse
2098 1550 2225 1589 ceno

627 1639 778 1694 suit?
825 1637 893 1692 Et
917 1645 1064 1692 certe
1110 1635 1155 1689 is
1181 1633 1396 1688 videtur
1438 1646 1559 1688 esse
1605 1631 1899 1702 primorum
1931 1629 2054 1684 libri
2082 1630 2224 1706 illius

634 1730 926 1786 verborum
955 1742 1147 1782 sensus
1179 1745 1193 1782 :
1227 1725 1287 1780 Si
1310 1741 1410 1778 non
1441 1724 1554 1778 licet
1582 1723 1743 1790 vobis,
1786 1722 2004 1778 Romani
2026 1724 2225 1789 imperii

2335 513 2662 568 cruciatibus
2681 527 2746 568 ac
2772 513 2931 569 morti
2961 514 3351 572 crudelissima:
3381 515 3526 572 ultro
3569 529 3630 572 se
3660 529 3933 588 exponere

2332 607 2636 664 vetabatur.

2407 700 2546 768 Quid
2596 715 2763 768 vero,
2811 700 3060 773 inquiunt
3106 703 3234 768 alii,
3289 701 3336 758 si
3389 704 3632 776 martyrii
3664 703 3935 760 desiderio

2330 794 2693 851 inflammatus
2718 837 2732 861 ,
2763 796 3020 866 supplicia
3060 807 3399 867 mortemque
3429 811 3526 866 pro
3569 796 3770 852 Christi
3801 812 3930 853 con~

2329 886 2566 944 fessione
2593 903 2658 944 eo
2686 888 2866 942 minus
2893 887 3160 952 timuerit,
3192 903 3300 958 quo
3325 887 3601 944 ardentius
3627 903 3748 944 eam
3777 899 3934 958 opta-

2328 979 2458 1034 bat?
2480 981 2615 1048 Quid
2641 981 2803 1037 etiam
2829 1022 2843 1044 ,
2867 981 2912 1036 si
2935 995 3252 1051 persuasum
3281 981 3504 1036 omnino
3533 981 3720 1036 habuit
3738 996 3934 1038 nomen

2328 1087 2483 1129 suum
2522 1075 2690 1130 latere
2715 1074 2806 1130 diu
2839 1075 2958 1131 aliis
2989 1090 3095 1130 non
3124 1076 3363 1144 potuisse
3385 1119 3399 1141 ,
3430 1075 3527 1131 sed
3587 1075 3704 1132 fore
3729 1077 3934 1148 ut-ipso

2328 1183 2429 1223 suo
2473 1168 2688 1224 dicendi
2734 1184 2934 1238 genere
2962 1171 3215 1226 omnibus
3261 1170 3444 1226 statim
3479 1169 3632 1226 fieret
3679 1172 3934 1230 manifes-

2329 1260 2481 1315 tum?
2508 1261 2766 1328 Quamvis
2817 1276 2949 1332 ergo
2970 1261 3240 1332 judicibus
3271 1261 3446 1332 palam
3473 1277 3532 1318 se
3558 1264 3748 1319 sistere
3761 1279 3933 1321 ausus

2329 1368 2436 1408 non
2465 1353 2664 1417 fuerit;
2695 1353 2868 1423 potuit
2912 1363 3096 1408 tamen
3125 1354 3382 1418 occulue,
3411 1363 3468 1409 ut
3501 1354 3612 1425 ipse
3649 1355 3888 1420 loquitur
3913 1397 3928 1423 ,

2331 1446 2609 1501 tacitarum
2637 1446 2934 1501 litterarum
2965 1446 3067 1500 vite
3114 1459 3272 1501 suum
3303 1460 3498 1502 nomen
3554 1447 3881 1514 praemittere
3905 1489 3923 1515 ,

2328 1537 2470 1606 quod
2499 1537 2590 1592 diu
2618 1538 2894 1594 occultare
2941 1553 3048 1594 non
3077 1545 3310 1608 poterat.
3370 1537 3527 1593 Nulla
3575 1553 3786 1609 quoque
3839 1541 3925 1593 vi-

2327 1628 2486 1685 detur
2541 1643 2663 1686 esse
2692 1631 2833 1685 ratio
2856 1670 2870 1693 ,
2902 1645 2998 1686 cur
3049 1630 3102 1685 in
3154 1630 3314 1701 hujus
3347 1631 3524 1699 potius
3572 1630 3734 1697 libri,
3762 1645 3924 1701 quam

2331 1722 2558 1777 aliorum
2579 1722 2647 1776 ad
2672 1719 2921 1778 Nationes
2949 1729 3011 1778 et
3033 1722 3316 1793 Scapulam
3343 1721 3498 1778 titulo
3544 1737 3744 1778 nomen
3772 1738 3928 1779 suum

626 1823 876 1877 antistites
900 1861 918 1884 ,
951 1818 1004 1874 id
1025 1829 1143 1885 est,
1189 1818 1278 1888 qui
1313 1817 1362 1870 in
1419 1824 1530 1888 toto
1562 1815 1804 1870 Romano
1851 1815 2077 1884 imperio
2107 1814 2220 1884 pri-
2251 1799 2299 1860 Β
2328 1817 2622 1872 reticuerit.

625 1917 780 1974 marii
807 1957 822 1983 ,
856 1914 1128 1990 principes
1151 1954 1166 1978 ,
1195 1922 1250 1968 et
1279 1910 1535 1981 prtesides
1565 1909 1695 1965 estis
1715 1949 1734 1976 ,
1765 1909 1820 1962 in
1848 1922 2024 1978 aperto
2047 1917 2091 1962 et
2120 1909 2223 1962 edi-

629 2020 709 2078 to,
739 2011 788 2063 in
823 2007 962 2080 (qua:
987 2007 1169 2061 ultima
1203 2003 1458 2075 particula
1492 2001 1830 2057 desideratur
1873 2001 1926 2054 in
1970 2000 2221 2055 omnibus
2266 2028 2271 2032 ι

623 2101 902 2156 codicibus
932 2098 1130 2154 nostris
1156 2137 1171 2163 ,
1202 2106 1256 2150 et
1301 2094 1462 2152 editis
1503 2089 1918 2163 antiquioribus)
1961 2092 2072 2162 ipso
2115 2096 2222 2162 [ere

622 2197 802 2250 vertice
831 2193 1046 2248 civitatis
1069 2235 1084 2258 ,
1117 2190 1368 2245 nimirum
1399 2187 1658 2258 cujusque
1703 2183 2109 2256 prtesidentibus.
2142 2184 2217 2238 lbi

623 2287 765 2342 enim
800 2284 1077 2339 indefinite
1102 2282 1239 2337 dixit
1267 2301 1279 2337 :
1316 2279 1537 2335 Romani
1558 2279 1762 2344 imperii
1805 2277 2092 2342 antistites,
2126 2275 2217 2346 qui

621 2381 674 2436 in
704 2389 890 2450 aperto
913 2388 1072 2448 atque
1097 2376 1241 2431 edito
1268 2376 1384 2445 ipso
1427 2374 1627 2428 vertice
1675 2371 1910 2427 civitatis
1933 2369 2219 2441 cujuslibet

621 2472 687 2526 ad
712 2472 844 2525 alios
872 2467 1194 2540 judicandos
1221 2465 1546 2538 praesidetis.
1580 2465 1650 2519 At
1675 2465 1792 2518 lucc
1819 2463 2214 2534 interpretatio,

621 2573 676 2618 et
710 2563 865 2617 tertia
895 2562 1076 2632 opinio
1096 2601 1110 2624 ,
1145 2561 1198 2615 id
1225 2559 1415 2632 saltem
1447 2558 1606 2613 habet
1631 2556 1938 2624 commodi,
1970 2556 2113 2627 quod
2138 2557 2216 2612 fa-

620 2655 723 2710 cile
756 2654 906 2708 tollat
935 2653 1240 2724 propositas
1265 2652 1333 2705 ab
1359 2651 1584 2706 aliarum
1616 2650 2002 2706 sententiarum
2032 2658 2214 2720 patro-

619 2747 704 2802 nis
725 2744 1097 2811 diflicultates,
1122 2754 1176 2800 et
1204 2744 1461 2814 ipsasmet
1487 2744 1728 2799 diversas
1758 2743 2053 2799 sententias
2078 2744 2217 2798 inter

621 2855 680 2895 se
695 2840 965 2895 conciliet.
998 2838 1128 2894 Nam
1158 2831 1282 2894 hinc
1317 2837 1470 2892 facile
1497 2837 1811 2907 intelligitur
1826 2851 1923 2891 cur
1950 2834 2212 2907 quosdam

620 2931 875 3002 praesides
905 2930 1193 3001 aliquando
1213 2971 1228 2996 ,
1260 2930 1392 2984 alios
1425 2944 1552 2985 vero
1585 2944 1973 2999 nonnunquam
2022 2928 2076 2983 in
2107 2927 2214 2984 hoc

617 3023 972 3094 appellaverit
997 3024 1134 3078 libro
1155 3065 1169 3087 ,
1199 3039 1359 3093 quem
1388 3022 1714 3092 Carthagine
1760 3023 2052 3079 scribebat.
2079 3022 2212 3078 Om-

615 3119 703 3173 nia
734 3133 892 3188 porro
918 3116 1076 3173 trium
1106 3117 1324 3172 illarum
1373 3117 1687 3188 opinionum
1738 3126 2054 3189 argumenta
2098 3119 2212 3174 sive

2396 1907 2661 1965 Creterum
2687 1909 2943 1982 quidquid
2964 1909 3034 1968 de
3056 1911 3218 1967 tacito
3255 1911 3374 1971 sive
3401 1926 3662 1982 expresso
3709 1911 3927 1970 Tertul-

2323 2002 2449 2056 liani
2481 2004 2697 2058 nomine
2717 2003 3039 2067 definiatur.
3072 2004 3273 2060 nemini
3319 2006 3478 2074 plane
3527 2003 3752 2060 dubium
3801 2020 3924 2062 esse

2321 2093 2482 2150 debet
2510 2094 2638 2148 illud
2666 2095 2863 2151 saltem
2890 2096 3200 2151 christianis
3226 2111 3329 2150 non
3360 2095 3450 2150 diu
3479 2094 3649 2152 fuisse
3675 2097 3920 2168 incogni-

2323 2196 2454 2242 tum.
2489 2187 2673 2259 Neque
2701 2189 2844 2244 enim
2873 2189 3030 2244 latuit
3058 2189 3327 2256 Eusebio,
3368 2205 3542 2261 neque
3593 2189 3874 2247 Lactantio
3900 2234 3918 2260 ,

2319 2280 2410 2350 qui
2434 2279 2579 2336 hunc
2606 2280 2797 2336 librum
2823 2296 2931 2337 non
2959 2281 3298 2336 dissimulato
3321 2325 3336 2348 ,
3371 2282 3447 2335 uti
3500 2279 3730 2336 vidimus
3755 2325 3770 2346 ,
3799 2282 3914 2353 ejus

2319 2375 2536 2429 nomine
2580 2373 2902 2429 citaverunt.
2967 2373 3240 2442 Quosdam
3272 2374 3430 2444 igitur
3474 2373 3632 2444 hujus
3658 2374 3775 2430 libri
3823 2392 3919 2432 eo-

2317 2465 2466 2522 dices
2492 2466 2558 2522 ad
2589 2483 2805 2523 manum
2839 2469 3140 2535 habebant,
3173 2471 3289 2538 ipso
3317 2468 3636 2523 Tertulliani
3669 2477 3916 2541 tempore

2319 2558 2461 2616 haud
2484 2560 2645 2617 dubie
2665 2561 2966 2632 descriptos
2988 2605 3003 2628 ,
3029 2562 3080 2616 in
3113 2563 3308 2633 quibus
3337 2578 3532 2618 nomen
3555 2563 3672 2630 ejus
3700 2579 3903 2634 praepo-

2319 2653 2480 2708 situm
2511 2661 2648 2709 erat.
2693 2653 2750 2708 ln
2800 2653 3011 2710 duobus
3037 2664 3217 2710 autem
3267 2655 3651 2725 antiquissimis
3708 2659 3916 2715 nostris

2319 2746 2594 2802 codicibus
2629 2749 3012 2818 manuscriptis
3044 2748 3132 2804 hic
3157 2759 3242 2804 cst
3263 2749 3407 2804 illius
3435 2749 3618 2805 titulus
3650 2768 3663 2802 :
3718 2752 3917 2822 Apolo-

2318 2840 2534 2910 geticum
2554 2837 2898 2904 Tertulliani;
2937 2849 2992 2895 et
3019 2841 3071 2896 in
3119 2841 3225 2896 fine
3251 2840 3365 2896 hate
3415 2841 3576 2897 verba
3611 2843 3862 2914 leguntur
3903 2864 3917 2901 :

2319 2931 2704 3004 Apologeticum
2758 2932 2934 3000 Quinti
2983 2932 3290 2987 Tertulliani
3339 2936 3565 3004 explicit.
3607 2935 3664 2990 lu
3705 2939 3919 2993 caeteris

2317 3039 2531 3094 qquue
2569 3023 2688 3080 aliis
2715 3025 3150 3092 codicibus,.tam
3178 3028 3585 3097 manuscriptis,
3615 3045 3775 3096 quam
3798 3030 3919 3085 edi-

2321 3117 2389 3171 tis
2408 3158 2423 3181 ,
2457 3116 2544 3170 hic
2572 3116 2710 3173 liber
2735 3117 3121 3189 Apologeticmn
3147 3159 3163 3183 .
3195 3127 3290 3173 aut
3315 3118 3672 3189 Apologeticns
3723 3121 3915 3177 inscri-

615 3211 684 3268 ab
708 3211 828 3267 aliis
860 3215 1136 3281 proposita
1163 3255 1176 3275 ,
1199 3212 1313 3266 sive
1334 3226 1363 3265 a
1395 3210 1549 3265 nobis
1579 3209 1788 3280 adjecta
1813 3210 2047 3267 candido
2081 3213 2213 3268 sim-
2241 3180 2285 3242 Ο
2317 3207 2482 3265 bitur.
2534 3207 2726 3265 Veram
2766 3217 2946 3266 autem
3001 3225 3122 3265 esse
3171 3211 3309 3266 hanc
3360 3211 3761 3280 inscriptionem
3803 3227 3915 3270 non

616 3304 848 3376 plicique
872 3319 1024 3360 more
1051 3314 1237 3359 nostro
1266 3305 1656 3373 exposuimus;
1700 3312 1758 3358 ut
1786 3319 1909 3374 qua:
1951 3303 2210 3374 majoris,

617 3411 680 3453 ac
707 3397 968 3468 gravioris
998 3397 1251 3468 ponderis
1278 3397 1420 3463 sint,
1476 3411 1664 3454 omnes
1691 3395 1849 3453 facile
1877 3403 2208 3468 agnoscant,

615 3504 698 3556 ac,
729 3506 891 3561 quam
924 3492 1195 3549 veriorem
1217 3490 1600 3562 judicaverint,
1623 3490 1937 3563 opinionem
1967 3492 2210 3566 amplec-

617 3590 816 3638 tantur.

1219 3733 1514 3775 ARTICULUS
1549 3733 1627 3773 Ill.

622 3829 806 3887 Utrum
841 3827 1186 3886 Tertullianns
1231 3834 1352 3886 huic
1382 3833 1710 3905 Apologetico
1755 3850 1937 3891 nomen
1987 3836 2212 3910 inscrip-

689 3927 808 3981 serit
845 3942 996 3980 suum
1024 3942 1042 3980 :
1068 3925 1132 3979 de
1156 3925 1297 3979 illius
1338 3927 1518 3994 titulo,
1561 3937 1858 3998 argumento
1884 3970 1898 3997 ,
1947 3929 2002 3984 in
2044 3931 2212 4002 capita

690 4019 964 4086 divisione,
991 4019 1316 4090 capitumque
1339 4021 1655 4074 summariis.

690 4135 972 4205 Disputant
997 4134 1189 4190 eruditi
1241 4143 1441 4190 nostra:
1468 4134 1644 4190 aetatis
1682 4135 1978 4205 scriptorcs
2029 4144 2206 4192 utrum

616 4227 977 4284 Tcrtullianus
1008 4227 1133 4282 huic
1179 4227 1318 4282 libro
1344 4243 1538 4283 nomen
1571 4243 1724 4282 suum
1760 4230 2071 4298 praelixerit.
2100 4229 2209 4286 Ve-

617 4319 896 4376 risimilius
947 4320 1087 4376 enim
1116 4320 1433 4390 quibusdam
1462 4320 1674 4376 videtur
1698 4320 1825 4376 illud
1857 4322 1925 4377 ab
1971 4338 2035 4377 eo
2063 4338 2213 4378 eom-

618 4427 862 4483 pressum
884 4411 1354 4483 ;-quandoquidem
1383 4413 1450 4467 ab
1479 4413 1596 4482 ejus
1625 4412 1849 4469 exordio
1898 4415 2073 4485 palam
2118 4431 2212 4470 ex-

617 4505 854 4577 postulat
883 4506 982 4561 sibi
1029 4506 1255 4576 aliisque
1283 4506 1592 4562 christianis
1643 4507 1866 4576 publicae
1909 4508 2210 4566 defensioni

615 4601 754 4653 viam
789 4598 1063 4668 praecludi.
1093 4597 1338 4654 Totidem
1364 4600 1561 4669 quippe
1594 4599 1710 4654 haec
1739 4610 1864 4656 sunt
1908 4600 2054 4656 illius
2084 4617 2208 4656 ver-

616 4689 681 4745 ba
717 4709 730 4744 :
761 4688 823 4744 Si
865 4689 1080 4759 denique
1103 4730 1118 4757 ,
1150 4690 1286 4760 quod
1316 4690 1546 4758 proxime
1565 4690 1782 4758 accidit,
1815 4691 2106 4748 domesticis
2133 4693 2212 4746 in-

614 4781 762 4836 diciis
800 4781 1171 4853 (manuscripti
1204 4782 1410 4850 nostri,
1456 4791 1512 4838 et
1552 4783 1792 4837 melioris
1822 4793 1963 4838 nota:
1997 4785 2210 4840 codices

614 4873 746 4928 editi
793 4874 1010 4945 judiciis
1035 4876 1051 4942 )
1083 4874 1232 4929 nimis
1259 4883 1468 4946 operata
1489 4875 1743 4947 infestatio
1771 4885 1919 4930 secta:
1946 4876 2102 4945 huius
2122 4877 2209 4930 ob-

614 4969 799 5022 struxit
863 4968 1146 5039 defensioni
1177 4967 1252 5039 (in
1277 4967 1596 5038 quibusdam
1625 4969 1796 5038 editis:
1824 4968 2067 5023 additum
2115 4970 2207 5023 ob-

614 5059 766 5114 struit
799 5057 976 5130 viam),
1011 5058 1157 5111 liceat
1195 5058 1392 5111 veritati
1412 5100 1428 5127 ,
1462 5060 1538 5113 uel
1567 5062 1768 5113 occulta
1815 5061 1896 5131 uia
1940 5061 2208 5115 tacitarum

616 5150 897 5203 litterarum
923 5148 992 5202 ad
1018 5165 1165 5203 aures
1197 5157 1384 5204 vestras
1416 5152 1673 5219 pervenire
1701 5149 1944 5224 (Tertull.
1979 5152 2204 5224 Apolog.

614 5257 729 5311 cap.
750 5257 787 5296 ι.
809 5259 927 5314 pag.
942 5241 1093 5312 9.59).
1109 5241 1166 5296 Si
1183 5256 1312 5312 ergo
1325 5241 1634 5297 christianis
1664 5259 1766 5298 non
1792 5244 1940 5300 licuit
1955 5259 2207 5301 caussam

613 5346 763 5386 suam
797 5334 1006 5404 publice
1046 5347 1110 5388 ac
1135 5348 1316 5388 coram
1356 5332 1626 5403 judicibus
1654 5333 1975 5404 defendere,
2007 5349 2207 5408 quanto

612 5429 791 5484 minus
814 5427 1146 5486 Tertulliano
1167 5472 1182 5496 ,
1205 5438 1315 5484 tam
1335 5431 1530 5486 acriter
1553 5429 1833 5501 gentilium
1861 5447 2073 5486 errores
2103 5433 2204 5486 im-

613 5522 900 5592 pugnanti;
944 5537 1013 5578 ne
1048 5522 1260 5594 prolato
1309 5537 1408 5578 suo
1456 5524 1712 5588 nomine,
1748 5532 1908 5594 caput
1951 5533 2100 5579 certo
2152 5535 2205 5580 ct

613 5612 906 5668 inevitabili
937 5615 1180 5685 periculo
1207 5624 1410 5670 temere
1458 5614 1722 5671 offerret?
1752 5615 1890 5669 Tum
1917 5615 2062 5670 enim
2113 5615 2207 5671 ille

613 5703 848 5760 nondum
867 5708 1155 5776 superbum
1168 5707 1616 5779 audacioremque
1638 5707 2082 5764 moutanistarum
2097 5707 2208 5763 ani-

613 5808 760 5850 mum
789 5797 1069 5868 induerat,
1098 5800 1196 5857 sed
1215 5798 1495 5857 catholica:
1523 5799 1781 5859 Ecclesia:
1805 5800 2195 5875 obtemperan-

2314 3303 2571 3374 probatur
2614 3303 2715 3359 hoc
2747 3311 2950 3358 tantum
3001 3303 3224 3359 illorum
3259 3304 3598 3370 testimonio,
3633 3306 3729 3362 sed
3773 3305 3915 3363 Lac-

2313 3396 2464 3451 tantii
2494 3395 2655 3450 etiam
2681 3435 2696 3462 ,
2738 3411 2768 3450 a
2795 3411 2902 3466 quo
2955 3395 3001 3450 is
3029 3396 3167 3451 liber
3197 3396 3558 3468 Apologeticus
3587 3398 3910 3470 appellatur,

2313 3499 2370 3546 et
2396 3488 2611 3545 Eusebii
2639 3530 2655 3555 ,
2681 3505 2716 3547 a
2740 3503 2845 3559 quo
2871 3490 3062 3560 grzncis
3091 3489 3241 3545 hisce
3285 3492 3485 3546 citatur
3534 3492 3709 3546 verbis
3739 3491 3910 3564 (Lact.

2313 3580 2403 3635 lib.
2429 3580 2493 3648 V,
2519 3580 2651 3638 Inst.
2681 3597 2799 3651 cap.
2827 3581 2882 3646 s,
2910 3598 3028 3652 pag.
3056 3580 3200 3646 470;
3230 3581 3412 3637 Euseb.
3447 3582 3547 3637 loc.
3580 3601 3722 3655 supr.
3753 3584 3870 3654 cit.)
3902 3606 3916 3641 :

2317 3679 2434 3744 ὑπὲρ
2460 3680 2756 3744 Χρισετωνῶν
2798 3676 3050 3746 dminus,
3093 3673 3145 3730 id
3192 3684 3306 3739 est,
3339 3675 3729 3729 cltristianorum
3781 3692 3917 3746 apo-

2315 3765 2452 3836 logia
2471 3806 2486 3830 ,
2515 3774 2570 3820 et
2595 3765 2860 3821 defensio.
2889 3767 3077 3822 Plures
3097 3777 3274 3822 autem
3306 3766 3357 3820 in
3385 3781 3498 3820 rem
3529 3765 3666 3821 adeo
3693 3777 3904 3822 certam

2315 3872 2379 3913 ac
2427 3858 2703 3928 probatam
2744 3859 2912 3915 citare
2957 3868 3064 3914 tam
3114 3859 3266 3913 nobis
3294 3858 3544 3929 longum,
3598 3872 3756 3929 quam
3786 3858 3913 3914 aliis

2316 3949 2603 4006 molestum
2637 3951 2794 4008 foret.
3364 3999 3366 4002 ,

2389 4044 2798 4110 Quantumlibet
2848 4053 3026 4102 autem
3070 4046 3256 4102 brevis
3282 4046 3352 4100 sit
3379 4045 3466 4102 hic
3495 4045 3705 4111 titulus,
3739 4053 3914 4102 totum

2317 4141 2494 4190 tamen
2518 4135 2685 4206 ipsius
2717 4137 2838 4193 libri
2890 4137 3268 4208 complectitur
3321 4147 3717 4209 argumentum.
3753 4136 3812 4192 In
3835 4151 3907 4193 eo

2312 4228 2578 4298 siquidem
2608 4229 2967 4286 Tertullianus
2997 4229 3368 4286 defensionem
3394 4233 3630 4302 suscepit
3649 4231 3903 4286 christia-

2313 4335 2536 4387 norum,
2583 4320 2846 4392 planeque
2875 4321 3206 4377 demonstrat
3257 4323 3375 4377 illos
3401 4333 3587 4378 contra
3619 4323 3795 4378 omnia
3823 4338 3916 4378 cu.

2308 4411 2528 4482 juslibet
2555 4415 2810 4468 naturalis
2835 4412 3031 4470 divina:
3055 4424 3109 4470 et
3142 4414 3392 4470 humanae
3426 4415 3560 4486 legis
3598 4416 3910 4485 prtescripta

2316 4515 2534 4576 propter
2574 4507 2748 4563 solum
2800 4523 2997 4564 nomen
3053 4525 3246 4576 suum,
3299 4525 3400 4566 nec
3435 4524 3624 4565 caussa
3674 4524 3908 4580 unquam

2316 4599 2494 4653 audita
2523 4599 2592 4654 ab
2629 4599 2858 4655 ethnicis
2908 4599 3293 4666 condemnari,
3323 4612 3378 4658 et
3402 4601 3609 4667 occidi,
3654 4602 3742 4672 qui
3788 4615 3911 4655 om-

2315 4691 2462 4744 nium
2493 4690 2573 4745 rei
2598 4700 2752 4746 erant
2780 4692 3043 4748 scelerum
3068 4735 3083 4760 ,
3115 4707 3344 4763 quorum
3390 4693 3613 4748 eosdem
3661 4692 3910 4748 christia-

2316 4797 2414 4837 nos
2440 4783 2574 4836 falso
2625 4783 2809 4838 falsius
2837 4785 3178 4840 accusabant.
3229 4785 3308 4840 Ex
3357 4784 3440 4840 his
3465 4786 3679 4854 itaque,
3709 4785 3910 4855 quzeiu

2314 4877 2583 4946 pr0posita
2614 4892 2644 4931 a
2673 4877 2826 4931 nobis
2866 4878 3025 4946 hujus
3055 4878 3178 4933 libri
3204 4878 3410 4950 analysi
3442 4876 3615 4932 fusius
3641 4878 3909 4946 explicata

2313 4977 2467 5033 sunt,
2499 4969 2839 5038 apertissime
2867 4970 3152 5026 conficitur
3179 4979 3348 5026 totum
3370 4969 3513 5024 illius
3531 4979 3910 5039 argumentum

2311 5073 2378 5115 eo
2405 5060 2562 5114 titulo
2591 5059 2857 5116 exhiberi.

2382 5150 2639 5219 Quamvis
2659 5162 2836 5208 autem
2872 5153 2958 5208 hic
3005 5153 3120 5224 ipse
3151 5153 3287 5209 liber
3312 5154 3362 5208 in
3404 5151 3650 5208 omnibus
3698 5150 3902 5218 editis,

2311 5258 2374 5299 ac
2399 5247 2780 5316 manuscriptis
2823 5248 2984 5302 etiam
3016 5247 3396 5304 vetustissimis
3420 5245 3724 5309 codicibus,
3758 5246 3909 5300 varia

2311 5336 2363 5392 in
2396 5339 2569 5409 capita
2591 5339 2662 5392 sit
2689 5338 2894 5394 divisus
2915 5381 2928 5405 ,
2962 5353 3024 5394 ea
3056 5347 3233 5395 tamen
3265 5339 3460 5394 divisio
3512 5354 3543 5392 a
3572 5337 3910 5394 Tertulliano

2311 5431 2552 5504 profecta
2594 5448 2697 5486 non
2752 5443 2854 5487 est.
2885 5433 3084 5503 Ecquis
3129 5433 3272 5487 enim
3300 5431 3694 5502 quantumlibet
3718 5436 3909 5499 parum

2310 5524 2584 5590 eruditus,
2610 5525 2694 5579 vel
2732 5524 2905 5594 primo
2951 5525 3143 5579 intuitu
3191 5539 3294 5579 non
3340 5523 3701 5593 deprehendit
3744 5535 3907 5592 quam

2311 5632 2500 5688 parum
2527 5625 2776 5672 accurata
2801 5655 2817 5682 ,
2842 5631 3108 5688 quamque
3155 5614 3468 5687 imperfecta
3500 5615 3614 5669 sit?
3657 5612 3909 5669 Plurimis

2309 5717 2488 5764 autem
2513 5749 2529 5776 ,
2557 5709 2650 5780 qui
2680 5723 2848 5764 novas
2867 5710 3013 5765 illius
3032 5707 3300 5764 editiones
3345 5706 3725 5772 adornarunt.
3774 5700 3910 5760 illud

2293 5802 2381 5860 -ita
2402 5817 2718 5876 persuasum
2740 5800 2879 5873 fuit,
2905 5813 2964 5861 ut
2980 5801 3182 5860 hancce
3205 5800 3554 5874 partitionem
3565 5807 3776 5858 mutare
3797 5811 3908 5854 non
