4240 6262
345 312 463 376 ’145

1484 312 1936 375 DISSERTATIO
1975 317 2040 377 ι).
2077 316 2169 376 LE
2197 302 2506 376 Nonum.

3541 319 3652 383 746

345 401 735 487 dubitaverint.
782 427 1045 485 Conatum
1092 440 1223 484 vero
1275 427 1490 485 illorum
1539 430 1629 501 qui
1677 431 1948 502 improbet
1973 435 2024 497 Α
2051 432 2234 502 divin.,
2274 450 2389 506 cap.
2424 435 2478 500 l,
2502 448 2622 506 pag.
2653 432 2806 506 459).
2839 431 3039 490 Verum
3078 433 3170 506 qui
3221 435 3338 492 huic
3386 435 3651 509 objecerit

347 534 600 596 putamus
626 537 748 580 esse
775 523 1070 578 neminem.
1102 522 1172 578 At
1199 521 1380 578 nullus
1408 522 1572 578 etiam
1612 524 1829 594 negabit
1853 539 1948 580 eos

348 631 574 687 scopum
599 614 836 671 nondum
852 613 1114 685 attigisse,
1137 613 1345 672 ethunc
1367 614 1564 672 librttm
1591 630 1751 686 posse
1772 615 1950 673 adhuc

351 710 548 766 melius
577 709 630 764 in
660 707 836 778 capita
862 706 1134 763 distribui.

427 801 596 856 Porro
631 807 836 865 autem,
865 799 911 854 si
962 809 1170 855 certum
1219 799 1290 856 sit
1344 799 1487 855 hunc
1529 799 1746 867 librum,
1779 800 1952 872 capita

353 891 689 949 Tertulliano
713 905 823 946 non
851 890 1270 952 fuisse._divisum
1292 933 1308 958 ,
1338 892 1495 964 longe
1544 892 1787 963 profecto
1828 907 1952 947 cer-

353 986 460 1038 tius
484 991 569 1038 est
591 983 658 1038 ab
703 982 798 1038 illo
835 981 981 1038 edita
1039 996 1147 1037 non
1173 996 1299 1038 esse
1347 983 1664 1040 eorumdem
1716 984 1952 1055 capitum

353 1076 644 1131 summaria
694 1090 789 1132 seu
839 1085 1175 1146 argumenta.
1210 1075 1279 1131 Et
1323 1091 1386 1132 ea
1427 1075 1644 1147 quidem
1705 1079 1758 1132 in
1804 1077 1955 1133 libris

353 1181 674 1237 quacunque
725 1167 946 1238 antiqua
996 1181 1161 1222 manu
1189 1167 1424 1223 exaratis
1479 1167 1553 1223 ita
1583 1167 1761 1238 inepta
1792 1176 1952 1236 sunt,

353 1273 417 1312 ac
444 1269 774 1331 praepostera
795 1299 811 1324 ,
830 1268 900 1334 ut
928 1258 1064 1314 nihil
1093 1261 1248 1329 pejus
1292 1259 1409 1315 ﬁeri
1437 1261 1692 1330 potuerit.
1722 1262 1956 1328 Quamo-

354 1351 505 1420 brem
557 1350 950 1422 posterioribus
999 1351 1161 1421 hujus
1215 1351 1553 1422 Apologetici
1631 1351 1957 1409 editionibus

356 1443 600 1515 praefecti
628 1442 952 1498 studuerunt
982 1443 1070 1498 illa
1099 1443 1392 1499 emendare
1419 1461 1434 1510 ;
1465 1459 1565 1500 nec
1592 1445 1814 1500 omnino
1839 1445 1959 1516 qui-

361 1534 486 1590 dem
514 1535 721 1591 inutilis
749 1534 851 1590 fuit
875 1549 1060 1590 eorum
1091 1534 1387 1600 correctio,
1419 1535 1514 1590 sed
1547 1551 1651 1590 non
1683 1536 1753 1589 ita
1800 1536 1960 1592 abso-

366 1627 480 1684 luta
502 1670 518 1698 ,
549 1629 678 1700 quin
720 1626 896 1685 adhuc
920 1627 1240 1684 aecuratiori
1282 1627 1634 1698 castigatione
1664 1627 1955 1701 indigeant.

935 1735 1237 1777 ABTICULUB
1275 1737 1348 1777 IV.

2051 524 2100 580 is
2127 524 2387 590 animum,
2403 539 2607 597 qumso,
2631 524 2697 580 ad
2727 540 2790 582 ea
2813 525 3076 594 advertat,
3095 543 3214 598 qua:
3239 529 3486 598 superius
3505 532 3648 588 dixi-

2051 632 2194 682 mus,
2227 631 2290 672 ac
2315 619 2546 688 primum
2577 615 2792 689 quidem
2843 633 2874 673 a
2905 617 3188 673 Lactantio
3217 618 3422 675 laudari
3470 624 3651 679 omni-

2053 725 2244 782 genam
2272 709 2587 765 Tertulliani
2633 711 2804 766 nostri
2845 710 3207 767 eruditionem
3237 711 3428 782 (Supr.
3457 729 3574 783 cap.
3600 715 3654 782 l,

2054 813 2157 858 art.
2190 802 2270 877 5).
2303 803 2508 859 Deinde
2558 817 2686 859 vero
2733 802 2877 874 quod
2921 803 3055 858 dixit
3081 803 3228 859 illum
3260 819 3368 860 non
3411 806 3542 860 satis
3571 806 3657 860 in-

2054 896 2268 951 venisse
2296 894 2644 961 celebritatis,
2677 895 2748 950 ita
2784 895 3004 967 intelligi
3031 911 3137 951 non
3164 895 3345 963 debet,
3391 912 3456 953 ac
3480 898 3526 952 si
3554 897 3663 954 mi-

2056 1003 2158 1044 nus
2187 986 2378 1043 validis
2407 987 2673 1043 rationum
2709 989 2998 1044 momentis
3038 1003 3282 1044 caussam
3307 990 3477 1060 egerit
3517 989 3663 1046 chri-

2055 1080 2378 1148 stianorum,
2405 1079 2502 1136 sed
2518 1088 2736 1151 propter
2753 1078 3047 1150 difficilem,
3071 1081 3423 1151 incomptam,
3444 1097 3510 1137 ac
3523 1083 3636 1140 mul
3660 1113 3666 1122 ι

2057 1181 2171 1229 tum
2201 1177 2486 1230 obscuram
2514 1172 2806 1229 dictionem
2835 1181 2995 1244 atque
3017 1172 3400 1246 elocutionem.
3435 1173 3505 1230 Et
3528 1190 3660 1232 sane

2057 1266 2148 1336 qui
2171 1265 2314 1322 hunc
2341 1265 2536 1322 librum
2566 1264 2866 1337 primariis‘,
2894 1275 2950 1320 ut
2979 1251 3130 1322 aiunt
3153 1309 3168 1335 ,
3199 1265 3364 1322 labris
3401 1267 3659 1338 attigerit,

2059 1368 2309 1428 putamus
2345 1373 2466 1415 esse
2510 1361 2801 1423 neminem,
2831 1359 2960 1431 quin
2997 1359 3179 1414 statim
3230 1358 3461 1416 fateatur
3506 1360 3658 1416 illum

2061 1447 2431 1520 frequentibus
2482 1449 2768 1506 verborum
2814 1464 2842 1503 a
2876 1450 3014 1505 bona
3059 1450 3318 1507 latinitate
3362 1451 3659 1508 alienorum

2060 1541 2251 1610 spinis,
2281 1542 2507 1598 salebris
2543 1542 3032 1614 asperitatibusque
3068 1545 3329 1616 respergi,
3379 1554 3434 1601 et
3472 1560 3667 1617 magna

2062 1630 2262 1688 involvi
2302 1634 2498 1704 saepius
2531 1633 2879 1690 obscuritate.
2921 1635 2992 1689 At
3036 1634 3241 1689 nullum
3293 1651 3507 1707 quoque
3545 1651 3666 1694 esse

2063 1724 2356 1794 credimus,
2384 1726 2473 1797 qui
2506 1741 2612 1782 non
2659 1725 2913 1782 fatebitur
2933 1725 3343 1794 Tertullianum,
3375 1729 3422 1784 si
3451 1729 3554 1786 hoc
3599 1731 3654 1787 in

364 1815 569 1884 Quanto
600 1815 857 1886 applausu
881 1815 964 1870 hic
985 1815 1110 1870 liber
1137 1824 1420 1886 susceptus,
1448 1832 1482 1869 a
1510 1832 1612 1888 quo
1648 1832 1868 1889 grtecam
1905 1818 1959 1872 in
1991 1831 2037 1891 Β
2065 1815 2203 1876 libro
2223 1818 2455 1874 lectores
2477 1833 2604 1874 suos
2622 1818 2910 1874 verborum
2934 1818 3228 1889 leporibus,
3252 1828 3531 1877 venustate
3555 1837 3666 1878 ser-

355 1961 358 1966 ,
429 1909 655 1979 linguam
705 1923 997 1976 conuersus,
1025 1923 1123 1979 quo
1140 1908 1282 1979 siglo
1327 1911 1663 1980 conscriptus,
1691 1920 1739 1965 et
1782 1921 1958 1966 utrum

429 2000 774 2059 Tertullianus
802 2012 1035 2073 suscepto
1062 2003 1345 2076 defensoris
1381 2005 1672 2061 christiana:
1698 2005 1957 2078 religionis

427 2112 634 2151 munere
666 2097 765 2151 rite
783 2097 990 2168 functus
1011 2098 1097 2151 sit.

422 2188 644 2245 Summo
663 2203 800 2247 sane
824 2191 1063 2246 omnium
1089 2205 1211 2247 cum
1255 2207 1574 2264 gmcorum,
1610 2202 1720 2250 tum
1759 2193 1956 2250 latino-

360 2297 478 2337 rum
504 2282 922 2340 cbristianorum
952 2285 1214 2356 applausu
1235 2328 1250 2352 ,
1278 2289 1658 2360 communique
1685 2287 1957 2358 approba-

351 2375 808 2447 tione‘susceptus
836 2377 1110 2448 lectusque
1135 2377 1233 2434 fuit
1258 2377 1538 2447 hicliber.‘
1567 2379 1753 2451 Neque
1791 2379 1859 2435 ad
1905 2379 1958 2434 id

352 2466 688 2536 probandum
713 2468 822 2523 alio
844 2483 984 2538 opus
1009 2469 1272 2526 habemus
1317 2481 1477 2535 teste,
1507 2483 1666 2541 quam
1693 2471 1954 2538 Eusebio,

348 2559 444 2628 qui
475 2558 744 2614 memoriis
777 2559 1012 2630 prodidit
1032 2561 1181 2616 illum
1206 2571 1353 2617 tanto
1377 2562 1517 2633 apud
1538 2561 1757 2618 Graacos
1788 2562 1958 2619 fuisse

353 2651 408 2707 in
437 2653 633 2722 pretio,
663 2663 720 2708 ut
746 2654 815 2708 ab
839 2655 920 2710 eis
949 2657 1290 2712 vernaculam
1312 2673 1461 2712 suam
1485 2658 1536 2712 in
1559 2657 1794 2728 linguam
1821 2673 1953 2713 con-

351 2759 541 2800 versus
562 2744 744 2802 fuerit.
777 2745 858 2801 Ab
876 2747 969 2802 illo
990 2749 1188 2819 quippe
1207 2747 1288 2803 his
1317 2749 1648 2820 totidemque
1677 2749 1852 2805 verbis
1880 2749 1956 2804 ci-

347 2847 489 2895 tatur
521 2857 535 2896 :
572 2847 956 2913 Τιρτόυλλωνδς.
987 2880 1002 2894 .
1028 2881 1042 2894 .
1090 2849 1135 2896 ἓν
1157 2855 1215 2912 τῇ
1246 2855 1466 2914 γριριίσῃ
1491 2855 1577 2911 μὲν
1605 2848 1736 2913 nimo?
1760 2857 1823 2914 τῇ
1856 2839 1962 2900 ιῖω-

347 2945 500 3007 μαςων
524 2941 682 3007 γέννημ’
700 2943 1042 3007 μετα-ϐληθείσῃ
1068 2939 1116 2990 δὲ
1141 2939 1225 2988 uati
1252 2940 1332 2990 lari
1369 2947 1458 2992 Irim:
1498 2941 1676 2992 ἑλλάδι
1719 2944 1958 3007 γλῶτταν,

351 3032 460 3097 imi;
494 3033 791 3100 Χριστιινῶν
843 3031 1077 3098 aia-0197a;
1115 3028 1338 3098 (Euseb.
1393 3029 1486 3084 libo
1536 3029 1598 3083 ΙΙ.
1632 3027 1778 3083 Eccl.
1811 3027 1956 3083 Hist.

347 3131 468 3189 cap.
497 3118 554 3186 2,
585 3133 708 3190 pag.
738 3117 854 3190 M).
911 3117 1352 3176 Tertullianus....
1400 3121 1454 3174 in
1485 3120 1735 3191 Apologia
1764 3118 1826 3173 ab
1849 3120 1960 3189 ipso

2061 1908 2238 1964 monis
2265 1920 2320 1964 et
2347 1909 2526 1979 polita:
2555 1909 2923 1982 elegantisque
2961 1910 3221 1967 orationis
3259 1912 3522 1970 suavitate
3550 1928 3661 1971 non

2061 2000 2284 2056 deliniat
2311 2017 2375 2058 ac
2408 2000 2660 2067 delectet,
2711 2002 2853 2058 miro
2875 2013 3058 2058 tamen
3084 2003 3210 2076 styli
3237 2005 3508 2072 acumine,
3538 2021 3665 2062 sen-

2059 2093 2456 2164 tentiarumque
2483 2086 2745 2164 gra'vitate
2787 2109 2882 2151 eos
2906 2096 3142 2162 concuti,
3183 2111 3246 2152 ac
3265 2095 3522 2168 pleraque
3545 2111 3664 2154 om-

2061 2185 2148 2239 nia
2180 2183 2320 2240 illius
2339 2194 2654 2255 argumenta
2686 2186 2818 2240 tanti
2843 2200 2966 2242 esse
2995 2188 3254 2242 momenti
3279 2201 3342 2242 ac
3381 2188 3660 2259 ponderis,

2060 2285 2120 2331 ut
2145 2276 2212 2332 iis
2244 2287 2338 2331 aut
2383 2277 2773 2333 convincantur
2820 2279 3105 2350 atquiores,
3148 2288 3240 2333 aut
3280 2279 3661 2350 pertinaciores

2061 2379 2408 2426 conterantur
2436 2379 2598 2444 atque
2618 2371 2932 2428 obruantur.
2962 2372 3147 2443 Neque
3189 2381 3372 2430 tamen
3406 2375 3663 2432 dissimuo

2062 2461 2176 2518 lare
2200 2477 2485 2533 possumus
2513 2481 2637 2522 eum
2681 2465 2972 2536 asperioris
3023 2466 3221 2537 ingenii
3275 2469 3476 2540 impetu
3522 2485 3662 2526 non-

2062 2571 2335 2628 nunquam
2377 2566 2612 2628 raptum,
2665 2559 2912 2630 quaedam
2957 2558 3267 2616 adhibuisse
3315 2553 3662 2634 argumenta,

2062 2665 2184 2720 quae
2210 2661 2302 2706 aut
2333 2651 2562 2718 infirma,
2592 2661 2755 2724 atque
2783 2655 2948 2709 etiam
2978 2653 3111 2710 falsa
3131 2656 3372 2724 pluribus
3394 2656 3664 2712 videntur.

2063 2740 2263 2798 Verum
2289 2742 2426 2798 infra
2454 2743 2944 2802 demonstrabimus
2970 2761 3065 2802 eos
3087 2762 3193 2801 non
3223 2747 3355 2802 satis
3379 2747 3667 2818 diligenter

2063 2835 2380 2904 attendisse,
2407 2847 2664 2908 quantum
2712 2838 2802 2894 ille
2833 2837 2936 2894 hoc
2982 2840 3036 2893 in
3076 2838 3215 2894 libro
3243 2841 3488 2895 brevitati
3533 2856 3663 2896 con-

2063 2927 2310 2994 suluerit,
2331 2937 2388 2983 et
2411 2929 2563 3000 plura
2588 2945 2708 3000 qua:
2737 2929 2870 2985 falsa
2901 2938 3109 3000 putant,
3137 2945 3266 2986 vera
3299 2930 3540 3001 profecto
3561 2932 3661 2988 de-

2067 3018 2350 3088 prehendi,
2373 3020 2418 3074 si
2459 3035 2580 3076 cum
2608 3020 2749 3089 aliis,
2778 3037 2898 3092 qua:
2923 3022 3037 3095 ipse
3064 3022 3190 3079 alibi
3231 3024 3399 3081 fusius
3425 3034 3664 3096 enarrat,

2063 3109 2269 3165 attento
2307 3114 2488 3168 animo
2507 3123 2918 3185 componantur.
3007 3158 3011 3162 .

347 3211 552 3280 quidem
592 3212 750 3264 latine
776 3211 1084 3282 conscripta,
1125 3220 1298 3282 postea
1349 3226 1465 3267 vero
1507 3212 1560 3267 in
1604 3227 1828 3283 grwcum
1854 3228 1960 3267 ser-
1987 3224 2033 3288 ρ
2139 3199 2255 3256 Non
2279 3202 2403 3273 iure
2444 3214 2624 3261 autem
2679 3219 2902 3275 PI‘OI‘SUS
2931 3205 3201 3261 ίηὶῐηθῑίῑο
3253 3215 3428 3278 ροιθει
3473 3208 3527 3264 in
3556 3207 3663 3266 hoc

350 3318 553 3356 manem
577 3302 846 3356 translata.
1531 3343 1540 3347 -

429 3396 496 3446 At
526 3392 740 3463 quidam
769 3402 965 3448 nostrae
986 3393 1161 3450 aetatis
1184 3393 1511 3466 Scriptores,
1535 3394 1843 3451 eruditione
1864 3409 1960 3450 sua

353 3485 656 3556 conspicui,
695 3484 762 3541 de
813 3485 968 3556 hujus
1010 3501 1202 3557 graecae
1254 3486 1714 3558 interpretationis
1742 3498 1961 3544 auctore

357 3577 501 3632 inter
522 3591 580 3632 se
622 3575 900 3633 dissident.
929 3576 1182 3633 Nonnulli
1210 3578 1354 3633 enim
1383 3580 1677 3649 opinantur
1711 3581 1852 3636 hunc
1877 3578 1960 3649 ip-

355 3669 529 3740 ipsnnt
561 3684 684 3726 esse
711 3669 1030 3726 Eusebium.
1079 3671 1183 3727 Sed
1214 3671 1317 3727 hoc
1341 3681 1538 3744 negant
1563 3673 1674 3727 alii.
1707 3672 1838 3728 Nam
1871 3674 1961 3730 ubi

359 3760 500 3814 idem
546 3758 814 3816 Eusebius
853 3777 917 3817 ex
956 3760 1059 3817 hoc
1093 3760 1232 3818 libro
1263 3762 1413 3834 plura
1455 3764 1809 3835 transcripsit,
1841 3779 1960 3836 quae

356 3849 559 3907 Plinius
585 3853 650 3906 ad
679 3851 953 3908 Tiberium
989 3853 1058 3909 de
1099 3853 1300 3910 Christi
1355 3854 1628 3911 miraculis
1681 3856 1956 3923 retulerat,

359 3942 427 3997 ibi
469 3944 630 3997 multa
661 3944 1025 4012 praetermisit,
1081 3961 1200 4015 qua:
1227 3944 1294 4000 ad
1322 3960 1478 4000 suum
1510 3955 1686 4001 tamen
1715 3947 1960 4016 proposi-

360 4043 468 4090 tum
511 4038 747 4090 maxime
789 4036 1184 4092 conducebant.
1217 4035 1326 4092 Sed
1352 4052 1459 4092 non
1492 4038 1669 4106 magni
1701 4039 1957 4094 momenti

359 4138 437 4183 est
461 4128 562 4183 hoc
584 4139 984 4200 argumentum.
1012 4129 1230 4200 Majoris
1259 4130 1515 4201 ponderis
1553 4129 1686 4186 illud
1722 4131 1955 4198 videtur,

361 4222 500 4291 quod
531 4223 683 4292 plura
731 4223 1060 4290 testimonia,
1090 4239 1156 4280 ex
1185 4225 1287 4280 hoc
1314 4225 1492 4281 adhuc
1513 4226 1653 4282 libro
1679 4227 1746 4282 ab
1767 4226 1957 4282 eodem

367 4309 599 4369 Eusebio
614 4310 922 4386 desumpta,
948 4329 1054 4369 non
1086 4316 1214 4370 satis
1241 4328 1489 4372 accurate
1509 4319 1560 4371 in
1585 4333 1816 4389 grzecum
1840 4334 1958 4373 ser-

364 4419 581 4479 monem
604 4423 760 4463 versa
780 4419 927 4464 sunt.
958 4407 1066 4463 Sed
1090 4423 1273 4478 parum
1296 4408 1552 4466 Ecclesiae
1575 4416 1798 4467 interest
1820 4412 1959 4468 scire

361 4500 486 4568 quis
512 4499 655 4555 hunc
683 4500 877 4556 librum
899 4517 1072 4573 grzrce
1099 4504 1170 4557 sit
1193 4504 1594 4574 interpretatus.
1642 4504 1807 4559 Nobis
1859 4520 1956 4559 au-

365 4597 471 4642 tem
497 4589 716 4645 facilius
735 4592 1141 4661 persuadebitur
1185 4610 1306 4649 eum
1337 4611 1512 4664 graece
1539 4595 1807 4650 redditum
1833 4605 1957 4651 ante
1981 4617 2036 4678 D

362 4680 583 4737 Eusebii
611 4691 868 4753 tempora,
891 4697 946 4741 et
973 4701 1096 4741 cum
1151 4687 1596 4757 tyrannimajore
1625 4689 1957 4758 persecutio-

363 4775 446 4828 nis
471 4783 606 4830 aestu
632 4774 684 4830 in
712 4775 1032 4833 christianos
1060 4779 1378 4834 smviebant.
1397 4778 1512 4835 Non
1544 4781 1763 4836 omnino
1789 4782 1958 4852 siqui-

361 4865 484 4922 dem
527 4867 776 4924 obscure
823 4871 910 4925 ille
953 4872 1111 4926 nobis
1157 4872 1463 4944 significare
1503 4873 1710 4928 videtur
1731 4873 1874 4929 hunc
1901 4875 1962 4930 li-

361 4959 515 5016 brum
541 4975 568 5014 a
592 4976 652 5016 se
678 4946 785 5016 non
827 4972 984 5019 antea
1033 4965 1252 5032 lectum,
1286 4982 1447 5038 quam
1485 4981 1664 5038 grmco
1708 4967 1962 5024 idiomate

363 5049 747 5122 divulgaretur.
778 5053 1076 5126 Utcumque
1097 5073 1258 5128 porro
1299 5074 1419 5114 sese
1471 5073 1561 5114 res
1600 5059 1964 5127 habeat,inde

365 5145 603 5216 profecto
633 5147 803 5218 liquet
828 5150 1014 5219 quanti
1065 5152 1180 5208 haec
1234 5154 1491 5226 Apologia
1521 5169 1549 5207 a
1576 5154 1768 5226 graecis
1795 5154 1970 5210 homi-

365 5237 522 5294 nibus
547 5241 809 5296 testimata
831 5241 1012 5298 fuerit.

437 5329 574 5398 Quid
601 5347 754 5403 ergo,
789 5334 994 5404 inquiet
1020 5337 1237 5408 aliquis,
1269 5355 1451 5396 nonne
1497 5340 1642 5398 aliud
1689 5342 1848 5413 longe
1891 5341 1972 5396 di-

365 5437 578 5478 versum
608 5424 918 5484 Lactantius
957 5429 1026 5484 de
1063 5430 1154 5485 illa
1190 5431 1450 5501 judicium
1494 5433 1576 5489 his
1606 5435 1726 5488 tulit
1754 5434 1970 5490 verbis?

366 5514 644 5588 Septimius
663 5518 1016 5577 Tertullianus
1036 5524 1134 5593 fuit
1159 5527 1295 5580 omni
1322 5541 1502 5598 genere
1527 5526 1806 5580 litterarum
1837 5527 1972 5596 peri-

367 5615 466 5674 tus,
491 5607 581 5662 sed
606 5609 663 5663 in
690 5610 974 5682 eloquendo
999 5630 1178 5682 parum
1206 5616 1377 5687 facilis
1401 5626 1449 5671 et
1476 5625 1729 5685 comptus,
1763 5626 1809 5669 et
1836 5617 1968 5670 mul-

367 5708 476 5754 tum
501 5704 746 5759 obscurus
771 5705 892 5776 fuit.
924 5704 1066 5778 Ergo
1094 5724 1159 5762 ne
1189 5709 1271 5763 hic
1298 5708 1502 5781 quidem
1532 5709 1656 5764 satis
1674 5707 1975 5763 celebritatis

366 5790 576 5868 invenit,
616 5797 672 5854 id
698 5807 804 5864 est,
836 5798 993 5855 fama:
1016 5811 1071 5858 et
1094 5801 1270 5860 laudis
1284 5801 1570 5879 (Lactant.,
1599 5803 1687 5860 lib.
1719 5802 1782 5862 γ.
1813 5802 1970 5860 llust.

695 5892 1161 5961 Temenum.
1196 5897 1249 5963 Ι.

2067 3293 2205 3350 libro
2246 3295 2542 3352 desiderari
2585 3295 2779 3354 melior
2821 3306 3259 3368 argumentorum
3291 3298 3576 3370 dispositio
3609 3311 3668 3358 et

2065 3384 2220 3453 ordo,
2249 3387 2340 3458 qui
2366 3387 2541 3459 majus
2582 3389 2678 3443 toti
2717 3389 2869 3460 operi
2917 3389 3099 3445 lumen
3138 3390 3425 3459 attulisset,
3466 3400 3522 3448 et
3557 3407 3666 3464 quo

2065 3476 2434 3537 Tertullianus
2483 3479 2586 3536 sibi
2620 3477 2831 3535 facilius
2865 3480 3208 3539 conciliasset
3251 3481 3470 3540 lectoris
3499 3484 3665 3542 bene-

2063 3576 2358 3634 volentiam
2379 3584 2435 3630 et
2459 3573 2925 3644 approbationem.
2958 3559 2979 3572 “

2136 3670 2338 3725 Verum
2378 3665 2534 3722 nobis
2582 3665 2775 3736 aliquis
2811 3665 2990 3723 adhuc
3041 3665 3262 3738 objiciet
3302 3667 3660 3738 Lactantium,

2064 3753 2153 3834 qui
2184 3762 2319 3816 hanc
2345 3759 2414 3815 de
2438 3757 2629 3814 eodem
2659 3756 2975 3814 Tertulliani
3001 3758 3350 3829 Apologetico
3379 3761 3498 3815 tulit
3535 3777 3665 3818 seno

2065 3855 2286 3912 tentiam
2312 3871 2326 3908 :
2361 3850 2666 3922 Quanquam
2703 3847 3054 3905 Tertullianus
3085 3851 3314 3906 eamdem
3339 3850 3662 3909 christiano-

2063 3963 2183 4005 rum
2213 3947 2449 4000 caussam
2478 3943 2624 4014 plene
2653 3945 2960 4012 peroraverit
2987 3942 3042 3996 in
3070 3957 3131 3996 eo
3160 3942 3308 4009 libro,
3359 3943 3440 3996 cui
3470 3944 3666 4014 Apolo-

2062 4031 2226 4110 gétioo
2252 4052 2434 4090 nomen
2473 4045 2544 4090 est
2560 4051 2579 4100 ;
2607 4044 2774 4088 tamen
2799 4033 3039 4104 quoniam
3067 4033 3212 4087 aliud
3254 4043 3330 4088 est
3371 4035 3662 4089 accusanti-

2063 4132 2152 4186 bus
2177 4128 2501 4201 respondere,
2545 4126 2682 4194 quod
2722 4127 2777 4180 in
2801 4125 3092 4197 defensione
3115 4136 3204 4180 aut
3254 4128 3522 4198 negatione
3545 4128 3657 4183 sola

2064 4223 2286 4294 positum
2312 4229 2417 4285 est;
2465 4217 2608 4271 aliud
2658 4217 2905 4271 instruere
2932 4217 3069 4286 quod
3093 4233 3184 4271 nos
3211 4220 3448 4289 faciams,
3480 4221 3534 4274 in
3560 4237 3658 4292 quo

2063 4329 2266 4368 necesse
2292 4319 2366 4365 est
2392 4307 2792 4363 doctrintetotius
2827 4323 3074 4360 summam
3102 4310 3346 4365 contineri
3389 4311 3656 4381 (Lactant.

2063 4408 2156 4462 lib.
2189 4405 2251 4460 V.
2287 4405 2443 4469 lnst.,
2471 4416 2589 4471 cap.
2613 4400 2669 4466 4,
2709 4415 2761 4469 p.
2794 4399 2947 4470 470).
2979 4400 3222 4458 Declarat
3255 4404 3397 4458 enim
3442 4405 3549 4459 duo
3588 4408 3658 4462 ab

2063 4503 2128 4558 iis
2155 4502 2238 4573 agi
2289 4498 2561 4561 debuisse,
2607 4495 2693 4564 qui
2725 4493 3035 4552 christiana:
3089 4498 3364 4567 religionis
3390 4499 3660 4558 defensio-

2064 4597 2184 4649 nein
2213 4591 2471 4646 adversus
2496 4587 2741 4643 ethnicos
2763 4587 3144 4657 suscipiebant.
3193 4587 3431 4643 Primum
3453 4605 3565 4647 erat
3592 4594 3658 4650 iis

2062 4682 2410 4756 respondere,
2441 4681 2530 4750 qui
2551 4677 2876 4734 christianos
2920 4678 3150 4746 plurium
3194 4679 3478 4735 criminum
3526 4684 3655 4740 insi-

2061 4777 2354 4833 mulabaut.
2379 4771 2707 4836 Secundum,
2733 4768 3032 4825 doctrinam
3057 4769 3363 4826 christiana:
3391 4773 3664 4846 religionis

2062 4869 2135 4924 ita
2157 4879 2453 4937 caponere,
2485 4878 2549 4920 ac
2572 4864 2974 4925 demonstrare;
3005 4868 3066 4915 ut
3108 4876 3170 4916 ea
3218 4861 3444 4933 quilibet
3497 4868 3659 4936 plene

2063 4975 2127 5016 ac
2153 4957 2387 5030 perfecte
2409 4959 2780 5011 instrueretur.
2805 4949 2988 5007 Atille
3013 4951 3242 5022 primam
3267 4954 3425 5022 hujus
3448 4972 3656 5015 caussze

2069 5064 2295 5126 partem,
2328 5047 2723 5124 aTertulliano
2755 5045 2908 5115 plene
2933 5055 3238 5116 peroratum
3291 5047 3506 5119 fatetur,
3555 5053 3656 5110 mi-

2073 5147 2220 5202 nime
2245 5158 2372 5200 vero
2400 5140 2712 5198 secundam.
2746 5137 2942 5193 Verum
2970 5139 3101 5193 satis
3147 5139 3504 5199 Tertullianus
3530 5160 3660 5216 pro-

2073 5241 2246 5313 posito
2272 5251 2371 5293 suo
2399 5249 2520 5292 esse
2546 5232 2748 5305 putavit
2771 5231 3000 5287 insulsas
3025 5231 3281 5287 evertisse
3301 5234 3660 5308 ethnicorum,

2073 5332 2394 5390 christianos
2414 5327 2666 5400 ;cujusvis
2691 5325 2990 5396 gravissimi
3017 5324 3254 5380 criminis
3273 5332 3664 5402 accusantium,

2073 5425 2498 5490 criminationes,
2538 5437 2600 5476 ac
2626 5418 2926 5474 vindicasse
2956 5417 3166 5473 illorum
3198 5419 3558 5480 innocentiam
3600 5442 3665 5483 ac

2077 5534 2287 5576 morum
2338 5515 2714 5585 integritatem.
2746 5512 2915 5579 Quam
2961 5519 3106 5566 recte
3134 5520 3312 5568 autem
3341 5515 3393 5570 id
3434 5516 3664 5575 demon-

2075 5613 2345 5675 straverit,
2373 5625 2438 5666 ex
2481 5608 2602 5662 data
2626 5606 2783 5676 hujus
2815 5606 2934 5662 libri
2962 5606 3167 5678 analysi
3195 5616 3354 5679 atque
3383 5610 3500 5668 aliis
3527 5612 3667 5671 infra

2076 5705 2340 5774 dicendis,
2371 5703 2464 5759 fiet
2493 5701 2740 5756 omnibus
2766 5698 3136 5754 manifestum.

2155 5796 2362 5858 Deinde
2397 5810 2524 5854 vero
2545 5795 2633 5852 ille
2653 5792 2865 5867 penitus
2889 5791 3142 5848 intactam
3164 5807 3270 5851 non
3291 5797 3504 5871 reliquit
3525 5801 3677 5864 ebria

2853 5887 2873 5967 (
2889 5888 3383 5972 Vingt-qnatre.)
