4240 6262
584 318 694 380 πει

1645 317 1712 374 lN
1750 312 2187 374 TERTULUAN
2194 313 2212 371 ι
2246 311 2776 397 APOLOQETICUH

3783 308 3890 373 τις

589 436 781 493 etiame
842 432 1104 490 doctrinm
1150 429 1580 497 institutionem,
1642 439 1701 487 et
1748 428 2183 501 capticationem.
2213 426 2267 489 A
2293 428 2475 485 tuendi
2528 429 2641 484 veri
2682 434 2864 483 textus
2906 436 3036 497 spes
3068 424 3329 496 supersit.
3348 422 3456 482 Sed
3483 424 3682 483 fatetur
3709 405 3892 483 tamen

592 526 727 583 Nam
756 525 1022 597 principes
1048 522 1166 594 ejus
1190 522 1367 593 capita
1386 522 1628 579 breviter
1646 521 1886 592 quidem,
1928 520 2023 578 sed
2054 519 2191 579 adeo

589 619 800 674 sincere
829 631 891 671 ac
915 612 1143 671 candide
1168 614 1420 684 explicat,
1452 623 1512 670 ut
1560 614 1629 669 ab
1676 613 1925 669 omnibus
1965 612 2190 683 intelligi

584 708 753 778 facile
798 705 968 776 possit
994 705 1129 762 nihil
1168 706 1595 764 cssectdivinis
1643 705 2087 768 institutionibus,
2136 713 2193 760 et

587 809 752 856 recue
773 797 992 865 rationi,
1016 798 1157 853 sicut
1177 809 1361 868 postea
1381 799 1752 865 ostendemus,
1772 798 1948 870 magis
1964 810 2192 854 censen-

590 900 828 947 taneutn.
852 888 957 946 Sed
987 889 1299 948 Lactantius
1326 892 1624 962 longiorem
1656 890 2007 962 proculdubio
2044 889 2192 946 desi-

586 983 812 1043 derabat
832 982 1026 1041 borum
1056 984 1505 1043 documentum
1536 986 1952 1059 expositionem,
1982 1000 2047 1042 ac
2076 1000 2193 1054 prc-

583 1076 875 1137 bationem.
934 1077 1130 1135 Verum
1179 1080 1234 1136 in
1284 1080 1650 1151 superioribus
1670 1081 1875 1137 nostris
1928 1079 2189 1137 dissert»

582 1168 819 1227 tionibus
845 1170 1179 1227 ostendimus
1228 1187 1335 1229 non
1378 1172 1578 1243 justam
1631 1173 2006 1230 ontninocsse
2050 1171 2190 1228 hanc

585 1260 978 1331 querimoniam
1008 1260 1323 1334 (Dissertat.
1367 1263 1422 1317 in
1448 1261 1670 1333 Iliam...
1695 1280 1813 1336 cap.
1841 1261 1898 1331 Ω,
1926 1272 2028 1319 art.
2058 1261 2117 1331 2,
2143 1270 2191 1323 οι

581 1351 639 1406 in
660 1350 926 1422 Lactant,
956 1369 1075 1425 cap.
1109 1354 1166 1423 3,
1215 1366 1317 1410 art.
1341 1354 1421 1424 2).

1212 1465 1440 1525 CAPUT
1469 1466 1557 1523 Ill.

579 1600 657 1659 De
685 1603 840 1675 hujus
868 1600 985 1659 libri
1013 1601 1342 1675 Apologetici
1377 1603 1734 1675 manuscriptis
1764 1601 2045 1668 codicibus,
2074 1601 2187 1656 edi-

652 1697 893 1763 tionibus,
922 1706 968 1751 et
996 1698 1257 1752 variorum
1282 1697 1339 1752 in
1387 1713 1503 1752 eum
1532 1695 1956 1768 paraphrasibus,
1983 1694 2189 1751 scholiis

653 1798 701 1844 et
729 1788 1177 1846 observationibus.
2000 1802 2007 1809 ‘

1118 1917 1412 1963 Λιτιαυιιυε
1432 1916 1645 1960 PMIUS.

722 2040 801 2098 De
828 2038 982 2097 variis
1008 2038 1161 2113 hujus
1201 2038 1318 2095 libri
1356 2034 1718 2110 manuscriptis
1758 2036 2034 2093 codicibus.

650 2178 841 2235 Plures
864 2192 995 2233 sane
1011 2176 1366 2249 Apologetici,
1397 2190 1428 2230 a
1454 2175 1790 2232 Tertulliano
1814 2184 2000 2232 nostro
2024 2160 2177 2242 editi,

578 2272 793 2329 codices
820 2269 1169 2340 manuscripti
1198 2269 1267 2325 ad
1297 2276 1512 2325 aetatem
1538 2283 1707 2338 usque
1728 2276 1968 2325 nostram
1995 2283 2181 2338 perve-

575 2372 791 2421 nerunt.
811 2364 955 2419 Duos
977 2363 1122 2425 enim
1149 2361 1351 2417 indicat
1378 2362 1577 2418 Beatus
1602 2360 1919 2428 Rhenanus,
1946 2378 2178 2433 quorum

575 2472 738 2528 opera
766 2455 922 2527 hujus
966 2455 1300 2524 aliorumque
1348 2453 1590 2525 ejusdem
1639 2453 1960 2510 Tertulliani
2008 2454 2177 2510 libro.

573 2564 692 2607 rum
717 2548 1010 2604 editionem
1031 2548 1334 2605 adornavit.
1383 2546 1599 2604 Primus
1622 2546 2076 2614 Paterniacensis,
2123 2547 2177 2603 in

572 2638 870 2696 Paterniaci
904 2637 1252 2709 Transjurani
1289 2636 1541 2703 cmnobii,
1577 2636 1845 2694 secundus
1866 2636 1918 2690 in
1960 2635 2180 2693 Hirsau-

570 2732 773 2805 giensis
816 2731 1129 2787 monasterii
1168 2729 1509 2786 bibliothecis
1550 2727 1981 2785 asservabantur.
2014 2726 2176 2784 Uter-

572 2840 678 2896 que
719 2832 897 2881 autem
927 2823 1172 2895 plurimis
1199 2822 1499 2892 iisdemque
1523 2820 1637 2877 fere
1669 2820 1920 2877 omnibus
1957 2820 2036 2876 sic
2060 2834 2187 2883 δρα-ί

574 2928 652 2976 tet
688 2918 935 2986 mendis,
964 2927 1023 2973 ut
1068 2918 1211 2973 alter.
1250 2916 1320 2972 ab
1356 2915 1530 2971 altero
1564 2913 1809 2973 videatur
1850 2914 2174 2985 descriptus.

572 3013 753 3073 Alium
785 3027 912 3069 vero
933 3010 1247 3069 Tertulliani
1276 3009 1513 3081 Operam
1535 3006 1776 3065 codicem
1803 3006 2177 3077 Sigismundus

571 3108 826 3164 Gelenius
854 3104 1299 3170 vetustissimum,
1329 3102 1642 3173 etoptimte,
1673 3109 1735 3157 ut
1776 3101 1894 3172 ipse
1936 3100 2032 3166 ait,
2072 3114 2175 3156 no-

2293 536 2407 579 scas
2442 519 2667 577 editioni
2692 520 2984 590 plurimum
3011 519 3146 576 lucis
3187 528 3242 575 et
3262 518 3571 575 ornamenti
3597 517 3893 577 accessisse

2290 629 2361 671 ex
2391 613 2556 669 variis
2580 612 2926 679 lectionibus,
2956 627 2989 667 a
3018 610 3303 679 Rhenano,
3350 619 3407 666 et
3430 610 3551 666 aliis
3578 609 3894 670 melioribus

2293 722 2325 762 a
2347 707 2542 762 Fulvio
2568 722 2631 761 ac
2660 705 2821 762 Junio
2847 705 3088 762 collectis
3117 714 3172 761 et
3194 703 3377 761 editis.
3409 702 3519 763 Nos
3548 702 3771 775 insuper
3789 704 3889 760 ad-

2292 806 2478 855 monet
2515 798 2616 855 sibi
2664 799 2732 853 ad
2761 813 2981 854 manum
3025 796 3193 852 fuisse
3232 805 3595 853 memoratam
3646 796 3893 852 codicem

2293 890 2655 947 Puteanortm
2705 889 2963 954 fratrum,
2991 897 3055 946 et
3098 889 3329 945 alterum
3376 887 3523 945 Petri
3550 887 3782 956 Pithmi,
3830 901 3895 946 ac

2258 966 2265 970 ’
2292 986 2564 1040 variantes
2588 982 2791 1040 codicis
2818 982 3104 1039 Ftlltlonsiﬁ
3142 982 3423 1048 lectiones,
3474 980 3528 1035 in
3560 980 3701 1037 libro
3740 980 3893 1037 illus-

2294 1076 2519 1134 trissimi
2542 1074 2852 1139 Monoballi,
2884 1074 3234 1130 Tltoiosatutn
3256 1071 3670 1142 archiepiscopi,
3696 1088 3764 1128 ex
3784 1062 3894 1135 au-

2292 1170 2573 1261 tograpbo,
2598 1176 2657 1225 nt
2682 1170 2798 1242 ipse
2814 1169 2915 1230 ait.
2943 1168 3263 1239 descriptas.
3287 1166 3491 1222 ﬂorum
3531 1175 3710 1222 autem
3736 1165 3893 1222 codi-

2290 1257 2414 1319 cum
2435 1303 2452 1330 ,
2474 1270 2634 1333 atque
2662 1260 2927 1332 imprimis
2948 1259 3138 1315 harum
3168 1258 3459 1315 lectionum
3474 1257 3582 1314 sibi
3604 1258 3894 1333 missarum

2290 1354 2509 1420 auxilio,
2532 1361 2734 1409 textum
2760 1350 3219 1423 Apologeticiﬁso
3241 1350 3295 1406 in
3322 1349 3456 1406 locis
3480 1365 3543 1406 se
3570 1349 3894 1405 emendasse

2290 1448 2569 1519 gloriatur.
2595 1445 2666 1502 At
2703 1445 2915 1516 penitus
2936 1444 3102 1500 tacuit
3136 1442 3294 1514 cujus
3316 1453 3459 1499 nota;
3476 1453 3535 1499 et
3552 1443 3891 1515 antiquitatis

2290 1539 2401 1594 sint
2443 1537 2551 1593 duo
2581 1536 2653 1592 illi
2680 1536 2931 1602 codices,
2959 1543 3016 1592 et
3054 1534 3186 1590 illud
3213 1535 3602 1607 autographum
3624 1574 3647 1604 ,ν
3670 1550 3739 1591 ex
3779 1549 3892 1609 quo

2295 1630 2590 1687 Fuldenses
2616 1631 2879 1687 lectiones
2900 1628 3150 1686 delibatae
3176 1631 3311 1685 sint.
3386 1642 3400 1651 λ

2362 1723 2473 1780 Nos
2491 1738 2622 1780 vero
2654 1739 2760 1779 non
2788 1718 2965 1781 solum
2996 1722 3135 1779 duos
3153 1722 3278 1778 illos
3300 1722 3505 1794 primos
3530 1723 3676 1780 nacti
3705 1738 3894 1796 sumus

2214 1824 2264 1885 B
2284 1817 2540 1885 codices,
2571 1816 2672 1873 Sed
2696 1816 2833 1873 alios
2856 1816 3019 1889 etiam
3045 1816 3384 1885 complures,
3413 1816 3502 1887 qui
3516 1816 3738 1887 quidem
3759 1833 3895 1890 qua-

2285 1911 2435 1968 lesve
2465 1911 2591 1976 sint,
2613 1908 2991 1980 explicandum
3030 1917 3136 1966 est.
3155 1909 3370 1965 Primus
3390 1910 3573 1980 itaque
3594 1910 3888 1982 Puteanus,

2284 2002 2601 2060 charactere
2620 2001 2985 2072 pulcherrimo
3007 2002 3154 2058 circa
3182 2016 3384 2058 annum
3406 2000 3612 2074 Christi
3655 2003 3762 2060 900
3795 2004 3893 2060 de-

2288 2095 2523 2167 scriptus
2563 2095 2913 2167 peritioribus
2936 2095 3169 2152 videtur.
3195 2094 3552 2152 lncoautear
3580 2096 3729 2153 solus
3753 2096 3888 2154 Ter-

2286 2187 2495 2243 tulliani
2524 2185 2909 2257 Apologeticus
2938 2187 3074 2243 liber
3116 2188 3444 2251 continetur,
3472 2200 3889 2261 asservaturquc

2285 2277 2342 2334 in
2386 2276 2857 2343 christianissimi.
2887 2288 2946 2335 ut
2970 2274 3202 2335 diximus
3231 2320 3247 2347 ,
3291 2279 3433 2348 regis
3478 2282 3653 2337 nostri
3696 2282 3889 2338 biblio-

2284 2371 2439 2428 theca
2460 2385 2684 2427 numero
2700 2370 2835 2427 397i
2860 2378 3099 2438 notatus,
3117 2385 3280 2442 quem
3298 2370 3692 2429 illosuiasimus
3718 2372 3887 2430 abbas

2286 2461 2553 2519 Tellcrius
2576 2477 2810 2530 summa,
2839 2477 2943 2531 qua
2970 2460 3110 2518 solet
3128 2501 3146 2527 ,
3174 2462 3501 2533 benignitate
3521 2463 3801 2521 mbiscum
3850 2479 3885 2522 a

2282 2552 2506 2621 Nicolao
2525 2551 2803 2610 Clemente
2831 2553 3218 2611 communicari
3246 2555 3519 2625 priccspit.

2354 2636 2640 2703 Secundus
2667 2644 2849 2711 Petri,
2881 2655 2938 2700 ut
2967 2644 3202 2701 diximus
3221 2684 3236 2710 ,
3285 2644 3476 2701 Pitbmi
3505 2643 3631 2703 olim
3658 2644 3798 2714 fuit,
3823 2654 3882 2704 et

2282 2736 2400 2794 RR.
2431 2739 2651 2794 Patrum
2674 2737 2912 2795 Oratorii
2938 2736 3065 2795 Jesu
3086 2736 3314 2809 collegio
3338 2737 3593 2796 Treccnsi
3611 2737 3761 2794 dono
3786 2738 3886 2796 da-

2283 2838 2387 2897 tus,
2416 2831 2472 2887 in
2498 2844 2683 2889 eorum
2704 2830 3034 2888 bibliotheca
3053 2831 3376 2898 custoditus,
3402 2829 3470 2889 ad
3490 2845 3590 2889 nos
3616 2831 3883 2902 singulari

2281 2936 2506 2993 prorsus
2557 2922 2771 2978 illorum
2824 2921 3160 2979 humanitate
3214 2922 3561 2983 transmissus
3611 2932 3717 2979 est.
3768 2921 3884 2978 Viri

2282 3024 2460 3071 autem
2482 3016 2535 3069 in
2551 3014 2920 3071 examinandis
2936 3015 3206 3073 veteribus
3225 3015 3500 3072 codicibus
3527 3015 3700 3084 magis
3720 3030 3883 3087 exer-

2280 3107 2451 3172 citati,
2481 3121 2549 3171 ex
2573 3108 2948 3165 characterum
2977 3106 3148 3165 forma
3176 3106 3324 3165 illum
3355 3106 3638 3169 undecimo
3662 3107 3881 3163 circiter

571 3210 640 3258 tte
662 3200 904 3259 codicem
926 3208 1115 3256 nactus
1139 3208 1223 3255 est
1255 3212 1321 3257 ex
1369 3193 1721 3255 Masburiensi
1770 3193 2048 3251 cmobio:
2078 3192 2174 3249 sed
2200 3217 2247 3280 ρ
2285 3199 2483 3254 smculo
2511 3198 2770 3268 scriptum
2812 3214 2935 3259 esse
2978 3198 3307 3269 judicarunt.
3341 3198 3453 3255 Sed
3494 3199 3647 3270 primi
3672 3199 3878 3255 librarii

571 3292 664 3349 ille
690 3293 825 3349 satis
851 3292 1000 3349 clare
1044 3289 1203 3347 nobis
1222 3303 1331 3345 non
1371 3285 1683 3351 edisseruit,
1704 3292 1885 3340 utrum
1916 3284 2004 3340 hic
2028 3285 2173 3354 Apo-

568 3384 829 3456 logeticus
872 3398 1010 3440 unus
1034 3398 1105 3440 ex
1146 3380 1463 3439 Tertulliani
1491 3379 1646 3435 libris
1683 3378 1789 3443 sit,
1838 3379 1930 3449 qui
1972 3378 2024 3432 in
2062 3376 2170 3433 hoc

569 3476 758 3534 codice
783 3474 1144 3532 desideratur.
1170 3473 1307 3530 Tres
1334 3481 1594 3543 preterea
1639 3478 1851 3528 exstant
1894 3470 1947 3524 in
1978 3468 2175 3525 biblio—

572 3565 725 3621 theca
754 3566 1003 3621 Vaticana
1043 3562 1356 3620 eorumdem
1386 3562 1643 3619 librorum
1675 3560 1919 3627 codices,
1953 3576 2020 3615 ex
2056 3560 2175 3630 qui-

576 3657 698 3723 bus.
720 3655 825 3715 sibi
850 3655 920 3711 ab
943 3653 1306 3713 illustrissimo
1334 3653 1617 3709 Cardinalc
1641 3651 1837 3707 Sirleto
1875 3651 2171 3706 subminis-

575 3748 748 3813 tratis,
774 3747 980 3801 Alanus
997 3744 1179 3815 Copus
1202 3743 1446 3799 diversas
1473 3744 1541 3798 ab
1556 3741 1718 3797 editis
1736 3740 1996 3796 lectiones
2010 3741 2174 3797 colle-

572 3838 669 3911 git.
715 3837 1120 3907 transmisitque
1148 3834 1406 3899 Pamclio,
1435 3835 1525 3904 qui
1554 3834 1617 3889 iis
1646 3831 1715 3887 ad
1740 3832 2171 3889 concinnandam

572 3936 767 3989 nbvam
808 3943 1035 4000 operum
1083 3925 1397 3983 Tertulliani
1446 3923 1741 3983 editionem
1774 3937 1903 3979 usus
1930 3932 2032 3978 est.
2065 3923 2174 3980 Sed

574 4026 675 4084 tria
693 4024 870 4083 adhuc
887 4022 971 4078 illa
986 4021 1194 4078 illorum
1210 4018 1537 4089 exemplaria
1556 4017 1656 4088 ipsi
1676 4016 2010 4087 suppeditata
2025 4027 2170 4087 sunt,

577 4128 634 4177 et
654 4118 764 4175 duo
783 4116 1000 4189 quidem
1028 4130 1095 4173 ex
1120 4113 1178 4171 S.
1202 4111 1430 4171 Amandi
1456 4126 1521 4168 ac
1546 4111 1779 4168 Bavonis
1807 4111 2170 4179 monasteriis,

513 4224 521 4228 '
576 4213 794 4270 tertium
822 4204 1138 4281 Anglicum,
1170 4205 1312 4278 quod
1344 4220 1510 4277 penes
1552 4219 1614 4261 se
1655 4203 1892 4261 Joannes
1920 4201 2172 4261 Clemens

574 4306 763 4379 anglus
804 4303 1056 4360 habebat.
1084 4301 1283 4357 Verum
1313 4314 1489 4371 neque
1517 4297 1811 4365 Pamelius,
1836 4312 2010 4369 neque
2033 4297 2173 4355 alius

577 4402 846 4477 quispiam
867 4398 1025 4456 nobis
1054 4397 1309 4455 indicavit
1327 4395 1509 4468 qualia
1538 4402 1821 4467 quantaeve
1840 4394 2171 4465 antiquitatis

572 4510 636 4554 ea
665 4495 792 4552 sint.

2282 3290 2550 3361 lmperitia
2581 3291 2739 3345 variis
2758 3290 2953 3360 passim
2976 3290 3210 3346 foedatus
3229 3298 3316 3346 est
3341 3290 3572 3359 mendis,
3597 3306 3717 3363 quae
3741 3291 3881 3349 alius

2278 3382 2487 3439 doctior
2511 3383 2770 3454 appositis
2794 3382 2987 3451 obelis,
3004 3391 3164 3453 atque
3184 3383 3251 3441 ad
3272 3382 3569 3454 marginem
3590 3383 3754 3451 notis,
3786 3392 3881 3443 aut

2278 3466 2534 3541 correxit,
2561 3484 2654 3529 aut
2671 3473 2985 3547 corrigenda
3014 3489 3138 3535 esse
3166 3475 3506 3531 monstravit.

2350 3567 2542 3625 Plures
2561 3578 2743 3627 autem
2774 3568 2829 3625 in
2859 3584 2925 3625 eo
2951 3568 3139 3627 codice
3161 3568 3468 3639 transcripti
3511 3576 3640 3624 sunt
3667 3568 3882 3625 Tertul-

2281 3661 2410 3719 liani
2440 3670 2701 3719 tractatus
2721 3703 2740 3729 ,
2768 3676 2999 3733 quorum
3028 3660 3191 3721 index
3217 3662 3272 3717 in
3299 3662 3468 3732 prima
3510 3661 3654 3717 illius
3683 3662 3876 3731 pagina

2278 3752 2584 3809 exhibetur.
2615 3752 2812 3810 Verum
2836 3754 2891 3809 iu
2914 3751 3021 3811 hoc
3049 3752 3225 3813 indice
3246 3751 3637 3821 praetermissus
3671 3760 3759 3807 est
3783 3751 3873 3808 hic

2279 3846 2658 3916 Apologeticus
2675 3846 2830 3903 liber.
2858 3845 3219 3914 Quamobrem
3247 3844 3551 3915 suspicandi
3572 3844 3722 3923 locus
3746 3859 3873 3923 esse

2279 3937 2490 3994 videtur
2510 3947 2688 3994 utrum
2715 3947 2837 4009 post
2852 3940 2987 3995 alios
3010 3939 3175 3996 libros
3196 3939 3262 3995 ab
3278 3938 3456 4009 aliquo
3477 3938 3698 3995 librario
3722 3946 3871 4009 post-

2279 4043 2342 4084 ea
2388 4039 2639 4086 exaratos
2689 4030 2867 4087 fuerit.
2914 4030 3048 4088 Nam
3091 4032 3251 4088 index
3305 4029 3397 4088 ille
3446 4031 3637 4088 eadem
3669 4047 3871 4101 manu,

2278 4131 2438 4193 atque
2478 4124 2567 4183 alii
2616 4123 2736 4183 libri
2766 4126 2997 4197 scriptus
3023 4136 3126 4182 est.
3161 4127 3265 4194 Qui
3293 4142 3424 4182 vero
3467 4126 3873 4197 Apologeticum

2277 4214 2531 4287 deinceps
2557 4216 2887 4288 descripsit,
2920 4219 2966 4273 is
2992 4218 3115 4274 aliis
3154 4219 3454 4289 imperitior
3478 4230 3535 4275 et
3558 4219 3739 4277 latinae
3763 4219 3871 4275 lin-

2275 4323 2396 4379 guae
2424 4309 2674 4380 ignarus,
2705 4309 3045 4384 frequentes,
3077 4312 3274 4383 quibus
3302 4312 3477 4370 codex
3519 4313 3613 4369 ille
3662 4313 3863 4383 passim

2275 4399 2477 4471 ubique
2519 4410 2726 4469 scatet,
2757 4417 2974 4461 errores
3019 4403 3252 4476 reliquit.
3301 4405 3420 4461 Alia
3438 4420 3651 4476 quoque
3681 4406 3735 4459 in
3756 4418 3859 4471 eo,

2275 4508 2434 4564 quam
2465 4493 2519 4548 in
2541 4494 2666 4550 aliis
2700 4494 2851 4552 libris
2876 4495 3209 4564 conspicitur
3239 4495 3527 4555 verborum
3546 4495 3860 4553 contractio.

645 4589 705 4645 In
742 4593 929 4642 nostra
953 4588 1134 4639 autem
1162 4580 1339 4638 Gallia
1378 4579 1468 4636 alii
1494 4580 1780 4650 cujuslibet
1804 4580 1978 4636 sciatis
2007 4594 2164 4650 repeo
2191 4607 2245 4669 Ι)
2273 4583 2500 4654 Quidam
2526 4595 2726 4653 tamen,
2752 4587 2884 4644 satis
2906 4587 3085 4659 idonei
3107 4588 3388 4658 scriptum
3414 4589 3611 4645 veteris
3631 4586 3863 4659 iudices,

570 4680 784 4737 riuntur
813 4677 1006 4735 borum
1034 4675 1293 4731 librorum
1324 4673 1677 4744 manuscripti
1701 4673 2023 4740 codices,ex
2052 4674 2171 4745 qui-

568 4772 672 4830 bus
690 4772 874 4842 plures
918 4768 1090 4825 nullis
1109 4766 1230 4823 aliis
1252 4773 1347 4822 aut
1369 4764 1676 4823 veneranda
1705 4766 2046 4836 antiquitate,
2075 4772 2170 4820 aut

565 4863 798 4934 eleganti
840 4860 1155 4918 charactere
1179 4857 1373 4914 cedere
1398 4857 1663 4926 videmur.
1694 4857 1776 4914 Ex
1804 4857 1871 4913 iis
1891 4872 2028 4923 unus
2053 4855 2161 4911 Pu-

562 4967 847 5014 teanorum
895 4955 1026 5011 olim
1079 4954 1304 5009 fratrum
1334 4959 1644 5007 asservatur
1670 4949 1726 5005 in
1772 4948 1936 5021 Regis
1986 4948 2161 5004 nostri

560 5046 997 5107 cbristianissimi
1053 5043 1399 5101 bibliotheca.
1451 5042 1697 5098 Alterum
1749 5054 1881 5096 vero
1926 5039 2161 5096 Jacobus

554 5140 881 5213 Bongartius
908 5136 1239 5209 possidebat.
1288 5134 1372 5191 Ad
1399 5140 1687 5204 utrumque
1714 5142 1895 5193 autem
1931 5134 2156 5191 Deside-

552 5232 669 5291 rius
697 5230 961 5288 Hei-aldus
991 5229 1319 5301 singularem
1338 5225 1680 5297 :Apologetici
1712 5225 2003 5289 editionem
2029 5242 2155 5284 cas-

553 5324 760 5397 tigavit.
830 5346 835 5355 ·

616 5415 876 5474 Nicolans
921 5428 1052 5471 vero
1096 5410 1361 5484 Rigaltius
1387 5426 1497 5467 non
1525 5424 1716 5483 magna
1745 5411 1861 5469 sine
1903 5411 2150 5484 indigna.

546 5510 693 5568 tione
716 5508 1067 5580 conqueritur
1090 5504 1531 5563 emendatissima
1559 5503 1794 5575 Operam
1825 5502 2143 5561 Tertulliani

542 5603 717 5674 prima
744 5602 1083 5673 genuinaque
1106 5596 1437 5667 exemplaria
1476 5596 1592 5667 jam
1636 5611 1669 5652 a
1711 5595 1872 5667 longo
1901 5604 2145 5666 tempore

543 5694 614 5750 ab
642 5695 727 5761 iis,
753 5694 843 5764 qui
874 5690 1110 5748 Africani
1144 5690 1305 5761 hujus
1343 5689 1624 5761 scriptoris
1652 5688 1919 5746 dictiones
1947 5704 2145 5761 capere

530 5793 640 5842 non
666 5790 979 5854 potuerunt,
1010 5782 1091 5839 sic
1124 5792 1384 5853 corrupta
1410 5780 1599 5848 fuisse,
1630 5791 1688 5838 ut
1715 5780 1805 5838 vix
1834 5780 1947 5840 ulla
1976 5784 2137 5841 resti-

2274 4679 2418 4735 hunc
2444 4679 2655 4746 librum,
2685 4681 2823 4737 sicut
2843 4682 2999 4748 alios,
3023 4682 3094 4738 ab
3114 4681 3306 4738 eodem
3336 4683 3558 4739 librario
3584 4693 3867 4739 exaratum

2272 4772 2601 4829 existimant.
2618 4772 2678 4829 In
2705 4789 2772 4830 eo
2800 4785 2980 4832 autem
3002 4790 3107 4832 non
3138 4776 3348 4848 integer
3367 4776 3460 4834 ille
3482 4778 3864 4850 Apologcticus

2278 4865 2417 4922 liber
2438 4866 2757 4934 exhibetur;
2786 4870 2880 4925 sed
2901 4870 3159 4926 duntaxat
3182 4885 3351 4941 usque
3378 4871 3447 4926 ad
3478 4870 3669 4942 capitis
3694 4872 3863 4943 trige-

2266 4956 2389 5012 simi
2413 4958 2621 5014 initium
2650 4977 2663 5013 :
2688 4970 2885 5018 caetera
2909 4970 3114 5029 autem,
3132 4978 3252 5033 qua}
3274 4972 3522 5033 quartam
3548 4964 3715 5021 totius
3739 4962 3862 5019 libri

2266 5058 2471 5118 partem
2498 5051 2795 5117 continent,
2823 5052 2980 5122 plane
3006 5054 3403 5111 desiderantur.
3425 5059 3434 5068 '

2338 5139 2576 5197 Tertium
2603 5143 2842 5200 codicem
2866 5147 3295 5217 manuscriptum
3318 5146 3475 5203 nobis
3497 5146 3860 5219 suppeditavit

2262 5232 2352 5289 vir
2382 5233 2794 5304 illustrissimus,
2824 5247 2879 5294 et
2901 5240 3048 5294 omni
3075 5240 3233 5297 laude
3253 5242 3445 5313 major,
3469 5241 3702 5298 Achilles
3729 5241 3863 5298 Har-

2261 5323 2413 5393 lteus,
2448 5327 2539 5397 qui
2568 5337 2852 5400 postquam
2877 5329 3179 5389 admirabili
3206 5348 3427 5404 prorsus
3446 5333 3584 5405 juris
3608 5334 3855 5402 scicntia,

2258 5417 2548 5488 aequitate,
2593 5420 2859 5490 probitate
2900 5422 3131 5496 aliisque
3167 5425 3385 5481 eximiis
3429 5425 3721 5482 virtutmus
3760 5439 3859 5495 per

2267 5510 2467 5568 multos
2504 5527 2677 5569 annos
2724 5513 3014 5572 Parisiensi
3059 5519 3272 5574 senatui
3322 5518 3666 5589 praefuisset;
3709 5525 3858 5574 tanta

2254 5601 2418 5657 animi
2445 5600 2777 5671 fortitudine,
2796 5616 3000 5676 qiuanto
3018 5607 3299 5665 communi
3319 5610 3563 5678 ornuium
3583 5609 3855 5665 desiderio

2249 5708 2310 5749 se
2335 5692 2438 5752 hac
2464 5695 2723 5768 dignitate
2744 5697 3042 5768 abdicavit,
3073 5714 3139 5757 ac
3161 5709 3372 5758 servata
3417 5716 3639 5774 semper
3662 5699 3852 5758 eadem

2245 5783 2371 5843 vitae
2396 5788 2758 5859 aequabilitate
2777 5800 3021 5853 mortuus
3046 5800 3154 5851 est.
3178 5792 3367 5853 Codex
3390 5803 3568 5853 autem
3599 5794 3692 5852 ille
3718 5790 3849 5850 eba-
