4240 6262
414 358 521 421 749

1559 368 2004 429 DISSERTATIO
2036 370 2102 427 D.
2140 372 2230 430 LE
2267 373 2569 435 NOURRY.

3605 384 3713 442 750

414 480 638 545 rectoris
660 479 924 551 elegantia
952 478 1191 537 Puteano
1217 496 1323 537 non
1352 483 1537 551 cedit,
1584 500 1761 556 neque
1791 494 2005 541 centum
2034 484 2086 546 A
2114 489 2372 544 tationem
2399 493 2669 571 exempla.
2695 492 2751 548 ln
2785 494 2957 563 primo
2980 495 3159 567 itaque
3172 466 3503 568 Apdlegetici
3532 500 3708 570 capite

413 581 536 643 post
560 587 729 629 annos
755 572 1056 644 descriptus
1087 575 1243 630 nobis
1279 576 1513 631 videtur.
1546 578 1617 632 At
1646 577 1931 649 plerasque
1953 579 2009 634 in
2111 579 2225 636 haec
2243 589 2446 637 tantum
2476 583 2528 638 in
2556 583 2769 656 Rigaltii
2799 586 3035 643 editione
3063 587 3313 658 leguntur
3345 606 3360 646 ς
3394 589 3582 646 Omnes
3618 593 3707 663 qui

412 680 479 724 eo
517 667 726 723 easdem
750 710 763 731 ,
792 676 952 739 atque
1002 669 1055 724 in
1086 669 1179 725 illo
1198 711 1214 737 ,
1263 669 1716 742 deprehendimus
1757 675 1929 730 bones
1953 682 2008 732 et
2108 682 2243 729 retro
2259 675 2495 742 oderant,
2518 678 2638 747 quia
2662 680 2984 750 ignorabant,
3010 680 3165 735 simul
3184 682 3419 737 desinunt
3444 685 3701 755 ignorare,

409 761 581 817 malas
609 760 888 817 lectiones.

478 854 710 922 Quartus
752 870 815 912 ac
853 857 1072 928 quintus
1100 857 1266 914 codex
1310 854 1637 918 Colbertluaa
1679 870 1764 920 est
1801 862 2001 919 biblio-

407 947 575 1003 thecae
600 990 615 1013 ,
643 950 995 1020 numerisque
1026 950 1163 1019 989,
1196 962 1250 1007 et
1276 952 1436 1020 5,271
1465 955 1679 1026 signati.
1712 957 2001 1027 Antiquior

404 1046 582 1097 autem
627 1044 695 1101 ab
741 1045 897 1098 annis
931 1044 1145 1100 circiter
1172 1043 1277 1101 700
1298 1089 1311 1113 ,
1354 1054 1409 1102 et
1445 1050 1715 1105 recentior
1739 1065 1844 1107 non
1874 1061 2001 1108 ante

403 1138 572 1189 annos
601 1130 707 1190 400
736 1136 936 1207 scripto
963 1135 1449 1194 videturtraditus.
1492 1140 1839 1200 Bibliotheca!
1868 1158 1998 1199 vero
2024 1218 2027 1223 Α

399 1222 542 1281 illius
598 1228 882 1297 prielectus
958 1230 1031 1284 cl.
1088 1230 1169 1285 vir
1216 1229 1440 1288 Carolus
1494 1232 1776 1291 Duehesne
1839 1234 1997 1292 nobis

398 1319 677 1392 utriusque
714 1320 951 1389 codicis,
989 1321 1216 1393 jubente
1254 1324 1617 1384 illustrissimo
1644 1326 1837 1385 abbate
1864 1329 1993 1386 Col-

394 1410 549 1469 herto
567 1456 580 1476 ,
610 1415 820 1484 cepiam
852 1416 994 1471 iecit.
1944 1414 1951 1425 '

366 1496 373 1503 ’
466 1498 719 1562 Diversas
747 1508 969 1581 insuper
998 1508 1260 1567 lectiones
1299 1526 1363 1567 ex
1404 1510 1612 1570 duobus
1638 1515 1756 1571 aliis
1784 1516 1989 1572 codici-

393 1586 496 1650 bus
528 1600 909 1669 manuscriptis
929 1603 1251 1673 accepimus,
1284 1619 1509 1675 quorum
1541 1608 1747 1676 primus
1774 1620 1990 1665 monas-

387 1682 505 1743 terii
537 1701 620 1745 est
666 1689 1063 1765 Morbacensis,
1117 1696 1170 1751 in
1222 1698 1374 1767 cujus
1429 1699 1533 1752 line
1574 1692 1689 1757 haec
1735 1701 1988 1773 leguntur

384 1782 545 1837 verba
581 1800 594 1837 :
628 1782 787 1839 Orate
838 1803 931 1853 pro
985 1786 1171 1843 deamo
1207 1789 1384 1845 abbate
1412 1788 1752 1847 Morbacensi.
1800 1793 1847 1849 Is
1882 1810 1981 1849 au-

2107 776 2213 821 etc.
2261 765 2592 838 (Tertullian.
2638 771 2907 844 Apologet.
2929 789 3045 842 cap.
3080 774 3133 840 l,
3153 791 3207 845 p.
3233 772 3384 847 262).
3415 775 3469 830 ln
3502 776 3702 832 nostris

2104 866 2284 913 autem
2313 862 2712 929 exemplaribus
2748 864 3127 936 manuscriptis
3151 907 3167 934 ,
3199 881 3263 921 ac
3290 867 3557 937 prioribus
3577 867 3701 923 edi-

2106 948 2337 1006 tionibus
2384 969 2397 1006 :
2448 952 2636 1008 Omnes
2672 958 2760 1026 qui
2806 967 2939 1012 retro
2970 959 3181 1013 oderant
3202 1000 3216 1024 ,
3248 961 3369 1029 quia
3398 961 3702 1032 ignorabant

2101 1041 2250 1110 quale
2291 1044 2356 1096 sit
2397 1045 2534 1114 quod
2559 1045 2806 1114 oderant,
2839 1049 2996 1103 simul
3037 1050 3273 1107 desinunt
3309 1053 3568 1125 ignorare,
3590 1064 3698 1110 etc.

2102 1131 2335 1191 Videsne
2362 1150 2391 1189 a
2418 1136 2649 1206 Rigaltio
2693 1138 2892 1209 rejecta
2942 1156 3062 1197 esse
3102 1141 3218 1209 hinc
3260 1143 3419 1199 verba
3458 1146 3609 1215 quale
3634 1147 3701 1201 sit

2098 1224 2234 1293 quod
2263 1226 2472 1282 oderant
2494 1228 2520 1282 ?
2544 1228 2730 1300 Neque
2755 1230 2956 1287 dixeris
2981 1248 3042 1288 ea
3069 1250 3098 1289 a
3126 1235 3470 1306 typographis
3495 1238 3695 1295 omissa

2097 1315 2283 1374 fuisse.
2309 1318 2442 1375 Nam
2473 1322 2721 1378 eumdem
2746 1324 3031 1394 Rigaltium
3069 1342 3295 1383 summae
3318 1328 3655 1399 negligentia:
3673 1371 3689 1398 ,

2097 1424 2198 1465 nec
2226 1410 2320 1466 ulli
2340 1453 2355 1478 ,
2393 1412 2483 1483 qui
2512 1412 2734 1469 editioni
2772 1416 3140 1487 hujuscemodi
3169 1420 3346 1489 operis
3373 1420 3688 1491 praeficitur,

2094 1502 2497 1573 condonandas,
2539 1507 2836 1563 accusabis.
2883 1509 3072 1565 Postea
3103 1526 3231 1568 vero
3259 1512 3373 1568 lucc
3400 1528 3499 1568 nec
3537 1514 3691 1584 plura

2091 1593 2147 1649 in
2177 1595 2365 1651 eadem
2389 1596 2602 1668 Rigaltii
2621 1598 2856 1655 editione
2880 1600 3171 1657 habentur:
3201 1601 3441 1658 Venerem
3463 1596 3688 1661 humana

2089 1687 2275 1757 sagitta
2324 1690 2634 1754 sauciatam,
2665 1688 2920 1758 Martem,
2964 1703 3061 1746 etc.
3094 1693 3114 1766 (
3140 1693 3278 1750 Ibid.
3312 1712 3430 1765 cap.
3455 1696 3520 1753 14
3553 1700 3595 1769 ),
3625 1696 3683 1755 ln

2089 1778 2279 1836 iisdem
2308 1793 2488 1837 autem
2518 1783 2677 1840 editis
2728 1794 2781 1839 et
2832 1787 3211 1855 tnauuscriptis
3266 1788 3417 1843 libris
3451 1807 3464 1843 :
3505 1789 3671 1847 Vene-

383 1874 490 1930 ίειη
518 1874 629 1946 ipse
646 1887 729 1932 est
750 1878 1176 1936 Banhojommus
1193 1881 1261 1937 de
1287 1882 1517 1952 Andelo’
1536 1886 1625 1957 qui
1652 1901 1795 1943 anno
1838 1890 1978 1947 “55
2009 1876 2055 1936 Β
2083 1889 2189 1927 rem
2214 1875 2440 1930 humana
2487 1879 2671 1948 sagitta
2695 1879 2977 1932 sauciatam
2999 1920 3011 1942 ,
3036 1880 3173 1947 quod
3209 1880 3376 1949 ﬁlium
3397 1898 3544 1936 suum
3572 1882 3680 1937 1E-

381 1984 444 2025 ac
474 1982 655 2040 postea
688 1971 812 2027 huic
844 1976 1171 2030 monasterio
1201 1979 1551 2048 prmpositus,
1585 1981 1842 2038 collectos
1874 1999 1975 2039 un-

380 2060 538 2134 dique
585 2066 1012 2136 quamplurimas
1065 2069 1283 2125 codices
1333 2072 1729 2143 manuscriptos
1783 2074 1973 2131 eadem

376 2155 766 2228 subscriptione
810 2158 984 2213 notari
1027 2160 1215 2215 Voluit.
1251 2160 1434 2233 Longo
1464 2172 1642 2217 autem
1686 2167 1971 2223 recentiori

374 2264 532 2305 manu
561 2259 776 2307 exarata
818 2262 942 2307 sunt
967 2252 1083 2308 haec
1112 2254 1353 2325 subjecta
1386 2255 1738 2327 Apologetico
1768 2258 1929 2313 verba
1951 2301 1967 2327 ,

373 2357 530 2412 quam
554 2344 664 2415 ipse
691 2346 1071 2416 Apologeticus
1102 2345 1258 2415 liber,
1290 2349 1380 2418 qui
1401 2348 1509 2404 600
1528 2360 1620 2404 aut
1637 2350 1744 2405 700
1771 2351 1969 2408 abhinc

380 2436 536 2491 annis
580 2438 809 2509 scriptus
849 2448 1089 2510 apparet.
1124 2439 1313 2495 Varias
1342 2449 1518 2496 autem
1563 2443 1681 2514 ejus
1707 2443 1966 2501 lectiones

369 2541 575 2583 summa
604 2528 875 2599 diligentia
898 2573 913 2598 ,
945 2539 1001 2587 et
1027 2531 1094 2586 ad
1123 2533 1431 2605 scrupulum
1458 2549 1627 2605 usque
1654 2535 1961 2605 decerpsit,

365 2619 431 2674 ad
463 2636 664 2695 nosque
691 2622 836 2677 misit
868 2640 1004 2681 unus
1033 2623 1273 2695 ejusdem
1303 2627 1614 2681 monasterii
1644 2628 1958 2697 m'onachus,

364 2711 515 2784 cujus
547 2714 869 2773 humanitati
904 2720 1106 2790 gratias
1135 2732 1236 2775 nec
1267 2718 1520 2776 minimas
1546 2719 1762 2791 quidem
1792 2721 1960 2779 habeo

362 2825 500 2867 mus.

429 2905 581 2961 Alter
604 2904 773 2964 codex
803 2905 1222 2978 manuscriptus,
1251 2907 1406 2978 cujus
1434 2906 1709 2963 variantes
1738 2906 1807 2963 ab
1833 2908 1954 2964 edi-

359 2995 427 3051 tis
456 2996 717 3053 lectiones
762 2998 829 3054 ad
874 3014 973 3054 nos
1001 3000 1179 3055 missae
1224 3009 1381 3067 sunt,
1430 3015 1568 3055 unus
1609 3014 1675 3055 ex
1722 3001 1787 3056 iis
1835 3006 1950 3068 est,

356 3087 547 3157 quibus
572 3105 723 3145 suam
748 3089 1130 3147 bibliothecam
1158 3092 1343 3148 Roma:
1381 3089 1569 3148 ditavit
1601 3078 1769 3148 abbas
1800 3092 1953 3149 illus-

356 3181 626 3238 trissimus
667 3182 851 3239 Justus
884 3185 1218 3239 Foutaninus
1244 3228 1259 3252 ,
1290 3199 1385 3240 sua
1422 3184 1554 3239 satis
1585 3192 1741 3239 notus
1768 3185 1950 3240 erudi-

2082 1984 2250 2031 neam,
2282 1985 2408 2039 pene
2435 1970 2756 2039 interfectum
2777 1972 2840 2026 ab
2868 1972 3040 2027 eodeni
3069 1972 3331 2038 Diomede,
3362 1992 3543 2044 rapere
3570 1979 3680 2032 vel-

2083 2060 2439 2129 let:llartem,
2467 2072 2575 2117 etc.
2607 2060 2873 2134 Numquid
2892 2079 3022 2134 ergo
3051 2074 3105 2119 et
3134 2065 3184 2119 id
3216 2066 3671 2137 typographorum

2076 2153 2375 2208 oscitantis:
2413 2162 2506 2208 aut
2555 2154 2883 2211 festinationi
2933 2157 3315 2212 tribuendum?
3365 2158 3459 2213 Sin
3492 2168 3673 2216 autem

2075 2245 2337 2317 Rigaltius
2358 2245 2474 2301 haec
2504 2263 2573 2301 ex
2608 2248 2867 2320 margine,
2912 2249 2992 2304 vel
3021 2249 3241 2305 aliunde
3277 2251 3327 2304 in
3357 2259 3560 2306 textqu
3595 2252 3680 2307 ἰη-
3740 2294 3749 2299 ς

2075 2351 2216 2394 trusa
2244 2340 2499 2408 putabat,
2524 2356 2620 2396 cur
2644 2358 2743 2397 nos
2774 2342 2930 2412 hujus
2969 2342 3317 2400 additamenti
3345 2359 3451 2400 non
3479 2344 3676 2401 admo-

2071 2433 2227 2489 nuit?
2256 2434 2361 2490 Sed
2393 2449 2491 2507 age
2514 2474 2530 2504 ,
2560 2444 2615 2491 et
2634 2435 2736 2489 alia
2780 2451 2847 2492 ex
2874 2438 3107 2491 auctoris
3138 2436 3306 2493 nostri
3339 2448 3485 2493 textu
3514 2438 3669 2494 simi-

2068 2525 2193 2581 liter
2216 2536 2459 2584 resecata
2482 2541 2766 2597 agnosces.
2796 2528 2939 2583 Alibi
2971 2530 3166 2600 quippe
3192 2528 3576 2596 Tertullianus,
3609 2542 3669 2588 ut

2066 2627 2334 2675 testantur
2355 2621 2524 2675 nostri
2563 2620 2799 2686 codices,
2832 2622 3093 2692 scriptum
3124 2622 3450 2693 reliquerat:
3482 2624 3669 2679 Dicam

2064 2713 2217 2784 plane
2241 2714 2600 2781 imperatorem
2624 2714 2910 2783 dominum,
2942 2715 3031 2768 sed
3054 2730 3172 2787 uoce
3210 2716 3464 2769 communi
3497 2714 3661 2786 (Ibid.

2020 2820 2177 2875 .cap.
2224 2806 2361 2878 54).
2415 2808 2483 2862 At
2537 2807 2769 2877 Rigaltio
2824 2807 2937 2863 haec
2985 2809 3081 2862 tria
3135 2812 3429 2875 posteriora
3496 2808 3662 2867 verba

2058 2899 2249 2954 tollere
2293 2899 2510 2968 placuit.
2550 2899 2661 2955 Nec
2710 2900 2878 2955 multo
2905 2908 3027 2969 post
3068 2899 3161 2956 ille
3193 2919 3204 2953 :
3234 2899 3403 2955 Tanto
3431 2902 3571 2956 abest
3600 2911 3657 2957 ut

2057 2992 2334 3062 imperator
2379 2991 2519 3047 Deus
2559 2993 2737 3046 debeat
2766 2992 2889 3058 dici,
2914 3008 3016 3047 non
3044 2993 3217 3063 modo,
3242 3005 3347 3051 etc.
3373 2994 3574 3052 Verum
3604 2997 3660 3053 in

2056 3082 2249 3140 iisdem
2303 3085 2695 3156 antiquioribus
2742 3086 3143 3157 exemplaribus
3184 3090 3442 3160 scriptum
3497 3099 3581 3147 est
3636 3109 3653 3146 :

2057 3172 2223 3233 Tanto
2256 3180 2395 3235 abest
2422 3189 2475 3234 ut
2501 3181 2777 3250 imperator
2807 3182 2907 3236 dici
2934 3182 3146 3250 debeat,
3191 3184 3330 3255 quod
3367 3185 3506 3240 credi
3549 3201 3656 3263 non

353 3271 578 3343 ditione,
603 3292 703 3331 nec
728 3292 758 3331 a
790 3276 942 3332 nobis
974 3294 1203 3348 unquam
1226 3278 1341 3332 sine
1371 3276 1548 3331 debita
1581 3275 1737 3332 laude
1765 3277 1943 3331 nomi-
1970 3265 2016 3328 C
2051 3277 2247 3339 potest,
2279 3286 2382 3326 non
2430 3272 2604 3339 modo,
2647 3282 2751 3328 etc.
2785 3274 2917 3342 Quis
2942 3275 3102 3345 igitur
3128 3274 3248 3331 lucc
3276 3277 3437 3333 verba
3472 3296 3484 3332 :
3515 3282 3654 3349 quod

352 3364 585 3420 nandus.
633 3365 787 3421 Hunc
835 3376 1011 3424 autem
1068 3368 1160 3424 ille
1215 3368 1458 3424 codicem
1524 3369 1951 3425 subministravit

351 3466 540 3512 nostro
565 3459 787 3515 Claudio
816 3459 975 3516 Devic
992 3504 1006 3529 ,
1027 3462 1141 3532 qui,
1169 3461 1296 3517 licet
1317 3460 1611 3531 majoribus
1637 3461 1829 3517 studiis
1852 3463 1950 3517 deo

351 3549 516 3618 ditus,
541 3552 747 3607 curavit
788 3563 964 3610 erutas
992 3569 1021 3608 a
1048 3569 1107 3612 sc
1132 3553 1376 3611 diversas
1417 3554 1573 3627 hujus
1601 3555 1802 3613 codicis
1829 3555 1944 3613 lec-

350 3641 521 3698 tiones
541 3642 608 3699 ad
631 3660 729 3701 nos
759 3645 1059 3702 transferri.

415 3735 664 3807 Quinque
716 3753 879 3808 porro
930 3748 1257 3796 memoratos
1305 3740 1555 3810 codices,
1611 3740 1940 3809 Puteanum,

344 3825 722 3897 Pitbteanum,
783 3830 1156 3899 Harlmnum,
1208 3842 1263 3889 et
1330 3844 1619 3905 utrumque
1666 3833 1939 3891 Colberti-

345 3932 507 3986 nam,
552 3936 674 3977 cum
719 3922 976 3980 adornata
1017 3939 1047 3979 a
1094 3924 1323 3996 Rigaltio
1364 3927 1610 3983 editione
1651 3927 1940 3999 diligenter

343 4012 701 4081 contulimus,
743 4024 904 4087 atque
941 4033 1008 4072 ex
1049 4017 1152 4072 hac
1178 4019 1470 4076 collatione
1506 4021 1765 4090 plurimas
1804 4033 1937 4077 sane

341 4108 651 4182 collegimus
675 4110 918 4168 diversas
950 4111 1234 4181 lectiones,
1251 4130 1371 4185 qua:
1387 4115 1583 4184 abillo,
1615 4116 1760 4171 nulla
1789 4130 1936 4185 saepe

339 4202 537 4273 sapius
587 4203 795 4259 reddita
837 4205 1086 4273 ratione,
1131 4208 1225 4262 sed
1270 4208 1520 4279 propria,
1566 4210 1640 4264 uti
1686 4209 1930 4276 videtur,

337 4299 657 4353 auctoritate
704 4314 848 4370 saepe
891 4301 1087 4371 saepius
1128 4312 1219 4358 aut
1256 4303 1470 4373 penitus
1514 4314 1770 4360 resecatur
1794 4345 1811 4371 ,
1841 4311 1937 4360 aut

335 4388 628 4445 immutata:
657 4402 800 4448 sunt.
846 4393 1070 4450 Fatetur
1107 4396 1251 4452 enim
1293 4412 1353 4452 se
1382 4397 1594 4453 duobus
1637 4398 1929 4465 duntaxat,

334 4482 412 4536 uti
432 4482 699 4549 diximus,
726 4485 1039 4553 codicibus,
1074 4487 1314 4544 Puteano
1345 4498 1400 4545 et
1428 4490 1732 4557 Pithmano,
1763 4498 1817 4544 et
1840 4502 1931 4544 va-

332 4573 432 4631 riis
467 4574 752 4633 Fuldensis
778 4579 1099 4636 lectionibus
1128 4597 1282 4636 usum
1312 4580 1499 4637 fuisse.
1535 4585 1606 4636 At
1631 4581 1714 4636 ha:
1743 4580 1931 4636 lectio-

2053 3363 2191 3417 credi
2219 3379 2320 3417 non
2348 3373 2530 3434 potest,
2560 3379 2626 3419 ex
2660 3372 2805 3420 textu
2832 3366 3063 3431 sustulit,
3090 3367 3191 3423 nisi
3222 3368 3334 3437 ille,
3362 3371 3455 3440 qui
3475 3369 3643 3427 inuti~

2052 3453 2119 3509 lia
2145 3463 2199 3509 et
2218 3468 2547 3526 supervacua
2567 3471 2690 3511 esse
2713 3457 3109 3514 arbitrabatur?

2120 3545 2260 3613 Quid
2305 3560 2453 3613 vero,
2478 3546 2619 3617 quod
2649 3561 2756 3602 non
2785 3548 2945 3604 modo
2966 3550 3166 3618 excisa,
3189 3551 3284 3607 sed
3317 3554 3645 3624 transposita

2048 3645 2175 3693 sunt
2197 3638 2266 3693 ab
2294 3653 2361 3695 eo
2385 3639 2570 3694 istltaee
2595 3639 2911 3696 Tertulliani
2936 3643 3097 3698 verba
3129 3664 3143 3699 :
3170 3645 3341 3701 Licuit
3372 3646 3637 3719 Epicureis

2045 3733 2274 3805 aliquam
2299 3734 2570 3789 decernere
2593 3735 2870 3806 voluptatis
2896 3740 3171 3793 ceritatem.
3205 3739 3319 3807 Quo
3349 3756 3436 3796 vos
3478 3741 3643 3809 alien-

2044 3826 2213 3881 dimus
2236 3868 2251 3894 ,
2279 3828 2324 3882 si
2351 3828 2481 3883 alias
2518 3832 2874 3900 praesumimus
2916 3833 3239 3898 voluptates?
3284 3834 3346 3891 Si
3395 3834 3641 3892 obiectari

2042 3919 2240 3974 nouisse
2264 3921 2519 3987 nolumus,
2542 3933 2716 3978 nostra
2745 3924 2936 3991 injuria
2965 3936 3036 3981 est
3057 3969 3073 3992 ,
3103 3928 3147 3982 si
3173 3932 3306 3999 [orte
3325 3945 3427 3983 non
3446 3939 3630 3985 vestra.

2041 4013 2151 4071 Sed
2210 4013 2543 4083 reprobamus
2610 4031 2726 4086 quae
2773 4018 2974 4087 placent
3035 4020 3205 4086 vobis;
3259 4037 3349 4076 nec
3396 4039 3483 4078 vos
3536 4038 3634 4077 no-

2038 4119 2145 4164 stra
2203 4109 2267 4163 de
2318 4108 2503 4165 lectant
2557 4109 2775 4179 (Ibid.,
2826 4128 2942 4182 cap.
3006 4114 3149 4184 58).
3192 4113 3251 4169 ln
3295 4115 3416 4172 aliis
3504 4131 3634 4174 vero

2036 4204 2420 4261 vetustioribus
2473 4204 2633 4262 editis
2683 4215 2738 4262 et
2789 4221 2952 4262 manu
3000 4192 3234 4263 exaratis
3303 4208 3628 4267 codicibus:

2040 4297 2155 4365 Quo
2197 4313 2285 4353 eos
2336 4296 2680 4365 offendimus,
2733 4300 2777 4352 si
2816 4300 2946 4352 alias
2991 4299 3344 4369 praesumimus
3397 4296 3633 4374 volupta-

2036 4390 2152 4445 tes?
2180 4390 2243 4445 Si
2271 4390 2508 4445 obiectari
2537 4392 2732 4445 novisse
2780 4391 3030 4456 volumus,
3073 4401 3246 4446 nostra
3291 4393 3485 4465 injuria
3529 4404 3627 4461 est,

2033 4483 2078 4537 si
2128 4486 2258 4553 forte
2310 4489 2504 4547 nostra,
2573 4498 2676 4536 non
2731 4492 2914 4539 uestra.
2974 4483 3083 4540 Sed
3132 4485 3461 4555 reprobamus
3510 4501 3627 4556 qua:

2034 4575 2231 4645 placent
2280 4576 2449 4637 vobis,
2506 4590 2596 4628 nec
2644 4589 2731 4629 vos
2776 4587 2950 4630 nostra
2998 4577 3269 4630 delectant.
3326 4576 3434 4631 Sed
3477 4576 3621 4630 licuit

331 4683 435 4723 nes
482 4669 662 4725 aheno
709 4670 866 4741 plane
915 4674 969 4729 ίη
1016 4674 1138 4730 loco
1188 4676 1421 4731 ίηγεηιτε
1464 4683 1589 4729 sum
1605 4714 1622 4741 ,
1661 4688 1762 4728 nec
1788 4672 1928 4729 scire
1951 4656 2008 4720 Β
2033 4667 2302 4741 Epicureis
2327 4669 2553 4737 aliquam
2572 4667 2840 4723 decernere
2863 4669 3137 4737 voluptatis
3157 4668 3435 4734 veritatem,
3453 4668 3509 4721 id
3524 4676 3620 4737 est,

329 4759 597 4833 Rigaltius
645 4766 814 4833 potuit
856 4780 887 4820 a
925 4782 1066 4836 quo,
1119 4775 1211 4821 aut
1252 4782 1353 4837 qua
1384 4765 1657 4837 diligentia
1686 4765 1928 4821 collecta:

328 4850 551 4908 fuerint.
582 4853 691 4910 Nec
712 4856 884 4928 magis
915 4866 1251 4927 compertum
1286 4857 1502 4921 habuit,
1533 4862 1624 4911 aut
1651 4863 1799 4911 certe
1826 4868 1921 4911 ne-

326 4946 527 5000 minem
554 4944 837 5003 admonuit
859 4948 1013 5019 cujus
1039 4959 1200 5017 noue,
1252 4956 1307 5005 et
1349 4948 1522 5003 aetatis
1548 4948 1618 5003 sit
1639 4944 1727 5004 ille
1755 4946 1927 5003 codex

327 5035 613 5095 Fuldensis
638 5081 653 5106 ,
702 5041 857 5111 cujus
902 5052 961 5097 ut
1002 5042 1294 5114 plurimum
1344 5043 1663 5097 auctoritate
1704 5043 1923 5110 jtcxtum

326 5126 630 5186 immolavit
653 5129 991 5189 Tertulliani.
1022 5132 1156 5189 Nam
1198 5149 1265 5189 ex
1309 5133 1520 5189 collatis
1550 5142 1684 5189 nova
1712 5131 1923 5203 postil-

325 5219 434 5277 lum
461 5238 587 5279 cura
617 5216 882 5292 Puteano,
915 5236 971 5281 et
995 5224 1304 5295 Pithteano,
1346 5225 1573 5297 aliisque
1611 5224 1927 5281 memoratis

324 5314 601 5374 codicibus
626 5359 641 5384 ,
672 5327 835 5389 atque
865 5318 1099 5374 diversis
1124 5319 1352 5375 aliorum
1384 5316 1706 5375 lectionibus
1727 5359 1743 5385 ,
1766 5316 1926 5387 plane

323 5408 806 5469 animadvertimus
846 5412 970 5469 illos
998 5412 1426 5468 correctionibus
1465 5410 1679 5481 Rigaltii
1703 5409 1927 5465 omnino

322 5503 616 5562 adversari.
642 5507 774 5574 Quis
794 5517 973 5563 autem
997 5508 1193 5563 dixerit
1224 5506 1438 5562 dubiam
1460 5506 1620 5561 unius
1638 5502 1923 5560 Fuldcnsis

322 5598 524 5656 codicis
545 5599 705 5656 ﬁdem
733 5611 812 5657 tot
840 5602 1068 5657 aliorum
1097 5611 1151 5656 et
1178 5601 1459 5658 meliorum
1478 5608 1534 5655 et
1559 5598 1922 5668 antiquiorum

320 5694 625 5748 auctoritati
656 5710 780 5751 esse
806 5693 1246 5750 anteferendum?
1293 5692 1371 5748 Ne
1421 5692 1541 5764 quis
1587 5703 1717 5747 vero
1764 5686 1923 5747 nobis

317 5785 517 5849 minus,
540 5804 703 5859 quam
737 5789 810 5844 illi
841 5786 1168 5845 credendum
1199 5803 1321 5845 esse
1351 5785 1643 5853 existimet,
1672 5784 1915 5857 quaedam

312 5878 664 5957 preponenda
690 5887 816 5939 sunt
839 5879 1150 5953 liojusmodl
1179 5879 1613 5953 amputationum
1642 5889 1697 5938 et
1721 5880 1920 5938 inimus

2034 4762 2193 4817 animi
2220 4762 2510 4833 (equitatem
2534 4769 2583 4815 et
2611 4761 2786 4831 ampla
2816 4762 3017 4833 negotia
3044 4761 3355 4817 christianos.
3384 4760 3491 4818 Sed
3517 4761 3622 4817 hoc

2032 4854 2278 4911 ultimum
2310 4855 2531 4911 verbum
2572 4853 2865 4910 christiana:
2911 4855 2963 4909 in
3005 4853 3164 4910 editis
3190 4869 3298 4909 non
3324 4854 3620 4910 invenitur.

2031 4946 2169 5016 Quid
2201 4949 2361 5019 ergo?
2383 4946 2649 5018 Numquid
2677 4955 2894 5017 propter
2924 4945 3025 5002 hoc
3063 4946 3235 5002 solum
3265 4947 3486 5004 verbum
3507 4986 3524 5015 ,
3552 4946 3623 5002 ab

2032 5040 2294 5097 oscitante
2325 5040 2544 5096 librario
2567 5049 2898 5111 praepostere
2924 5040 3186 5105 additum,
3215 5039 3294 5095 las
3328 5040 3486 5096 alicui
3520 5039 3621 5096 fuit

2032 5139 2235 5189 textum
2281 5131 2599 5190 Tertulliani
2638 5134 2922 5189 immutare
2944 5174 2961 5201 ,
3021 5141 3331 5203 pervertere
3354 5174 3368 5199 ,
3398 5132 3623 5190 detrun-

2030 5226 2194 5281 care?
2224 5225 2397 5282 Simili
2437 5235 2618 5284 tamen
2648 5226 2808 5282 modo
2832 5226 3097 5299 Rigaltius
3138 5225 3335 5283 delevit
3360 5226 3484 5284 alibi
3506 5225 3626 5283 haec

2032 5314 2524 5377 Tertullianiverba
2560 5337 2572 5375 :
2601 5319 2765 5375 Deum
2789 5322 3043 5391 tangimus
3065 5321 3083 5389 (
3108 5318 3247 5375 Ibid.
3274 5336 3321 5374 c.
3352 5320 3424 5376 40
3449 5321 3493 5392 ).

2103 5412 2264 5469 Aliud
2309 5414 2484 5469 adhuc
2541 5412 2911 5483 hujuscemodi
2955 5414 3382 5469 immutationum
3435 5429 3626 5470 exem-

2031 5502 2175 5574 plum
2207 5505 2251 5560 si
2282 5505 2418 5561 velis
2437 5547 2451 5569 ,
2482 5520 2586 5561 non
2618 5506 2775 5576 longe
2801 5505 3146 5577 quaerendum
3176 5513 3279 5562 est.
3322 5504 3437 5560 Non
3468 5506 3618 5563 enim

2031 5597 2200 5651 multo
2232 5605 2353 5667 post
2396 5596 2484 5654 ille
2511 5598 2626 5654 lucc
2668 5600 2721 5655 in
2750 5601 2942 5656 eodem
2974 5600 3286 5656 Tertulliani
3317 5609 3471 5657 textu
3499 5616 3618 5656 mu-

2023 5692 2157 5745 tavit
2192 5690 2458 5747 editorum
2505 5699 2561 5746 et
2599 5690 2844 5748 codicum
2876 5695 3362 5764 manuscriptorum
3396 5694 3558 5751 verba
3596 5712 3613 5750 :

2026 5782 2148 5839 Non
2178 5785 2319 5839 lavor
2348 5782 2578 5840 diluculo
2598 5826 2614 5851 ,
2656 5787 2744 5841 ubi
2795 5787 2957 5842 scribi
2980 5786 3143 5858 jussit
3176 5805 3199 5843 τ
3224 5785 3348 5842 Non
3376 5788 3490 5844 lavo
3517 5787 3613 5843 sub

2022 5885 2237 5936 nectent.
2271 5876 2429 5935 Plura
2460 5877 2564 5935 alia
2608 5876 2765 5948 hujus
2797 5879 2918 5936 libri
2950 5880 3066 5937 loca
3093 5895 3122 5935 a
3153 5879 3389 5954 Rigaltio
3415 5881 3619 5953 pariter
