4240 6262
605 339 705 418 751

1684 343 1750 399 IN
1787 341 2251 400 TERTULLIANI
2288 340 2822 401 APOLOGETICUM

3803 337 3912 394 752

603 461 948 533 interpolata,
977 460 1220 531 maleque
1241 458 1499 514 mulctata
1521 469 1742 531 possent
1763 460 1920 516 facile
1947 459 2197 531 proferri.
2228 462 2282 521 A
2306 459 2507 528 studio,
2537 460 2798 532 novisque
2822 457 2961 532 typis
2988 457 3072 516 edi
3104 457 3331 515 curavit.
3355 456 3464 514 Sed
3494 452 3639 528 q'itod
3669 453 3736 510 ad
3765 455 3909 526 Apo—

601 553 709 612 Scd
728 555 790 610 iis
813 552 1154 609 recensendis
1175 566 1336 620 nunc,
1360 567 1426 608 ne
1449 551 1636 608 eadem
1652 553 2199 624 repetantur,'super-

601 645 900 703 sedendum
933 660 1055 700 esse
1080 633 1352 700 duxim’us.
1381 645 1458 700 De
1487 643 1593 700 illis
1619 645 1913 711 enimvero,
1938 661 2056 717 quae
2081 661 2198 701 ma-

595 739 731 810 joris
753 739 1011 794 momenti
1040 748 1187 807 sunt,
1216 739 1337 795 data
1369 738 1593 796 inferius
1621 741 1904 796 occasione
1933 739 2194 812 agendum

597 831 723 886 crit.
757 830 1189 887 Decreveramus
1223 833 1438 904 quidem
1465 848 1652 889 omnes
1678 849 1898 903 prorsus
1920 833 2004 889 vel
2031 849 2061 888 a
2093 849 2195 888 no-

593 921 698 989 bis,
731 923 820 978 vel
847 923 915 978 ab
941 923 1062 978 aliis
1089 933 1372 996 excerptas
1397 925 1668 980 variantes
1699 925 1920 996 hujusce
1943 925 2062 981 libri
2087 925 2197 980 lec-

591 1015 770 1072 tiones
795 1015 860 1071 ad
889 1025 1088 1073 nostra:
1127 1017 1519 1073 dissertationis
1542 1018 1744 1074 calcem
1780 1024 2189 1089 reprazsentare.

593 1109 792 1166 Verum
821 1110 944 1182 quia
976 1127 1113 1168 unus
1143 1127 1172 1168 e
1202 1111 1472 1168 sodalibus
1517 1113 1714 1167 nostris
1736 1155 1750 1177 ,
1799 1113 1890 1184 qui
1925 1112 2192 1167 adornan-

591 1199 675 1257 dm
700 1203 938 1258 omnium
957 1202 1274 1259 Tertulliani
1303 1204 1562 1260 librorum
1587 1203 2076 1279 editionisedulam
2099 1204 2191 1259 dat

588 1310 809 1367 operam
832 1341 846 1365 ,
877 1299 1121 1368 poposcit
1163 1298 1302 1353 hanc
1343 1299 1442 1354 sibi
1481 1298 1809 1368 provinciam
1841 1297 2186 1366 demandari,

587 1389 915 1459 aequioribus
955 1389 1096 1445 illius
1135 1391 1273 1446 votis
1318 1389 1756 1446 satisfaciendum
1807 1405 1929 1446 csse
1976 1391 2190 1445 censui-

584 1500 729 1540 mus.
759 1484 840 1540 Ad
868 1486 1201 1556 propositum
1250 1485 1432 1556 itaque
1480 1494 1722 1540 nostrum
1767 1483 2016 1540 sufficere
2039 1483 2186 1538 arbi-

583 1585 797 1640 tramur
823 1581 1091 1649 praecipua
1113 1592 1176 1632 ac
1197 1586 1382 1632 notatu
1413 1576 1569 1647 digna
1602 1577 1653 1630 in
1689 1576 1788 1631 hac
1808 1575 2184 1631 dissertatione

585 1668 826 1725 indicare
856 1677 1106 1739 corrupta
1134 1709 1149 1735 ,
1183 1669 1506 1738 interpolata
1533 1711 1547 1735 ,
1575 1669 1753 1724 excisa
1781 1710 1796 1735 ,
1826 1678 1880 1723 et
1905 1669 2184 1723 immutata

582 1760 901 1816 Tertulliani
933 1762 1129 1828 verba;
1161 1773 1218 1815 ut
1244 1762 1359 1832 ejus
1400 1777 1573 1827 mens,
1626 1772 1679 1817 et
1724 1762 1989 1818 sententia
2015 1761 2186 1831 possit

580 1853 651 1908 ab
676 1852 927 1909 omnibus
953 1851 1164 1920 facilius
1195 1853 1443 1924 intelligi.

1204 2002 1496 2043 ARTICULUS
1537 2003 1592 2041 11.

635 2089 890 2161 Βεύανὶἱε
919 2103 1074 2175 hujus
1095 2103 1434 2174 Apologetici,
1465 2102 1783 2171 aliorumque
1810 2099 2113 2154 Tertulliani

1077 2194 1319 2248 librorum
1345 2193 1669 2246 editionibus.

573 2317 577 2320 ’
648 2310 822 2366 Pauca
852 2310 1095 2381 profecto
1122 2309 1367 2364 invenias
1393 2316 1634 2363 veterum
1668 2306 1919 2362 Ecclesia:
1957 2306 2174 2361 Patrum

574 2418 762 2475 opera,
785 2418 905 2474 qua:
925 2402 1125 2472 sacpius
1148 2401 1288 2473 typis
1317 2399 1564 2454 mandata
1587 2399 1714 2464 sint,
1739 2415 1896 2469 quam
1924 2398 2008 2454 hic
2034 2398 2180 2468 Apo-

573 2497 872 2568 logeticus,
920 2494 1149 2564 aliaeque
1179 2492 1496 2548 Tertulliani
1533 2490 1949 2545 lucubrationes.
1989 2487 2176 2560 Neque

569 2590 664 2647 ille
707 2589 868 2646 simul
896 2604 1017 2644 cum
1046 2587 1168 2643 istis
1197 2596 1424 2652 tantum,
1457 2585 1552 2640 sed
1581 2585 1808 2640 seorsim
1840 2599 2054 2655 quoque
2079 2599 2173 2654 pu-

569 2684 697 2741 blici
719 2682 856 2754 juris
887 2681 1062 2738 factus
1090 2691 1192 2737 est.
1216 2679 1349 2735 Nam
1381 2681 1428 2734 is
1449 2679 1594 2734 solus
1623 2693 1688 2733 ex
1719 2676 2174 2749 typographorum

570 2777 790 2835 officina
821 2776 1091 2848 publicam
1140 2776 1195 2830 in
1232 2776 1405 2830 lucem
1457 2772 1637 2829 studio
1678 2787 1742 2829 ac
1781 2789 1906 2829 cura
1949 2771 2173 2828 Joannis

569 2872 829 2943 Baptistae
854 2862 1067 2941 Egnatii
1089 2869 1274 2926 exivit.

641 2964 824 3020 Altera
855 2972 1035 3018 autem
1056 2961 1214 3032 hujus
1236 2960 1570 3032 Apologetici
1593 2959 1759 3016 editio
1781 2959 2005 3015 Lutetia:
2020 2958 2169 3014 Pari-

568 3055 778 3113 siorum
802 3055 938 3110 facta
968 3064 1052 3136 est
1075 3069 1220 3109 anno
1249 3053 1410 3118 1615,
1439 3051 1623 3108 labore
1646 3061 1698 3107 et
1720 3065 1886 3122 opera
1911 3049 2169 3105 Desiderii

568 3146 812 3212 lleraldi,
841 3144 933 3215 qui
961 3144 1037 3210 ei,
1080 3153 1137 3199 ut
1166 3159 1264 3199 suo
1296 3144 1416 3198 loco
1439 3141 1836 3208 aunotavimus,
1861 3140 1930 3196 M.
1955 3139 2170 3195 Minucii

2306 552 2501 622 logetic
2517 569 2630 620 um,
2660 552 2729 608 dc
2757 567 2864 623 quo
2896 568 3036 608 nunc
3063 552 3397 623 disputamus
3421 593 3436 618 ,
3460 549 3657 604 librum
3684 549 3902 617 attinet,

2297 643 2407 714 jam
2438 643 2920 700 animadvertimus
2964 644 3117 715 plura
3146 643 3213 699 ab
3242 642 3336 698 illo
3362 643 3414 698 in
3464 640 3689 697 africani
3729 641 3903 712 scrip-

2301 738 2433 793 toris
2455 738 2648 805 nostri,
2683 753 2780 809 pro
2809 738 2963 794 libito
2985 780 2998 806 ,
3034 739 3361 810 propriaque
3389 739 3713 793 auctoritate
3743 737 3904 792 variis

2299 831 2353 887 in
2382 832 2513 887 locis
2553 832 2830 887 immutata
2855 874 2872 902 ,
2905 831 3232 902 transposita
3258 873 3272 899 ,
3304 840 3465 904 atque
3492 832 3656 887 etiam
3690 831 3904 903 penitus

2296 926 2495 982 excisa.

2367 1016 2726 1088 Subsequenti
2749 1027 2927 1074 tamen
2953 1032 3095 1073 anno
3117 1016 3277 1085 1655,
3307 1019 3473 1074 altera
3501 1029 3623 1089 post
3647 1019 3896 1075 eumdem

2295 1108 2585 1179 Rigaltium
2637 1110 2806 1166 editio
2856 1110 3078 1165 Parisiis
3123 1126 3189 1166 ex
3232 1109 3688 1183 typographorum
3733 1112 3902 1167 exivit

2292 1202 2528 1259 officina.
2553 1204 2653 1272 Qui
2681 1219 2810 1260 vero
2838 1204 2917 1258 illi
2947 1205 3264 1275 praepositus
3286 1214 3391 1269 est,
3421 1205 3466 1260 is
3495 1204 3644 1259 nullo
3665 1206 3897 1276 amplius

2292 1297 2658 1366 manuscripto
2681 1295 2866 1352 codice
2894 1310 3044 1360 usus,
3074 1296 3241 1351 voluit
3271 1295 3465 1351 librum
3483 1296 3798 1351 Tertulliani
3831 1297 3898 1352 de

2291 1386 2466 1442 Pallio
2494 1397 2548 1442 et
2577 1388 2965 1459 Apologeticum
2985 1386 3052 1442 ad
3085 1387 3327 1454 Pamelii,
3352 1388 3584 1457 reliquos
3609 1401 3798 1442 omnes
3818 1387 3891 1441 ad

2290 1479 2508 1550 Rigaltii
2563 1495 2815 1536 numeros
2845 1479 3049 1535 recudi.
3097 1478 3296 1535 Verum
3347 1477 3674 1549 pracfatiouis
3701 1487 3892 1534 auctor

2289 1570 2342 1626 in
2389 1571 2491 1626 hoc
2533 1573 2693 1642 plane
2719 1573 2974 1640 aberrat,
3005 1572 3146 1642 quod
3178 1572 3350 1628 editos
3379 1572 3447 1626 ab
3471 1572 3699 1643 Rigaltio
3723 1573 3892 1628 libros

2289 1665 2352 1719 de
2391 1661 2566 1719 Pallio
2594 1673 2650 1720 et
2674 1663 3060 1736 Apologeticum
3115 1665 3193 1720 sic
3241 1664 3506 1734 perfectos
3551 1680 3674 1721 esse
3702 1664 3890 1720 existi-

2287 1766 2428 1821 met,
2462 1768 2519 1812 ut
2545 1756 2714 1812 videri
2747 1759 2954 1826 possint
3001 1758 3069 1812 ab
3117 1757 3209 1812 illo
3253 1757 3358 1812 luci
3399 1758 3626 1828 publica:
3657 1759 3890 1828 primum

2220 1859 2266 1917 Β
2294 1850 2499 1907 donati.
2529 1849 2662 1904 Nam
2708 1864 2776 1904 ex
2819 1849 2924 1916 his,
2970 1865 3089 1921 quae
3119 1850 3279 1921 paulo
3308 1859 3434 1905 ante
3469 1850 3805 1916 notavimus,
3837 1858 3894 1907 et

2284 1954 2470 2016 postea
2499 1948 2878 2003 annotabimus
2900 1986 2915 2009 ,
2948 1944 3069 2012 quis
3113 1959 3218 1999 non
3249 1942 3426 1998 videat
3456 1943 3599 1998 hunc
3625 1942 3820 1998 librum
3851 1957 3884 1996 a

2287 2036 2518 2108 Rigaltio
2538 2079 2552 2103 ,
2593 2037 2836 2108 pluribus
2862 2037 2915 2091 in
2957 2035 3091 2091 locis
3123 2036 3303 2105 potius
3330 2047 3643 2106 corruptum
3674 2035 3839 2090 fuisse
3866 2075 3882 2100 ,

2280 2145 2441 2200 quam
2471 2131 2850 2196 emendatum,
2882 2143 3023 2183 anno
3052 2126 3401 2182 nihilominus
3432 2127 3565 2182 1611
3602 2169 3616 2192 ,
3651 2135 3758 2182 tota
3788 2126 3878 2180 illa

2281 2221 2396 2292 ipsa
2436 2221 2601 2277 editio
2650 2221 2772 2276 talis
2813 2221 3007 2276 iterum
3054 2235 3084 2274 a
3135 2219 3484 2291 typographis
3537 2233 3733 2275 excusa
3771 2227 3875 2284 est,

2281 2313 2451 2385 qualis
2474 2314 2541 2370 ab
2571 2314 2760 2370 eodem
2791 2314 3022 2385 Rigaltio
3043 2312 3301 2368 adornata
3334 2313 3526 2369 fuerat.

2351 2406 2482 2473 Qua:
2505 2421 2664 2477 porro
2693 2407 2788 2461 has
2813 2406 3080 2461 editiones
3097 2415 3451 2476 exceperunt,
3481 2421 3559 2461 ea:
3585 2405 3653 2460 ad
3682 2403 3882 2460 nullius

2279 2500 2535 2569 deinceps
2563 2499 2916 2569 manuscripti
2946 2497 3146 2553 codicis
3165 2539 3178 2563 ,
3211 2497 3306 2554 sed
3335 2497 3648 2567 ltigaltiante
3677 2505 3885 2550 tantum

2277 2589 2436 2646 fidem
2496 2591 2768 2646 adornatm
2819 2600 2962 2646 sunt.
3016 2590 3263 2646 Priorem
3322 2607 3387 2645 ex
3447 2591 3512 2645 iis
3566 2590 3880 2661 procuravit

2278 2683 2542 2755 Georgius
2565 2684 2967 2750 Ambianensis,
2999 2683 3252 2739 minorita
3281 2684 3588 2754 capucinus.
3623 2682 3757 2738 Tres
3783 2697 3884 2737 au-

2279 2783 2385 2830 tem
2413 2791 2530 2831 eam
2559 2775 2740 2831 divisit
2770 2776 2822 2830 in
2850 2786 3044 2840 tomos,
3073 2790 3297 2846 quorum
3323 2775 3524 2845 primus
3547 2789 3687 2828 anno
3712 2771 3876 2838 1616,

2276 2869 2544 2925 secundus
2574 2885 2718 2924 anno
2745 2869 2905 2937 1648,
2939 2879 2992 2924 et
3027 2870 3216 2924 tertius
3247 2884 3387 2922 anno
3415 2868 3588 2936 1650,
3633 2869 3884 2940 divulga-

2275 2966 2363 3014 tus
2385 2960 2503 3014 fuit.
2537 2960 2803 3030 Insignem
2827 2975 2954 3014 vero
2976 2960 3203 3030 praefixit
3226 2961 3319 3013 toti
3343 2960 3494 3030 operi
3517 2962 3726 3017 titulum
3749 2961 3881 3017 Ter-

2275 3054 2481 3109 tulliani
2525 3054 2734 3112 redivivi
2759 3097 2774 3121 ,
2825 3053 3050 3126 perinde
3093 3068 3154 3108 ac
3200 3054 3244 3107 si
3287 3065 3497 3108 mortua
3525 3055 3879 3112 eruditissimi

2275 3144 2421 3200 illius
2459 3143 2686 3200 africani
2715 3159 2880 3214 opera
2921 3144 2988 3198 ad
3024 3144 3188 3198 vitam
3222 3156 3549 3200 revocasset.
3583 3146 3722 3201 Nihil
3755 3155 3894 3217 pro-'

563 3238 762 3296 Felicis
797 3236 1079 3294 Octavium
1110 3236 1388 3307 subjunin
1415 3233 1718 3305 (Disseruit.
1752 3235 1806 3287 in
1837 3231 2035 3288 Μὶηαε·
2069 3231 2171 3286 Οε-
2200 3245 2243 3307 C
2278 3239 2420 3295 feeto
2451 3253 2673 3294 necesse
2698 3249 2778 3293 est
2802 3248 3044 3293 nostrum
3067 3238 3133 3293 de
3155 3237 3255 3293 hac
3282 3239 3631 3309 inscriptione
3662 3250 3878 3310 totaque.

565 3343 668 3388 tav.
699 3348 818 3403 cap.
843 3331 1017 3398 2,art.
1049 3330 1129 3399 5).

636 3426 809 3480 Antea
854 3438 981 3479 vero
1003 3431 1058 3476 et
1100 3431 1286 3492 postea
1330 3420 1420 3475 ille
1449 3415 1830 3489 Apologeticus
1879 3418 2016 3474 liber
2044 3432 2167 3474 cum

564 3514 684 3571 aliis
711 3513 1026 3570 Tertulliani
1064 3513 1319 3583 operibus
1359 3520 1452 3566 aut
1493 3512 1735 3582 plurimis
1756 3554 1770 3578 ,
1799 3521 1890 3566 aut
1914 3511 2166 3567 omnibus

561 3607 795 3678 publica:
822 3606 930 3661 luci
957 3605 1115 3661 datus
1144 3605 1262 3659 fuit.
1297 3605 1603 3674 Przccipuas
1630 3615 1809 3660 autem
1835 3619 2022 3660 eorum
2053 3604 2166 3660 edi-

563 3700 738 3755 tiones
767 3708 826 3752 ut
849 3698 1086 3754 breviter
1113 3712 1515 3761 rcccnscamus,
1549 3697 1723 3765 primo
1771 3696 1987 3766 quidem
2021 3697 2160 3752 Bea-

561 3802 652 3847 tus
676 3789 968 3845 Rhenanus
989 3788 1079 3843 illa
1098 3787 1324 3843 Basilem
1353 3803 1496 3842 anno
1515 3789 1678 3855 15'21,
1710 3803 1774 3843 ac
1796 3787 1994 3844 deinde
2018 3803 2160 3844 anno

564 3881 732 3948 1528,
761 3881 904 3951 typis
946 3879 1137 3936 excudi
1163 3878 1388 3933 curavit.
1423 3879 1500 3933 Ex
1523 3879 1606 3933 his
1630 3890 1807 3935 autem
1834 3879 2164 3936 editionibus

559 3972 682 4027 alia:
704 3972 862 4026 annis
890 3970 1030 4026 1525
1055 4012 1069 4037 ,
1103 3969 1242 4025 1556
1269 4010 1283 4034 ,
1314 3979 1367 4024 et
1395 3970 1534 4025 1558
1555 4009 1572 4036 ,
1601 3969 1789 4026 codem
1819 3971 1973 4041 plane
2000 3972 2162 4028 modo

561 4064 848 4135 divulgata:
875 4073 1031 4129 sunt;
1063 4062 1166 4116 alia
1189 4077 1316 4117 vero
1339 4077 1481 4117 anno
1506 4063 1664 4128 1562,
1692 4065 1835 4119 euris
1855 4062 2157 4135 Sigismun-

561 4154 618 4210 di
645 4155 852 4210 Gelenii
873 4155 927 4210 in
959 4155 1146 4225 vulgus
1169 4153 1416 4224 prodivit.
1445 4154 1579 4208 Tum
1607 4154 1798 4210 deinde
1826 4166 1966 4210 anno
1997 4154 2156 4221 1580,

563 4247 726 4302 aliam
757 4247 999 4302 Renatus
1027 4247 1347 4303 Laurentius
1376 4247 1441 4302 de
1462 4248 1510 4302 la
1537 4248 1702 4304 Barre
1733 4249 1885 4304 nobis
1912 4264 2159 4319 procura-

558 4340 659 4408 vit,
690 4353 795 4410 qua
821 4337 1140 4394 Tertulliani
1163 4339 1646 4396 commentationes
1667 4350 1931 4408 veterum,
1960 4351 2016 4396 ut
2042 4343 2156 4411 ipse

558 4433 654 4496 ait,
709 4443 766 4488 et
816 4433 1182 4488 recentiorum
1213 4433 1597 4504 exemplarium
1642 4434 1927 4490 collatione
1963 4450 2151 4490 emen-

558 4524 698 4579 datae
743 4524 977 4581 fuerunt.
1024 4523 1178 4580 Nulla
1220 4535 1396 4580 autem
1448 4524 1638 4580 horum
1689 4526 1948 4582 librorum
1989 4527 2154 4583 editio

556 4616 912 4687 multiplicata
935 4617 1105 4689 magis
1127 4615 1226 4671 fuit
1253 4659 1265 4681 ,
1299 4632 1457 4686 quam
1488 4617 1575 4671 illa
1600 4658 1614 4685 ,
1659 4633 1777 4688 quae
1805 4628 2027 4674 curante
2055 4618 2152 4674 Jav
2180 4639 2236 4699 D

556 4709 699 4764 cobo
726 4708 986 4775 Pamelio,
1010 4709 1164 4764 annis
1193 4707 1356 4775 1579,
1387 4709 1649 4777 publicam
1674 4709 1727 4763 in
1759 4711 1931 4765 lucem
1959 4711 2155 4766 emissa

557 4807 663 4855 est.
693 4798 825 4854 Nam
857 4815 918 4856 ea
949 4815 1134 4855 rursus
1173 4800 1329 4854 annis
1360 4799 1521 4867 1579,
1572 4799 1735 4867 1581,
1783 4801 1945 4869 1596,
1991 4801 2153 4866 1597,

551 4889 720 4957 1599,
749 4890 915 4956 1608,
948 4892 1112 4956 1616,
1147 4890 1308 4957 1627,
1343 4889 1502 4956 1658,
1538 4889 1673 4946 1662
1698 4900 1751 4946 et
1790 4891 1926 4948 1664
1949 4935 1962 4962 ,
1993 4895 2156 4950 variis

556 4996 749 5039 recusa
776 4983 874 5039 luit
901 4983 952 5038 in
980 4982 1210 5053 EurOpa:
1239 4983 1481 5038 urbibus.

625 5074 897 5141 Praeterea
937 5073 1245 5130 Ludovicus
1269 5073 1337 5129 de
1381 5074 1429 5128 la
1461 5073 1668 5141 Cerda,
1700 5076 1985 5146 primarius
2013 5079 2154 5150 apud

552 5164 673 5222 RB.
707 5183 738 5222 e
767 5167 1026 5223 societate
1045 5165 1175 5222 Jesu
1209 5165 1395 5222 Patres
1418 5167 1703 5238 theologia:
1721 5168 1995 5240 professor
2015 5187 2154 5227 novo

549 5257 760 5325 labore,
780 5259 1044 5328 novisque
1067 5258 1213 5314 curis
1237 5258 1492 5328 pleraque
1523 5259 1817 5331 publicavit
1841 5261 2152 5320 Tertulliani

547 5365 714 5422 opera
746 5368 760 5406 :
791 5351 888 5406 sed
919 5366 983 5407 ea
1015 5351 1322 5423 praesertim
1346 5353 1546 5418 omisit,
1581 5369 1698 5424 quae
1730 5351 1799 5408 ab
1829 5355 1920 5410 illo
1956 5355 2151 5413 adver-

543 5458 640 5498 sus
656 5442 1006 5512 Marcionem,
1033 5453 1086 5499 et
1105 5443 1423 5499 catholicam
1451 5443 1745 5502 Ecclesium
1773 5448 1975 5519 scripta
1996 5459 2141 5506 sunt.

543 5534 764 5592 Duobus
783 5544 962 5592 tamen
983 5537 1144 5591 tomis
1167 5550 1229 5592 ea
1251 5537 1563 5606 complexus
1580 5547 1683 5606 cst,
1708 5540 1795 5610 qui
1815 5555 1956 5597 anno
1978 5543 2139 5610 16:24,

539 5630 704 5700 1650,
730 5645 794 5686 ac
819 5631 955 5686 1641
991 5646 1022 5686 e
1048 5630 1214 5702 prtelo
1241 5631 1506 5685 exierunt.

610 5722 769 5776 Anno
811 5730 990 5776 autem
1030 5722 1191 5786 1631,
1231 5722 1481 5778 Nicolaus
1509 5722 1768 5794 Rigaltius
1795 5728 1973 5783 omnia
1998 5744 2136 5801 quo—

532 5818 649 5874 que
672 5809 994 5866 Tertulliani
1022 5826 1184 5879 opera
1202 5853 1218 5881 ,
1254 5828 1359 5868 uno
1386 5821 1530 5870 tumo
1555 5818 1965 5888 comprehensa,
1994 5837 2133 5877 novo

2274 3335 2511 3393 editione
2556 3337 2899 3404 interponere
2944 3333 3243 3403 judicium;
3298 3333 3729 3404 quandoquidem
3783 3335 3874 3390 alii

2271 3444 2432 3500 quam
2461 3427 2675 3498 plurimi
2704 3443 2859 3482 suum
2883 3469 2898 3494 ,
2932 3441 3030 3482 nec
3057 3425 3184 3481 illud
3215 3426 3432 3496 quidem
3464 3428 3618 3482 Valde
3647 3427 3870 3484 honori-

2271 3519 2427 3576 ficum
2469 3519 2668 3574 affatim
2719 3521 2973 3574 tulerunt.
3021 3518 3250 3587 Quidam
3306 3531 3484 3575 tamen
3534 3520 3730 3576 eruditi
3774 3520 3874 3575 viri

2269 3614 2423 3685 plura
2450 3629 2579 3669 sane
2611 3614 2662 3668 in
2695 3629 2756 3669 ea
2798 3612 3044 3667 laudibus
3089 3611 3229 3667 haud
3276 3612 3571 3680 immerito,
3600 3614 3674 3668 uti
3706 3613 3872 3683 paulo

2269 3715 2390 3778 post
2414 3706 2642 3772 dicetur,
2671 3705 2831 3776 digna
2855 3703 3124 3775 judicant.

2336 3821 2599 3878 Secundae
2627 3819 2840 3875 tandem
2885 3829 3006 3890 post
3055 3819 3339 3891 Rigaltium
3370 3822 3605 3877 omnium
3636 3821 3864 3878 Tertul-

2265 3911 2388 3967 liani
2415 3927 2639 3981 Operum
2664 3910 2886 3966 editioni
2941 3911 3150 3982 praefuit
3188 3912 3459 3982 Philippus
3489 3913 3747 3979 Priorius,
3772 3916 3870 3987 qui

2263 4005 2409 4060 illam
2428 4019 2571 4058 anno
2591 4003 2750 4068 1664,
2767 4005 3012 4060 absolvit.
3035 4005 3140 4061 Sed
3165 4006 3296 4060 nihil
3315 4008 3364 4062 ei
3386 4006 3453 4061 de
3479 4023 3618 4063 novo
3634 4008 3862 4078 addidit,

2263 4096 2371 4150 nisi
2395 4097 2612 4151 brevem
2641 4095 2708 4151 de
2733 4096 3045 4152 Tertulliani
3078 4101 3184 4154 vita
3207 4111 3261 4154 et
3291 4101 3467 4156 nmvis
3493 4101 3869 4158 dissertatiuno

2262 4186 2457 4255 culam,
2479 4202 2578 4242 nec
2603 4187 2956 4259 interruptum
2987 4192 3288 4261 importuna
3309 4204 3552 4250 notarum
3573 4197 3713 4252 mole
3748 4207 3868 4254 tex-

2265 4285 2398 4348 tum,
2423 4295 2697 4352 novosque
2728 4283 3181 4354 typographorum
3214 4301 3447 4344 errores.

2858 4461 3156 4502 ARTICULUS
3195 4464 3272 4503 111.

2334 4579 2412 4635 De
2439 4582 2695 4636 variorum
2719 4582 2774 4636 in
2803 4581 3109 4639 Tertulliani
3140 4587 3525 4660 Apologeticum
3555 4591 3784 4662 scltolt'is,

2478 4674 2898 4743 paraphrasibus,
2931 4677 3088 4744 notis,
3116 4687 3163 4732 et
3193 4681 3646 4740 observationibus.

2331 4809 2520 4866 Plures
2532 4825 2662 4866 sane
2675 4812 3425 4886 variapruditionecormpicui
3452 4819 3862 4892 scriptores,qui

2260 4901 2312 4955 in
2341 4899 2565 4956 edendis
2591 4900 2910 4956 Tertulliani
2943 4903 3094 4957 libris
3116 4919 3299 4960 curam
3329 4907 3732 4977 impenderunt,
3770 4919 3863 4966 aut

2257 4992 2399 5047 aliud
2429 4991 2630 5062 aliquid
2651 4992 2898 5063 agebant,
2929 4995 3104 5049 conati
3130 5005 3255 5051 sunt
3284 4997 3619 5067 obscuriora,
3651 5008 3744 5055 aut
3769 5017 3864 5057 no-

2265 5094 2377 5142 tatu
2404 5089 2578 5159 magis
2602 5089 2762 5162 digna
2791 5092 3128 5164 Apologctiei
3161 5095 3300 5152 illius
3331 5097 3448 5151 libri
3473 5096 3587 5152 loca
3614 5099 3727 5152 suis
3757 5098 3860 5153 ob-

2257 5183 2676 5250 servationibus,
2704 5184 2948 5252 scholiis,
2976 5188 3416 5259 paraphrasibus,
3444 5199 3498 5246 et
3517 5199 3857 5246 commenta-

2257 5275 2354 5330 riis
2371 5284 2464 5330 aut
2489 5276 2778 5346 explicare,
2803 5287 2857 5333 ct
2879 5279 3170 5348 illustrare,
3191 5291 3282 5336 aut
3302 5281 3642 5339 confirmare.
3671 5283 3858 5339 Primo

2253 5377 2432 5424 autem
2458 5369 2656 5426 Beatus
2683 5370 2979 5427 Rhenanus
3019 5373 3145 5429 huic
3175 5374 3334 5444 libro,
3366 5391 3397 5431 a
3423 5391 3483 5433 se
3513 5376 3677 5444 edito,
3711 5392 3855 5447 pra:-

2249 5458 2364 5516 ﬁxit
2413 5472 2808 5532 argumentum,
2838 5462 2932 5520 sed
2978 5466 3135 5536 longe
3163 5481 3324 5537 quam
3355 5483 3450 5538 par
3478 5468 3850 5525 eratbrevius.

2247 5549 2446 5607 Verum
2479 5551 2618 5609 hanc
2647 5555 2964 5613 brevitatem
2989 5558 3224 5630 suppleri
3253 5574 3414 5630 posse
3448 5562 3688 5631 putavit,
3715 5561 3840 5617 sub-

2244 5640 2406 5714 jectis
2427 5646 2579 5701 novis
2599 5647 2857 5716 capitum,
2886 5657 2946 5703 ut
2967 5649 3136 5716 aiunt,
3156 5652 3487 5722 summariis,
3510 5653 3707 5724 quibus
3723 5652 3844 5721 alia,

2243 5734 2301 5791 in
2362 5741 2742 5811 manuscriptis
2784 5742 3044 5813 exhibita,
3097 5745 3391 5802 emendare
3438 5748 3703 5802 connixus
3744 5749 3846 5802 est.

2241 5828 2324 5890 Ad
2356 5829 2470 5887 haec
2494 5849 2646 5903 vero,
2692 5835 2744 5892 in
2791 5836 3008 5907 eodem,
3031 5839 3132 5897 etsi
3160 5839 3508 5911 brevissimo,
3539 5842 3661 5899 libri
3689 5840 3851 5910 hujus
