4240 6262
402 284 511 341 755

1516 236 1973 338 υιδδῐιέιιτΑτιο
2013 279 2075 336 n.
2118 282 2206 338 LE
2241 282 2549 340 mounnv.

3605 293 3709 353 754

402 403 728 469 argumento
760 394 981 451 tentavit
1019 393 1359 465 paucissimis
1387 393 1706 465 quibusdam
1754 393 2081 455 obscurisA
2105 395 2346 468 aliosque
2374 397 2688 454 Tertulliani
2728 398 2892 457 libros
2917 404 3310 461 annotationes.
3340 405 3456 463 Non
3481 407 3703 468 minima

400 494 519 564 ejus
549 491 680 546 locis
708 490 883 545 lucem
904 489 1137 559 aliquam
1168 488 1447 559 praeferre.

474 583 718 641 Posthmc
745 597 872 638 vero
903 581 1224 637 Franciscus
1252 580 1533 654 Zephyrus
1557 622 1572 646 ,
1599 595 1720 636 cum
1763 566 2005 636 animad-

400 678 650 734 vertisset
675 683 888 746 quanta:
920 673 1162 728 utilitatis
1194 673 1280 729 hic
1306 673 1442 729 liber
1461 673 1713 729 omnibus
1735 687 1857 730 esse
1880 687 2004 743 pos-

400 771 507 836 sit,
561 783 625 824 ac
673 783 742 823 ne
780 766 1008 822 studiosi
1058 765 1432 822 adolescentes
1477 775 1694 838 propter
1739 767 2003 823 sermonis

400 862 777 919 obscuritatem
804 901 819 928 ,
872 869 1266 931 cor-ruptosque
1296 860 1637 915 librariorum
1670 862 1871 915 incuria
1919 861 2001 916 lo-

398 968 521 1020 cos,
548 954 615 1009 ab
644 953 762 1024 ejus
789 952 1023 1008 lectione
1051 951 1476 1018 deterrerentur,
1507 952 1675 1022 ipsius
1703 954 2003 1022 composuit

397 1045 669 1115 ediditque
697 1044 1087 1116 paraphrasim.
1125 1044 1180 1098 In
1212 1059 1273 1099 ea
1304 1055 1507 1112 autem,
1537 1060 1657 1116 qua:
1681 1044 1846 1100 textui
1876 1043 2002 1100 Ter-

400 1138 604 1193 tulliani
636 1129 1055 1209 minus'quidem
1095 1131 1379 1194 commode
1406 1139 1822 1205 intermiscetur,
1848 1139 2001 1208 plura

396 1233 510 1288 loca
546 1228 820 1287 intellectu
846 1230 1086 1287 difficilia
1115 1230 1409 1301 explanare
1431 1272 1445 1295 ,
1474 1226 1544 1286 ac
1560 1228 1711 1286 varia
1728 1230 1998 1286 obcurita-

395 1326 462 1380 tis
490 1324 873 1397 impedimenta
921 1339 1199 1381 removere
1229 1325 1467 1380 molitur.
1502 1322 1660 1379 Tanti
1691 1339 1852 1395 porro
1895 1326 1996 1380 Pa-

354 1416 363 1421 ’
394 1419 590 1474 melius
618 1417 756 1472 hanc
788 1416 1153 1487 paraphrasim
1183 1416 1469 1472 mstimavit
1491 1458 1506 1485 ,
1536 1426 1593 1471 ut
1619 1416 1765 1472 illam
1795 1418 1848 1472 in
1874 1433 1996 1472 eum

393 1511 587 1581 plane,
639 1523 745 1579 quo
797 1507 849 1561 in
913 1508 1191 1578 superiore
1238 1506 1509 1572 editione,
1564 1506 1782 1562 modum
1830 1507 1998 1563 textui

392 1603 648 1659 Auctoris
678 1602 851 1658 nostri
878 1600 1148 1656 censuerit
1182 1599 1543 1655 inserendam.

462 1695 846 1749 Verumtamen
867 1693 982 1746 hzec
1006 1691 1119 1762 ipsa
1146 1690 1214 1745 ab
1240 1691 1378 1754 aliis,
1408 1691 1496 1761 qui
1515 1691 1679 1746 variis
1700 1690 1857 1762 hujus
1875 1692 2002 1753 libri

2106 489 2304 559 quippe
2327 529 2344 556 ,
2375 491 2452 546 uti
2498 490 2688 557 aiunt,’
2718 502 3149 565 consperguntur
3172 510 3324 553 sacra
3374 499 3707 575 profanaque

2107 576 2410 636 eruditione
2428 622 2443 646 ,
2472 596 2591 651 qua:
2618 583 2911 638 lectoribus
2937 584 3194 654 prodesse
3224 597 3422 658 potest.
3454 590 3562 647 Sed
3599 592 3704 649 hoc

2106 671 2159 726 in
2187 672 2266 727 eis
2290 673 2546 743 culpant,
2575 675 2717 746 quod
2746 676 3017 731 Pamelius
3040 693 3070 731 a
3100 680 3378 750 proposito
3402 684 3599 753 sapius
3621 686 3703 743 di-

2104 763 2398 833 grediatur,
2440 764 2594 835 plura
2623 767 2957 837 congesserit
3000 767 3209 825 inutilia
3231 812 3248 838 ,
3284 780 3339 828 et
3384 772 3661 845 interiecta
3684 819 3700 844 ,

2104 855 2259 910 sicuti
2312 855 2547 937 diximus
2579 898 2595 923 ,
2648 857 2882 930 Zephyri
2946 859 3302 931 paraphrasi,
3360 863 3705 937 interruperit

2105 947 2416 1003 Tertulliani
2442 957 2666 1016 textum,
2686 964 2845 1021 quem
2860 950 3091 1007 debebat
3115 953 3169 1007 in
3192 952 3295 1009 hoc
3308 962 3364 1011 et
3377 955 3497 1012 aliis
3515 956 3691 1023 libris.

2104 1039 2385 1095 meliorum
2411 1040 2656 1096 codicum
2680 1056 2801 1112 0pc,
2837 1042 3107 1113 pristinae,
3137 1044 3181 1100 si
3204 1043 3323 1102 ﬁeri
3343 1048 3597 1120 potuerit,
3622 1065 3703 1107 re-

2103 1131 2325 1187 stituere
2353 1131 2663 1203 integritati.
2971 1190 2979 1198 ,

2175 1223 2439 1296 Rigaltius
2468 1225 2645 1295 itaque
2679 1225 2745 1281 iis
2790 1226 3041 1283 omnibus
3067 1230 3263 1298 spretis
3295 1239 3521 1304 postque
3534 1233 3699 1291 habi-

2104 1316 2208 1383 tis,
2254 1331 2420 1371 novas
2462 1318 2677 1387 scripsit
2723 1317 2775 1372 in
2819 1318 2961 1374 hunc
3001 1320 3444 1392 Apologelicum,
3485 1325 3701 1398 aliaque

2102 1408 2415 1464 Tertulliani
2468 1408 2644 1478 Opera
2699 1418 2851 1465 notas
2914 1421 2967 1466 et
3020 1412 3444 1471 observationes.
3496 1416 3699 1475 Verum

2102 1504 2354 1590 quoniam
2382 1504 2641 1574 plurimas
2659 1546 2674 1569 ,
2696 1504 2766 1559 ab
2793 1506 3015 1562 eruditis
3057 1506 3363 1565 hominibus
3389 1511 3657 1582 profectas
3678 1556 3696 1583 ,

2103 1597 2245 1654 haud
2294 1598 2488 1653 merito
2528 1612 2754 1670 prorsus
2802 1599 2924 1669 jure
2972 1602 3351 1670 praetermisit,
3421 1604 3528 1660 illa:
3575 1614 3699 1663 rur-

2103 1705 2198 1746 sus
2255 1690 2451 1761 publici
2476 1690 2615 1761 juris
2645 1689 2800 1746 factze
2830 1699 2956 1746 sunt
2995 1692 3048 1746 in
3082 1708 3187 1748 uno
3232 1694 3507 1752 volumine
3551 1699 3695 1768 quod

391 1783 714 1842 editionibus
765 1782 958 1854 deinde
1009 1781 1282 1854 praepositi
1318 1791 1489 1850 sunt,
1537 1792 1700 1853 atque
1730 1785 1991 1855 imprimis
2021 1786 2239 1847 Banno
2302 1779 2496 1846 1635,
2571 1781 2774 1837 editum
2851 1792 2955 1839 est.
3001 1782 3257 1840 Collectaa
3324 1797 3506 1843 autem
3580 1788 3695 1847 fue-

391 1876 663 1933 Ludovico
689 1877 738 1932 la
760 1874 933 1932 Cerda
974 1875 1131 1945 plane
1155 1875 1475 1948 penitusque
1524 1877 1721 1947 rejecta
1769 1888 1872 1932 est.
1924 1881 1995 1934 At

393 1968 582 2025 doctus
607 1969 710 2025 iste
747 1967 856 2035 vir,
887 1983 955 2022 ne
992 1968 1114 2038 quis
1140 1966 1207 2022 de
1252 1966 1351 2022 hac
1397 1968 1692 2025 emissione
1737 1971 1993 2039 conqueri

395 2076 626 2132 unquam
679 2068 896 2131 posset,
958 2074 1151 2114 novam
1197 2059 1366 2114 edidit
1426 2068 1603 2115 textus
1649 2059 1991 2116 Tertullianei

395 2153 908 2225 interpretationem.
937 2149 1174 2223 Singulis
1201 2165 1420 2221 quoque
1452 2151 1717 2222 capitibus
1767 2153 1992 2221 subjecit

396 2256 552 2301 notas
579 2259 705 2301 suas
728 2286 743 2310 ,
776 2244 970 2315 quibus
995 2286 1009 2311 ,
1039 2243 1172 2299 alias
1200 2242 1357 2298 laude
1386 2243 1596 2314 dignis,
1627 2243 1767 2299 idem
1795 2252 1987 2309 textus,

393 2354 500 2393 non
532 2338 637 2393 fine
666 2338 961 2407 interrupta
1015 2335 1229 2391 lectoris
1263 2334 1557 2389 attentione
1588 2336 1687 2405 legi
1730 2334 1868 2390 haud
1917 2335 1993 2391 fa-

396 2432 500 2487 cile
530 2440 720 2501 potest.
763 2430 869 2486 Sed
900 2429 1082 2500 plures
1122 2429 1282 2482 etiam
1316 2408 1748 2496 cxposmlant'de
1785 2427 1991 2482 inutili-

394 2524 495 2580 bus
520 2521 830 2591 quibusdam
866 2537 929 2577 ac
958 2518 1289 2590 longioribus
1320 2518 1460 2573 notis
1482 2560 1495 2580 ,
1529 2528 1693 2588 atque
1732 2534 1761 2573 a
1794 2518 1988 2574 Tertu-

394 2617 519 2672 liani
541 2616 816 2687 proposito
842 2613 1032 2670 alienis
1059 2611 1504 2682 digressionibus.
1536 2612 1617 2665 Ab
1643 2609 1762 2665 aliis
1790 2610 1987 2664 nihilo-

393 2709 569 2764 minus
602 2706 885 2761 laudantur
905 2748 920 2771 ,
963 2704 1282 2773 czcterisque
1305 2710 1704 2772 anteponuntur
1728 2700 1989 2762 hactenus

392 2801 570 2858 editis.
612 2799 671 2854 ιιι
722 2799 807 2854 bis
837 2799 1014 2868 itaque
1041 2795 1170 2851 illud
1201 2794 1459 2849 duntaxat
1484 2792 1821 2857 desiderant,
1844 2791 1988 2862 quod

392 2903 591 2949 textum
618 2890 931 2963 Tertulliani
962 2888 1029 2944 ad
1059 2887 1450 2956 manuscriptos
1474 2885 1684 2940 codices
1714 2888 1821 2938 n’on
1865 2887 1987 2938 cas-

393 2985 669 3057 tigaverit;
699 2981 841 3053 quod
872 2981 1048 3036 omnia
1072 2979 1213 3035 illius
1242 2992 1404 3049 Opera
1446 2992 1554 3031 non
1593 2975 1944 3047 publicaverit
1969 2991 1985 3041 ;

390 3079 530 3150 quod
564 3094 660 3150 pro
697 3092 794 3133 sua
839 3075 1143 3132 eruditione
1173 3088 1280 3127 non
1320 3071 1668 3143 explicaverit
1705 3080 1756 3125 et
1782 3069 1985 3125 confir-

2096 1883 2220 1931 runt
2248 1889 2313 1930 ex
2345 1873 2620 1940 Pamelio,
2644 1873 2837 1929 Latino
2882 1874 3090 1931 Latinio
3111 1915 3125 1936 .
3168 1876 3335 1933 Beato
3378 1878 3641 1938 Rhenano
3674 1923 3690 1947 ,

2094 1965 2301 2022 Joanne
2364 1965 2667 2033 Mercerio,
2718 1965 3001 2022 Edmondo
3058 1966 3349 2037 Richerio,
3409 1969 3696 2029 Theodoro

2098 2056 2363 2121 Marcilio,
2391 2057 2598 2114 Joanne
2647 2058 2944 2125 Wowerio,
2975 2068 3029 2116 et
3070 2058 3322 2118 Gabriele
3350 2060 3695 2135 AlbaSpinteo

2068 2196 2071 2197 ν
2096 2152 2558 2207 Aurelianensium
2580 2152 2867 2224 Episcopo.

2166 2244 2488 2301 Persuasum
2520 2255 2699 2301 autem
2728 2245 2925 2302 eruditi
2974 2246 3194 2317 quidam
3240 2248 3338 2303 viri
3388 2247 3695 2305 habuerunt

2094 2337 2197 2393 hoc
2225 2337 2501 2394 volumine
2529 2337 2816 2409 divulgata:
2865 2353 2894 2392 a
2943 2337 3177 2409 Rigaltio
3217 2354 3441 2412 operum
3473 2341 3692 2399 Tertul-

2095 2430 2222 2486 liani
2251 2430 2470 2487 editioni
2507 2431 2827 2501 conjuncto,
2864 2431 3003 2486 hanc
3041 2434 3253 2489 cmteris
3292 2433 3541 2490 omnibus
3572 2434 3688 2492 fore

2093 2521 2491 2595 perfectiorem.
2520 2522 2625 2579 Sed
2666 2536 3024 2595 prasterquam
3051 2524 3193 2595 quod
3234 2525 3288 2580 in
3329 2525 3424 2582 illo
3446 2535 3691 2582 notarum

2091 2617 2363 2674 volumine
2389 2617 2708 2673 omittuntur
2752 2590 3019 2684 aliorum,
3047 2619 3204 2674 sicuti
3255 2618 3306 2673 la
3346 2618 3538 2674 Cerdae
3582 2633 3691 2675 non

2091 2711 2269 2767 minus
2295 2712 2454 2766 utiles
2480 2720 2621 2767 noun
2641 2753 2655 2777 ,
2686 2720 2737 2765 et
2763 2710 3185 2782 explicationes;
3217 2710 3363 2782 quid,
3394 2711 3588 2766 amabo
3611 2721 3684 2777 te,

2090 2803 2413 2870 sperandum
2431 2803 2499 2859 de
2514 2802 2764 2874 Rigaltio,
2781 2805 2869 2874 qui
2887 2803 2951 2857 ad
2969 2801 3359 2858 emendandum
3372 2801 3687 2859 Tertulliani

2091 2903 2314 2961 textum,
2340 2908 2438 2950 nec
2459 2894 2623 2963 ipsos,
2645 2894 2796 2949 sicuti
2814 2893 3185 2964 diximuert.
3202 2894 3401 2969 super.)
3423 2910 3558 2967 quos
3580 2910 3690 2966 pra:

2091 2987 2338 3041 manibus
2370 2986 2614 3050 habebat,
2650 3000 2748 3041 nec
2777 2987 2914 3042 alios
2941 2988 3336 3058 manuscriptos
3363 2988 3578 3045 codices
3599 2997 3690 3044 aut

2089 3076 2301 3148 legere,
2327 3087 2418 3131 aut
2445 3077 2595 3147 sequi
2623 3077 2870 3131 curavit?
2920 3078 3120 3133 Deinde
3159 3093 3287 3134 vero
3318 3093 3425 3133 non
3465 3080 3687 3135 minima

389 3172 615 3228 maverit
663 3169 856 3225 tradita
901 3168 969 3222 ab
1017 3181 1084 3223 eo
1127 3164 1435 3222 christian
1489 3162 1764 3234 religionis
1813 3160 1983 3217 ἀθω-
2010 3170 2056 3234 C
2089 3170 2302 3240 quidem
2334 3169 2386 3224 in
2424 3169 2563 3225 notis
2610 3172 2722 3229 suis
2764 3169 3064 3225 scribendis
3114 3169 3212 3225 fuit
3254 3171 3396 3226 illius
3424 3171 3642 3227 audacia
3668 3212 3686 3235 ,

390 3273 589 3320 menta.

464 3357 547 3412 Ab
576 3354 808 3411 Heraldo
836 3362 1010 3408 autem
1033 3392 1048 3420 ,
1078 3359 1201 3423 post
1231 3349 1430 3406 editum
1462 3361 1492 3401 a
1521 3361 1580 3403 se
1598 3346 1740 3402 hunc
1768 3344 1982 3402 Tertul-

394 3450 518 3505 liani
549 3448 948 3520 Apologcticum
978 3488 994 3513 ,
1054 3445 1294 3516 adjectus
1342 3451 1425 3499 est
1463 3442 1586 3497 liber
1610 3482 1626 3506 ,
1675 3442 1762 3496 ubi
1803 3441 1870 3496 ab
1918 3454 1984 3495 eo

389 3551 612 3596 vocatur
635 3539 1059 3604 commentarius,
1086 3550 1245 3608 quem
1283 3535 1427 3590 notis
1453 3542 1656 3588 tantum
1682 3573 1696 3597 ,
1729 3548 1759 3587 a
1796 3546 1856 3587 se
1902 3531 1984 3585 in-

389 3633 559 3689 vicem
592 3632 745 3702 plane
772 3630 1049 3702 disjunctis
1070 3672 1085 3695 ,
1118 3627 1443 3698 composuit.
1472 3625 1550 3681 Ne
1587 3639 1715 3680 vero
1741 3626 1792 3678 in
1825 3623 1930 3678 illis
1950 3636 1982 3678 a
2045 3676 2051 3691 ,

387 3727 700 3784 Tertulliani
732 3726 1009 3797 proposito
1026 3723 1233 3793 longius
1263 3728 1596 3785 excurreret,
1620 3718 1757 3774 duos
1773 3716 1821 3773 ei
1849 3716 1981 3772 sub-

383 3819 969 3892 junxitdigressiouum
999 3817 1202 3880 libros,
1235 3814 1427 3884 quibus
1471 3810 1707 3867 difficilia
1752 3819 1808 3866 et
1845 3809 1983 3864 sale-

387 3913 542 3969 brosa
573 3913 689 3984 ejus
718 3913 831 3967 loca
860 3909 1203 3980 complanare
1232 3907 1439 3961 nititur.
1468 3905 1524 3959 In
1559 3904 1641 3959 his
1663 3911 1840 3959 autem
1867 3918 1981 3957 om-

386 4008 541 4064 nibus
574 4004 1008 4077 deprehenditur
1049 4001 1268 4072 profana
1318 3999 1556 4054 auctoris
1580 3996 1813 4052 eruditio
1836 4038 1851 4062 ,
1884 3997 1981 4051 sed

385 4116 657 4157 sacrorum
698 4107 753 4157 ct
779 4097 1151 4153 obscuriorum
1178 4094 1490 4149 christiana:
1532 4090 1806 4161 religionis
1851 4088 1981 4159 dog-

386 4205 626 4259 matnm,
681 4210 711 4249 a
768 4191 1101 4248 Tertulliano
1160 4187 1515 4256 traditarum,
1569 4182 1981 4253 explicationem

384 4288 581 4343 frustra
620 4285 886 4357 requiras.
934 4283 1091 4337 l‘lura
1124 4293 1335 4351 quoque
1363 4277 1464 4331 alia
1495 4275 1711 4345 reliquit
1739 4275 1935 4329 intacta
1961 4314 1977 4338 ,

384 4394 503 4450 qua:
525 4378 879 4448 explicatione
907 4384 963 4430 et
984 4370 1393 4429 confirmatione
1432 4369 1618 4439 procul
1656 4367 1819 4423 dubio
1845 4365 1982 4421 indi-

345 4506 354 4518 α
385 4471 606 4542 gehant.

2088 3277 2247 3333 quam
2274 3260 2328 3316 in
2374 3259 2687 3331 prmfatione
2739 3276 2832 3315 sua
2878 3276 3139 3317 excusare
3183 3270 3402 3317 coactus
3445 3271 3545 3317 cst.
3578 3262 3684 3319 Sed

2089 3368 2287 3425 paucos
2334 3352 2622 3408 admodum
2649 3354 2890 3409 invenias
2916 3396 2931 3422 ,
2975 3353 3167 3424 quibus
3216 3356 3438 3409 omnino
3464 3364 3686 3426 accepta

2087 3445 2157 3501 sit
2186 3444 2329 3500 illius
2352 3444 2649 3500 excusatio.
3366 3490 3371 3495 ,

2158 3534 2334 3591 Minus
2362 3536 2577 3606 quidem
2605 3536 2908 3592 temeraria:
2932 3544 3078 3604 sunt,
3110 3536 3203 3592 sed
3234 3551 3340 3593 non
3369 3538 3541 3609 magis
3562 3553 3686 3609 pro-

2088 3627 2284 3683 bantur
2309 3627 2670 3699 longissimze,
2703 3635 2759 3684 et
2785 3627 2848 3683 ad
2882 3644 3134 3684 nauseam
3160 3643 3328 3700 usque
3355 3630 3614 3700 conjectze
3653 3645 3684 3684 a

2086 3718 2317 3791 Georgio
2346 3721 2691 3776 Ambianensi
2718 3720 3144 3777 observationes.
3176 3720 3308 3776 Nam
3352 3722 3405 3776 in
3452 3721 3572 3777 illas
3620 3738 3685 3778 ea

2085 3815 2261 3870 omnia
2279 3815 2542 3883 instrusit,
2558 3831 2676 3887 quae
2694 3815 2851 3869 aliam
2866 3815 2935 3871 ob
2955 3830 3222 3883 caussam,
3248 3824 3303 3872 et
3327 3815 3393 3871 ad
3422 3816 3685 3886 publicas,

2085 3907 2161 3962 uti
2190 3907 2402 3964 videtur
2426 3948 2440 3975 ,
2471 3908 2758 3964 conciones
2785 3918 3186 3979 corrogaverat.
3220 3907 3470 3963 Nonnulli
3500 3919 3677 3964 tamen

2086 3999 2316 4055 fatentur
2340 3999 2395 4055 in
2419 3999 2484 4055 iis
2510 4000 2686 4071 aliqua
2721 4015 2843 4057 esse
2868 3999 3015 4055 utilia
3043 4041 3059 4066 ,
3087 4015 3152 4055 ac
3178 4001 3474 4071 praesertim
3502 4001 3555 4055 in
3583 4015 3682 4055 ca-

2085 4091 2255 4162 pitum
2300 4090 2553 4158 scboliis,
2601 4107 2721 4162 qua:
2773 4092 2825 4146 in
2875 4093 3099 4148 adversa
3147 4100 3323 4148 textus
3364 4092 3679 4149 Tertulliani

2086 4192 2238 4254 parte
2262 4183 2331 4239 ab
2360 4184 2477 4253 ipso
2503 4183 2842 4240 exhibentur.
3410 4226 3411 4229 η

2156 4275 2399 4346 Denique
2427 4274 2664 4331 Priorius
2683 4276 2860 4329 varias
2874 4273 3063 4345 selegit
3083 4275 3415 4332 eruditorum
3437 4278 3678 4334 virorum

2084 4365 2349 4434 Rhenani,
2384 4366 2628 4434 Pamelii,
2657 4367 2704 4420 la
2734 4365 2923 4420 Cerdze
2946 4406 2963 4433 ,
2991 4365 3236 4422 Sahnasil
3258 4408 3273 4431 ,
3308 4369 3633 4438 Albaspinzei
3659 4411 3673 4433 ,

1980 4478 1987 4505 ε
2084 4458 2420 4530 aliorumque
2439 4457 2791 4528 quorumdam
2827 4456 3354 4523 animadversiones;
3400 4459 3595 4527 quibus
3623 4469 3682 4514 et

458 4562 652 4617 Multas
675 4575 884 4631 quoque
911 4560 967 4614 in
992 4557 1170 4614 omnia
1196 4552 1510 4612 Tertulliani
1555 4566 1719 4623 opera
1748 4548 1983 4605 animad—
2004 4559 2058 4620 1)
2084 4553 2339 4624 quasdam
2368 4567 2397 4605 a
2425 4567 2485 4607 se
2511 4550 2840 4621 excogitatas
2875 4549 3166 4607 identidem
3210 4550 3543 4606 iuterseruit.
3570 4550 3678 4607 Sed

386 4655 663 4711 versiones
690 4654 854 4709 edidit
878 4651 1201 4708 Laurentius
1228 4649 1298 4704 de
1343 4648 1391 4702 la
1417 4646 1584 4700 Barre
1602 4684 1618 4712 ,
1658 4659 1792 4715 quas
1820 4657 1881 4698 se
1910 4657 1979 4698 ex

385 4750 451 4806 iis
476 4747 1098 4819 excerpsissedeclarat,
1131 4743 1324 4814 quibus
1358 4737 1615 4795 Beraldus
1639 4779 1655 4805 ,
1699 4736 1936 4791 Alciatus
1959 4776 1976 4802 ,

383 4847 615 4903 Crinitus
638 4888 653 4907 ,
686 4845 991 4911 Turnebus,
1022 4841 1305 4898 Vctranius
1325 4882 1341 4905 ,
1371 4839 1644 4894 llomanus
1666 4879 1681 4903 ,
1709 4833 1977 4910 Cujacius,

382 4938 577 5008 aliique
599 4936 894 5007 peregrinis
915 4935 967 4989 in
988 4934 1127 4990 locis
1146 4930 1404 5003 quasdam
1432 4928 1706 4985 intellectu
1733 4926 1980 4981 difﬁciles

382 5031 697 5090 Tertulliani
757 5032 1018 5087 dictiones
1085 5030 1358 5101 explicare
1402 5025 1815 5084 contendebant.
1872 5022 1978 5081 Sed

381 5125 504 5195 quia
534 5124 650 5181 haec
684 5134 932 5194 spectant
958 5123 1025 5178 ad
1070 5122 1473 5194 grammaticam
1500 5162 1514 5188 ,
1559 5119 1757 5176 ibidem
1785 5118 1984 5189 adjecit

385 5216 624 5272 Rhenani
657 5226 848 5284 notas,
879 5224 1027 5288 quas"
1052 5215 1268 5287 quidem
1291 5258 1304 5282 ,
1353 5215 1474 5285 quia
1524 5212 1886 5269 Romanorum
1925 5220 1984 5267 ct

385 5306 1074 5378 Hispanorum'censuram
1118 5325 1226 5364 non
1271 5307 1606 5378 ell‘ugerant,
1659 5321 1690 5360 a
1733 5320 1793 5362 se
1834 5307 1983 5376 prius

384 5395 665 5457 correctas
704 5416 826 5458 esse
860 5390 1142 5473 significat.
1193 5405 1261 5456 At
1288 5401 1409 5471 quia
1450 5412 1649 5470 paucas
1692 5397 1981 5453 admodum

382 5507 579 5565 easque
606 5495 957 5550 brevissimus
984 5494 1227 5561 addidit,
1254 5496 1451 5564 vixque
1478 5492 1639 5547 ullam
1666 5490 1814 5545 dedit
1835 5490 1979 5561 Apo-

381 5583 667 5657 logeticum
700 5586 844 5642 hunc
870 5586 1069 5644 librum
1093 5630 1109 5655 ,
1140 5588 1294 5644 vides
1314 5601 1446 5642 sane
1470 5583 1598 5658 quid
1625 5583 1693 5639 ab
1713 5597 1780 5640 eo
1801 5583 1869 5639 de
1895 5599 1982 5641 re-

373 5678 481 5734 bus
508 5681 824 5752 theologicis
851 5690 1170 5754 exspectare
1194 5681 1411 5739 debeas.

383 5782 403 5843 ι’
457 5769 668 5844 Majoris
694 5773 875 5846 itaque
903 5775 1060 5846 pretii
1114 5776 1447 5832 aestimantur
1477 5772 1697 5831 Pamelii
1738 5774 1792 5830 in
1840 5776 1979 5834 hunc

2081 4645 2166 4702 hae
2195 4654 2301 4701 tam
2333 4642 2468 4699 levis
2492 4651 2617 4698 sunt
2646 4642 2924 4706 momenti,
2960 4650 3020 4697 ut
3043 4641 3133 4712 qui
3158 4656 3253 4696 eas
3278 4641 3675 4712 approbaverit,

2081 4741 2171 4796 vix
2198 4739 2339 4794 ullus
2390 4737 2713 4808 reperiatur.
2759 4734 2816 4790 ln
2867 4734 2969 4789 hoc
3016 4743 3195 4788 tamen
3242 4742 3513 4805 utcunque
3552 4733 3673 4793 lau-

2081 4837 2292 4895 dandus
2314 4878 2330 4905 ,
2355 4836 2498 4909 quod
2526 4848 2713 4889 omnes
2740 4832 2858 4887 illas
2884 4829 3377 4886 animadversiones
3417 4839 3473 4886 et
3523 4839 3679 4887 notas

2084 4936 2137 4991 in
2166 4934 2476 5005 paginarum
2504 4929 2743 4986 inferiori
2772 4927 3047 4998 margine,
3096 4926 3301 4996 absque
3352 4925 3454 4980 ulla
3503 4935 3680 4982 textus

2085 5026 2397 5083 Tertulliani
2448 5024 2857 5095 interruptione,
2884 5020 3073 5078 excudi
3127 5020 3560 5077 voluerit.'Nam
3613 5035 3681 5076 eo

2086 5120 2248 5176 modo
2272 5119 2488 5174 lectoris
2515 5115 2880 5173 commoditati
2903 5115 3094 5171 melius
3111 5114 3412 5170 consultum
3443 5122 3546 5170 est.
3572 5113 3681 5169 Sed

2086 5217 2206 5287 quis
2237 5213 2571 5286 negligentiae
2618 5212 2826 5278 vitium,
2858 5211 2909 5267 ei
2936 5225 3167 5282 unquam
3198 5207 3556 5271 condonabit,
3585 5206 3679 5278 qui

2085 5308 2153 5367 ad
2180 5323 2340 5378 opera
2370 5304 2682 5361 Tertulliani
2716 5303 2868 5359 novis
2920 5303 3059 5374 typis
3110 5300 3414 5358 rceudenda
3460 5313 3681 5371 aggres-

2085 5415 2178 5458 sus
2197 5443 2213 5470 ,
2243 5400 2447 5455 nullum
2491 5399 2647 5469 plane
2674 5412 2792 5452 cum
2820 5395 2976 5451 editis
2999 5394 3225 5449 contulit
3254 5393 3676 5462 manuscriptum

2085 5494 2325 5551 codicem
2356 5535 2370 5560 ,
2404 5493 2497 5548 sed
2529 5492 2698 5547 solam
2726 5488 2939 5560 lligaltii
2968 5486 3256 5542 editionem
3282 5528 3297 5552 ,
3329 5486 3397 5541 de
3422 5485 3586 5540 verbo
3609 5481 3676 5539 ad

2081 5574 2304 5643 verbum
2333 5594 2550 5641 secutus
2578 5582 2713 5639 fuit?

1992 5706 1993 5709 η
2082 5690 2093 5725 >
2152 5678 2234 5734 Ex
2258 5677 2324 5732 iis
2356 5691 2547 5747 porro,
2577 5689 2696 5747 qum
2740 5675 2809 5730 de
2850 5680 2927 5727 tot
2975 5679 3190 5742 tamque
3225 5670 3389 5726 variis
3452 5682 3679 5743 operum

2083 5768 2402 5828 Tertulliani
2444 5766 2768 5826 editionibus
2814 5764 3074 5823 hactenus
3122 5777 3153 5818 a
3206 5762 3366 5825 nobis
3411 5761 3683 5835 disputata
