4240 6262
538 304 642 361 755

540 426 664 473 sttnt
683 460 697 485 ,
726 415 847 488 quis

542 528 664 570 esse
687 483 807 583 qua:
834 506 1066 578 perfecta
1098 509 1153 556 et
1191 496 1441 553 omnibus
1478 492 1715 549 numeris
1745 486 1985 543 absoluta
2028 483 2135 540 dici

541 578 734 659 merito
768 598 936 669 possit
964 596 987 649 ?
1015 596 1089 657 De
1116 590 1372 646 litteraria
1400 588 1560 658 igitur
1604 581 1875 652 republica
1921 578 1969 633 is
2013 591 2138 646 pro-

543 692 800 750 culdubio
868 689 1005 742 bene
1060 683 1356 739 merebitnr
1387 721 1401 745 ,
1452 679 1542 747 qui
1594 689 1747 733 sacra
1813 671 2140 741 profanaque

541 782 846 842 eruditione
875 793 982 833 non
1010 790 1197 847 parum
1240 772 1496 833 imbutus,
1527 781 1717 821 novam
1746 761 1955 834 parabit
1988 760 2134 828 Apo-

536 874 751 947 logetici
799 879 854 926 et
901 870 1129 923 aliorum
1194 862 1504 920 Tertulliani
1559 871 1779 928 operum
1824 852 2134 908 editionem.

540 944 648 1025 seu
677 972 801 1020 ante
828 963 1005 1017 omnia
1030 971 1205 1015 textus
1235 958 1375 1012 illius
1399 967 1608 1009 summa
1634 951 1740 1005 fide
1765 958 1822 1004 et
1861 944 2138 1015 diligentia

543 1060 611 1115 ad
644 1056 1042 1125 manuscriptos
1072 1051 1286 1108 codices
1314 1048 1607 1119 gallicanos
1632 1087 1645 1110 ,
1673 1042 1903 1103 italicos,
1932 1051 2141 1109 germa-

542 1151 696 1208 nicos
720 1191 734 1214 ,
763 1147 1105 1217 anglicanos,
1162 1159 1225 1197 ac
1265 1151 1472 1198 veteres
1519 1138 1784 1193 editiones
1828 1129 2139 1201 rcCognosci

542 1242 702 1298 debet
746 1249 803 1294 et
853 1236 1118 1307 castigari.
1169 1234 1359 1289 Plures
1408 1232 1550 1286 enim
1607 1233 1894 1297 supersunt
1946 1223 2136 1279 saltem

540 1333 874 1408 Apologetici
904 1332 1021 1386 libri
1043 1330 1260 1399 Optimae
1311 1336 1451 1382 nota:
1498 1323 1751 1387 codices,
1800 1333 1936 1390 quos
1980 1330 2140 1372 nemo

541 1431 802 1484 hactenus
826 1440 946 1480 cum
970 1423 1133 1478 editis
1167 1420 1414 1476 contulit.
1465 1419 1530 1471 At
1555 1416 1599 1469 si
1630 1414 1806 1468 varias
1852 1425 1915 1465 ac
1952 1417 2138 1464 nctatu

543 1522 730 1593 dignas
756 1518 1045 1582 lectiones,
1075 1531 1139 1570 ex
1167 1514 1268 1569 illis
1294 1520 1609 1581 excerptas,
1656 1507 1792 1562 bona
1843 1504 1949 1559 fide
1987 1503 2142 1559 exhi-

542 1614 703 1678 beat,
736 1611 805 1667 de
844 1625 973 1665 vero
999 1609 1338 1680 genuinoque
1386 1600 1705 1659 Tertulliani
1752 1608 1899 1653 textu
1941 1597 2142 1653 certius

548 1704 807 1776 judicium
833 1701 959 1758 ferri
981 1699 1196 1772 poterit.

1212 1833 1441 1893 CAPUT
1480 1832 1571 1889 1V.

757 1957 838 2014 De
860 1956 1053 2015 duobus
1076 1911 1382 2011 Tertulliani
1410 1952 1480 2007 ad
1506 1952 1738 2007 nationes
1776 1949 1938 2005 libris.

1062 2085 1362 2126 ARTICULUS
1407 2083 1617 2124 PRIMUS.

874 2187 1114 2260 Analysis
1138 2188 1254 2243 libri
1293 2186 1445 2256 primi
1498 2184 1566 2237 ad
1593 2180 1860 2236 Nationes.

637 2322 856 2381 Duobus
910 2322 978 2381 ad
1009 2320 1263 2377 Nationes
1311 2318 1467 2375 libris
1517 2332 1761 2375 caussam
1788 2314 2150 2377 Tertullianus

563 2416 737 2474 adhuc
765 2417 870 2486 egit
898 2414 1314 2470 cbristianorum
1333 2454 1347 2478 ,
1378 2410 1620 2480 duasque
1648 2420 1937 2479 utrumque
1954 2407 2151 2463 librum

548 2508 682 2565 satis
702 2516 887 2578 aperte
909 2505 1089 2563 divisit
1104 2504 1160 2560 in
1189 2513 1384 2574 partes.
1411 2501 1466 2556 ln
1488 2502 1659 2572 prima
1679 2499 1942 2570 siquidem
1957 2498 2151 2583 prioris

549 2600 668 2657 libri
685 2598 916 2657 ostendit
938 2596 1259 2654 christianos
1291 2609 1392 2650 nec
1426 2594 1656 2657 auditos,
1680 2605 1778 2648 nec
1793 2588 2152 2653 defensosfal-

549 2693 798 2760 sissimis,
818 2690 1271 2762 iniquissimisque
1291 2687 1613 2759 praajudiciis
1638 2700 1667 2741 a
1691 2685 1980 2756 gentilibus
2001 2698 2153 2741 vexa-

547 2787 616 2850 ri,
648 2782 1019 2851 condemnari,
1041 2796 1104 2838 ac
1130 2779 1498 2838 crudelissime
1524 2775 1926 2850 necari(Lib.1.
1955 2793 2071 2847 cap.
2095 2777 2149 2834 l.

554 2888 605 2933 et
628 2875 817 2949 seqq.).
842 2875 1064 2932 Planum
1093 2889 1221 2931 vero
1240 2872 1476 2929 secunda
1505 2872 1556 2927 in
1587 2882 1735 2942 parte
1752 2872 2002 2928 omnibus
2028 2871 2155 2931 facit

558 2969 691 3026 falsa
720 2968 941 3025 omnino
964 2954 1086 3024 esse
1108 3009 1123 3035 ,
1150 2981 1375 3038 quorum
1404 2965 1688 3022 christiani
1715 2967 2107 3023 accusabantur
2134 3008 2152 3033 ,

557 3060 807 3127 crimina,
838 3061 1136 3132 horumque
1161 3074 1284 3115 reos
1310 3074 1496 3117 revera
1519 3075 1640 3115 esse
1663 3060 1893 3130 gentiles
1921 3056 2072 3130 (Cap.
2096 3059 2148 3116 9.

1618 283 1687 340 ΙΝ
1732 270 2199 337 TERTULLIANI
2238 261 2767 328 APOLOGETICUM

896 412 1181 469 nobiscum
1229 418 1336 461 non
1375 399 1631 459 fatebitur
1674 396 1873 453 nullam
1916 405 2140 464 prorsus
2164 390 2217 448 Α
2241 384 2334 455 qui
2362 397 2553 440 eorum
2579 380 2732 448 socii,
2750 386 2805 435 et
2824 384 3155 449 receptores,
3176 388 3240 431 ac
3260 386 3323 429 ea
3354 370 3570 429 tandem
3597 371 3652 427 in
3676 372 3840 444 srrip-

3725 251 3845 315 ’156

2238 486 2289 534 ta
2329 477 2705 533 damnatorum
2752 472 3016 531 sententia
3060 467 3377 526 nominatim
3418 466 3718 522 enuntiare.
3766 466 3840 524 At

2239 572 2371 631 nihil
2394 570 2500 625 tale
2517 570 2568 623 iu
2590 567 3004 624 Christianorum
3027 562 3369 620 damnatione
3391 558 3709 627 factitatum,
3738 575 3838 617 nec

2236 662 2382 718 aliud
2410 676 2597 717 eorum
2623 658 2886 715 sententia
2912 656 3332 728 pronuntiatum,
3359 652 3459 707 nisi
3488 651 3841 719 christianum

2238 768 2457 812 nomen.
2486 752 2670 808 Solum
2713 766 2843 819 ergo
2920 747 3152 804 nominis
3190 746 3392 800 crimen
3441 742 3710 808 erat;sed
3739 744 3840 801 hoc

2238 862 2413 918 ipsum
2472 859 2670 901 nomen
2704 842 2836 897 nihil
2880 840 3191 904 barbarum,
3233 836 3542 900 infaustum,
3589 834 3839 893 inhones-

2239 949 2351 996 tum
2374 946 2547 1003 sonat,
2572 936 2668 993 sed
2691 937 2774 992 vel
2809 934 3138 999 unctionem,
3164 931 3251 997 vel
3279 931 3468 987 saltem
3496 930 3838 1001 suavitatem,

2239 1043 2331 1088 aut
2360 1031 2689 1096 bonitatem,
2720 1028 2936 1100 quando
2967 1027 3036 1082 ab
3082 1025 3215 1096 ipsis
3242 1022 3534 1095 gentilibus
3569 1024 3843 1079 chrestiam'

2240 1134 2493 1197 corrupte
2520 1123 2851 1179 vocabantur
2883 1122 3021 1192 (cap.
3050 1118 3107 1187 2,
3134 1115 3212 1190 5).

2313 1219 2384 1274 At
2410 1217 2463 1273 hi
2497 1217 2654 1286 plane
2682 1213 3051 1284 desipiebant,
3082 1211 3172 1282 qui
3200 1210 3320 1267 solo
3344 1208 3582 1264 auctoris
3624 1207 3845 1265 nomine

2240 1321 2442 1369 sectam
2466 1309 2882 1366 christianorum
2905 1321 2964 1362 se
2983 1304 3164 1361 odisse
3184 1286 3541 1358 causabantur
3579 1301 3729 1370 (cap.
3754 1297 3839 1370 4).

2240 1405 2359 1461 Νοη
2386 1404 2531 1460 enim
2557 1401 2895 1465 Platonicos,
2923 1406 3015 1453 aut
3043 1397 3445 1470 Pythagoraeos,
3479 1395 3548 1450 ob
3577 1394 3841 1463 Platonis,

2243 1506 2335 1550 aut
2384 1494 2700 1567 Pythagora:
2728 1534 2743 1559 ,
2795 1505 2898 1546 nec
2946 1489 3186 1546 medicos
3231 1487 3302 1542 ob
3346 1484 3651 1541 Erasistrati
3682 1526 3695 1549 ,
3740 1498 3847 1540 nec

2242 1588 2622 1661 grammaticos
2633 1586 2702 1641 ob
2719 1582 3018 1641 Aristarchi
3044 1596 3240 1638 nomen
3256 1580 3504 1636 oderant.
3527 1579 3659 1646 Quis
3684 1579 3847 1635 etiam

2244 1683 2449 1740 nesciat
2472 1680 2622 1736 nefas
2663 1693 2785 1735 esse
2824 1686 3028 1733 sectam
3075 1676 3309 1745 aliquam
3339 1672 3466 1728 odio
3492 1672 3693 1731 trahere
3720 1672 3845 1740 nisi,

2171 1782 2219 1843 B
2251 1774 2379 1846 quid
2408 1774 2462 1829 in
2488 1788 2551 1829 ea
2578 1768 2953 1845 odiogdignum
2981 1769 3090 1835 sit,
3118 1776 3275 1827 antea
3322 1766 3667 1823 advertatur?
3715 1765 3850 1822 Eth-

2250 1867 2357 1923 nici
2381 1873 2560 1921 tamen
2588 1878 2691 1920 nec
2716 1862 3063 1919 cbristianam
3094 1869 3294 1916 sectam
3318 1901 3332 1926 ,
3364 1873 3461 1913 nec
3503 1856 3621 1928 eius
3665 1864 3851 1914 aucto-

2250 1972 2368 2014 rem
2407 1965 2703 2020 noverant,
2751 1969 2851 2009 nec
2895 1952 3146 2009 volebant
3196 1965 3544 2020 cognoscere.
3599 1948 3682 2015 Ad
3735 1949 3853 2007 hmc

2249 2064 2385 2106 vero
2404 2091 2420 2118 ,
2454 2064 2547 2118 per
2575 2048 2724 2119 ipsos
2752 2045 2972 2103 cuilibet
3000 2044 3217 2101 cthnico
3248 2043 3477 2109 licebat,
3504 2057 3664 2113 quam
3693 2041 3854 2105 vellet
3926 2084 3931 2087 -

2251 2140 2733 2214 philosophorum,
2785 2138 2995 2196 tametsi
3052 2136 3359 2208 reipublicze
3410 2151 3476 2193 ac
3523 2136 3852 2208 principibus

2252 2233 2587 2290 infensorum
2609 2274 2623 2297 ,
2658 2240 2862 2288 sectam
2889 2228 3159 2299 amplecti.
3184 2227 3295 2283 Eos
3319 2242 3531 2298 quoque
3557 2227 3702 2282 solos
3725 2226 3851 2297 phi-

2253 2326 2510 2396 los0phos
2536 2325 2832 2390 vexabant,
2862 2322 2953 2394 qui
2985 2322 3263 2379 veritatem
3290 2335 3356 2376 ex
3383 2330 3534 2391 parte
3558 2320 3814 2375 docentes
3832 2360 3851 2386 ,

2253 2419 2692 2489 aspernabantur-
2731 2416 2944 2470 illorum
3021 2413 3174 2469 deos.
3241 2412 3314 2467 Ita
3375 2426 3505 2467 sane
3571 2411 3854 2467 Socratem

2253 2511 2675 2573 damnaverunt,
2705 2522 3011 2581 quanquam
3042 2506 3306 2576 Apollinis
3342 2504 3560 2561 oraculo
3577 2506 3855 2560 renuntia-

2254 2611 2340 2658 tus
2368 2602 2558 2658 fuisset
2597 2600 2912 2657 ntortalium
2952 2598 3192 2654 omnium
3237 2595 3676 2668 sapientissimus.
3728 2594 3848 2661 Non

2255 2696 2449 2751 mirum
2482 2697 2660 2765 itaque
2685 2695 2731 2749 si
2757 2694 2969 2749 illorum
3008 2692 3060 2746 in
3089 2690 3407 2747 christianos
3426 2688 3605 2744 odium
3649 2689 3852 2745 veritas

2257 2790 2542 2860 pepererit.
2574 2786 2681 2845 Sed
2713 2785 2868 2850 vide,
2918 2798 3136 2855 qnmso,
3183 2797 3288 2853 quo
3336 2778 3651 2836 insanientis
3688 2780 3855 2835 animi

2255 2880 2455 2937 furore.
2488 2878 2816 2934 Fatebantur
2854 2888 2948 2932 eos
2973 2888 3159 2931 omnes
3207 2873 3458 2929 meliores
3501 2870 3671 2926 factos
3694 2912 3711 2939 ,
3764 2871 3856 2941 qui

2256 2972 2466 3043 cjurato
2494 2971 2749 3027 falsorum
2773 2968 3001 3024 deorum
3021 2966 3189 3033 cultu,
3221 2978 3377 3024 suum
3406 2963 3667 3019 dederant
3686 2962 3856 3017 chris-

2257 3066 2414 3121 tiana:
2441 3064 2682 3135 religioni
2711 3076 2925 3117 nomen.
2959 3058 3068 3116 Sed
3099 3059 3153 3115 in
3201 3056 3318 3112 illos
3358 3056 3460 3111 hoc
3486 3055 3604 3111 solo
3640 3054 3854 3111 nomine

552 3164 600 3209 et
641 3154 828 3225 seqq).
857 3152 916 3209 In
958 3154 1129 3224 prima
1149 3162 1327 3210 autem
1358 3152 1579 3209 secundi
1603 3151 1729 3223 libri
1754 3160 1904 3222 parte
1932 3151 2145 3207 demon-

2256 3163 2524 3218 crudelius
2553 3161 2880 3227 saeviebant,
2912 3172 3119 3228 eosque
3160 3163 3417 3211 nocentes
3464 3162 3522 3212 et
3565 3151 3854 3211 sceleratos

550 3253 686 3301 strat
708 3287 722 3311 ,
754 3260 913 3315 quam
945 3260 1077 3300 vana
1108 3255 1164 3301 et
1187 3243 1415 3300 absurda
1437 3244 1507 3300 sit
1549 3243 1669 3299 ficta
1713 3259 1743 3298 a
1794 3242 2035 3299 Varrone
2057 3244 2153 3298 tri-

551 3339 674 3409 plex
716 3337 1054 3395 ethnicorum
1081 3339 1371 3410 Theologia
1395 3381 1411 3405 ,
1443 3352 1562 3409 qua:
1587 3339 1655 3395 ab
1681 3352 1747 3394 eo
1772 3336 2013 3410 physica,
2038 3352 2153 3408 my-

552 3429 731 3495 thica,
763 3446 828 3487 ac
866 3432 1074 3501 plebeia
1118 3431 1230 3486 sive
1270 3430 1485 3501 gentilis
1536 3430 1835 3501 appellatur
1881 3429 2041 3501 (Lib.
2080 3429 2149 3487 ll.

555 3536 671 3592 cap.
704 3523 757 3578 1.
790 3530 837 3576 et
864 3525 1052 3592 seqq.).
1079 3520 1137 3576 In
1177 3521 1411 3601 secunda
1439 3530 1617 3579 autem
1643 3532 1793 3590 parte
1817 3521 2152 3581 demonstrat

557 3614 689 3671 deos
731 3614 1095 3670 Romanorum
1146 3613 1307 3669 falsos
1348 3628 1468 3669 esse
1489 3656 1505 3681 ,
1536 3613 1804 3684 planeque
1829 3614 2150 3671 commenti-

553 3706 837 3781 tios‘((.‘ap.
866 3707 920 3763 9.
969 3718 1016 3763 et
1060 3706 1242 3778 ταφῳ).
1274 3707 1383 3789 Sed
1410 3707 1525 3764 haec
1561 3708 1722 3777 paulo
1745 3706 2026 3765 enodatius
2050 3722 2149 3763 ex-

552 3798 799 3872 plicanda
829 3808 972 3856 sunt.

618 3880 866 3949 'Primum
892 3893 1072 3963 itaque
1098 3890 1328 3947 ethnicis
1358 3891 1487 3947 vitio
1531 3891 1693 3947 vertit
1723 3930 1740 3958 ,
1791 3890 1935 3962 quod
1964 3892 2151 3962 impla-

556 3985 711 4041 cabili
739 3984 863 4039 odio
887 3984 1208 4040 christianos
1239 3974 1694 4055 persequerentur
1716 4024 1734 4050 ,
1766 3986 1983 4041 tametsi
2011 3984 2102 4056 qui
2132 4027 2148 4055 ,

555 4076 812 4147 qualesve
838 4075 947 4131 sint
975 4076 1189 4146 penitus
1232 4075 1577 4146 ignorarent,
1611 4090 1711 4131 nec
1734 4075 1875 4133 scire
1912 4091 2148 4146 unquam

555 4166 842 4221 voluerint.
872 4166 974 4223 Ubi
1004 4168 1230 4237 primum
1255 4167 1398 4223 enim
1423 4167 1548 4224 illos
1567 4176 1939 4238 agnoverant,
1966 4168 2151 4225 statim

555 4260 874 4317 desinebant
903 4260 1081 4316 odisse
1104 4302 1120 4328 ,
1151 4261 1608 4332 christianamque
1650 4261 1967 4332 religionem
2006 4262 2149 4318 ultro

555 4349 1036 4423 amplectebantur.
1068 4351 1251 4422 Neque
1281 4352 1334 4409 id
1364 4352 1549 4423 negari
1577 4360 1814 4422 poterat,
1863 4352 2007 4424 quod
2032 4353 2147 4409 cla-

551 4443 735 4500 mabat
757 4442 1067 4514 quotidiana
1097 4444 1334 4513 ipsorqu
1360 4444 1429 4499 de
1452 4444 1805 4515 multiplicato
1831 4444 2155 4505 christiano-

2256 3270 2377 3311 essc
2407 3254 2673 3310 malebant
2698 3268 2860 3323 quam
2890 3250 3231 3307 christianos.

2325 3346 2522 3402 Contra
2546 3354 2725 3400 tamen
2746 3342 3067 3413 ohjiciebant
3090 3340 3289 3397 ethnici
3314 3335 3573 3410 quosdam
3600 3352 3665 3395 ex
3687 3337 3853 3393 chris-

2255 3439 2415 3493 tianis
2445 3437 2708 3508 pessimos
2732 3451 2887 3502 esse,
2910 3450 2974 3489 ac
3001 3433 3140 3488 vitiis
3176 3431 3577 3501 sceleribusque
3623 3429 3856 3501 perditos

2254 3531 2392 3602 (cap.
2413 3528 2698 3602 5).Vernm
2713 3528 2789 3593 hi,
2807 3526 2975 3597 inquit
2991 3523 3372 3588 Tertullianus,
3392 3522 3547 3592 pauci
3561 3519 3851 3577 admodum

2254 3631 2439 3686 erant;
2465 3620 2554 3690 qui
2581 3618 2819 3690 quidem,
2852 3619 2989 3673 sicut
3005 3615 3419 3685 ntevicorporis,
3444 3614 3513 3669 ita
3542 3621 3704 3667 sectae
3726 3626 3841 3673 suae

2253 3713 2611 3770 ostendebant
2638 3711 3028 3783 praestantiam.
3060 3708 3373 3779 Quicunque
3406 3721 3582 3777 porro,
3607 3712 3663 3760 et
3689 3713 3848 3774 quot-

2253 3816 2383 3877 quot
2411 3807 2488 3861 illi
2516 3804 2715 3861 fuerint
2741 3805 2793 3859 hi
2814 3844 2831 3869 ,
2862 3818 2970 3859 non
2996 3817 3152 3859 secus
3180 3817 3245 3857 ac
3267 3797 3562 3870 pltiloSOphi
3586 3839 3603 3864 ,
3643 3804 3850 3861 sectam

2253 3912 2407 3953 suam
2437 3896 2650 3966 flagitiis
2680 3896 3001 3951 infamantes
3026 3935 3042 3961 ,
3074 3901 3227 3949 erant
3250 3892 3359 3947 veri
3388 3889 3712 3955 desertores,
3756 3902 3858 3943 no-

2254 3990 2402 4045 mine
2426 3987 2889 4061 tenusgchristiani
2911 4027 2928 4055 ,
2960 3986 3070 4042 imo
3097 3985 3199 4042 hoc
3229 3982 3427 4053 iitdigni
3453 3981 3691 4039 nomine.

2328 4081 2601 4153 Urgehant
2649 4081 2875 4152 gentiles
2944 4088 3146 4159 sectam
3196 4076 3614 4133 Christianorum
3663 4088 3855 4133 revera

2251 4174 2446 4230 malam
2468 4188 2588 4230 esse
2608 4215 2624 4239 ,
2662 4182 2718 4227 nt
2748 4181 2874 4243 pote
2899 4187 3021 4243 qum
3052 4172 3432 4242 imperatorum
3462 4168 3676 4240 legibus
3700 4167 3853 4223 dam-

2252 4276 2377 4324 nata
2416 4267 2485 4323 sit
2509 4267 2649 4339 (cap.
2681 4266 2759 4338 6).
2788 4266 2860 4322 At
2906 4281 3084 4321 nonne
3133 4264 3335 4321 easdem
3361 4303 3375 4329 ,
3427 4263 3625 4334 regerit
3669 4270 3855 4318 auctor

2252 4369 2436 4415 noster
2457 4400 2473 4427 ,
2506 4358 2891 4430 imperatorum
2924 4357 3265 4427 aliorumque
3292 4355 3451 4425 justas
3480 4354 3624 4426 leges
3652 4363 3852 4417 statue-

2250 4460 2376 4507 runt
2400 4450 2669 4506 neminem
2722 4463 2955 4521 unquam
3002 4446 3466 4502 condemnandum
3495 4488 3511 4513 ,
3557 4445 3658 4499 nisi
3706 4444 3853 4513 prius

550 4549 671 4591 rum
716 4549 943 4595 numero
984 4536 1337 4607 querimonia.
1389 4536 1504 4593 Non
1547 4538 1675 4595 sinit
1719 4548 1899 4595 autem
1947 4539 2149 4596 Auctor
2171 4562 2226 4622 Β
2250 4542 2489 4597 criminis
2517 4540 2742 4612 alicujus
2767 4541 2837 4597 sit
2863 4539 2965 4597 rite
2988 4538 3311 4595 convictus?
3351 4536 3461 4594 Cur
3483 4550 3613 4608 ergo
3635 4535 3835 4593 ethnici

550 4638 738 4685 noster
766 4628 870 4684 sibi
910 4627 1070 4699 obiici
1115 4628 1253 4697 hos,
1296 4636 1356 4684 ut
1406 4629 1522 4686 lteri
1564 4630 1852 4701 aliquando
1893 4631 2064 4699 solet,
2092 4632 2145 4691 in

550 4721 756 4779 malum
777 4735 1087 4778 conversos.
1112 4720 1321 4778 Nullam
1347 4723 1545 4794 quippe
1586 4723 1714 4779 mali
1756 4730 1941 4783 notam
1987 4723 2150 4783 habet

546 4815 858 4872 christiana:
886 4817 1180 4889 religionis
1218 4817 1518 4890 professio,
1564 4821 1715 4892 cujus
1759 4822 2031 4881 neminem
2056 4831 2149 4881 aut

546 4907 714 4977 pudet
754 4916 847 4964 aut
904 4910 1168 4980 paenitet,
1216 4926 1281 4967 ac
1322 4910 1391 4968 de
1432 4926 1537 4983 qua
1585 4920 1791 4984 omnes;
1820 4913 2054 4984 gaudent
2094 4922 2151 4975 et

545 5001 845 5071 gloriantur
870 4999 1011 5070 (Lib.
1042 5002 1081 5058 Ι.
1108 5019 1226 5074 cap.
1263 5005 1358 5071 I.).

619 5091 678 5148 Si
707 5107 813 5164 qua
838 5108 968 5149 vero
994 5092 1221 5153 fuissent
1244 5094 1663 5157 christianorum
1693 5096 1917 5157 crimina
1945 5139 1963 5166 ,
1993 5098 2061 5159 ad
2081 5114 2144 5156 ea

548 5186 734 5258 utique
759 5185 1083 5245 declaranda
1111 5186 1231 5245 illos
1258 5188 1458 5245 ethnici
1487 5190 1784 5260 quaestione
1810 5205 1874 5246 ac
1900 5198 2144 5255 tormen-

546 5280 619 5336 tis
661 5294 855 5352 cogere
902 5280 1186 5338 debebant.
1216 5284 1284 5337 At
1311 5297 1343 5336 e
1369 5282 1643 5339 contrario
1672 5283 1736 5338 iis
1766 5298 1961 5340 nomen
1988 5299 2143 5352 suum

547 5372 636 5429 vel
664 5380 857 5444 sponte
886 5372 1203 5444 negantibus
1227 5412 1244 5439 ,
1275 5374 1358 5429 vel
1406 5388 1604 5445 negare
1628 5373 1831 5433 coactis
1859 5375 2142 5439 confestim

546 5466 866 5531 credentes,
896 5464 1048 5525 fateri
1074 5481 1287 5538 quoque
1314 5466 1583 5525 debebant
1607 5469 1741 5527 nihil
1789 5470 1915 5525 mali
1960 5470 2014 5525 in
2041 5484 2139 5527 eo-

544 5571 665 5612 rum
688 5557 943 5629 religione
971 5573 1129 5631 posse
1165 5559 1513 5630 deprehendi.
1542 5560 1664 5618 Suis
1693 5571 1957 5633 pmtcrea
2008 5561 2143 5634 legi-

543 5649 645 5705 bus
669 5649 894 5719 quilibet
913 5650 1121 5721 judices
1143 5652 1459 5709 tenebantur
1486 5656 1797 5725 quorutnvis
1843 5657 2140 5723 criminum

541 5758 666 5802 reos
693 5744 1026 5817 interrogare
1047 5763 1168 5815 qua:
1186 5789 1201 5818 ,
1229 5749 1427 5819 qualia,
1459 5757 1513 5806 et
1540 5757 1737 5819 quanta
1763 5748 1881 5807 haec
1910 5760 2097 5809 essent
2120 5792 2137 5821 ,

2250 4634 2577 4691 christianos
2593 4648 2694 4691 nec
2719 4632 2930 4691 auditos
2961 4647 3063 4691 nec
3091 4632 3367 4687 convictos
3387 4628 3852 4685 condemnabam?

2247 4726 2438 4783 Nonne
2489 4726 2667 4797 plures
2716 4725 2880 4783 etiam
2922 4724 3060 4781 data:
3086 4734 3212 4780 sunt
3236 4723 3303 4781 ab
3344 4722 3661 4779 eorunrdem
3685 4720 3855 4779 ethni-

2249 4834 2439 4881 corum
2498 4817 2896 4888 legislatoribus
2952 4817 3304 4887 iniquissima:
3371 4814 3550 4884 leges,
3607 4821 3853 4884 postmo-

2249 4912 2375 4969 dum
2406 4908 2725 4975 emendatze,
2761 4909 2849 4966 vel
2873 4908 3208 4979 antiquam?
3238 4907 3475 4978 Denique
3502 4906 3699 4975 injusta
3736 4905 3849 4974 lex,

2250 5003 2422 5076 qualis
2453 5003 2505 5057 in
2533 5001 2856 5061 christianos
2884 5002 2989 5057 lata
3022 5000 3212 5067 fuerat,
3243 4999 3446 5056 nullum
3477 4997 3641 5071 exigit
3668 4998 3856 5059 hono-

2249 5112 2364 5152 rem
2394 5105 2484 5155 aut
2524 5095 2859 5166 obsequium.

2318 5193 2430 5251 Nec
2456 5196 2653 5251 instare
2681 5201 2929 5264 poterant
2947 5192 3150 5249 ethnici
3174 5191 3322 5265 leges
3342 5192 3395 5248 in
3422 5190 3741 5248 christianos
3777 5189 3851 5251 ab

2248 5288 2313 5345 iis
2340 5289 2572 5347 sancitas
2593 5330 2608 5355 ,
2642 5288 2734 5358 qui
2759 5287 2973 5345 illorum
3015 5287 3239 5343 crimina
3267 5283 3539 5343 communi
3579 5282 3853 5355 populari-

2246 5395 2352 5452 que
2381 5380 2521 5439 fama
2551 5390 2948 5452 compererant.
2971 5379 3159 5436 Nonne
3188 5380 3330 5437 enim
3358 5379 3497 5435 fama
3520 5419 3537 5448 ,
3562 5377 3853 5439 fatentibus

2245 5475 2436 5535 iisdem
2463 5476 2722 5542 ethnicis,
2777 5475 2978 5535 malum
3020 5484 3107 5532 est
3155 5488 3263 5545 quo
3311 5472 3514 5533 nullum
3561 5471 3849 5528 velocius?

2244 5567 2352 5626 Sed
2381 5569 2470 5626 illa
2499 5568 2684 5626 tandiu
2731 5576 2937 5627 tantum
2962 5568 3116 5633 vivit,
3144 5565 3380 5636 quandiu
3425 5564 3661 5630 incerta,
3689 5561 3849 5632 falsa,

2242 5670 2296 5717 et
2325 5660 2553 5716 mendax
2578 5670 2680 5717 est.
2710 5659 2814 5717 Ubi
2840 5661 2983 5717 enim
3015 5675 3103 5719 res
3128 5665 3215 5717 est
3233 5664 3381 5715 certa
3404 5698 3419 5721 ,
3452 5655 3529 5713 ibi
3559 5654 3678 5712 btec
3704 5654 3844 5710 fama

2240 5751 2453 5809 desinit.
2483 5750 2850 5825 lnvestiganda
2878 5752 3035 5823 igitur
3071 5750 3217 5808 illius
3242 5747 3415 5822 origo,
3444 5755 3607 5818 atque
3628 5758 3849 5817 exspec-
