4240 6262
383 294 504 382 ,757

1547 287 2007 347 DISSERTATIO
2040 289 2105 348 Β.
2144 289 2235 348 LE
2269 288 2572 352 NOURRY.

3590 295 3701 355 758

389 406 614 465 tandum
646 414 841 477 tempto:
863 444 880 471 ,
910 403 1054 475 quod
1080 404 1258 459 anxia
1281 403 1493 460 revelat.
1521 402 1654 473 Quis
1695 412 1877 460 autem
1919 405 1986 462 ab
2013 406 2070 468 Δ
2093 407 2300 479 posse?
2349 406 2491 475 Quid
2519 409 2694 481 magis
2715 394 3133 480 ignominiam
3158 449 3176 479 ,
3203 425 3364 482 quam
3407 426 3439 468 a
3489 412 3701 483 privato

392 501 511 573 ipso
532 496 841 555 christianos
864 496 1139 569 religionis
1163 496 1387 553 exordio
1432 496 1644 568 objecta
1685 495 1994 554 christianis

394 591 720 651 infanticidia
741 633 758 660 ,
786 592 1042 658 incestus,
1075 591 1287 661 aliaque
1314 590 1519 646 scelera
1551 590 1604 645 in
1634 603 1823 646 eorum
1857 604 1990 661 syn-

394 689 586 744 axibus
652 700 889 756 unquam
957 684 1342 761 deprehendit,
1378 684 1669 755 patefecit,
1717 684 1995 754 prodidit?

393 779 665 851 Numquid
690 778 907 850 ipsimet
933 778 1254 834 christiani?
1284 776 1393 833 Sed
1417 792 1627 832 summo
1654 778 1871 834 silentio
1895 792 1991 834 sun

394 874 647 947 mysteria
675 871 960 943 tegebant,
988 886 1089 928 nec
1130 880 1380 942 poterant
1424 880 1531 925 tam
1577 870 1847 927 horrenda
1886 871 1990 928 cri-

393 969 557 1036 mina,
580 970 625 1023 si
650 967 865 1023 illorum
881 964 1084 1022 conscii
1113 963 1362 1030 fuissent,
1391 964 1508 1020 sine
1534 964 1728 1035 capitis
1753 964 1992 1035 periculo

392 1062 639 1135 prodere.
680 1061 951 1133 Numquid
978 1058 1246 1137 gentiles?
1275 1058 1497 1114 Minime
1522 1058 1758 1129 quidem.
1786 1058 1991 1126 Quam-

391 1157 472 1211 vis
500 1156 644 1211 enim
675 1154 1004 1210 christianos
1032 1153 1087 1208 in
1112 1142 1224 1208 suis
1248 1151 1540 1223 synaxibus
1579 1150 1817 1221 quotidie
1841 1150 1990 1206 obsi-

393 1235 582 1303 derent
602 1289 619 1314 ,
648 1260 811 1303 nemo
837 1255 1015 1301 tamen
1044 1245 1163 1299 hmo
1189 1241 1608 1314 deprehendisse
1635 1282 1651 1307 ,
1700 1255 1803 1299 nec
1849 1241 1991 1298 ullus

390 1339 721 1396 domesticus
748 1339 923 1410 pretio
951 1346 1237 1409 corruptus
1254 1378 1271 1405 ,
1300 1349 1360 1392 se
1387 1344 1480 1391 aut
1501 1335 1703 1391 vidisse
1726 1376 1741 1401 ,
1773 1344 1865 1391 aut
1902 1349 1991 1393 ee-

390 1432 591 1488 larisse
621 1446 855 1503 unquam
886 1430 1200 1485 testiﬁcatus
1222 1435 1326 1485 est.

458 1523 735 1581 Pmterea
753 1520 1033 1578 christiani
1053 1518 1411 1576 sectatoribus
1456 1518 1570 1573 suis
1619 1517 1764 1589 leges
1789 1517 1990 1573 Christi

385 1615 575 1673 sedulo
601 1614 1012 1671 observantibus
1039 1609 1432 1682 pollicebantur
1470 1619 1727 1665 mternam
1757 1608 1986 1665 felicita‘

386 1716 517 1763 tem.
551 1709 622 1761 At
645 1707 731 1760 dic
754 1747 770 1772 ,
799 1719 1018 1776 quaeso,
1048 1712 1227 1759 utrum
1255 1715 1365 1759 non
1395 1701 1583 1755 insano
1630 1701 1842 1771 penitus
1886 1699 1987 1756 ho-

2095 498 2331 572 quolibet
2360 500 2579 557 homine
2603 501 2930 558 domesticos
2951 503 3223 573 pignorari
3255 505 3387 565 deos
3410 546 3426 569 .
3453 505 3697 577 publicos

2094 604 2225 646 vero
2255 592 2307 646 in
2340 591 2579 649 hastario
2599 592 2914 650 venditari?
2952 593 3091 663 Quid
3120 595 3359 667 turpius,
3395 613 3556 668 quam
3598 615 3696 669 pro

2095 683 2283 753 templi
2308 684 2456 752 solo,
2482 684 2655 750 aditu,
2677 685 2967 755 stipitibus,
2997 686 3151 742 ostiis
3179 687 3321 757 exigi
3348 689 3696 745 mercedem?

2093 772 2224 855 Qum
2252 774 2424 845 major
2449 775 2675 832 deorum
2704 775 2943 841 infamia,
2967 792 3131 848 quam
3147 792 3333 836 senem
3362 780 3416 836 in
3440 779 3695 849 Saturno,

2093 869 2392 927 inberbem
2417 871 2472 927 in
2503 872 2792 943 Apolline,
2822 874 2877 927 in
2902 872 3071 933 “arte
3099 874 3349 943 militem,
3377 875 3435 931 in
3458 875 3697 934 Vulcano

2091 964 2302 1021 fabrum
2326 967 2678 1034 consecrari,
2709 982 2873 1037 quam
2903 966 3007 1023 diis
3034 968 3293 1023 maximis
3337 969 3571 1041 aquales
3614 968 3697 1025 fa.

2092 1072 2219 1115 cere
2246 1067 2488 1115 mortuos
2515 1059 2765 1117 homines
2790 1101 2806 1127 ,
2835 1075 2996 1132 quam
3025 1061 3217 1138 punire
3261 1076 3361 1132 per
3384 1061 3515 1119 deos
3542 1104 3559 1130 ,
3590 1078 3697 1119 non

2091 1164 2221 1207 vero
2248 1165 2346 1221 per
2371 1152 2587 1222 genium
2612 1149 2841 1207 Cesaris
2862 1151 3200 1222 deierantes,
3229 1169 3391 1224 quam
3436 1155 3698 1223 pessimus

2091 1257 2333 1315 quasque
2360 1245 2697 1300 victimarum
2724 1253 2907 1315 partes
2934 1244 3000 1305 iis
3025 1245 3371 1303 sacriﬁcare?
3398 1247 3536 1316 Quid
3581 1257 3697 1305 tan-

2093 1334 2217 1390 dem
2245 1335 2472 1391 deorum
2521 1335 2801 1407 majestate
2853 1338 3027 1409 magis
3067 1338 3377 1409 indignum,
3420 1354 3583 1410 quam
3630 1342 3698 1397 ab

2091 1425 2330 1483 Homero
2372 1427 2598 1498 aliisque
2647 1427 2823 1498 poetis
2868 1428 3088 1500 impune
3115 1428 3389 1486 deeantari
3433 1430 3697 1489 Venerem

2092 1522 2382 1576 sauciatam
2403 1563 2417 1586 ,
2450 1522 2688 1577 vinctum
2716 1521 2939 1577 Martem
2962 1564 2977 1589 ,
3005 1521 3192 1578 Jovem
3231 1523 3298 1578 ab
3327 1524 3447 1579 aliis
3489 1525 3595 1580 diis
3620 1526 3697 1581 la-

2093 1613 2388 1679 cessitum,
2438 1611 2696 1679 ﬂentem,
2738 1612 3130 1682 luxuriantem,
3178 1626 3381 1685 suaque
3430 1615 3694 1672 adulteria

2092 1703 2560 1760 dinumerantem?
2584 1704 2721 1772 Quid
2750 1705 2939 1776 plura?
2965 1704 3154 1761 Nonne
3184 1705 3348 1762 iidem
3377 1707 3449 1762 dii
3480 1708 3695 1766 derideo

388 1799 516 1856 mini
543 1796 804 1853 credibile
845 1796 935 1850 fiat
965 1795 1107 1849 illam
1133 1792 1421 1864 aliquando
1452 1793 1770 1863 promissam
1817 1791 1985 1849 fuisse
2013 1812 2062 1873 Β
2092 1797 2292 1853 bantur
2323 1797 2383 1850 in
2410 1796 2658 1863 theatris,
2686 1807 2741 1851 et
2767 1796 3119 1853 Lentulorum
3146 1838 3163 1865 ,
3195 1806 3357 1869 atque
3383 1798 3691 1857 Hostiarum

388 1893 487 1962 iis,
542 1891 632 1963 qui
680 1896 826 1944 tanta
875 1888 1082 1944 scelera
1130 1886 1566 1958 perpetrassent?
1610 1884 1779 1940 Nemo
1819 1885 1981 1941 etiam

384 1984 620 2056 gentilis,
640 1983 725 2039 vel
762 1982 989 2037 minimo
1025 1978 1373 2035 humanitatis
1401 1992 1563 2035 sensu
1594 1964 1849 2049 praeditus
1873 2018 1890 2044 ,
1917 1991 1980 2031 ea

386 2086 695 2151 perpetrare
713 2089 881 2132 ausus
919 2083 1153 2146 unquam
1172 2072 1380 2128 fuisset.
1404 2072 1547 2144 Ergo
1578 2086 1679 2127 nee
1707 2071 1796 2127 ulli
1819 2070 1987 2126 chris-

383 2174 547 2245 tiani,
593 2184 818 2243 quorum
867 2168 1059 2224 eadem
1101 2181 1165 2222 ac
1208 2174 1528 2221 emtor-orum
1578 2164 1855 2237 hominum
1881 2178 1983 2219 na-

383 2272 501 2320 tura
525 2306 540 2330 ,
570 2277 669 2318 nec
692 2259 1035 2334 Cynopennee
1062 2265 1219 2315 erant
1236 2298 1251 2324 ,
1284 2271 1383 2313 nec
1411 2255 1706 2327 Sciapodes
1723 2296 1739 2322 ,
1763 2268 1869 2312 nec
1887 2269 1986 2309 ar

386 2358 596 2430 tipodes
623 2357 762 2429 (cap.
795 2354 878 2428 7).

455 2450 586 2519 Quis
607 2458 783 2504 autem
807 2462 915 2503 non
942 2444 1119 2501 rideat
1139 2442 1408 2510 ethnicos,
1433 2441 1525 2513 qui
1558 2440 1783 2498 ridiculo
1806 2441 1983 2512 pueri,

381 2560 412 2599 a
439 2552 587 2598 muta
612 2540 821 2596 nutrice
842 2538 1051 2596 educati
1067 2576 1085 2603 ,
1108 2537 1390 2607 primoque
1414 2533 1563 2589 vocis
1611 2547 1753 2589 sono
1783 2539 1982 2605 βάκχαις

380 2634 779 2707 pronuntiantis
809 2672 826 2693 .
913 2637 1219 2687 commento
1294 2626 1525 2695 probare
1582 2625 1983 2681 contendebant

380 2729 703 2786 christianos
733 2724 1031 2797 Phrygibus
1057 2722 1284 2792 aliisque
1306 2718 1611 2776 nationibus
1634 2732 1757 2775 esse
1794 2726 1981 2787 posto-

379 2821 590 2877 riores?
614 2819 751 2887 Quis
776 2817 920 2873 enim
960 2815 1167 2871 nesciat
1206 2811 1555 2869 christianum
1581 2819 1797 2881 gentem
1814 2850 1831 2877 ,
1859 2823 1983 2881 quat

380 2928 411 2969 a
456 2912 655 2968 Judaeis
700 2918 877 2965 ortum
922 2907 1100 2975 duxit;
1146 2919 1267 2962 esse
1319 2905 1531 2960 caeteris
1562 2901 1982 2974 antiquiorem?

379 3005 637 3074 Quamvis
682 3011 861 3058 autem
903 3000 1023 3057 aliis
1069 2998 1337 3056 recentior
1385 2996 1556 3061 foret,
1598 2996 1757 3051 tertia
1799 3005 1981 3051 tamen

376 3095 728 3170 postGrazeos
747 3104 801 3149 et
824 3094 1094 3148 Romanos
1108 3090 1254 3147 natio
1280 3086 1742 3145 inhumanissimis
1792 3101 1982 3158 super-

381 3188 692 3245 stitioo’ibus
720 3184 931 3241 addicta
958 3199 1068 3240 non
1097 3190 1214 3239 erat
1241 3180 1382 3252 (cap.
1414 3179 1499 3251 8).

450 3279 724 3334 instabant
751 3277 949 3333 ethnici
975 3275 1299 3333 christianos
1324 3314 1341 3342 ,
1370 3272 1445 3329 ob
1469 3271 1695 3333 deorum
1724 3279 1975 3331 contem-

385 3381 539 3445 ptum
554 3412 571 3437 ,
592 3371 833 3427 omnium
857 3370 1092 3427 cladium
1129 3383 1250 3425 esse
1269 3376 1739 3445 auctores,_atque
1776 3365 1980 3422 idcirco

381 3462 821 3521 exterminandos
869 3461 1018 3535 (cap.
1087 3460 1167 3534 9).
1217 3460 1327 3517 Sed
1401 3460 1564 3517 variis
1618 3458 1979 3518 Tertullianus

381 3556 641 3628 exemplis
660 3554 993 3611 demonstrat
1015 3553 1277 3610 modum
1298 3552 1639 3625 gravissimis
1659 3552 1977 3609 calamitati-

376 3648 513 3714 bus,
543 3649 622 3704 uti
644 3663 901 3720 aquarum
929 3646 1407 3710 inundationibus,
1447 3645 1570 3717 igne
1615 3644 1822 3701 cmlesti
1848 3686 1868 3711 ,
1909 3659 1979 3701 ae

376 3743 613 3814 generali
660 3741 867 3797 diluvio
911 3740 1280 3812 perturbatum
1304 3782 1318 3807 ,
1366 3738 1723 3809 obrutumque
1766 3738 1969 3806 fuisse,

376 3842 662 3905 antequam
709 3833 947 3902 ipsimet‘
972 3831 1173 3888 ethnici
1214 3832 1345 3887 deos
1373 3845 1502 3886 suos
1544 3830 1855 3897 ﬂexissent,
1908 3845 1979 3886 ac

377 3924 610 3981 fundatis
640 3933 826 3981 essent
854 3924 1044 3991 urbes,
1076 3925 1131 3979 in
1169 3923 1367 3995 quibus
1407 3924 1518 3978 nati
1546 3964 1567 3987 ,
1610 3923 1968 3990 commorati,

378 4028 433 4076 et
473 4019 669 4090 sepulti
702 4027 849 4074 sunt.
894 4018 1035 4087 Quid
1076 4033 1241 4081 vero,
1289 4016 1436 4088 quod
1472 4027 1657 4087 postea
1687 4017 1745 4072 hi
1790 4018 1977 4073 eximii

378 4110 449 4166 dii
476 4125 583 4165 non
616 4118 905 4182 potuerunt
931 4110 999 4166 ab
1022 4110 1142 4165 aliis
1170 4108 1411 4166 cladibus
1451 4124 1581 4166 suos
1620 4111 1834 4182 eripere
1859 4110 1975 4167 cul-

379 4205 558 4261 tores?

446 4298 690 4356 Secunda
716 4298 877 4370 hujus
902 4298 1027 4354 libri
1055 4298 1115 4353 in
1135 4306 1293 4370 parte
1333 4298 1536 4354 Auctor
1564 4305 1751 4355 noster
1793 4304 1977 4355 esten.

374 4392 456 4447 dit
483 4393 740 4462 ipsosmet
785 4392 1015 4464 gentiles
1030 4391 1345 4447 earumdem
1370 4390 1655 4447 criminum
1685 4406 1811 4449 esse
1844 4407 1975 4448 ωηο

378 4488 543 4551 scios,
558 4501 789 4556 quorum
799 4487 1129 4542 christianos
1148 4496 1375 4557 arguere
1397 4484 1595 4542 frustra
1616 4488 1969 4544 cumba-tur.

380 4576 515 4632 Nam
567 4577 619 4631 hi
671 4580 759 4647 qui
810 4580 1093 4651 antiquos,
1120 4578 1217 4635 sed
1267 4578 1459 4649 impios
1498 4579 1635 4634 ritus
1658 4594 1689 4632 a
1720 4579 1973 4635 ebriati»
1996 4597 2055 4661 Ι)

380 4662 467 4718 nis
516 4662 827 4732 repudiatos
875 4665 1145 4720 immerito
1207 4664 1609 4734 querebantur,
1640 4664 1717 4719 illi
1783 4665 1888 4736 ipsi
1942 4680 1979 4721 a

377 4756 642 4828 majorum
692 4773 914 4815 suorum
956 4758 1196 4830 legibus,
1229 4758 1486 4813 institutis
1533 4760 1777 4815 moribus
1801 4759 1975 4816 desci-

376 4858 567 4906 verant
592 4852 739 4906 cultu
759 4893 773 4918 ,
808 4851 991 4920 rictu,
1020 4853 1244 4923 ipsoque
1291 4866 1565 4916 sermone,
1610 4867 1675 4909 ac
1700 4869 1973 4925 nunquam

376 4945 510 5001 satis
532 4961 565 5001 a
588 4962 649 5002 se
674 4945 918 5001 laudatas
942 4947 1246 5018 rejeeerant
1274 4955 1585 5003 vctustatcs.

447 5038 654 5095 Deinde
682 5053 813 5094 vero
836 5038 1113 5095 christiani
1140 5039 1275 5096 deos
1298 5081 1311 5105 ,
1335 5054 1472 5111 quos
1497 5040 1679 5097 nullos
1711 5053 1837 5097 esse
1868 5055 1971 5099 no.

375 5139 587 5197 verant,
608 5138 957 5187 contemnere
986 5147 1095 5187 non
1112 5141 1422 5202 potuerunt.
1452 5133 1669 5190 Ethnici
1690 5149 1820 5192 vero
1839 5151 1976 5208 quos

377 5235 537 5278 veros
565 5237 687 5278 esse
708 5261 724 5290 ,
754 5237 818 5280 ac
868 5238 930 5279 se
956 5224 1137 5281 coiere
1173 5224 1520 5282 venditabant
1545 5266 1562 5290 ,
1615 5228 1830 5298 penitus
1875 5230 1974 5285 ad-

378 5313 791 5383 opernabantur.
821 5314 1075 5374 Pluribus
1096 5316 1365 5388 siquidem
1389 5320 1588 5387 spretis
1606 5360 1621 5387 ,
1651 5330 1704 5376 et
1734 5323 1976 5392 repudia-

377 5404 489 5472 tis,
548 5407 811 5477 quosdam
865 5417 1075 5465 tantum
1127 5425 1156 5462 a
1214 5424 1272 5466 se
1326 5410 1557 5467 selectos
1616 5411 1972 5470 honorabant.

338 5524 342 5527 -
374 5496 565 5555 Nonne
588 5501 751 5556 etiam
777 5503 1169 5559 contumeliose
1197 5518 1226 5556 a
1267 5513 1460 5559 senatu
1491 5503 1645 5585 ejecti
1672 5514 1798 5560 sunt
1841 5506 1977 5564 deus

375 5590 654 5648 Alburnus
672 5634 691 5659 ,
721 5592 901 5661 Liber,
936 5595 1154 5666 Serapis
1174 5637 1189 5663 ,
1210 5593 1564 5665 Harpocrates
1584 5638 1599 5662 ,
1653 5597 1859 5655 Anubis
1881 5639 1896 5664 ,
1924 5608 1979 5655 et

381 5692 571 5740 statuat
610 5685 824 5743 illorum
868 5688 1110 5746 eversa?
1133 5688 1270 5757 Quid
1320 5688 1426 5745 diis
1467 5689 1642 5746 adhuc
1667 5692 1842 5763 magis
1887 5693 1981 5749 in-

378 5773 643 5846 iuriam
669 5822 685 5850 ,
713 5794 879 5854 quam
907 5782 1029 5849 sino
1070 5783 1542 5843 senatusconsulto
1582 5797 1679 5842 eos
1720 5788 1824 5846 coli
1868 5802 1977 5849 non

2086 1888 2388 1957 commdiis,
2418 1889 2529 1955 ubi,
2553 1890 2762 1945 cunctis
2786 1888 3186 1959 plaudentibus,
3215 1890 3368 1945 mimi
3387 1901 3443 1946 et
3469 1891 3693 1948 histrio-

2084 1996 2184 2037 nes
2210 1980 2489 2037 ridiculam
2521 1981 2681 2051 plane
2699 1967 2931 2052 ageb'ant
2957 1980 3187 2053 Cybeles
3226 1991 3499 2053 pastorem
3556 1999 3684 2042 sns-

2085 2072 2317 2144 pirantis
2358 2087 2681 2142 personam,
2723 2074 2815 2128 vei
2865 2072 3015 2129 leris
3056 2075 3226 2146 elogia
3271 2084 3328 2132 et
3365 2075 3681 2147 ignominias

2084 2163 2487 2221 decantabunt’t
2511 2162 2702 2219 Nonne
2726 2163 2802 2219 dii
2832 2164 3228 2221 infamahontur
3265 2181 3296 2222 a
3323 2167 3550 2238 perditis
3578 2167 3682 2228 lto-

2084 2258 2353 2325 minibus,
2389 2258 2480 2329 qui
2509 2257 2563 2313 in
2595 2273 2758 2314 eavea
2789 2259 3252 2330 reprmsentabant
3290 2262 3453 2332 Atym
3477 2271 3686 2318 casu-a-

2086 2359 2203 2405 tnm
2225 2389 2241 2417 ,
2285 2359 2591 2405 crematum
2628 2349 2915 2407 Herculem
2937 2390 2955 2418 ,
3004 2350 3185 2407 Ditem
3207 2351 3569 2423 gladiatorum
3593 2353 3686 2413 the

2084 2441 2373 2499 ducentem
2397 2441 2705 2512 exsequias,
2749 2456 2815 2496 ac
2837 2440 3165 2497 Mercurium
3204 2452 3453 2500 mortuos
3491 2444 3697 2501 exami-

2083 2535 2342 2591 nantem?
2365 2534 2497 2602 Quis
2524 2548 2655 2606 ergo
2704 2534 3027 2591 diffitebitur
3051 2534 3359 2606 huiusmodi
3406 2538 3543 2598 deos
3564 2580 3587 2605 ,
3623 2540 3693 2596 ab

2086 2624 2174 2681 his
2189 2625 2359 2696 ipsis,
2385 2626 2603 2696 quieos
2624 2626 2927 2695 ﬁnxerunt,
2953 2627 3241 2697 gentilibus
3276 2628 3436 2699 longe
3475 2630 3649 2701 magis
3667 2671 3686 2699 ,

2081 2734 2244 2791 quam
2261 2735 2291 2774 a
2315 2719 2624 2776 cbristianis
2651 2721 2929 2777 contemni
2945 2730 3003 2776 et
3023 2720 3253 2777 derideri
3282 2724 3421 2794 (cap.
3453 2722 3585 2794 l0)?

2159 2816 2272 2884 Age
2299 2827 2459 2879 vero,
2489 2812 2687 2870 ethnici
2712 2828 2745 2868 a
2774 2813 3037 2870 mendace
3060 2813 3247 2870 Tacito
3273 2814 3521 2886 decepti,
3553 2815 3688 2874 falso

2080 2906 2466 2963 asseverabant
2506 2921 2538 2961 a
2564 2906 2877 2962 christianis
2899 2906 3117 2962 adorari
3163 2908 3299 2964 asini
3328 2920 3491 2980 caput
3526 2898 3688 2984 (cep.

2083 2999 2199 3070 ll).
2230 3000 2336 3056 Sed
2368 3001 2472 3071 ipsi
2495 3000 2725 3070 gentiles
2754 3015 2945 3056 revera
2983 3009 3125 3058 totos
3164 3002 3461 3059 adorabant
3506 3005 3687 3069 asinos

2081 3106 2209 3149 cum
2233 3108 2326 3149 sua
2354 3093 2573 3165 Epona,
2621 3094 2841 3164 suisque
2867 3109 2989 3151 cum
3019 3095 3354 3167 prmsepibus
3396 3111 3683 3153 consecra—

2002 3204 2047 3267 ρ
2081 3188 2211 3243 bant
2256 3187 2474 3244 bestias.
2522 3189 2637 3255 Qua
2686 3202 2818 3245 vero
2864 3189 3073 3245 ratione
3118 3189 3429 3246 cbristianis
3464 3189 3682 3246 crimini

2079 3278 2279 3336 dabant
2296 3321 2311 3345 ,
2339 3279 2481 3350 quod
2503 3292 2724 3337 crucem
2749 3279 2950 3336 Christi
2974 3281 3241 3347 colerent,
3265 3293 3391 3338 eum
3414 3281 3520 3352 ipsi
3545 3283 3685 3338 Atti-

2078 3384 2198 3426 cam
2226 3372 2496 3426 Palladem
2521 3380 2573 3426 et
2593 3371 2844 3427 Cererem
2858 3371 3107 3427 Phariam
3126 3385 3155 3427 a
3172 3373 3350 3429 crucis
3365 3372 3549 3443 stipite
3569 3388 3683 3430 non

2077 3462 2481 3535 discrepantem
2505 3463 2943 3520 venerabantur?
2968 3462 3161 3520 Nonne
3187 3464 3353 3519 etiam
3378 3472 3541 3521 recte
3559 3479 3683 3521 cru-

2076 3555 2159 3611 cis
2183 3556 2327 3626 parti
2352 3555 2800 3626 superstruebant
2824 3555 2959 3613 deos
2982 3570 3147 3623 suos;
3176 3566 3230 3612 et
3256 3554 3485 3628 integris
3500 3558 3678 3613 croei~

2076 3646 2181 3704 bus
2206 3647 2460 3703 victorias
2479 3688 2496 3714 ,
2519 3648 2778 3703 cantabra
2800 3690 2817 3716 ,
2845 3646 3061 3719 siphara
3088 3689 3104 3716 ,
3129 3656 3186 3704 et
3204 3649 3358 3720 signa
3381 3649 3635 3705 militaria
3655 3688 3679 3718 ,

2076 3754 2194 3811 quae
2216 3742 2461 3795 maximo
2475 3738 2830 3796 habebantin
2850 3740 3063 3796 honore
3085 3739 3240 3811 (cap.
3271 3740 3405 3810 ων

2146 3831 2377 3900 Quidam
2402 3847 2533 3888 vero
2560 3846 2626 3887 ex
2657 3830 2761 3887 illis
2789 3845 3069 3902 perperam
3099 3830 3300 3900 opinati
3339 3838 3466 3887 sunt
3490 3830 3679 3888 Sole-

2076 3937 2106 3978 a
2133 3923 2440 3980 christianis
2464 3923 2707 3996 adorari,
2737 3924 2862 3995 quia
2900 3938 3090 3980 verum
3119 3924 3291 3980 Deum
3317 3938 3491 3992 suum,
3539 3924 3681 3982 facio

2075 4016 2145 4072 ad
2177 4015 2431 4072 eumdem
2475 4016 2660 4073 Solem
2706 4031 3004 4084 conversa,
3052 4016 3436 4086 precabantur,
3481 4031 3546 4072 ac
3586 4016 3680 4074 die

2084 4107 2369 4164 Dominico
2386 4108 2615 4178 spiritali
2646 4107 2995 4180 indulgebant
3017 4108 3213 4164 lautitiae
3236 4108 3375 4180 (cap.
3423 4107 3538 4180 15).
3569 4108 3678 4166 Ve-

2075 4214 2196 4257 rum
2222 4201 2452 4273 improbi
2484 4201 2571 4256 isti
2596 4200 3018 4257 calumniatores
3035 4214 3235 4271 negare
3254 4213 3365 4255 non
3388 4208 3681 4271 potucrant

2074 4307 2285 4348 morem
2315 4292 2657 4349 ethnicorum
2687 4290 2855 4347 fuisse
2879 4291 3041 4346 simili
3070 4293 3233 4349 modo
3270 4294 3503 4351 factitios
3541 4294 3679 4355 deos

2075 4398 2204 4440 suos
2230 4385 2520 4456 precandi,
2552 4392 2714 4455 atque
2739 4384 2845 4440 illis
2871 4384 3085 4441 dicaudi
3115 4401 3282 4442 unum
3319 4386 3677 4447 hebdomadis

2076 4478 2239 4543 diem,
2273 4491 2435 4548 quem
2460 4475 2743 4549 Domioico
2768 4478 3077 4547 proximum
3096 4518 3113 4545 ,
3143 4480 3309 4549 longe
3350 4478 3575 4534 diverso
3606 4493 3677 4538 ac

2075 4569 2249 4626 Judtei
2284 4571 2413 4637 ritu,
2444 4569 2807 4626 celebrabant.

2150 4662 2288 4717 Tum
2312 4661 2508 4718 deinde
2538 4660 2903 4717 Tertullianus
2922 4661 3120 4717 acriter
3141 4701 3159 4728 ,
3184 4660 3456 4722 invehitur
3472 4662 3524 4716 in
3550 4660 3676 4718 bos-

2076 4754 2292 4809 tiarium
2318 4752 2605 4825 quemdam
2633 4795 2648 4820 ,
2690 4753 2931 4809 Judaiem
2978 4753 3251 4824 religionis
3290 4752 3623 4810 desertorem
3654 4795 3671 4822 ,

2074 4847 2169 4917 qui
2188 4847 2247 4900 in
2270 4846 2430 4902 Circo
2453 4845 2721 4917 picturam
2764 4845 2859 4901 Dei
2903 4845 3319 4901 christiauorum
3357 4846 3460 4901 sub
3502 4844 3679 4902 forma

2073 4939 2211 4995 asini
2238 4938 2638 4995 circ-mutarat
2673 4952 2801 4994 cum
2838 4937 2941 4994 hac
2982 4937 3375 5009 inscriptione:
3402 4936 3673 4994 Onoclroe-

2074 5042 2152 5089 ω
2195 5032 2354 5104 (sap.
2404 5032 2515 5102 Η).
2551 5031 2687 5087 Nam
2714 5041 2917 5104 quanto
2942 5033 3151 5104 longius
3197 5033 3341 5089 istud
3382 5020 3413 5089 a
3450 5011 3684 5091 verita;

2076 5124 2406 5181 abhorrebat
2429 5167 2444 5191 ,
2474 5133 2630 5180 tanto
2662 5125 2867 5181 certius
2907 5132 3029 5182 erat
3068 5126 3141 5181 ab
3180 5124 3419 5182 ethnicis
3461 5125 3681 5183 adorari

2076 5215 2215 5273 deos
2235 5226 2527 5285 cornutos,
2554 5219 2873 5297 caprigenas
2890 5257 2907 5285 ,
2937 5233 3003 5277 ac
3029 5219 3288 5275 monstris
3330 5219 3557 5279 omnino
3597 5217 3679 5275 si~

2075 5308 2257 5364 miles.
2804 5334 2809 5339 ’

2155 5400 2297 5457 Nihil
2326 5416 2542 5473 quoque
2569 5401 2758 5460 falsius
2783 5402 2913 5474 fingi
2952 5411 3165 5475 poterat
3193 5444 3210 5469 ,
3252 5418 3410 5474 quam
3439 5419 3469 5459 a
3497 5404 3676 5459 ebrie-

2080 5492 2237 5548 tianis
2258 5508 2411 5550 sacra
2441 5495 2579 5552 inter
2603 5497 2859 5568 mysteria
2887 5495 3060 5552 occidi
3108 5495 3369 5553 infantem
3388 5539 3403 5565 ,
3450 5497 3684 5568 ejusque

2056 5588 2399 5667 sanguinem
2427 5590 2621 5660 putari.
2664 5595 2736 5645 At
2799 5589 2960 5663 plane
3000 5592 3284 5648 constabat
3320 5592 3387 5649 ab
3448 5590 3685 5648 ethnicis

2081 5689 2269 5737 contra
2318 5682 2468 5754 leges
2523 5698 2652 5741 ruas
2698 5698 2895 5742 recens
2928 5694 3087 5743 natos
3122 5687 3381 5743 trucidari
3427 5686 3686 5758 infantes,

2079 5781 2180 5834 aut
2198 5788 2404 5834 summa
2436 5776 2751 5836 crudelitate
2776 5778 2987 5855 injuriis
3014 5779 3158 5840 aeris
3176 5780 3449 5842 necandos
3459 5780 3690 5852 exponi,
