4240 6262
569 271 677 329 759

1656 269 1726 326 1N
1760 267 2224 330 TERTULLIANI
2259 271 2789 336 APOLOGETICUM

3771 292 3880 353 760

579 399 672 446 aut
701 390 820 449 elici
860 405 1044 448 eorum
1071 388 1382 459 sanguinem
1401 428 1416 455 ,
1444 375 1694 462 totosque
1724 404 2035 463 praecoques
2085 390 2178 447 de-
2203 399 2257 460 Α
2315 399 2318 402 ’
2355 392 2637 464 Postremo
2661 395 3022 455 Tertullianus
3043 413 3110 458 ex
3151 399 3412 461 hactenus
3435 404 3724 477 disputatis
3749 421 3880 466 con-

578 487 754 542 vorari
786 485 939 559 (cap.
972 483 1109 553 15.).

653 575 791 644 Quid
840 588 969 630 vero
1019 572 1386 644 impudentius
1437 587 1596 644 quam
1657 574 1982 633 christianos
2055 576 2175 634 falsi

580 669 802 724 omnino
858 665 1103 722 nocturni
1135 667 1371 722 incestus
1399 667 1467 723 ah
1497 668 1560 722 iis
1589 671 1827 725 accusari
1853 713 1867 736 ,
1908 671 1998 741 qui
2047 671 2171 726 infi-

576 760 687 816 cias
714 759 790 814 ire
816 758 1108 830 nequibant
1135 761 1362 831 gentiles
1389 759 1582 816 Persas
1625 776 1747 817 cum
1775 764 2038 820 matribus
2061 765 2173 821 suis

578 853 752 924 palam
776 852 954 919 coire,
985 853 1182 924 quique
1207 850 1472 924 OEdipum
1502 852 1676 910 scelus
1703 855 1847 910 illud”
1877 857 1928 912 in
1962 857 2174 914 theatro

578 952 1055 1014 repracsentantem
1102 958 1296 1014 magno
1323 959 1444 1000 cum
1475 947 1732 1016 applausu
1775 946 2063 1003 laudabant
2093 947 2174 1004 in-

573 1036 936 1107 citabanlque.
981 1036 1119 1104 Quin
1163 1035 1322 1091 etiam
1367 1037 1454 1092 isti
1486 1038 1586 1108 ipsi
1627 1052 1750 1093 cum
1796 1038 1979 1095 liberis
2018 1040 2170 1108 suis,

575 1143 744 1199 quos,
776 1128 914 1183 sicut
939 1127 1203 1195 diximus,
1235 1140 1597 1199 exposuerant
1622 1128 1883 1197 infantes,
1919 1146 2016 1186 nec
2054 1147 2171 1186 am-

573 1219 718 1290 plius
742 1218 1138 1290 agnoscebant,
1186 1220 1380 1289 saepius
1439 1219 1622 1274 infami
1669 1221 1874 1276 incestu
1915 1222 2170 1278 commis-

574 1311 836 1368 cebantur
863 1311 882 1382 (
909 1328 1027 1381 cap.
1057 1309 1168 1382 16).
1187 1311 1264 1366 Ne
1283 1312 1402 1381 quis
1429 1321 1609 1368 autem
1641 1312 1772 1390 illud
1794 1315 1956 1384 gratis
1988 1315 2171 1373 fictum

572 1403 870 1474 objiceret,
921 1403 988 1457 ab
1042 1412 1262 1458 auctore
1327 1412 1514 1459 nostro
1578 1406 1926 1461 confirmatur
1972 1409 2169 1465 celebri

571 1496 820 1566 exemplo
850 1537 864 1562 ,
910 1494 1052 1566 quod
1098 1495 1344 1550 Fusciani
1406 1495 1564 1552 Urbis
1601 1496 1840 1568 praefecti
1882 1508 2123 1569 tempore
2151 1543 2168 1570 ,

573 1605 676 1646 nec
704 1588 867 1660 paulo
893 1596 1019 1643 ante
1044 1587 1310 1643 acciderat
1336 1630 1349 1655 ,
1384 1604 1540 1659 quam
1574 1588 1673 1645 hos
1703 1590 1868 1646 libros
1919 1592 2168 1663 scripsis-

569 1691 672 1738 set.

641 1773 822 1844 Pergit
849 1773 969 1839 ille,
1002 1773 1289 1845 palamque
1315 1773 1440 1829 facit
1465 1773 1790 1832 christianos
1819 1775 2016 1832 frustra
2064 1793 2165 1849 pu-

569 1867 739 1924 blicos
766 1867 946 1923 hostes
984 1867 1304 1923 abethnicis
1335 1868 1455 1923 ideo
1484 1869 1803 1939 proclamari
1825 1913 1839 1937 ,
1885 1875 2010 1942 quia
2057 1888 2166 1928 non

571 1962 868 2018 adorahant
889 1962 1148 2032 imagines
1166 1948 1460 2028 Caesarum,
1489 1977 1586 2018 nec
1617 1978 1715 2034 per
1733 1979 1918 2018 eorum
1949 1966 2164 2036 genium

574 2055 827 2126 jurabant
875 2053 1012 2127 (cap.
1049 2055 1160 2127 l7).
1193 2055 1358 2110 Plane
1383 2055 1528 2110 enim
1571 2054 1804 2110 ostendit
1846 2055 1949 2112 hoc
1990 2058 2164 2128 ipsum

569 2149 625 2203 in
653 2147 855 2202 crimen
889 2147 1080 2201 merito
1107 2148 1286 2201 vocari
1326 2146 1554 2201 rebelles
1583 2145 1700 2201 illas
1728 2148 1976 2204 nationes
1995 2190 2009 2213 ,
2043 2164 2165 2219 qute

567 2238 634 2294 ab
656 2238 1067 2308 imperatoribus
1093 2237 1392 2304 debellatae,
1420 2237 1815 2308 Parthicoru‘m,
1841 2237 2117 2297 Medorum
2145 2283 2161 2308 ,

570 2331 1014 2390 Germanicorum
1045 2331 1364 2401 cognomina
1410 2331 1490 2386 eis
1517 2341 1858 2402 pepererant.
1887 2333 2073 2390 Nonne
2100 2350 2162 2390 e-

568 2423 694 2479 tiam
721 2422 916 2494 publici
948 2423 1133 2478 hostes
1161 2421 1375 2477 fuerunt
1404 2420 1666 2489 Romani,
1697 2424 1788 2494 qui
1813 2425 2162 2496 conspirave-

573 2504 702 2572 runt
729 2514 986 2570 adversus
1017 2515 1366 2584 imperatores
1396 2528 1555 2581 suos,
1601 2529 1802 2586 eosque
1850 2516 1905 2570 in
1951 2517 2162 2587 palatiis

487 2617 497 2630 ‘
568 2607 683 2663 suis
706 2621 878 2676 nuper
907 2606 960 2659 in
990 2604 1161 2661 Gallia
1187 2604 1525 2661 occiderunt?
1555 2605 1743 2661 Nonne
1770 2607 1932 2661 etiam
1961 2607 2161 2677 publici

561 2699 745 2755 hostes
773 2697 982 2754 dicendi
1011 2697 1270 2766 sunt,qui
1298 2696 1418 2752 illos
1444 2707 1772 2753 vexaverunt
1801 2699 2163 2765 omnicontu-

566 2792 852 2847 meliarum
881 2790 1160 2861 generein
1205 2789 1344 2845 ludis
1391 2790 1754 2857 circensibus,
1812 2792 1896 2848 vel
1941 2791 2161 2849 famosis

565 2886 764 2942 libellis
789 2884 855 2940 ad
883 2899 1069 2940 eorum
1095 2892 1302 2939 statuas
1331 2884 1626 2954 appensis?
1670 2884 1911 2956 Denique
1938 2888 2157 2957 quinam

562 2975 762 3048 publici
793 2974 976 3030 hostes
999 3017 1014 3041 ,
1043 2989 1172 3028 num
1197 2973 1508 3040 christiani,
1557 2975 1649 3045 qui
1695 2975 1954 3032 nolebant
1996 2976 2158 3034 deum

567 3081 765 3124 vocare
812 3066 1196 3138 imperatorem
1222 3083 1238 3131 ;
1271 3065 1358 3120 vel
1382 3066 1609 3136 gentiles
1638 3107 1652 3131 ,
1681 3067 1771 3137 qui
1816 3077 1998 3124 contra
2025 3083 2158 3124 con-

568 3159 846 3217 scientiam
872 3159 1018 3214 illum
1049 3173 1155 3213 non
1183 3157 1300 3213 sine
1331 3157 1581 3214 irrisione
1608 3159 1946 3230 appellabant
1961 3160 2116 3216 deum
2136 3202 2152 3230 ,

568 3267 636 3308 ac
663 3229 760 3323 per
807 3251 925 3322 ejus
953 3251 1170 3323 genium
1192 3251 1495 3335 dejerantes
1517 3292 1534 3320 ,
1579 3252 1824 3322 peierare
1860 3269 1966 3310 non
1996 3269 2152 3312 vere-

554 3345 797 3402 bantur?
931 3356 933 3359 ·
1000 3374 1004 3378 -
1214 3333 1222 3336 ”
1332 3360 1334 3362 '

631 3437 836 3493 Novum
864 3452 1026 3507 porro
1055 3436 1110 3492 hi
1140 3437 1316 3492 scelus
1339 3436 1648 3494 christianis
1676 3439 1982 3520 inferebant
2009 3484 2024 3511 ,
2053 3446 2153 3500 mi-

559 3530 785 3585 rabilem
814 3529 1063 3584 videlicet
1096 3529 1150 3582 in
1179 3529 1502 3598 quibuslibet
1526 3532 1850 3590 cruciatibus
1888 3531 1998 3604 pro‘
2025 3537 2162 3592 reli-t

558 3620 734 3692 gionis
780 3633 892 3674 sua:
921 3621 1148 3674 veritate
1190 3618 1551 3689 perferendis
1588 3625 1942 3679 constantiam
1989 3627 2147 3698 (cap.

555 3712 673 3786 18)·
701 3713 808 3769 sed
835 3714 974 3782 (μηδ’,
999 3727 1184 3784 (ιιιωεο
1204 3755 1218 3776 ς
1247 3712 1438 3780 ἶΐΐοηιθ
1482 3723 1537 3769 et
1580 3713 1842 3771 audacia?
1884 3717 2017 3773 Nam
2051 3721 2150 3790 ipsi

556 3805 806 3860 maximis
845 3803 1093 3857 laudibus
1119 3802 1416 3858 eﬂ'erehant
1462 3804 1760 3876 Regulum,
1807 3809 1899 3878 qui
1946 3810 2149 3878 primus

555 3895 757 3956 crucis
786 3894 1357 3965 supplicio;'regiuam
1401 3894 1650 3967 Egypti,
1699 3914 1818 3968 quae
1854 3900 2146 3958 bestiarum

553 4005 770 4056 morsu;
799 3991 1024 4062 uxorem
1047 3987 1326 4059 Annibalis
1345 3998 1374 4054 -,'
1393 4004 1513 4060 qua:
1532 4032 1546 4055 ,
1574 3990 1732 4046 siculi
1756 3991 1890 4048 Dido
1913 4035 1928 4061 ,
1960 3995 2149 4052 volun-

553 4083 1050 4154 tariaignevitam
1089 4081 1384 4137 finierunt?
1426 4081 1814 4159 No’nnejetiam
1859 4087 2148 4147 laudabant

550 4172 768 4228 atticam
809 4173 1127 4246 mulierem,
1180 4187 1298 4243 qua:
1343 4182 1463 4242 post
1501 4175 2144 4254 acerbissimatormenta

549 4265 783 4335 linguam
812 4278 961 4320 suam
983 4307 998 4331 ,
1030 4279 1100 4343 ne
1129 4273 1395 4319 secretum
1425 4264 1678 4334 proderet
1706 4295 1744 4336 ,-
1774 4271 1826 4323 in
1861 4278 2143 4342 tyrannum

548 4356 797 4427 exspuit?
824 4354 1011 4410 Nonne
1038 4355 1197 4410 etiam
1223 4355 1608 4434 gladiatoribus
1631 4358 1782 4420 laudi.
1799 4362 2104 4420 tribuebant
2121 4407 2139 4433 ,

548 4447 692 4520 quod
717 4461 746 4502 a
773 4462 833 4502 se
858 4447 1085 4503 invicem
1105 4487 1121 4512 ,
1151 4456 1243 4502 aut
1267 4463 1295 4501 a
1323 4449 1508 4527 bestiis
1531 4451 1731 4519 necari,
1751 4453 1900 4523 quod,
1921 4456 2140 4526 quidam

543 4543 696 4599 vivos
715 4558 775 4599 se
795 4541 1032 4598 comburi
1057 4583 1073 4608 ,
1104 4535 1246 4614 quod
1267 4543 1507 4601 Lacones
1528 4560 1587 4602 se
1606 4546 1788 4619 flagris
1807 4548 1943 4605 caedi
1973 4551 2134 4609 lania-

500 4677 506 4683 .
541 4634 696 4706 rique
723 4643 1040 4692 constanter
1059 4636 1406 4706 paterentur?

538 4731 585 4792 βξ,
614 4728 681 4782 At
704 4739 851 4783 certe
871 4743 935 4782 eo
962 4729 1132 4798 magis
1160 4728 1422 4785 laudanda
1449 4739 1566 4787 erat
1585 4733 1782 4791 invicta
1810 4734 2146 4796 christiano-.

542 4835 662 4877 rum
693 4821 743 4875 in
770 4819 1053 4877 horrendis
1081 4821 1408 4878 cruciatibus
1449 4822 1738 4894 fortitudo,
1787 4828 1929 4898 quod
1971 4830 2092 4887 illos
2115 4875 2131 4900 ,

538 4928 646 4970 non
669 4913 805 4968 sicut
831 4914 1065 4982 ethnici,
1099 4914 1164 4969 ad
1211 4917 1580 4986 aucupandam
1609 4919 1820 4976 inanem
1853 4922 2130 4980 hominum

538 5006 763 5077 gloriam
793 5006 1129 5073 tolerabant,
1157 5007 1252 5063 sed
1276 5009 1400 5079 quia
1420 5011 1720 5068 certissime
1747 5016 2132 5084 exspectabant

536 5099 771 5154 futuram
801 5115 1087 5170 corporum
1118 5103 1567 5158 resurrectionem
1593 5146 1607 5171 ,
1637 5105 1884 5162 ultimum
1917 5109 2012 5165 Dei
2033 5109 2124 5180 ju-

535 5194 734 5250 dicium
757 5236 774 5262 ,
804 5203 966 5266 atque
991 5205 1246 5250 :eternam
1277 5210 1374 5266 pro
1399 5198 1606 5254 meritis
1630 5201 1935 5258 mercedem
1983 5203 2120 5276 (cap.

534 5284 651 5356 i9).
680 5285 863 5356 Neque
892 5287 1028 5341 hanc
1072 5295 1294 5356 propter
1318 5293 1774 5359 exspectationem
1803 5295 2123 5352 exsibilandi

530 5387 689 5433 erant
721 5379 789 5432 ab
818 5378 1046 5433 ethnicis
1070 5419 1084 5444 ,
1116 5379 1204 5449 qui
1256 5381 1566 5437 asserebant
1597 5384 1802 5438 animas
1847 5385 2120 5445 hominum

531 5473 586 5527 in
609 5471 714 5527 alia
737 5469 897 5526 etiam
927 5469 1216 5526 bestiarum
1245 5486 1470 5542 corpora
1504 5473 1842 5544 migraturus,
1883 5477 2117 5535 futurmn

529 5563 726 5619 Minois
750 5577 814 5617 ac
851 5561 1555 5635 Rhadamanthijudicium,
1587 5581 1650 5622 ac
1690 5578 1876 5639 postea
1927 5572 2120 5642 impios

526 5663 729 5709 aaterno
759 5655 879 5724 igne
901 5696 918 5720 ,
949 5656 1067 5724 pios
1095 5667 1274 5714 autem
1301 5660 1353 5715 in
1379 5675 1592 5718 amomo
1615 5662 1736 5719 loco
1760 5665 1926 5721 vitam
1955 5674 2117 5722 aeter-

523 5758 647 5798 nam
679 5754 1059 5802 transacturos.

2277 484 2446 541 cludit
2487 487 2810 546 christianos
2834 533 2849 556 ,
2900 492 3110 548 etiamsi
3157 495 3438 564 omnium,
3471 513 3698 568 quorum
3744 500 3880 558 falso

2267 580 2664 637 accusabantur
2688 625 2704 649 ,
2735 584 3016 642 criminum
3043 589 3118 643 rei
3151 588 3408 657 fuissent,
3442 607 3547 648 non
3579 595 3878 664 puniendos

2279 679 2457 728 tamen
2487 674 2866 746 vexandosque
2908 677 2976 733 ab
3004 679 3272 748 ethnicis,
3316 683 3407 752 qui
3449 683 3636 740 eadem
3682 702 3877 758 perpe-

2278 772 2451 821 trasse
2472 781 2660 823 revera
2681 769 3071 826 convincuntur
3115 773 3134 844 (
3160 789 3278 844 cap.
3300 774 3419 848 20).
3443 776 3682 850 Denique
3699 795 3878 852 quam-

2276 855 2361 913 vis
2383 856 2660 914 christiani
2691 873 2750 916 se
2775 862 3062 918 criminum
3090 879 3210 921 reos
3234 881 3353 932 esse
3379 868 3673 940 dixissent,
3706 876 3880 930 maxi~

2276 962 2361 1002 ma
2389 947 2739 1008 nihilominus
2767 951 3043 1025 diligentia
3084 955 3284 1012 ethnici
3329 959 3659 1032 investigare
3703 963 3877 1023 debev

2276 1038 2406 1096 bant
2432 1057 2500 1096 an
2530 1042 2648 1101 haec
2675 1061 2802 1101 vera
2829 1059 3032 1116 essent,
3058 1065 3121 1106 ac
3146 1051 3414 1124 legitimos
3436 1054 3647 1123 audire,
3674 1061 3879 1116 exami-

2274 1145 2404 1188 nare
2434 1132 2627 1190 horum
2652 1138 2933 1194 criminum
2967 1149 3130 1198 testes
3156 1159 3219 1198 ac
3255 1150 3524 1202 conscios.
3567 1148 3675 1207 Sed
3722 1153 3874 1209 noleo

2274 1227 2402 1284 bant
2424 1229 2540 1286 inec
2563 1247 2590 1286 a
2615 1233 2820 1306 legibus
2854 1237 2965 1294 suis
2991 1247 3188 1294 statuta
3217 1241 3510 1302 observare
3531 1287 3547 1313 ,
3580 1264 3649 1305 ne
3685 1251 3866 1321 agnita

2274 1319 2686 1380 christianorum
2711 1326 3016 1385 innocentia
3041 1373 3056 1398 ,
3084 1345 3180 1387 eos
3207 1345 3454 1392 amarent
3483 1377 3499 1404 ,
3529 1355 3662 1410 quos
3690 1319 3875 1402 odisse

2273 1428 2337 1469 ac
2364 1415 2432 1472 de
2472 1419 2650 1474 medio
2697 1423 2885 1479 tollere
2928 1424 3299 1503 decreverant.
3349 1425 3654 1492 Voluntaria
3707 1438 3870 1510 igitur

2272 1507 2570 1580 ignorantia
2601 1531 2812 1575 errores
2837 1534 2966 1576 suos
2993 1521 3280 1590 amabant,
3315 1525 3648 1601 oderantque
3673 1507 3872 1589 verita-

2275 1612 2404 1661 tem.

2785 1757 2799 1770 κ
2876 1745 3171 1788 Διιτιουωε
3197 1748 3256 1788 ll.

2764 1843 2999 1916 Analysis
3025 1845 3141 1901 libri
3168 1847 3400 1902 secundi.

2341 1974 2588 2032 Secundo
2617 1978 2667 2032 in
2699 1977 2872 2048 libro,
2906 1980 3040 2037 duas
3078 1997 3293 2054 quoque
3339 1985 3390 2039 in
3435 1993 3616 2056 partes
3654 1988 3827 2046 diviso
3849 2033 3865 2060 ,

2269 2068 2503 2122 ostendit
2527 2068 2885 2126 Tcrtullianus
2911 2071 3076 2128 falsos
3101 2089 3222 2130 esse
3243 2076 3531 2145 gentilium
3559 2077 3712 2146 deos,
3740 2096 3866 2150 pra-

2267 2173 2467 2229 vosque
2493 2175 2557 2217 ac
2601 2162 2920 2232 rejiciendos
2956 2180 3140 2220 eorum
3168 2167 3344 2223 cultus
3396 2169 3506 2240 (lib.
3535 2168 3598 2225 ll.
3631 2189 3748 2242 cap.
3784 2176 3864 2243 Ι).

2265 2253 2613 2326 Quacumque
2680 2259 2822 2313 enim
2901 2259 3164 2330 majorum
3241 2264 3557 2318 auctoritate
3646 2266 3866 2323 stabiliti

2265 2349 2564 2414 videantur,
2600 2351 2834 2424 .illorum
2892 2352 3099 2409 falsitas
3155 2354 3289 2411 adeo
3342 2357 3620 2413 manifesta
3673 2369 3864 2424 est,ut

2265 2442 2542 2508 omnibus,
2573 2445 2660 2514 qui
2706 2461 2765 2501 se
2813 2456 3005 2516 sponte
3050 2464 3158 2504 non
3200 2452 3608 2519 excmcaveriut,
3669 2455 3860 2510 facilli-

2263 2550 2351 2590 me
2401 2548 2748 2607 agnoscatur.
2797 2539 3116 2597 lndomitam
3159 2543 3337 2613 itaque
3384 2544 3572 2600 horum
3611 2546 3858 2603 obstina-

2265 2625 2464 2682 tionem
2495 2635 2552 2682 ut
2581 2628 2786 2700 frangat
2811 2631 3211 2701 Tertullianus,
3247 2649 3310 2690 ea
3355 2635 3582 2705 primum
3613 2637 3808 2695 refellit
3835 2682 3851 2703 ,

2262 2731 2383 2788 quae
2412 2718 2620 2784 Varro,
2652 2723 2891 2782 omnium
2933 2726 3016 2780 sui
3083 2727 3341 2798 temporis
3383 2729 3618 2786 virorum
3670 2731 3855 2787 erudi-

2261 2807 2464 2866 ditione
2514 2815 2880 2882 pratstantium
2933 2815 3090 2873 facile
3120 2820 3368 2889 princeps
3391 2861 3406 2886 ,
3445 2820 3498 2876 in
3528 2823 3643 2879 suis
3669 2821 3738 2878 de
3765 2839 3856 2882 re-

2262 2901 2456 2974 ligione
2490 2904 2642 2961 libris
2673 2908 2986 2964 tradiderat.
3022 2910 3236 2982 Triplex
3278 2923 3457 2971 autem
3503 2915 3576 2971 ibi
3623 2916 3714 2972 ille
3742 2917 3856 2972 dis-

2261 2995 2454 3067 tinguit
2480 2997 2704 3055 deorum
2734 3014 2903 3071 genus
2929 3020 2943 3057 :
2973 3004 3202 3074 primum
3232 3004 3510 3078 physicum
3529 3049 3545 3075 ,
3594 3008 3706 3063 sive
3729 3009 3858 3081 phio

2258 3088 2642 3160 losophorum;
2673 3095 2967 3150 secundum
3013 3096 3332 3168 mythicam,
3383 3114 3479 3155 seu
3527 3109 3848 3170 poetarum;

2261 3181 2474 3237 tertium
2499 3185 2700 3255 gentile
2727 3200 2822 3242 seu
2850 3187 3186 3258 populorum.
3217 3188 3326 3245 Sed
3378 3191 3638 3262 primum,
3681 3191 3852 3264 inquit

2267 3283 2452 3329 auctor
2493 3284 2698 3343 noster,
2729 3277 2946 3334 incertis
2971 3280 3158 3335 nititur
3182 3281 3507 3351 coniecturis
3527 3297 3543 3349 ,‘
3562 3283 3851 3340 secundum

2257 3366 2420 3419 meris
2442 3363 2894 3438 fabulishtertinm
2927 3369 3165 3426 ridiculis
3195 3371 3420 3428 deorum
3447 3372 3843 3445 adoptionibus,

2255 3457 2508 3529 cultuque
2537 3459 2728 3515 insano
2770 3471 2823 3516 et
2871 3463 3200 3532 turpissimo.
3250 3463 3328 3519 Ea
3357 3480 3486 3536 ergo
3531 3467 3709 3521 omnia
3741 3475 3847 3522 tam

2253 3547 2386 3602 falsa
2413 3558 2570 3616 sunt,
2601 3566 2764 3622 quam
2792 3554 3096 3609 communis
3124 3569 3337 3625 unaque
3365 3571 3484 3612 esse
3527 3557 3688 3613 debet
3728 3572 3848 3612 om-

2253 3640 2399 3694 nium
2420 3639 2489 3696 de
2517 3656 2647 3696 vero
2689 3641 2799 3698 Deo
2828 3645 3114 3711 sententia,
3137 3646 3508 3716 unanimisque
3522 3661 3842 3702 consensus.

2325 3731 2545 3788 Summa
2576 3735 2771 3804 quippe
2799 3744 2916 3790 erat
2959 3737 3301 3809 physicorum
3350 3753 3443 3792 seu
3490 3737 3841 3808 philosopho-

2250 3836 2369 3902 rum
2396 3823 2464 3878 de
2492 3824 2582 3878 Dei
2607 3833 2796 3881 natura
2824 3826 3112 3896 dissensio,
3134 3844 3250 3900 qua:
3275 3839 3378 3884 non
3407 3828 3622 3884 aliunde
3642 3873 3654 3893 ,
3680 3845 3840 3902 quam

2249 3901 2328 3970 ex‘
2346 3916 2512 3986 ipsius
2537 3917 2832 3988 ignorantia
2861 3921 3135 3976 oriebatur
3191 3922 3336 3993 (cap.
3381 3921 3462 3991 2).
3509 3901 3840 3994 Sapientiam

2249 4007 2431 4080 itaque
2459 4008 2654 4066 frustra
2695 4013 3086 4082 profitebantur
3109 4056 3125 4083 ,
3158 4013 3326 4086 'cujus
3354 4015 3562 4072 initittm
3616 4026 3701 4073 est
3747 4018 3840 4076 Dei

2250 4102 2430 4158 timor.
2455 4103 2738 4172 Quomodo
2757 4115 2937 4163 autem
2960 4123 3082 4163 eum
3107 4109 3295 4164 timere
3318 4110 3635 4179 potuissent,
3659 4127 3839 4182 quem.

2246 4198 2365 4268 quis
2394 4199 2670 4271 qualisque
2707 4201 2778 4256 sit
2810 4202 3168 4272 ignorabant?
3210 4203 3518 4275 Promptum
3571 4213 3750 4262 tamen
3782 4205 3841 4260 il-

2245 4292 2314 4350 lis
2343 4303 2459 4349 erat
2485 4293 2626 4350 hunc
2653 4311 2841 4352 verum
2873 4297 3038 4352 Deum
3067 4313 3132 4352 cx
3161 4297 3329 4354 sacris
3355 4299 3556 4354 nostris
3595 4300 3834 4368 Scriptu-

2245 4383 2320 4438 ris
2345 4399 2696 4457 cognoscere.
2715 4391 2718 4395 '
2739 4387 2845 4443 Sed
2866 4404 2986 4460 quae
3012 4403 3079 4445 ex
3107 4389 3257 4458 puris
3288 4388 3436 4446 hisce
3465 4389 3693 4445 fontibus
3714 4389 3835 4446 hau-

2242 4486 2454 4546 serant,
2486 4493 2627 4534 caeca
2662 4480 2846 4549 gloriae
2892 4479 3116 4536 libidine
3145 4480 3289 4536 ducti
3318 4523 3334 4548 ,
3381 4481 3545 4537 variis
3577 4497 3846 4553 corrupe--

2241 4579 2370 4625 runt
2394 4573 2618 4643 argutiis
2643 4616 2658 4640 ,
2687 4584 2742 4631 et
2771 4574 2968 4631 exinde
2999 4575 3173 4631 varias
3197 4577 3349 4632 scissi
3381 4576 3587 4632 suut'in
3637 4587 3829 4646 partes.

2161 4627 2216 4687 D
2242 4627 2500 4718 Platonici
2525 4627 2796 4736 siquidem
2810 4627 3106 4722 “sagati.
3116 4627 3129 4628 ί
3145 4627 3622 4737 ὗέἷῖἑοῖρῖἆὲιίὶἐε
3640 4627 3831 4724 ’ὦιῖξᾷ

2238 4752 2645 4821 administrari;
2679 4765 2863 4812 contra
2911 4757 3159 4827 Epicurei
3209 4758 3260 4813 id
3308 4760 3467 4830 plane
3517 4761 3833 4832 penitusque

2237 4846 2522 4916 negabant.
2569 4849 2902 4905 Asserebant
2949 4849 3108 4904 iidem
3151 4850 3408 4907 Platonici
3451 4852 3616 4908 Deum
3645 4853 3780 4908 intra
3812 4894 3828 4921 ,

2235 4938 2400 4995 Stoici
2426 4956 2556 4996 vero
2603 4951 2760 4998 extra
2789 4943 3046 4999 mundum
3093 4958 3215 5000 esse
3251 4944 3506 5016 positum.
3536 4945 3832 5002 Fatebatur

2237 5028 2502 5100 Diogenes
2528 5047 2588 5087 se
2618 5033 2830 5089 nescire
2873 5033 2998 5104 quid
3040 5033 3092 5089 in
3115 5035 3256 5090 emlo
3281 5039 3508 5105 agatur,
3557 5037 3714 5104 quive
3752 5035 3828 5091 dii

2231 5123 2339 5178 sint
2367 5141 2381 5180 :
2412 5125 2562 5195 prius
2589 5140 2716 5182 vero
2748 5127 2945 5184 Thales
2968 5127 3210 5183 Milesius
3235 5129 3423 5185 Crteso
3446 5128 3514 5184 de
3538 5128 3640 5183 diis
3675 5128 3826 5184 illum

2231 5214 2578 5286 interroganti
2612 5217 2740 5272 nihil
2769 5233 2986 5288 prorsus
3025 5220 3358 5290 respondere
3403 5219 3592 5291 potuit.
3641 5219 3828 5277 Socra-

2230 5313 2310 5360 tes
2355 5321 2483 5362 vero
2534 5307 2656 5364 illos
2712 5309 2946 5366 existere
2986 5325 3091 5366 non
3138 5312 3354 5383 quidem
3402 5313 3695 5379 credebat,
3727 5314 3825 5371 sed

2221 5394 2381 5466 jussit
2405 5404 2582 5454 tamen
2607 5399 2804 5469 gallum
2819 5401 3173 5472 gallinaceum
3197 5402 3512 5475 IEsculapio
3533 5404 3820 5461 immolari.

2296 5490 2433 5557 Quid
2463 5492 2654 5562 plura?
2684 5494 2968 5567 Dionysius
2994 5497 3125 5553 deos
3155 5497 3416 5553 trifariam
3453 5499 3673 5556 divisit:
3706 5499 3818 5570 pri-

2225 5596 2313 5637 mo
2339 5584 2390 5639 in
2417 5599 2512 5641 eos
2535 5627 2549 5650 ,
2581 5585 2670 5656 qui
2697 5588 2796 5642 sub
2840 5588 3151 5661 adspeetum
3193 5599 3436 5647 nostrum
3486 5591 3684 5648 cadunt
3709 5634 3724 5658 ,
3756 5600 3818 5648 ut

2217 5675 2298 5729 sol
2338 5686 2391 5732 et
2421 5677 2582 5743 luna;
2613 5680 2850 5736 secundo
2889 5682 2941 5736 in
3001 5683 3136 5738 alios
3169 5684 3258 5753 qui
3298 5699 3405 5739 non
3439 5685 3725 5751 videntur,
3760 5693 3819 5740 ut

2217 5765 2537 5838 Neptunus;
2604 5773 2762 5829 tertio
2815 5773 2871 5829 in
2922 5773 3092 5844 alios,
3141 5774 3231 5845 qui
3271 5776 3534 5847 assumpti
3572 5787 3696 5833 sunt
3743 5791 3813 5832 ex
