4240 6262
340 357 446 414 ’161
509 375 514 382 ·

1493 350 1946 411 DISSERTATIO
1983 353 2044 410 D.
2087 352 2174 408 LE
2211 347 2513 410 NOURRY.

3537 351 3661 411 762'

342 469 689 536 hominibus,
719 466 877 525 sicuti
925 465 1185 546 Hercules
1226 473 1280 524 et
1321 467 1700 538 Amphiaraus.
1731 467 1945 539 Triplex
1973 473 2024 532 Α
2055 485 2282 542 rumque
2303 469 2493 538 Deum,
2522 469 2607 526 cui
2633 472 2905 539 serviunt,
2935 484 3056 528 esse
3097 471 3310 528 illarum
3339 480 3639 531 auctorem.

347 566 506 622 etiam
531 609 546 631 ,
579 565 675 620 sed
699 565 972 620 diversum
1004 563 1229 619 deorum
1270 577 1441 636 genus
1488 563 1808 634 excogitavit
1850 565 1950 618 Ar—

349 657 577 713 cesilaus
607 698 623 724 ,
673 654 928 710 nimirum
975 654 1289 726 Olympios,
1342 655 1524 720 Astra,
1570 653 1944 710 et“Titaneos.

353 748 682 804 Posteriores
711 763 840 802 vero
887 756 1091 801 tantum
1140 746 1276 800 duos
1313 745 1644 801 Xenocrates
1693 745 1943 812 admisit,

348 839 798 912 quemadmodum
838 839 1080 910 plerique
1110 838 1347 911 Egyptii
1398 854 1502 894 non
1536 839 1716 910 plures
1739 881 1753 904 ,
1787 855 1944 910 quam

349 934 513 987 solem
544 940 600 988 et
637 933 816 986 lunam
844 974 858 998 ,
887 931 1083 988 caelum
1109 940 1164 986 et
1192 941 1413 987 terram.
1447 931 1834 999 SuSpicabatur
1854 947 1946 986 au-

350 1031 456 1078 tem
485 1023 820 1080 Democritus
846 1023 980 1078 deos
999 1037 1190 1079 omnes
1217 1033 1365 1078 ortos
1401 1037 1522 1079 esse
1546 1037 1667 1078 cum
1713 1037 1947 1093 superno

349 1115 503 1186 igne,
532 1115 686 1185 cujus
710 1116 880 1178 instar
932 1114 1081 1171 Zeno
1120 1123 1364 1170 naturam
1410 1129 1532 1170 esse
1575 1115 1764 1171 voluit.
1793 1115 1947 1172 Unde

349 1206 518 1262 Varro
539 1208 722 1263 docuit
748 1207 930 1263 mundi
957 1206 1195 1262 animum
1223 1221 1344 1262 esse
1369 1207 1542 1277 ignem
1563 1249 1580 1276 ,
1617 1221 1724 1279 quo
1748 1208 1946 1279 quippe

353 1301 615 1357 exstincto
636 1343 653 1370 ,
683 1301 964 1356 morimur.
1947 1305 1950 1308 ‘

417 1394 498 1449 Ad
529 1395 579 1450 id
604 1405 780 1450 tamen
810 1409 973 1449 unum
999 1396 1080 1449 ha:
1104 1408 1312 1460 omnes,
1329 1394 1671 1465 quantumvis
1695 1393 1941 1462 diversae,

353 1487 638 1556 opiniones
681 1488 994 1557 conspirare
1023 1486 1293 1553 videntur,
1321 1495 1378 1541 ut
1405 1502 1509 1541 non
1525 1488 1660 1541 alios
1678 1486 1946 1542 Philoso-

342 1583 434 1653 phi
463 1583 540 1638 illi
571 1583 707 1640 deos
727 1599 849 1639 esse
871 1582 1177 1653 putaverint
1195 1623 1210 1649 ,
1243 1597 1401 1654 quam
1429 1581 1614 1636 mundi
1638 1582 1902 1636 elementa
1925 1623 1941 1648 ,

339 1683 432 1728 aut
461 1689 582 1744 qua:
611 1674 773 1731 exiis
803 1673 1048 1728 oriuntur
1082 1673 1236 1744 (cap.
1269 1672 1554 1739 5).Verum
1585 1671 1944 1728 Tertullianus

342 1763 458 1820 haec
481 1764 815 1835 vigilantium
858 1764 1136 1819 hominum
1191 1764 1398 1819 somnia
1435 1779 1552 1819 esse
1586 1763 1939 1820 demonstrat.

2050 561 2184 617 Nam
2232 563 2387 617 sicuti
2433 563 2624 634 aegroti
2667 563 2873 618 sanatio
2904 577 3010 617 non
3045 563 3456 620 medicamentis
3483 608 3499 634 ,
3551 565 3647 622 sed

2052 653 2290 721 medico,
2315 663 2370 710 et
2396 671 2544 712 mors
2571 655 2803 711 hominis
2831 672 2937 712 non
2965 656 3141 728 gladio
3169 667 3259 711 aut
3285 658 3513 724 lancem,
3549 658 3653 714 sed'

2050 749 2242 802 latroni
2283 758 2377 803 aut
2415 748 2557 804 hosti
2586 749 2902 816 tribuendre,
2933 750 3012 804 sic
3054 763 3309 819 prospera
3342 758 3395 803 et
3423 749 3648 805 adversa

2052 854 2159 893 non
2184 838 2468 894 elementis
2486 881 2498 903 ,
2525 838 2618 894 sed
2647 839 2780 903 Deo,
2811 855 2966 910 :equo
2997 839 3309 895 meritorum
3333 840 3522 910 judici,
3548 841 3649 896 ad-

2048 930 2330 988 scribenda
2384 941 2530 987 sunt.
2573 932 2797 987 Constat
2844 941 3105 1003 praeterea
3136 933 3402 990 elementa
3437 937 3645 1003 minui,

2049 1024 2395 1092 intercidere,
2421 1039 2483 1079 ac
2505 1025 2614 1095 regi
2636 1024 2706 1080 ab
2729 1024 2914 1096 aliquo
2935 1026 3088 1096 (cap.
3119 1027 3197 1090 6).
3228 1028 3294 1080 At
3325 1042 3483 1082 verus
3507 1028 3650 1084 Deus

2049 1133 2149 1174 nec
2173 1116 2381 1183 minui,
2413 1131 2513 1172 nec
2540 1116 2649 1188 pati
2679 1117 2878 1188 aliquid
2912 1126 3128 1188 potest,
3160 1117 3446 1189 omniaque
3477 1119 3647 1190 regit,

2047 1226 2110 1265 ac
2140 1209 2466 1266 moderatur.

2120 1305 2334 1361 Transit
2349 1304 2472 1360 inde
2484 1301 3136 1376 Tertullianus'adjseeund
3146 1319 3231 1357 um
3245 1302 3466 1358 deorum
3480 1319 3579 1375 gen
3590 1320 3651 1360 us

2048 1399 2190 1470 quod
2223 1391 2448 1453 Varroiii
2481 1397 2777 1470 mythicum
2809 1413 2903 1453 seu
2937 1406 3216 1467 poetarum
3271 1400 3652 1469 cognominare

2047 1493 2244 1564 placuit
2267 1493 2421 1564 (cap.
2450 1491 2527 1565 '7).
2544 1492 2834 1547 Finxerunl
2857 1503 3032 1547 autem
3064 1502 3234 1562 poetae
3262 1491 3359 1548 hos
3380 1492 3510 1548 deos
3532 1507 3652 1549 esse

2049 1585 2242 1641 heroas
2262 1628 2276 1652 ,
2307 1586 2395 1654 qui
2426 1591 2548 1653 post
2576 1591 2898 1638 transactam
2939 1583 3218 1638 mortalem
3261 1583 3537 1638 hominum
3568 1584 3650 1637 vi-

2049 1688 2179 1746 tam,
2233 1677 2512 1749 praeclaris
2564 1675 2720 1730 factis
2768 1674 2949 1746 adepti
2999 1685 3122 1729 sunt
3165 1676 3461 1731 divinitatis
3516 1693 3652 1748 prae-

2047 1772 2234 1826 mium.
2290 1769 2534 1824 Pessimo
2585 1777 2762 1823 autem
2813 1767 2915 1822 hoc
2959 1767 3207 1837 exemplo
3251 1767 3479 1822 Romani
3525 1783 3652 1824 suos

343 1854 475 1911 Nam
497 1857 638 1912 Deus
656 1871 792 1913 exse
807 1857 922 1928 ipso
944 1866 1046 1922 est,
1065 1857 1351 1928 ingenitus,
1377 1866 1432 1913 et
1451 1868 1709 1925 aeternus,
1733 1859 1824 1930 qui
1847 1874 1945 1915 nec
1973 1864 2020 1924 B
2049 1878 2224 1934 rcges,
2256 1862 2378 1916 aliis
2407 1859 2793 1931 pejcrantibus,
2825 1858 2959 1914 deos
2984 1859 3232 1914 similiter
3257 1860 3649 1916 renuntiarunt.

341 1949 551 2005 initium
581 1948 762 2013 habet,
797 1963 895 2004 nec
919 1948 1342 2019 [inem‘unquam
1379 1950 1616 2006 habebit.
1649 1950 1946 2021 Atquicle-

344 2049 525 2097 menta
554 2049 734 2112 partes
770 2050 896 2095 sunt
923 2041 1130 2106 mundi,
1166 2058 1327 2113 quem
1371 2043 1523 2097 Plato
1552 2052 1793 2098 creatum
1823 2058 1947 2100 esse

344 2132 562 2193 fatetur.
581 2142 634 2190 et
651 2135 799 2190 solus
825 2135 1088 2207 Epicurus
1106 2137 1406 2192 iucreatum
1425 2152 1545 2192 esse
1560 2139 1941 2194 somniaverat.

416 2229 497 2285 Ad
521 2229 637 2285 hmc
665 2245 815 2297 vero,
849 2231 894 2286 si
927 2231 1159 2286 mundus
1183 2241 1238 2286 et
1266 2232 1534 2288 elementa
1570 2232 1643 2288 dii
1672 2233 1802 2297 sint,
1825 2232 1950 2287 ani-‘

343 2322 501 2378 malia
525 2337 644 2379 esse
668 2323 867 2380 debent
889 2365 904 2391 ,
934 2333 1094 2396 atque
1119 2325 1222 2381 hoc
1263 2326 1381 2396 ipso
1412 2326 1659 2381 mortalia
1685 2336 1812 2382 sunt
1834 2369 1848 2395 ,
1882 2341 1946 2383 ac

344 2412 622 2470 divinitate
652 2416 908 2470 carentia.
938 2415 1047 2472 Nec
1071 2417 1373 2472 audiendus
1397 2427 1478 2472 est
1499 2417 1686 2485 Varro,
1711 2419 1799 2489 qui
1826 2433 1948 2488 gar-

344 2506 524 2562 riebat
559 2521 620 2562 ea
648 2522 770 2564 esse
809 2508 1025 2586 quidem
1049 2510 1322 2575 animalia,
1364 2510 1458 2564 sed
1483 2525 1607 2582 qua:
1628 2527 1695 2566 ex
1725 2526 1784 2567 se
1816 2511 1947 2583 ipsis

343 2608 648 2665 moventur,
679 2609 734 2654 et
763 2600 965 2656 ideirco
1013 2601 1348 2657 immortales
1402 2601 1475 2656 dii
1504 2601 1761 2657 censendi
1798 2611 1943 2658 sunt.

346 2688 477 2745 Nam
525 2705 739 2761 quoquo
783 2691 943 2747 modo
994 2691 1110 2747 haec
1151 2693 1422 2749 elementa
1453 2703 1788 2761 moveantur,
1822 2703 1950 2750 sunt

347 2783 588 2854 profecto
614 2779 875 2856 corporea
902 2827 915 2852 ,
945 2801 1008 2842 ac
1038 2785 1268 2857 proinde
1293 2786 1494 2841 destrui
1537 2802 1658 2842 cum
1698 2788 1944 2859 possint,

343 2876 415 2932 dii
443 2893 562 2935 esse
588 2888 884 2948 nequeunt.
930 2878 1133 2934 Deinde
1162 2894 1314 2946 vero,
1345 2879 1443 2934 etsi
1478 2893 1600 2935 sese
1628 2891 1945 2950 moverent,

344 2980 520 3026 motus
548 2981 725 3026 tamen
752 2971 833 3026 sui
867 2972 1190 3042 principium
1213 2980 1540 3042 acceperunt
1567 2975 1636 3029 ab
1664 2973 1774 3029 alio
1799 3016 1813 3037 ,
1857 2989 1951 3045 qui

343 3065 588 3134 quamvis
619 3079 724 3120 non
751 3064 1019 3132 videatur,
1050 3065 1290 3120 omnium
1327 3075 1571 3120 motuum
1597 3066 1804 3136 primus
1823 3082 1949 3125 auc-

349 3163 432 3212 tor
458 3166 563 3222 est,
587 3166 641 3211 et
669 3155 870 3212 idcirco
890 3171 1052 3212 verus
1077 3157 1328 3228 solusque
1356 3157 1518 3212 Deus.

2049 1957 2117 2010 At
2148 1955 2384 2024 quinam,
2419 1953 2611 2008 amabo
2643 1963 2716 2019 te,
2755 1950 2963 2008 fuerant
2991 1951 3062 2006 illi
3089 1960 3368 2024 poetarum
3398 1951 3516 2007 dii?
3544 1953 3652 2006 llo-

2050 2051 2226 2106 mines
2257 2050 2442 2119 utique
2469 2047 2685 2102 sordida
2713 2057 2804 2102 aut
2830 2048 3090 2103 scelerata
3120 2046 3326 2116 origine
3354 2047 3646 2117 procreati,

2048 2140 2139 2212 qui
2187 2155 2286 2210 per
2328 2139 2451 2193 vitm
2480 2155 2591 2193 sua:
2615 2139 2940 2194 curriculum
2984 2139 3036 2192 in
3081 2137 3225 2192 omni
3268 2153 3388 2193 sese
3440 2138 3649 2192 voluta-

2048 2240 2174 2288 runt
2202 2247 2400 2304 genere
2428 2232 2717 2291 scelerum.
2767 2232 3131 2300 Quamobrem
3172 2231 3322 2286 Plato
3350 2240 3536 2303 poetas
3567 2232 3650 2302 ip-

2048 2338 2276 2395 sumque
2297 2323 2610 2388 Homerum,
2637 2332 2888 2394 tanquam
2912 2325 3186 2394 improbos
3214 2323 3436 2378 deorum
3469 2325 3650 2380 crimi-

2049 2425 2287 2482 natores,
2314 2415 2528 2470 civitate
2571 2415 2848 2485 pellendos
2878 2430 2999 2471 esse
3040 2417 3271 2472 censuit.
3304 2416 3442 2483 Quin
3486 2419 3648 2473 etiam

2049 2507 2272 2575 ethnici,
2306 2508 2698 2576 quantumlibet
2725 2509 3082 2578 impudentes,
3115 2509 3424 2566 christianis
3448 2520 3647 2567 tantam

2049 2599 2272 2656 deorum
2321 2598 2596 2654 infamiam
2648 2600 3101 2668 exprobrantibus
3134 2643 3147 2667 ,
3207 2601 3338 2656 nihil
3383 2603 3526 2656 aliud
3562 2619 3646 2657 rc-

2047 2692 2406 2762 spondebant,
2432 2693 2533 2747 nisi
2563 2708 2739 2748 meras
2755 2708 2874 2748 esse
2893 2693 3099 2749 fabulas
3128 2704 3426 2764 poetarum.
3451 2695 3651 2749 Verum

2050 2784 2149 2839 etsi
2193 2783 2363 2851 poetis
2391 2799 2448 2839 se
2477 2799 2583 2838 non
2641 2784 2865 2839 credere
2895 2785 3225 2849 clamarent;
3275 2786 3426 2840 fictos
3471 2795 3647 2841 tamen

2050 2877 2119 2930 ab
2158 2875 2266 2930 illis
2307 2875 2439 2930 deos
2487 2874 2738 2932 Cererem
2762 2917 2777 2943 ,
2807 2875 3001 2930 Idmam
3031 2885 3255 2932 matrem
3282 2919 3296 2942 ,
3327 2877 3642 2944 Saturnum,

2051 2965 2336 3023 Herculem
2386 2982 2492 3021 non
2538 2968 2710 3022 Solum
2752 2953 3183 3034 venerabantur,
3233 2969 3326 3024 sed
3382 2970 3650 3026 horrenda

2051 3074 2265 3130 quoque
2306 3058 2384 3113 eis
2429 3058 2689 3114 sacrificia
2719 3057 3008 3116 faciebant.
3038 3059 3171 3128 Quis
3200 3060 3362 3130 igitur
3393 3061 3490 3116 hos
3519 3079 3649 3132 poe-

2057 3147 2230 3206 tarum
2271 3149 2405 3204 deos
2436 3165 2542 3204 non
2591 3164 2798 3205 summa
2844 3151 2962 3206 sine
3009 3151 3280 3222 impietate
3325 3153 3392 3209 ab
3421 3155 3652 3210 ethnicis

413 3247 525 3304 Nec
552 3249 680 3303 sinit
732 3248 1095 3305 Tertullianus
1122 3249 1226 3304 sibi
1257 3233 1436 3320 'objici
1479 3264 1674 3304 nomen
1713 3265 1948 3321 graecum
1976 3251 2021 3314 C
2054 3243 2156 3300 coli
2185 3252 2239 3299 et
2261 3242 2524 3298 venditari
2556 3258 2662 3298 non
2691 3241 2980 3298 fatebitur?

343 3341 456 3400 Θεες
482 3355 514 3394 a
539 3353 702 3394 cursu
755 3355 817 3396 ac
869 3352 1045 3403 metu,
1092 3356 1201 3412 quo
1229 3341 1495 3397 elementa
1523 3340 1748 3412 praedita
1783 3351 1906 3397 sunt
1927 3384 1943 3408 ,

344 3432 520 3501 reipsa
541 3431 771 3487 derivari
802 3434 940 3503 (cap.
958 3433 1038 3504 4).
1055 3433 1187 3488 Nam
1202 3448 1327 3488 vera
1343 3434 1434 3488 Dei
1451 3433 1822 3489 denominatio
1837 3448 1945 3489 non

279 3563 282 3566 -
347 3523 608 3594 aliquam,
630 3540 748 3595 qua:
769 3525 937 3581 oculis
963 3527 1165 3582 nostris
1189 3525 1571 3596 consiliciatur,
1591 3529 1865 3595 uonsecus
1881 3540 1946 3581 ac

345 3633 540 3674 cursus
561 3627 615 3673 et
638 3629 834 3685 motus,
857 3620 1166 3690 qualitatem
1195 3620 1482 3691 significat,
1509 3619 1606 3675 sed
1636 3633 1946 3689 supremam

344 3712 680 3783 majestatem
709 3729 773 3768 ae
801 3714 1174 3769 substantiam.
1208 3713 1347 3782 Quid
1376 3729 1506 3770 vero
1530 3756 1545 3779 ,
1576 3713 1729 3785 quod
1763 3714 1942 3784 plures

345 3803 544 3860 ethnici
576 3805 706 3860 deos
748 3821 877 3861 suos
901 3807 1058 3873 ,bene
1089 3806 1284 3862 multos
1313 3805 1618 3862 immobiles
1646 3821 1769 3863 esse
1802 3821 1942 3876 prte-

346 3893 614 3950 dicabant.
641 3895 813 3952 Nemo
835 3898 1054 3968 insuper
1075 3897 1283 3952 inficias
1301 3913 1530 3969 unquam
1559 3898 1656 3954 ibit
1675 3899 1942 3954 elementa

345 3988 592 4059 componi
619 3991 866 4056 materia,
897 4007 1056 4061 quam
1080 3991 1470 4062 simplicissima
1499 3992 1593 4048 Dei
1621 4001 1808 4048 natura
1833 3993 1941 4064 pati

347 4094 450 4133 non
475 4091 670 4148 potest.
703 4082 769 4136 Et
797 4092 945 4138 certe
975 4083 1119 4139 Zeno
1141 4083 1422 4140 materiam
1452 4084 1632 4139 mundi
1663 4101 1693 4140 a
1728 4086 1836 4141 Deo
1865 4101 1944 4140 se-

343 4171 536 4240 junxit,
560 4189 790 4245 emnque
813 4191 908 4244 per
923 4175 1087 4240 illam,
1105 4184 1353 4246 tauquam
1373 4176 1474 4232 mel
1499 4191 1592 4246 per
1603 4176 1753 4232 favos
1770 4187 1943 4232 trans-

348 4262 426 4320 ire
444 4264 735 4324 arbitratus
763 4277 866 4320 est.
915 4266 1021 4322 Sed
1044 4267 1192 4322 dicas
1215 4267 1392 4332 velim,
1425 4283 1532 4338 quo
1558 4268 1761 4340 physici
1785 4280 1943 4340 pacto

348 4348 623 4414 mundum,
659 4365 722 4403 ac
760 4351 1147 4421 comprehensa
1192 4351 1243 4405 in
1275 4366 1340 4406 eo
1369 4351 1634 4407 elementa
1663 4352 1792 4407 deos
1823 4368 1944 4410 esse

346 4441 698 4496 asseverant?
725 4441 877 4497 Plato
916 4442 1057 4496 enim
1087 4443 1258 4512 ipsum
1289 4442 1431 4498 hunc
1473 4443 1730 4498 mundum
1757 4454 1944 4501 censet

346 4547 468 4588 esse
487 4532 798 4601 rotundum,
829 4535 1110 4605 capiteque
1139 4545 1434 4590 carentem.
1467 4535 1736 4604 Epicurus
1766 4552 1895 4590 vero
1926 4555 1939 4591 :

2123 3334 2234 3390 Nec
2262 3335 2440 3389 minus
2475 3341 2628 3389 certe
2668 3333 2927 3389 insulsum
2979 3342 3100 3390 erat
3145 3335 3358 3391 tertium
3423 3336 3648 3393 deorum

2047 3443 2238 3499 genus,
2273 3427 2416 3498 quod
2451 3427 2618 3481 Varro
2643 3427 2870 3498 gentile,
2901 3443 2995 3482 seu
3028 3427 3295 3496 plebeium
3343 3445 3463 3484 esse
3488 3431 3654 3488 doce-

2050 3520 2140 3575 bat
2168 3520 2306 3592 (cap.
2337 3520 2414 3590 8).
2446 3518 2560 3573 Non
2607 3520 2696 3574 alii
2737 3519 2933 3591 quippe
2959 3531 3113 3575 erant
3138 3521 3189 3588 hi
3219 3520 3312 3586 dii,
3344 3537 3503 3592 quam
3533 3523 3649 3591 illi,

2047 3627 2184 3684 quos
2217 3611 2436 3682 quidam
2475 3611 2656 3682 populi
2685 3610 2750 3665 ad
2779 3612 3058 3666 arbitrium
3081 3613 3446 3670 ac'lihidinem
3487 3613 3655 3684 adop-

2049 3713 2224 3771 tatos,
2272 3705 2339 3759 ab
2380 3704 2500 3758 aliis
2541 3719 2640 3759 nec
2669 3704 2782 3759 visu
2808 3746 2822 3768 ,
2857 3719 2957 3759 nec
2987 3703 3201 3770 auditu,
3236 3719 3300 3761 ac
3329 3720 3397 3761 ne
3431 3706 3651 3762 nomine

2046 3795 2261 3866 quidem
2312 3793 2710 3850 discernehant.
2792 3794 2947 3850 Tales
3001 3794 3362 3850 Tertullianus
3437 3811 3648 3852 memo-

2047 3895 2131 3941 rat
2177 3887 2502 3956 Atargartim
2533 3928 2547 3952 ,
2591 3885 2881 3942 lecstem
2909 3929 2922 3950 ,
2947 3885 3289 3941 Versutinam
3311 3929 3327 3954 ,
3367 3886 3608 3942 Obodam
3631 3927 3647 3953 ,

2047 3979 2320 4046 Dusareu,
2353 3978 2611 4034 Belenum
2633 4019 2647 4042 ,
2681 3978 3052 4034 Delventinum
3078 4018 3094 4043 ,
3126 3977 3459 4032 Visidianum
3488 4020 3502 4044 ,
3534 3977 3645 4033 Nnc

2045 4074 2342 4128 mentinum
2364 4114 2378 4136 ,
2417 4071 2778 4138 Anchariam,
2813 4071 3098 4150 Prmvcrim
3125 4111 3140 4136 ,
3171 4080 3226 4125 et
3252 4069 3513 4126 Nortiam.
3546 4072 3650 4127 Ea-

2045 4163 2168 4219 dem
2196 4179 2326 4219 vero
2358 4163 2571 4219 licentia
2604 4162 2800 4218 factum
2835 4163 2922 4217 ille
2950 4173 3135 4230 putat,
3163 4172 3220 4216 ut
3248 4161 3485 4236 Egyptii
3507 4208 3523 4233 ,
3558 4167 3648 4235 qui

2046 4256 2246 4312 bestias
2275 4255 2565 4322 colebant,
2615 4254 2972 4326 patriarcham
2999 4253 3199 4324 Ioseph
3239 4253 3515 4326 Serapidis
3544 4275 3647 4314 no-

2047 4351 2191 4405 mine
2238 4350 2398 4403 deum
2445 4348 2734 4403 habuerint
2758 4356 2812 4401 et
2845 4346 3247 4402 honoravcriut.
3294 4349 3458 4404 Recte
3491 4350 3650 4419 igitur

2046 4462 2113 4501 ex
2139 4446 2296 4501 dictis
2323 4446 2598 4501 concludit
2625 4445 2942 4499 falsissimos
2981 4461 3103 4502 esse
3151 4447 3274 4502 illos
3325 4447 3646 4517 populorum

2046 4539 2176 4593 deos
2202 4555 2216 4603 ;
2247 4537 2462 4607 quando
2487 4537 2702 4607 quidem
2735 4536 2885 4590 solus
2910 4553 3068 4592 verus
3111 4537 3251 4592 Deus
3283 4537 3479 4605 ubique
3511 4551 3648 4604 pra:-

349 4623 481 4689 Ωιταε
523 4636 681 4694 supra
708 4642 798 4680 nos
823 4667 836 4690 ,
882 4627 1196 4698 inquiebat,
1240 4627 1370 4681 nihil
1398 4626 1468 4680 ad
1493 4643 1584 4681 nos
1605 4627 1632 4680 ?
1657 4627 1934 4696 solemque
1964 4639 2016 4697 1)
2045 4647 2170 4686 sens
2197 4641 2250 4686 et
2279 4631 2518 4685 omnium
2548 4631 2815 4695 dominus,
2852 4631 2921 4685 ah
2945 4631 3201 4686 omnibus
3234 4631 3434 4700 pariter
3461 4629 3650 4685 colen-

355 4717 618 4773 duntaxat
649 4719 886 4785 pedalem
918 4737 1040 4776 esse
1080 4720 1355 4776 ell‘utichat
1385 4740 1400 4774 :
1435 4729 1621 4776 contra
1669 4721 1944 4790 Peripate-

347 4811 437 4868 tici
486 4811 638 4867 illum
687 4820 800 4867 toto
853 4822 1114 4868 terrarum
1146 4812 1280 4868 orbe
1312 4813 1468 4882 longe
1513 4813 1774 4880 majorem
1823 4829 1946 4869 esse

346 4905 724 4976 opinabantur.
751 4903 943 4960 Nonne
982 4920 1114 4977 ergo
1154 4904 1290 4960 tales
1329 4903 1462 4960 deos
1503 4903 1707 4975 ﬁngere
1735 4919 1944 4960 summa

347 4997 614 5069 dementia
661 4998 783 5052 est?
833 4997 1072 5069 Denique
1117 4998 1314 5053 Thales
1355 4997 1592 5053 Milesius
1632 4998 1828 5054 cmlum
1873 4997 1947 5053 ri-

347 5067 543 5146 mando
567 5089 622 5144 in
655 5097 874 5161 puteum
902 5067 1116 5146 cecidit.
1148 5089 1287 5158 Quid
1331 5099 1510 5145 autem
1557 5104 1715 5146 casus
1745 5089 1835 5145 ille
1865 5091 1946 5146 in-

346 5182 524 5249 dicat,
569 5183 672 5239 nisi
708 5198 904 5238 vanam
955 5183 1121 5240 fuisse
1163 5183 1529 5240 curiositatem
1574 5185 1943 5258 physicorum,

348 5275 438 5346 qui
467 5290 651 5330 rerum
680 5285 928 5330 naturam
959 5274 1157 5331 frustra
1184 5277 1410 5333 scrutati
1439 5293 1625 5333 verum
1651 5279 1792 5334 illius
1818 5280 1946 5334 arti-

347 5367 503 5424 ficem
530 5369 696 5426 Deum
724 5371 1146 5442 omnipotentem
1179 5378 1284 5429 non
1311 5377 1716 5445 cognoverunt?

420 5463 656 5520 Instabat
725 5465 896 5521 Varro
969 5467 1304 5524 tribuendam
1360 5469 1642 5525 elementis
1689 5469 1939 5524 divinita-

348 5563 456 5611 tem
477 5596 490 5618 ,
525 5571 629 5627 qua
658 5555 907 5613 homines
934 5569 1026 5613 aut
1052 5560 1278 5615 summis
1313 5559 1591 5615 beneficiis
1620 5558 1722 5615 sibi
1749 5558 1941 5615 devin-

345 5648 512 5717 ciunt,
541 5661 634 5707 aut
661 5663 916 5721 premunt
942 5654 1296 5710 incommodis
1324 5653 1343 5726 (
1366 5671 1482 5724 cap.
1509 5655 1586 5725 5).
1614 5654 1810 5710 Verum
1855 5669 1943 5711 re-

348 5742 578 5810 spondet
632 5744 996 5803 Tettullianus
1038 5748 1306 5805 elementa
1337 5763 1518 5803 rerum
1562 5762 1940 5818 prosperarum

351 5834 443 5893 vel
471 5834 817 5897 adversarum
860 5855 983 5900 esse
1020 5841 1390 5900 tantummodo
1415 5841 1774 5898 instrumenta
1802 5883 1816 5912 ,
1849 5856 1941 5900 ve.

2049 4724 2151 4777 dus
2170 4732 2226 4778 et
2244 4721 2550 4777 adorandus
2578 4731 2680 4779 est.

2122 4816 2368 4873 Secunda
2415 4815 2572 4884 hujus
2616 4815 2734 4870 libri
2787 4825 2937 4885 parte
2988 4815 3358 4870 Romanorum
3388 4813 3518 4870 deos
3561 4814 3662 4870 ille

2049 4911 2327 4982 speciatim
2374 4909 2615 4980 explodit
2658 4919 2712 4965 ct
2758 4910 2956 4964 evertit!
3002 4912 3158 4982 (cap.
3205 4909 3284 4982 9).
3333 4910 3443 4966 Eos
3471 4920 3648 4966 autem

2047 5004 2219 5060 Varro
2246 5011 2575 5074 prrcpostere
2599 5001 2781 5058 divisit
2823 5002 2877 5056 in
2923 5002 3150 5071 dubios,
3183 5011 3362 5058 certos
3385 5044 3401 5071 ,
3427 5011 3482 5058 et
3501 5002 3648 5059 elec-

2052 5105 2153 5152 tos.
2184 5096 2316 5151 Nam
2345 5096 2486 5166 quis,
2505 5096 2694 5171 inquit
2719 5105 2907 5151 auctor
2936 5105 3144 5163 uoster,
3179 5096 3283 5150 nisi
3314 5111 3525 5160 amens,
3561 5095 3646 5148 in-

2050 5199 2257 5248 certum
2310 5183 2637 5259 dubiumque
2669 5189 2828 5246 deum
2863 5191 3109 5245 honorat.
3139 5190 3332 5246 Certos
3355 5205 3486 5248 vero
3513 5189 3647 5246 deos

2050 5294 2106 5339 et
2131 5283 2360 5340 selectos
2391 5283 2480 5354 qui
2521 5282 2681 5339 habet
2720 5297 2784 5339 ac
2823 5294 3130 5351 veneratur,
3164 5284 3210 5338 is
3242 5284 3376 5339 alios
3405 5283 3647 5354 profecto

2047 5377 2251 5446 spernit
2299 5391 2362 5432 ac
2411 5376 2684 5446 reprobat.
2739 5375 2920 5446 inepta
2972 5386 3055 5432 est
3104 5377 3264 5447 igitur
3314 5377 3406 5431 illa
3449 5375 3646 5431 divisio

2049 5472 2272 5529 deorum
2295 5515 2309 5538 ,
2342 5472 2432 5543 qui
2463 5471 2620 5542 paulo
2651 5471 2841 5524 melius
2863 5471 3117 5540 distingui
3145 5478 3393 5540 poterant
3420 5471 3472 5525 in
3499 5485 3642 5524 com-

2047 5580 2237 5619 munes
2287 5573 2341 5619 et
2391 5563 2653 5634 proprios.
2685 5561 2879 5618 Verum
2933 5562 3112 5631 primi,
3141 5562 3254 5617 sive
3303 5577 3637 5627 communes,

2047 5657 2206 5713 iidem
2228 5667 2352 5712 sunt
2371 5672 2432 5712 ac
2455 5656 2650 5727 publici
2676 5664 2731 5711 et
2757 5654 3058 5722 adventitii,
3089 5655 3176 5725 qui
3206 5655 3364 5726 paulo
3387 5664 3511 5710 ante
3531 5670 3640 5710 mc-

2045 5759 2255 5806 morato
2286 5765 2313 5803 a
2343 5749 2499 5805 nobis
2525 5758 2577 5804 et
2605 5747 2881 5804 confutato
2906 5747 3131 5801 deorum
3165 5745 3386 5818 physico
3415 5744 3494 5800 vel
3527 5761 3666 5817 my-.

2049 5843 2192 5902 thico
2247 5857 2443 5916 genere
2494 5837 3044 5912 comprehenduntur.
3105 5836 3404 5908 Supersunt
3452 5837 3635 5908 itaque
