4240 6262
557 308 673 389 τω

1631 311 1700 369 ΙΝ
1733 308 2202 373 τεητηιιιωι
2234 309 2766 376 Αροιοαετιοωί

3757 317 3867 381 τοι

562 424 772 507 tantum
802 429 1007 503 proprii
1038 426 1407 493 Romanorum
1443 426 1557 496 dii,
1586 427 1679 499 qui
1705 427 1793 485 vel
1813 430 1897 496 ;ex
1933 421 2165 487 devictis
2189 427 2246 493 Α
2268 428 2392 487 dem
2435 430 2647 498 ﬁxerat,
2687 446 2753 488 ae
2795 431 2895 489 toti
2930 432 3098 489 Italia
3137 446 3295 489 suum
3337 432 3598 505 imposuit
3641 448 3861 493 nomen.

566 522 818 583 hostibus
845 522 1005 594 rapti,
1053 530 1109 578 et
1136 520 1362 577 Romam
1381 521 1639 591 asportati
1682 529 1855 588 erant,
1886 519 1974 581 vel
2002 534 2165 592 pena-

565 627 650 676 tes
699 626 754 674 et
802 616 982 682 lares,
1024 627 1165 684 quos
1231 613 1599 684 unusquisque
1650 612 1855 683 privata
1894 611 1950 673 in
2000 610 2166 669 domo

563 726 662 770 sua
713 707 1073 781 pecuiiarique
1118 707 1225 769 ritu
1266 706 1496 764 colebat.
1544 709 1614 761 At
1665 704 1724 761 hi
1765 719 1956 763 omnes
1992 704 2168 761 homio.

564 817 664 862 nes
718 801 967 869 fuerunt,
1022 801 1113 872 qui
1170 800 1241 857 ob
1282 799 1499 871 egregia
1540 798 1787 870 quaedam
1819 798 2061 855 facinora
2091 797 2165 854 dii

564 905 690 970 post
728 904 959 951 mortem
996 893 1204 950 insulsa
1230 893 1390 963 plane
1416 890 1826 951 consecratione
1864 891 1992 947 facti
2017 900 2164 947 sunt.

565 989 638 1047 At
663 1003 907 1060 quamam
935 1026 952 1056 ,
997 986 1075 1042 ait
1116 986 1481 1043 Tertullianus
1505 1027 1522 1054 ,
1556 985 1714 1042 unius
1740 1000 1807 1041 ex
1840 984 1923 1061 eis
1946 1024 1963 1052 ,
2006 985 2161 1044 verbi

566 1080 740 1157 gratia
772 1078 962 1159 dinem
985 1122 1002 1147 ,
1034 1088 1191 1135 erant
1219 1078 1449 1135 merita?
1475 1076 1615 1133 Nam
1642 1076 1816 1148 pietas
1856 1078 1912 1135 in
1957 1088 2167 1148 patrem

567 1184 625 1233 ct
655 1173 862 1229 ﬁlium?
886 1172 992 1229 Sed
1036 1173 1080 1228 is
1112 1173 1197 1227 vel
1224 1186 1376 1227 suam
1397 1213 1412 1239 ,
1461 1173 1598 1227 sicut
1625 1171 1892 1237 Antenor,
1935 1171 2168 1242 prodidit

567 1269 819 1342 patriam,
846 1270 931 1322 vel
958 1281 1102 1333 eam,
1132 1263 1325 1321 relicto
1353 1264 1567 1320 Priamo
1591 1274 1646 1321 et
1675 1266 2003 1336 Astyanacte
2021 1307 2038 1333 ,
2063 1264 2167 1320 fla-

567 1372 813 1434 grantem
836 1358 1161 1422 deserendo,
1191 1373 1296 1414 non
1327 1358 1563 1414 imitatus
1585 1356 1971 1419 estfmminam
1997 1358 2168 1415 Puni-

570 1468 711 1517 cam,
751 1468 872 1522 qua:
896 1465 958 1507 se
984 1465 1105 1507 cum
1132 1449 1254 1505 ﬁliis
1282 1450 1335 1507 in
1356 1449 1599 1506 ardentis
1624 1450 1813 1520 patriz'e
1847 1448 2000 1520 ignes
2028 1449 2168 1521 inje-

448 1556 463 1573 '
570 1546 665 1603 cit.
689 1544 960 1616 Numquid
988 1544 1180 1599 melior
1206 1542 1485 1609 Romanis,
1518 1543 1609 1612 qui
1641 1558 1739 1613 pro
1764 1542 1937 1598 salute
1968 1541 2170 1613 princi-

570 1654 697 1710 pum
725 1638 1001 1708 adversus
1031 1636 1232 1696 liberos
1260 1643 1315 1691 et
1336 1634 1594 1705 coniuges
1625 1632 1921 1705 jurabant?
1945 1633 2002 1692 Si
2041 1634 2173 1706 quid

570 1744 736 1802 porro
766 1736 972 1799 patrem
996 1726 1236 1784 humeris
1263 1727 1523 1798 gestando
1551 1725 1850 1796 promeruit
1875 1740 2058 1782 nonne
2077 1728 2175 1782 Ar-

573 1916 809 1983 faceret,
850 1924 1103 1987 tanquam
1129 1913 1340 1985 jugales
1369 1912 1672 1968 vexerunt?
1692 1912 1748 1970 Si
1778 1927 1935 1968 suum
1962 1912 2051 1969 ille
2075 1923 2170 1983 pa-

572 2021 711 2066 trem
738 1996 909 2073 altiit,
951 2021 1131 2064 nonne
1161 2006 1266 2061 ﬁlia
1291 2004 1534 2076 qutedam
1576 2003 1768 2075 majori
1806 2005 2005 2076 pietate
2034 2005 2170 2076 patri

573 2119 676 2162 suo
694 2148 709 2171 ,
740 2104 792 2160 in
821 2116 1040 2161 carcere
1083 2100 1262 2172 posito
1284 2141 1300 2166 ,
1345 2098 1584 2157 admovit
1614 2098 1820 2155 ubera?
1845 2098 2017 2170 Magis
2039 2113 2171 2169 ergo

574 2197 650 2253 illi
674 2196 875 2253 divinis
896 2192 1192 2249 honoribus
1212 2190 1358 2263 digni
1377 2199 1555 2255 erant,
1582 2205 1740 2260 quam
1771 2190 1991 2261 ignavus
2021 2189 2170 2246 timi-

573 2288 781 2359 dusque
810 2284 1049 2353 :Eneas,
1078 2280 1173 2355 qui
1201 2292 1327 2354 post
1353 2282 1597 2353 prmlium
1621 2281 2006 2338 Laurentinum
2031 2296 2172 2338 nun-

571 2396 730 2452 quam
753 2379 1076 2450 comparuit.
1093 2375 1364 2447 Numquid
1393 2375 1557 2431 etiam
1585 2373 1884 2431 divinitatis
1909 2373 2172 2431 honorem

573 2475 770 2533 meruit
796 2471 1060 2529 Romulus
1082 2513 1097 2538 ,
1140 2471 1228 2541 qui
1257 2470 1524 2526 interfecit
1560 2469 1780 2527 fratrem
1811 2482 1966 2525 suum
1991 2508 2007 2534 ,
2041 2468 2171 2524 alie-

573 2583 779 2639 nasque
824 2567 1005 2637 rapuit
1033 2565 1307 2636 virgines?
1336 2562 1602 2635 Numquid
1651 2563 1908 2618 Hercules
1954 2569 2175 2634 propter

574 2660 759 2733 Augia:
785 2659 970 2715 ﬁmum
1004 2658 1257 2727 ejectum,
1291 2656 1564 2726 Penelope
1602 2665 1821 2727 promer
1847 2656 2173 2722 castitatem,

574 2752 808 2811 Sanctus
838 2762 1061 2823 propter
1081 2749 1633 2821 bospitalitatem’jura
1654 2747 1947 2805 divinitatis
1973 2738 2185 2819 potius,

573 2861 735 2916 quam
757 2843 1054 2910 Sterculus,
1078 2858 1240 2914 quam
1270 2841 1379 2898 ﬁlia
1408 2841 1602 2911 Fauni,
1634 2856 1797 2912 quam
1822 2840 2023 2914 Ulyxes
2036 2856 2173 2898 con-

573 2938 728 3011 sequi
755 2937 1063 2995 debebant?

592 3074 595 3075 ν
644 3030 783 3099 Quid
816 3044 943 3086 vero
982 3030 1049 3085 de
1091 3028 1212 3091 aliis
1258 3029 1415 3101 longe
1457 3029 1786 3100 turpioribus
1837 3028 1940 3084 diis
1986 3028 2175 3085 dicen-

575 3123 737 3181 dum?
786 3122 953 3191 Quid,
1002 3122 1231 3179 obsecro
1281 3132 1362 3190 te,
1395 3122 1691 3178 divinitatis
1748 3131 1832 3177 est
1883 3127 1935 3175 in
1972 3120 2176 3177 Laren-

2267 524 2400 594 Quia
2432 539 2560 580 vero
2584 524 2676 582 ille
2706 536 2956 597 tauquam
2996 541 3064 583 ex
3105 527 3381 597 inopinato
3415 526 3729 599 appulerat,
3762 543 3867 586 nec

2267 616 2468 688 cogniti
2493 627 2648 674 erant
2669 618 2786 688 ejus
2813 626 3085 689 parentes,
3109 619 3176 677 de
3197 620 3338 676 cmlo
3359 620 3546 691 lapsus
3570 614 3860 678 ferebatur.

2265 706 2346 765 Ne
2370 710 2496 781 quid
2526 721 2705 768 autem
2734 711 2933 768 ethnici
2965 713 3161 768 mutire
3196 713 3474 783 auderent,
3506 714 3609 771 hoc
3644 724 3868 789 recepto

2266 801 2337 859 ab
2362 802 2472 858 illis
2500 803 2719 876 Sibylla:
2748 804 3057 862 testimonio
3079 806 3382 863 conﬁrmat.

2339 891 2523 964 Itaque
2550 910 2674 950 eum
2697 895 2878 951 nullus
2896 896 3200 969 ambigendi
3222 898 3376 954 locus
3394 898 3573 967 detur,
3598 900 3729 972 quin
3764 900 3866 959 Sa-

2270 995 2462 1047 turnus
2491 991 2652 1045 homo
2673 989 2854 1057 fuerit,
2875 990 3000 1047 inde
3021 1002 3170 1048 certo
3196 994 3486 1065 colligitur,
3511 1010 3646 1066 quos
3659 995 3863 1055 ethnici

2269 1090 2416 1138 ortos
2437 1097 2502 1137 ex
2528 1082 2639 1149 illo,
2668 1099 2730 1139 ac
2756 1092 2938 1154 postea
2964 1093 3205 1142 mortuos
3234 1077 3585 1159 sepultusque
3630 1090 3865 1146 fateban-

2271 1182 2376 1239 tur,
2404 1174 2506 1230 hos
2528 1176 2703 1246 reipsa
2719 1175 2881 1233 fuisse
2896 1177 3309 1250 bomiues(cap.
3336 1181 3451 1251 15).
3476 1182 3634 1253 Atqui
3667 1182 3865 1240 mortui

2269 1266 2516 1323 homines
2539 1282 2645 1324 non
2673 1280 2898 1339 possunt
2933 1285 3054 1327 esse
3078 1272 3183 1340 dii,
3214 1273 3319 1328 nisi
3350 1274 3434 1330 vel
3468 1290 3498 1330 a
3530 1276 3741 1347 seipsis,
3773 1278 3869 1336 vel

2270 1358 2340 1415 ab
2358 1359 2477 1415 aliis
2504 1374 2656 1416 suam
2680 1363 2987 1434 acceperint
3008 1363 3363 1421 divinitatem.
3387 1368 3425 1420 Α
3451 1382 3512 1423 se
3532 1376 3712 1425 autem
3736 1366 3864 1441 ipsis

2270 1464 2390 1506 eam
2444 1466 2554 1508 non
2599 1453 2816 1509 habent.
2866 1455 2983 1511 Non
3033 1458 3177 1512 enim
3220 1457 3476 1515 sivissent
3520 1475 3578 1515 se
3634 1462 3863 1531 primum

2270 1539 2438 1597 fuisse
2467 1542 2714 1600 homines
2735 1586 2752 1612 ,
2779 1553 2858 1601 tot
2884 1532 3158 1618 tantisque
3184 1547 3433 1605 humanis
3465 1551 3867 1610 inﬁrmitatibus

2271 1632 2553 1692 obnoxios.
2600 1636 2784 1710 Neque
2832 1640 2995 1697 etiam
3039 1657 3297 1712 suprema
3340 1642 3625 1701 divinitate
3665 1646 3735 1701 ab
3762 1648 3871 1703 alio

2272 1725 2453 1797 aliquo
2473 1726 2653 1784 donati
2673 1740 2818 1799 sunt,
2849 1732 2951 1789 nisi
2975 1736 3190 1790 caneris
3217 1736 3465 1793 omnibus
3494 1729 3641 1795 fictis
3652 1740 3752 1795 diis
3774 1755 3869 1812 po-

476 1872 481 1877 .
570 1824 679 1895 givi
706 1823 948 1894 ijuvenes
995 1828 1221 1875 matrem
1271 1833 1443 1886 suam,
1492 1832 1560 1874 ne
1599 1818 1653 1873 in
1693 1817 1862 1873 sacris
1907 1818 2173 1889 piaculum
2202 1827 2252 1889 Β
2281 1821 2535 1890 lentiore,
2576 1822 2667 1894 qui
2714 1825 2942 1895 proinde
2981 1827 3131 1883 solus
3160 1843 3322 1884 verus
3359 1829 3501 1885 Deus
3540 1830 3649 1887 dici‘
3683 1831 3865 1889 debet.

2273 1913 2478 1971 Deinde
2509 1916 2653 1973 nulla
2685 1933 2905 1989 prorsus
2934 1921 3203 1993 assignari
3229 1938 3391 1979 causa
3420 1934 3619 1995 potest,
3650 1940 3748 1981 cur
3771 1941 3870 1983 ve-

2272 2021 2367 2063 rus
2423 2008 2565 2066 Deus
2610 2010 2748 2068 alios
2800 2011 2986 2071 fecerit
3033 2014 3184 2071 deos.
3234 2016 3350 2072 Non
3402 2017 3618 2088 quidem
3664 2026 3724 2074 ut
3768 2019 3871 2074 sibi

2273 2099 2474 2163 auxilio
2500 2109 2716 2169 essent,
2746 2103 2831 2158 vel
2858 2115 3198 2162 ornamento.
3246 2107 3392 2164 Deus
3434 2110 3577 2165 enim
3621 2110 3871 2182 omnipo-

2273 2198 2395 2247 tens
2425 2192 2622 2250 nullius
2651 2210 2753 2266 ope
2792 2196 2880 2251 vel
2922 2207 3116 2253 ornatu
3162 2197 3383 2270 indiget.
3431 2199 3619 2272 Neque
3662 2200 3873 2273 aliquos

2273 2281 2523 2342 homines
2547 2297 2767 2358 propter
2793 2303 2981 2345 eorum
3004 2291 3194 2345 merita
3218 2291 3353 2347 deos
3384 2292 3527 2348 fecit.
3557 2294 3695 2361 Quid
3718 2308 3872 2348 nam-

2274 2394 2382 2449 que
2426 2380 2735 2438 merebatur
2779 2382 3069 2450 Saturnus,
3119 2383 3355 2441 ﬁliorum
3394 2401 3612 2443 suorum
3639 2387 3875 2443 devora-

2274 2481 2360 2529 tor
2380 2492 2396 2542 ;
2418 2486 2506 2531 aut
2528 2474 2738 2546 Jupiter
2758 2478 2925 2547 patris
2951 2478 3247 2534 subductus
3272 2466 3458 2545 furori,
3488 2481 3694 2536 sororis
3710 2480 3869 2537 adul-

2276 2559 2380 2634 ter,
2407 2569 2499 2640 qui
2533 2577 2593 2623 ut
2631 2570 2734 2627 alia
2773 2582 2957 2642 stupra
2987 2580 3045 2627 et
3071 2571 3330 2628 adulteria
3360 2573 3603 2628 securius
3629 2572 3868 2640 faceret,

2275 2661 2454 2732 bovis,
2483 2663 2674 2719 imbris
2700 2666 2848 2720 aurei
2873 2707 2887 2735 ,
2916 2667 3098 2738 cygni,
3138 2665 3374 2737 aliasque
3402 2665 3600 2722 formas
3629 2666 3873 2723 induisse

2275 2755 2628 2827 perhibetur?
2659 2757 2790 2815 Tam
2833 2758 2985 2829 impii
3015 2774 3147 2830 ergo
3179 2767 3235 2815 et
3271 2759 3516 2815 scelerati
3565 2758 3875 2830 huiusmodi

2277 2846 2524 2907 homines
2548 2849 2884 2906 divinitatem
2917 2867 3190 2923 nunquam
3219 2860 3549 2907 meruerunt.

2347 2940 2533 3013 Neque
2559 2942 2592 2998 ii
2620 2943 2782 2998 etiam
2810 2942 2884 2999 dii
2910 2954 3057 3011 sunt,
3085 2959 3221 3015 quos
3248 2944 3538 3017 Dionysius
3563 2943 3780 3001 Stoicus
3809 2945 3864 3002 in

2277 3034 2490 3091 nativos
2527 3045 2582 3091 et
2623 3036 2795 3092 factos
2836 3036 3116 3108 distinguit
3162 3038 3318 3107 (cap.
3353 3034 3461 3108 14).
3511 3037 3874 3095 Tertullianus

2278 3127 2542 3198 siquidem
2570 3127 2652 3182 vel
2684 3128 2844 3182 unico
2869 3127 3113 3183 Herculis
3143 3127 3414 3198 exemplo,
3441 3127 3537 3183 sed
3560 3126 3697 3198 quod
3717 3127 3877 3197 plane

576 3218 685 3273 tina
717 3217 999 3273 meretrice
1039 3216 1272 3288 publica,
1298 3225 1353 3271 et
1389 3214 1603 3270 Romuli
1634 3214 1882 3270 nutrice?
1905 3211 2044 3280 Quid
2069 3212 2171 3269 ἰω-
2199 3218 2251 3282 C
2277 3219 2491 3285 sufﬁcit,
2518 3220 2930 3276 insulsissimam
2952 3219 3159 3277 hancce
3181 3220 3491 3291 opinionem
3513 3222 3729 3281 evertit.
3749 3219 3870 3277 Non

575 3311 760 3378 mina,
811 3324 934 3381 qua
981 3310 1035 3364 in
1086 3309 1156 3364 ab
1207 3308 1453 3364 Herculis
1490 3307 1693 3363 mdituo
1734 3317 1856 3377 post
1885 3307 2171 3363 ridiculum

573 3402 759 3460 ludum
817 3403 1034 3469 vitiata,
1091 3402 1208 3473 ipso
1255 3401 1482 3457 Hercule
1529 3401 1642 3469 jam
1680 3411 1894 3456 mortuo
1932 3414 1993 3457 se
2017 3415 2172 3456 com-

574 3509 818 3564 pressam
873 3493 1038 3551 fuisse
1092 3493 1420 3563 gloriabatur
1450 3493 1492 3561 ?,
1520 3492 1650 3561 Quis
1703 3493 1970 3563 patienter
2036 3492 2177 3549 ferat

575 3584 833 3642 infamem
903 3584 1193 3640 Antinoum
1248 3599 1278 3638 a
1355 3584 1615 3640 Romanis
1680 3584 1839 3640 deum
1908 3586 2095 3642 haberi
2149 3586 2175 3641 Ἰ

579 3678 731 3734 Alios
774 3686 956 3734 tamen
996 3692 1103 3734 non
1149 3678 1329 3733 minus
1378 3689 1565 3749 turpes
1614 3677 1747 3733 deos
1790 3679 1842 3733 hi
1883 3681 2174 3736 commenti

583 3781 731 3837 sunt,
783 3784 921 3839 quos
968 3771 1173 3840 nuptiis
1219 3786 1284 3825 ac
1324 3770 1672 3842 procreandis
1710 3772 1896 3827 liberis
1939 3786 2176 3843 praeesse

586 3863 902 3921 stultissime
935 3862 1316 3933 praedicabant.
1356 3862 1514 3917 Tales
1541 3873 1667 3917 sunt
1697 3863 2014 3928 Consevius,
2040 3863 2171 3920 Flu-

583 3955 789 4024 vionia,
822 3954 1137 4022 Vitumnus,
1167 3954 1441 4019 Sentinus,
1474 3953 1761 4024 Diespiter,
1788 3955 2128 4013 Candelifera
2154 3998 2171 4025 ,

577 4051 744 4107 Prosa
766 4092 781 4118 ,
812 4050 1038 4107 Farmus
1061 4092 1081 4120 ,
1107 4050 1312 4109 Albana
1332 4092 1347 4117 ,
1373 4050 1668 4116 Runcinia,
1705 4052 1893 4107 Potina
1912 4093 1928 4119 ,
1963 4052 2133 4109 Edula
2154 4096 2170 4123 ,

575 4143 821 4211 Abeona,
853 4143 1145 4203 Domiduca
1167 4186 1181 4211 ,
1211 4142 1514 4200 Volumnus
1537 4186 1553 4212 ,
1584 4143 1770 4201 Voleta
1791 4187 1808 4213 ,
1836 4146 2133 4204 Paventina
2153 4190 2169 4218 ,

577 4237 811 4303 Venilia,
870 4237 1133 4308 Volupia,
1188 4238 1488 4302 Praestitia,
1540 4238 1867 4310 Peragenor,
1922 4240 2170 4309 Consus,

524 4376 528 4383 .
576 4328 824 4397 Juventa,
877 4328 1138 4395 Fortuna,
1197 4322 1458 4396 Barbata,
1514 4329 1838 4400 Aﬁ‘erenda,
1896 4330 2166 4400 Mutunus,

577 4421 843 4484 Tutuuus,
876 4420 1171 4489 Pertunda,
1194 4406 1449 4493 Subigus,
1481 4422 1670 4479 Prema
1694 4465 1710 4491 ,
1742 4433 1799 4480 et
1820 4424 1913 4479 alii
1942 4439 2170 4494 quorum

576 4516 754 4572 ofﬁcia
784 4516 1090 4573 nominibus
1119 4519 1231 4573 suis
1257 4519 1533 4588 appellare
1561 4520 1649 4574 vel
1673 4520 1928 4575 minimus
1950 4520 2172 4591 pudoris

574 4625 769 4669 sensus
793 4611 1042 4684 prohibet
1069 4613 1211 4684 (cap.
1242 4611 1328 4676 10,
1362 4613 1421 4667 Η
1439 4614 1484 4683 ).

646 4702 846 4759 Omnes
873 4719 1035 4773 porro
1062 4704 1430 4759 Romanorum
1458 4704 1619 4772 deos,
1645 4712 1704 4759 ut
1731 4706 1889 4762 simul
1917 4717 1973 4762 et
2002 4707 2170 4763 semel

574 4795 938 4853 Tertullianus
962 4797 1240 4868 prmcidat,
1274 4798 1444 4869 ipsam
1473 4798 1606 4869 petit
1630 4799 1843 4854 illorum
1873 4800 2131 4871 originem
2152 4844 2166 4869 ,

574 4905 737 4962 quam
766 4891 938 4947 Varro
970 4906 1000 4947 a
1041 4892 1192 4957 Jove,
1217 4892 1428 4948 lunone
1453 4902 1509 4949 et
1532 4893 1767 4950 Minerva
1795 4895 2004 4951 orditur
2030 4913 2043 4951 :
2072 4895 2170 4953 sed

574 4983 982 5054 quaeaSaturno
999 4984 1212 5041 illorum
1230 4993 1453 5056 parente
1472 4985 1761 5056 repetenda
1784 4995 1868 5042 est
1887 4986 1905 5058 (
1924 4988 2168 5060 cap.l2).

573 5076 691 5133 Non
727 5078 815 5133 hic
842 5087 1021 5133 autem
1046 5118 1061 5142 ,
1088 5077 1258 5133 multo
1285 5077 1463 5132 minus
1482 5078 1600 5148 ejus
1629 5077 1746 5145 ﬁlii,
1768 5078 1902 5134 deus
1933 5095 2166 5151 unquam

574 5185 696 5229 esse
719 5172 909 5243 putuit,
926 5171 1019 5242 qui
1040 5186 1072 5228 e
1097 5170 1247 5227 Casio
1272 5185 1366 5227 seu
1386 5171 1605 5228 Chrene
1629 5181 1683 5226 et
1716 5170 1884 5227 Terra
1910 5173 2124 5243 genitus
2140 5212 2158 5239 ,

517 5264 531 5273 '
573 5273 780 5335 patrem
828 5280 983 5320 suum
1030 5273 1296 5320 castrasse
1342 5264 1672 5335 perhibetur.
1721 5264 1834 5322 Nec
1880 5264 2168 5322 dicendum

574 5356 693 5413 haec
710 5355 997 5427 allegorice
1024 5356 1094 5413 de
1124 5365 1367 5428 tempore
1396 5367 1663 5429 terraeque
1693 5358 2040 5417 fuecunditate
2069 5376 2169 5416 ex-

573 5449 782 5520 plicari.
814 5447 1112 5506 Clarissimi
1144 5449 1409 5524 siquidem
1436 5451 1729 5523 scriptores
1753 5452 1972 5509 Cassius
1999 5453 2168 5510 Seve-

571 5553 688 5609 rus,
715 5539 998 5597 Cornelius
1024 5538 1224 5612 Nepos,
1255 5540 1494 5609 Tacitus,
1527 5543 1792 5599 Diodorus
1814 5585 1828 5611 ,
1857 5553 1913 5601 et
1949 5545 2038 5601 alii
2079 5546 2163 5602 di-

572 5632 873 5691 sertissime
940 5644 1259 5693 asseverant
1303 5635 1595 5693 Saturnum
1651 5653 1842 5695 revera
1890 5639 2171 5698 hominem

570 5724 761 5792 fuisse,
799 5727 893 5797 qui
928 5728 1092 5784 variis
1118 5729 1268 5785 orbis
1295 5739 1453 5787 terrm
1477 5730 1719 5802 partibus
1749 5733 2069 5806 peragratis,
2112 5735 2168 5791 in

568 5813 828 5873 tinnula
856 5816 951 5874 seu
977 5817 1138 5876 Italia
1173 5832 1454 5893 exceptus,
1483 5824 1656 5880 monti
1680 5833 1735 5881 et
1774 5825 1916 5895 urbi,
1947 5827 2035 5884 ubi
2065 5842 2159 5884 se-

2276 3313 2418 3371 enim
2447 3312 2728 3369 divinitate
2751 3312 2943 3383 dignus
2963 3320 3082 3368 erat
3107 3310 3390 3389 Hercules,
3426 3314 3553 3383 quia
3593 3312 3736 3368 feras
3783 3313 3873 3369 in-

2276 3408 2493 3466 teremit
2518 3426 2532 3473 ;
2556 3409 2995 3480 quandoquidem
3014 3409 3195 3479 plures
3213 3395 3537 3464 occiduntur
3561 3423 3591 3463 a
3608 3409 3871 3478 gladiato-

2274 3500 2446 3567 ribus,
2460 3515 2639 3572 neque
2655 3501 2817 3557 etiam
2839 3500 2962 3568 quia
2991 3510 3258 3555 terrarum
3288 3500 3626 3572 percucurrit
3648 3502 3869 3567 orbem;

2274 3608 2399 3649 nam
2430 3592 2776 3665 Asclepiades
2813 3592 3073 3665 Cynicus,
3109 3581 3396 3664 pluresque
3426 3592 3729 3664 philosophi
3758 3607 3875 3649 ma-

2271 3686 2379 3757 jori
2415 3686 2776 3743 mendicitatis
2822 3686 3009 3743 labore
3053 3695 3277 3742 cunctas
3313 3688 3675 3741 lustraverunt
3703 3686 3871 3741 totius

2277 3780 2462 3836 mundi
2514 3791 2714 3852 panes.
2767 3779 3037 3851 Numquid
3083 3795 3214 3851 ergo
3247 3780 3379 3836 deus
3406 3787 3515 3847 est,
3537 3780 3660 3851 quia
3687 3779 3870 3837 ille‘se

2276 3874 2504 3932 contulit
2527 3873 2595 3930 ad
2625 3873 2866 3929 inferos?
2889 3873 2995 3930 Sed
3025 3875 3344 3945 quibusnam
3373 3887 3559 3929 eorum
3589 3874 3674 3929 via
3694 3874 3872 3945 patet?

2275 3968 2592 4040 Pergamus,
2637 3968 2684 4022 si
2737 3966 2931 4037 placet.
2980 3966 3171 4022 Nonne
3209 3966 3436 4021 eximius
3471 3964 3561 4021 ille
3601 3966 3875 4023 Hercules

2276 4060 2644 4130 constupravit
2693 4060 2982 4116 fceminas‘l
3007 4060 3197 4116 Nonne
3241 4061 3313 4116 ob
3354 4059 3613 4115 amissum
3647 4075 3872 4131 puerum

2276 4152 2519 4207 militiam
2574 4152 2813 4208 deseruit
2866 4142 3343 4224 Argonautarum?
3395 4151 3585 4208 Nonne
3648 4153 3871 4209 lascivae

2274 4246 2458 4302 uxoris
2484 4232 2709 4301 venenis
2737 4246 3139 4301 circumventus
3160 4287 3174 4310 ,
3205 4260 3438 4301 accenso
3465 4260 3601 4316 rogo
3623 4288 3637 4311 ,
3680 4260 3869 4301 necem

2276 4340 2378 4395 sibi
2423 4339 2539 4409 ipse
2586 4339 2876 4395 conscivit!
2925 4337 3057 4407 Quis
3099 4353 3229 4410 ergo
3272 4340 3468 4396 mentis
3499 4355 3610 4395 suae
3646 4353 3869 4410 compos

2275 4429 2439 4485 homo
2466 4430 2606 4485 hunc
2631 4430 2814 4485 credat
2841 4445 2963 4487 esse
2990 4430 3192 4486 deum?
3217 4429 3338 4497 Quo
3364 4432 3528 4488 etiam
3558 4440 3712 4502 pacto
3738 4428 3868 4487 Es-

2275 4522 2517 4594 culapius
2544 4522 2717 4593 potuit
2739 4521 2875 4579 deus
2904 4522 3226 4590 renuntiari,
3249 4522 3363 4592 qui,
3405 4530 3469 4577 ut
3501 4532 3680 4578 narrat
3719 4522 3866 4596 argi-

2195 4610 2251 4671 D
2277 4631 2374 4673 vus
2399 4615 2668 4680 Socrates,
2694 4623 2846 4685 patre
2872 4614 3082 4670 incerto
3109 4623 3287 4680 natus,
3311 4613 3381 4669 ob
3411 4614 3696 4670 medicinae
3725 4613 3872 4683 peri~

2274 4708 2403 4763 tiam
2460 4688 2683 4761 fulmine
2732 4705 2919 4774 Iovis,
2978 4705 3434 4776 quemadmodum
3482 4706 3601 4778 ejus
3664 4713 3868 4773 mater,

2275 4815 2561 4874 percussus
2598 4799 2716 4855 fuit.
2747 4799 3109 4856 Athenienses
3139 4808 3320 4856 tamen
3351 4800 3502 4855 illum
3534 4809 3868 4872 matremque

2275 4895 2414 4966 ejus,
2438 4894 2579 4951 sicut
2602 4892 2832 4961 Thesea,
2861 4894 3107 4950 adorant.

2344 4986 2456 5042 Nec
2482 4987 2625 5043 coelo
2653 5002 2717 5042 ac
2743 4986 3022 5043 divinitate
3051 4984 3219 5057 magis
3246 4984 3391 5057 digni
3417 4983 3701 5053 Castores,
3735 4982 3867 5044 Pcr-

2275 5094 2421 5148 seus,
2468 5079 2719 5151 Erigone,
2766 5079 3012 5136 exoletus
3043 5077 3211 5148 lovis,
3233 5079 3349 5136 sive
3372 5076 3731 5150 Ganymedes,
3762 5080 3869 5136 sic-

2271 5173 2349 5228 uti
2386 5185 2486 5228 nec
2539 5186 2736 5239 canes,
2806 5171 3120 5244 scorpiones
3161 5178 3215 5227 et
3240 5168 3606 5242 cancri,quos
3655 5171 3868 5227 romani

2270 5266 2325 5322 in
2349 5274 2491 5321 astra
2533 5264 2942 5324 transtulerunt.
2974 5264 3106 5334 Quis
3131 5279 3262 5322 vero
3288 5265 3406 5320 sine
3433 5264 3543 5319 risu
3570 5263 3657 5319 illa
3686 5263 3871 5321 audiet

2270 5360 2489 5417 nomina
2517 5360 2763 5426 deorum,
2791 5374 2927 5432 quos
2954 5357 3183 5416 Romani
3228 5358 3391 5414 certis
3427 5356 3748 5429 quibusdam
3783 5370 3873 5413 ur-

2268 5454 2415 5512 bium
2448 5467 2512 5508 ae
2557 5452 2840 5508 domorum
2882 5450 3017 5507 locis
3070 5450 3390 5522 praepositos
3427 5447 3868 5506 arbitrabantur?

2273 5545 2357 5602 Ab
2386 5546 2451 5601 iis
2491 5544 2687 5617 quippe
2713 5528 2976 5601 vocantur
3021 5541 3264 5609 Viduas,
3308 5540 3580 5605 Caeculus,
3630 5540 3867 5610 Orbana,

2273 5636 2491 5709 Arguis,
2511 5636 2678 5707 Lana,
2706 5639 2998 5705 Ascensus,
3025 5634 3296 5702 Levicola,
3328 5632 3610 5700 Forculus,
3640 5633 3866 5703 Cardea,

2272 5733 2627 5800 Limentinus,
2677 5731 2878 5803 aliique
2925 5730 3152 5803 singulis
3177 5729 3479 5801 quibusque
3519 5729 3648 5785 vita:
3677 5727 3870 5786 ofﬁciis

2272 5826 2529 5899 praefecti.
2560 5825 2668 5884 Sed
2692 5825 2751 5885 hi
2790 5825 2921 5885 solis
2950 5838 3088 5897 pene
3126 5822 3383 5881 Romanis
3429 5821 3649 5896 cogniti,
3701 5822 3748 5879 si
3793 5819 3869 5877 dii
