4240 6262
327 314 438 379 765

1468 312 1924 375 DISSERTATIO
1959 315 2023 374 D.
2062 314 2153 377 LE
2188 314 2492 377 NOURRY.

3524 325 3635 391 τω

326 438 578 507 fuissent,
606 438 819 501 certetis
848 435 1114 507 fomitibus
1137 436 1271 495 nihil
1315 450 1451 512 opus
1497 449 1614 494 erat
1639 436 1789 511 (cap.
1820 437 1932 512 l5).
1960 452 2014 517 Α
2038 438 2110 495 ad
2146 437 2402 501 Nationes
2445 438 2612 499 libros
2652 438 2843 505 citari;
2888 447 2947 497 ut
2996 439 3124 503 inde
3165 440 3379 503 illorum
3427 451 3633 505 textum

399 536 470 593 At
508 533 701 608 ingrati
750 532 908 608 plane
943 547 1166 601 sumus,
1224 531 1537 603 inquiebant
1579 530 1831 598 Romani,
1884 532 1929 591 si

327 628 619 705 divinitatis
650 628 881 687 honores
914 626 980 683 iis
1010 626 1364 693 denegamus,
1393 623 1484 695 qui
1525 624 1649 680 vitae
1676 637 1930 689 necessa-

326 722 408 779 ria
439 722 591 777 nobis
621 720 961 781 invenerunt.
995 717 1291 774 Tribuendi
1334 717 1497 791 igitur
1521 726 1668 785 sunt,
1693 717 1766 773 ait
1796 716 1928 772 Ter-

328 813 603 880 tulliauus,
636 812 690 867 hi
719 814 952 869 honores
975 811 1189 878 Catoni,
1223 811 1313 882 qui
1363 811 1520 869 ﬁcum
1566 808 1792 867 viridem
1818 850 1833 873 ,
1875 818 1929 869 et

327 905 585 978 Pompeio
623 905 713 977 qui
757 918 943 967 cerasa
988 901 1417 981 Romam‘primi
1463 900 1777 959 attulerunt.
1819 899 1928 959 Sed

326 999 460 1057 nihil
487 998 588 1057 hac
612 998 819 1054 ratione
847 996 1068 1055 iutilius.
1108 994 1227 1055 Non
1254 994 1397 1051 enim
1443 991 1714 1051 fructuum
1740 994 1927 1049 inven-

333 1103 439 1160 tor,
473 1093 566 1149 sed
598 1101 784 1147 auctor
811 1099 866 1146 et
893 1100 1104 1149 creator
1128 1102 1288 1144 verus
1339 1086 1480 1142 Deus
1508 1098 1610 1143 εει.
1667 1084 1738 1141 Et
1780 1093 1928 1143 certe

329 1203 480 1245 nova:
511 1197 654 1242 artes
683 1187 751 1241 ab
771 1185 1081 1240 hominibus
1102 1182 1339 1255 quotidie
1372 1181 1743 1246 inveniuntur;
1767 1193 1928 1235 nemo

326 1289 502 1336 tamen
533 1281 719 1334 harum
769 1280 1074 1333 inventores
1098 1274 1229 1331 deos
1258 1288 1379 1330 esse
1404 1272 1640 1342 dixerit(
1669 1287 1781 1342 cap.
1811 1271 1922 1343 16).

402 1370 676 1426 Instabam
707 1368 937 1425 Romani
964 1383 1023 1423 se
1068 1382 1164 1422 sua
1209 1367 1263 1422 in
1296 1365 1429 1421 deos
1474 1366 1670 1436 pietate
1708 1379 1770 1420 ac
1797 1362 1926 1419 reli-

324 1463 484 1535 gione
516 1464 780 1519 meruisse
810 1462 974 1517 totius
999 1459 1182 1515 mundi
1211 1459 1565 1515 dominatum.
1598 1457 1748 1517 Itane
1772 1471 1923 1523 vero,

323 1556 497 1627 inquit
526 1554 931 1611 Tertullianus?
976 1550 1244 1621 Numquid
1296 1550 1466 1619 turpis
1509 1548 1786 1605 Sterculus
1814 1546 1927 1607 Ro~

296 1651 482 1707 'mani.
510 1650 720 1720 imperii
747 1647 882 1703 lines
907 1644 1253 1717 propagavit?
1294 1642 1562 1715 Numquid
1590 1641 1799 1712 Jupiter
1825 1656 1927 1697 an-

323 1741 391 1797 tri
413 1739 563 1806 ldaai,
595 1738 769 1796 Cretae
798 1736 986 1809 patria:
1029 1751 1172 1801 sum,
1200 1749 1265 1791 ac
1284 1732 1660 1803 jttcundissimi
1701 1731 1928 1791 nutricis

325 1847 437 1890 sum
465 1830 648 1893 odoris
694 1831 914 1895 oblitus,
962 1827 1049 1883 bis
1100 1825 1335 1898 [ll‘iBltllil
1363 1824 1717 1896 capitolium?
1763 1824 1929 1885 Num-
1956 1850 2006 1913 Β

326 1923 454 1997 quid
478 1922 616 1979 Juno
645 1919 1019 1997 Carthaginis,
1045 1934 1204 1991 quam
1250 1916 1415 1975 Samo
1457 1917 1583 1973 olim
1616 1931 1927 1990 prmposue~

327 2025 430 2084 rat,
458 2013 672 2085 penitus
701 2011 1005 2077 immemor,
1056 2009 1226 2067 voluit
1255 2023 1375 2064 eam
1430 2023 1460 2062 a
1512 2007 1773 2064 Romanis
1797 2006 1927 2063 sub-

325 2107 498 2165 verti?
545 2105 655 2161 Sed
705 2104 921 2171 horum,
972 2103 1311 2174 aliorumque
1358 2099 1654 2156 imbellium
1702 2098 1927 2157 deorum

326 2213 427 2257 nec
467 2196 576 2253 ulla
630 2194 729 2251 fuit
774 2192 1032 2249 adversus
1061 2190 1168 2247 lata
1210 2198 1469 2261 potestas,
1502 2203 1603 2244 nec
1643 2199 1931 2258 potuerunt

327 2307 452 2349 suas
482 2290 644 2347 urbes
681 2286 1092 2360 provinciasque
1137 2283 1397 2345 adversus
1436 2281 1671 2338 hostium
1707 2297 1927 2345 suorum

329 2398 478 2441 arma
518 2382 679 2439 tueri.

400 2478 484 2534 Ad
534 2477 649 2533 hare
676 2487 804 2533 vero
831 2516 847 2542 ,
892 2473 1258 2529 Romanorum
1287 2470 1569 2542 imperium
1614 2478 1770 2527 antea
1811 2468 1930 2529 fun-

329 2570 513 2627 datum
546 2569 641 2625 fuit
666 2584 824 2640 quam
852 2566 957 2621 ulla
988 2565 1210 2621 deorum
1239 2571 1430 2618 essent
1472 2551 1793 2629 simulacra,
1816 2564 1930 2619 culo

328 2674 414 2722 tus
459 2679 522 2721 ac
548 2678 723 2731 sacra,
744 2645 862 2732 qua:
885 2659 1227 2733 postmodum
1248 2675 1276 2712 a
1294 2658 1464 2713 Numa
1483 2658 1743 2728 Pompilio
1765 2658 1931 2713 intro-

330 2759 487 2815 ducta
530 2766 675 2812 sunt.
733 2755 896 2813 Bellis
941 2754 1121 2823 itaque
1160 2751 1397 2807 accrevit
1440 2750 1572 2805 illttd
1620 2750 1929 2822 imperium,

329 2861 491 2922 atque
532 2850 733 2905 idcirco
765 2849 877 2920 pari
919 2844 1256 2902 sacerdotum
1288 2860 1350 2899 ac
1373 2845 1569 2898 civium
1592 2844 1774 2911 crede,
1817 2843 1929 2914 pari

331 2958 512 2999 rerum
571 2955 845 2997 sacrarum
896 2949 1058 3011 atque
1103 2935 1446 3008 profanarum
1491 2937 1683 3001 ruina,
1747 2944 1930 3006 totque

331 3034 649 3106 sacrilegiis,
680 3041 810 3103 quot
837 3030 1090 3103 trephtnis
1117 3044 1179 3082 ac
1200 3026 1506 3098 triumphis.
1547 3026 1785 3096 Denique
1812 3026 1932 3097 quis

329 3130 502 3185 nescit
532 3128 772 3185 funditus
798 3140 986 3182 eversa
1016 3123 1180 3179 luisse
1221 3137 1385 3193 regna
1418 3119 1781 3191 Assyriorum,
1817 3117 1928 3174 Me-

330 3222 547 3288 dorum,
568 3221 881 3285 Persarum,
909 3206 1308 3288 Egyptiorum,
1332 3214 1422 3285 qni
1453 3227 1560 3266 non
1593 3212 1801 3271 minore
1826 3210 1931 3285 pie-
1957 3242 2005 3306 Ο

332 3322 463 3375 tate,
495 3328 655 3383 quam
699 3311 944 3377 Romani,
978 3311 1109 3365 deos
1138 3323 1264 3363 suos
1304 3305 1588 3365 colebant?
1617 3305 1777 3361 Solus
1802 3319 1933 3377 ergo

331 3405 500 3469 Deus,
529 3418 670 3459 unus
698 3412 751 3458 et
780 3403 1138 3473 omnipotens,
1170 3415 1337 3471 regna
1386 3397 1683 3469 dispensat,
1713 3398 1933 3459 minime

335 3513 471 3555 vero
498 3496 857 3552 Romanorum
877 3504 967 3552 aut
987 3496 1210 3551 aliorum
1243 3492 1481 3564 gentium
1515 3490 1610 3557 dii,
1640 3506 1777 3563 quos
1822 3499 1929 3549 tam

332 3590 570 3647 factitios
608 3603 726 3645 esse
764 3598 990 3655 constat,
1024 3603 1182 3659 quam
1211 3586 1447 3651 illorum,
1475 3599 1504 3640 a
1527 3585 1719 3656 quibus
1747 3586 1933 3642 colun-

332 3690 445 3751 tur,
474 3682 636 3738 falsas
654 3698 926 3754 vanasque
944 3682 1228 3754 religiones
1267 3679 1419 3751 (cap.
1447 3678 1561 3750 17).

928 3811 1226 3854 Λιιτιευιυε
1253 3812 1331 3851 111.

346 3891 509 3949 Variis
530 3894 793 3948 rationum
833 3893 1097 3947 momentis
1127 3890 1411 3947 ostenditur
1443 3888 1818 3945 Tertullianum
1844 3890 1934 3945 lto-

406 4002 521 4039 rum
550 3985 795 4039 librorum
823 4000 931 4040 esse
970 3994 1249 4049 auctorem,
1284 3991 1331 4037 et
1368 3997 1499 4039 nova
1531 3979 1851 4041 Hoombeeki
1878 3981 1934 4037 id

406 4079 637 4149 negantis
664 4078 838 4149 Opinio
868 4078 1135 4146 refellitur.

410 4171 686 4227 Testatum
716 4171 874 4226 nobis
903 4171 1261 4242 Hieronymus
1289 4167 1433 4247 fecit
1456 4167 1630 4224 editos
1681 4167 1850 4225 fuisse
1902 4184 1932 4223 a

334 4264 676 4321 Tertulliano
708 4275 907 4336 prater
950 4264 1356 4336 ApOIOgeticum
1385 4263 1523 4319 alios
1550 4264 1618 4318 ad
1658 4261 1844 4319 Gentes
1866 4264 1933 4319 li-

339 4356 488 4425 bros,
514 4358 583 4414 de
623 4357 819 4429 quibus
856 4357 925 4412 ad
966 4356 1212 4429 Magnum
1242 4359 1358 4413 haec
1384 4357 1601 4427 scripsit
1640 4357 1694 4411 in
1723 4356 1884 4412 verba
1916 4374 1932 4411 :

338 4448 475 4516 Quid
504 4447 820 4506 Tertullinus»
875 4450 1121 4504 eruditius
1147 4449 1173 4502 1
1200 4449 1324 4518 quid
1374 4448 1697 4504 accuratius?
1745 4449 1936 4515 Apolo-

334 4544 523 4613 geticus
551 4544 679 4611 eius,
711 4552 759 4606 et
788 4553 964 4599 contra
984 4542 1168 4598 Gentes
1197 4543 1312 4599 libri
1335 4552 1568 4597 cunctam
1611 4542 1786 4597 muli
1810 4542 1937 4596 obti-

2033 533 2231 604 corrigi
2272 533 2562 590 voluerint.
2596 532 2663 591 Et
2705 541 2855 590 certe
2899 541 3084 605 postea
3121 534 3465 593 ostendemus
3515 539 3630 596 Au~

2031 625 2302 695 gustiuum
2329 624 2402 680 ibi
2430 624 2495 681 ad
2524 624 2626 682 hos
2655 625 2835 697 potius
2886 626 3191 696 respexisse
3237 632 3471 687 auctoris
3506 646 3631 689 nos

2033 715 2100 774 tri
2120 715 2307 781 libros,
2337 730 2497 787 quam
2524 716 2592 771 ad
2632 715 3061 791 Apologeticum.

2104 808 2373 865 Praeterea
2406 807 2460 864 lti
2496 808 2618 865 libri
2650 809 2702 867 in
2742 820 2956 871 vetusto
2987 811 3256 884 Agohardi
3286 813 3472 872 codice
3513 830 3630 872 ma.

2031 899 2308 970 nuscripto
2360 914 2467 956 non
2513 900 2684 957 semel
2733 901 3102 961 inscribuntur
3151 905 3267 975 ipso
3318 906 3631 965 Tertulliani

2031 989 2276 1051 nomine.
2305 989 2559 1047 Secunda
2581 992 2725 1051 enim
2753 993 2892 1055 illius
2920 995 2974 1053 in
3001 996 3193 1067 pagina
3222 997 3339 1057 iure
3363 1000 3630 1072 legimus:

2032 1081 2134 1145 Hic
2178 1092 2296 1138 sunt
2320 1082 2625 1143 Tertulliani
2666 1086 2816 1145 libri:
2848 1087 2929 1145 Ad
2978 1090 3205 1148 nationes
3252 1092 3377 1147 liber
3417 1091 3471 1149 Ι.
3500 1093 3633 1152 Ιιιικ

2031 1174 2114 1233 Ad
2151 1175 2381 1231 nationes
2426 1176 2550 1232 liber
2574 1175 2661 1232 11.
2704 1177 2761 1237 In
2808 1180 2964 1253 primi
2992 1181 3154 1239 etiam
3184 1183 3300 1241 libri
3332 1186 3472 1243 line:
3506 1185 3632 1242 Ter-

2032 1266 2234 1327 tulliani
2262 1268 2342 1325 Ad
2386 1270 2767 1327 nationesliber
2791 1270 2842 1327 Ι.
2892 1274 3119 1344 επριὶεἰι.
3160 1275 3351 1346 Incipit
3380 1279 3506 1336 liber
3549 1298 3632 1337 seu

2031 1359 2232 1417 cundus
2261 1360 2341 1419 Ad
2389 1364 2639 1419 nationes.
2670 1363 2842 1435 Hujus
2874 1381 3036 1436 porro
3059 1369 3263 1426 codicis
3302 1371 3548 1428 librarius
3577 1375 3633 1437 in

2031 1452 2204 1521 prima
2234 1453 2352 1523 ejus
2375 1455 2569 1527 pagina
2615 1457 2807 1513 litteris
2857 1460 3150 1529 majoribus
3201 1464 3447 1534 scripsit:
3484 1465 3633 1522 Liber

2031 1541 2229 1605 oblatus
2256 1546 2324 1599 ad
2351 1545 2515 1602 altare
2553 1546 2650 1604 Sci
2675 1548 2928 1619 Stephani
2954 1568 3017 1607 ea:
3057 1564 3171 1607 uoto
3216 1555 3476 1625 Agobardi
3503 1556 3631 1627 Epi,

2031 1633 2085 1689 id
2113 1647 2217 1703 est,
2248 1636 2518 1709 Episcopi.
2560 1640 2697 1705 Alis,
2744 1641 3007 1713 inquiunt,
3058 1644 3170 1714 ipse
3199 1656 3282 1700 est
3316 1649 3633 1718 Agobardus

2031 1724 2379 1799 lugdunensis
2395 1729 2853 1803 archiepiscopus,
2872 1736 2963 1807 qui
2981 1733 3161 1790 Caroli
3180 1736 3349 1807 Magni
3377 1741 3631 1796 tiliorum-

2032 1834 2138 1889 que
2160 1820 2275 1892 ejus
2309 1831 2485 1889 tenue,
2534 1833 2696 1899 atque
2743 1826 2961 1883 ineunte
2984 1829 3186 1885 steculu
3214 1845 3356 1887 nono
3382 1832 3628 1897 ﬂorebat.

2034 1913 2169 1971 Tum
2191 1914 2368 1988 itaque
2392 1916 2696 1989 descriptus
2714 1919 2811 1976 fuit
2828 1921 2918 1977 ille
2935 1923 3105 1981 codex
3122 1939 3190 1980 ex
3217 1925 3324 1981 alio
3349 1928 3634 2005 proculdu-

2032 2006 2123 2071 bio
2138 2008 2461 2080 antiquiore,
2482 2011 2681 2083 inquo,
2700 2023 2859 2085 atque
2874 2014 2994 2073 aliis
3011 2016 3149 2073 haud
3177 2016 3338 2075 dubie
3364 2020 3631 2091 pluribus,

2034 2096 2234 2155 bilibri
2279 2103 2555 2171 praeﬁxum
2604 2103 2849 2161 similiter
2879 2105 3148 2164 habebant
3180 2108 3492 2168 Tertulliani
3530 2129 3631 2170 no-

2034 2206 2181 2249 men.
2209 2190 2525 2250 Communis
2552 2194 2716 2267 igitur
2745 2212 2853 2253 non
2878 2213 2944 2254 eo
2972 2205 3184 2257 tantum
3217 2202 3505 2272 Agohardi,
3538 2204 3633 2267 sed

2032 2284 2410 2361 superioribus
2433 2287 2597 2344 etiam
2626 2290 2860 2356 stcculis,
2889 2291 3071 2362 opinio
3092 2300 3211 2348 erat
3244 2291 3630 2353 Tertullianum
3706 2340 3709 2341 γ

2032 2378 2293 2443 horumce
2319 2381 2389 2437 ad
2418 2380 2665 2439 Nationes
2687 2383 2944 2445 librorum
2975 2399 3094 2441 esse
3117 2394 3415 2444 auctorem.

2104 2471 2361 2540 Quamvis
2394 2484 2573 2533 autem
2612 2477 2743 2533 tanti
2784 2479 2995 2536 roboris
3024 2482 3163 2538 ratio
3200 2483 3358 2541 nobis
3388 2484 3631 2555 deesset;

2032 2566 2228 2625 horum
2250 2578 2426 2625 tamen
2454 2570 2711 2627 librorum
2743 2585 3139 2646 argumentum,
3194 2590 3346 2648 tetas,
3388 2590 3551 2651 atque
3576 2584 3630 2638 in

2033 2660 2221 2735 primis
2276 2662 2396 2734 styli
2440 2663 2856 2736 scriptionisque
2900 2682 3110 2736 genus,
3147 2682 3211 2723 ac
3256 2684 3468 2727 summa
3506 2688 3631 2728 cum

2034 2753 2383 2827 Apologetico
2422 2753 2686 2821 afﬁnitas,
2744 2756 2865 2812 illos
2908 2772 2939 2812 a
2989 2757 3318 2814 Tertulliano
3363 2762 3632 2830 profectos

2033 2860 2154 2909 esse
2174 2846 2567 2904 demonstrant.
2601 2849 2682 2906 Ex
2712 2851 2825 2922 ipsa
2869 2851 3133 2924 siquidem
3160 2869 3190 2908 a
3220 2854 3377 2911 nobis
3396 2856 3509 2926 jam
3531 2872 3629 2913 ex-

2035 2936 2202 3003 hibita
2254 2955 2441 2997 eorum
2493 2942 2701 3014 analysi
2768 2943 3167 3003 evidentissime
3226 2956 3372 3018 patet
3420 2949 3632 3015 illorum

2034 3031 2351 3101 scriptorem
2385 3032 2437 3086 in
2462 3032 2568 3089 hoc
2595 3049 2716 3091 esse
2745 3045 2934 3103 totum,
2979 3047 3028 3093 ut
3062 3039 3235 3109 palam
3277 3042 3524 3099 omnibus
3557 3041 3633 3097 fa-

2034 3123 2142 3185 ciat
2179 3122 2501 3180 christianos
2531 3136 2716 3182 contra
2747 3128 2924 3199 legum
2953 3132 3196 3189 onmium
3225 3134 3533 3204 praescripta
3563 3134 3633 3189 ab

2035 3217 2265 3277 ethnicis
2284 3218 2621 3290 iniquissime
2646 3222 2847 3288 vexari,
2876 3238 3172 3293 eorumque
3190 3225 3474 3283 criminum
3499 3225 3632 3281 falso

2036 3312 2303 3379 accusari,
2332 3328 2561 3385 quorum
2592 3328 2780 3370 revera
2810 3318 3015 3375 conscii
3063 3327 3222 3377 erant
3261 3319 3476 3389 ipsimet
3504 3335 3632 3392 gen»

2036 3402 2178 3463 tiles.
2207 3401 2402 3475 Scripti
2423 3414 2548 3461 sunt
2568 3420 2696 3479 ergo
2724 3407 2776 3465 hi
2798 3407 2943 3476 libri,
2971 3409 3084 3480 ipsa
3114 3408 3428 3468 Tertulliani
3452 3421 3633 3481 aetate,

2035 3510 2158 3560 cum
2215 3497 2416 3554 ethnici
2463 3508 2569 3556 tam
2615 3516 2790 3568 caeco,
2831 3518 2993 3574 quam
3035 3502 3295 3563 eﬂ‘renato
3350 3505 3529 3563 furore
3578 3507 3635 3569 in

2034 3585 2356 3645 christianos
2377 3590 2553 3653 adhuc
2577 3593 2890 3651 saeviebant.
2928 3595 3168 3669 Denique
3192 3597 3325 3655 nihil
3345 3598 3396 3653 in
3423 3598 3505 3657 eis
3519 3600 3634 3656 sive

2035 3680 2103 3737 de
2156 3682 2486 3751 cbristianis,
2530 3687 2651 3743 sive
2697 3687 2768 3743 de
2824 3690 3075 3759 gentibus
3118 3691 3322 3749 dictum
3351 3692 3633 3765 est,quod

2037 3774 2348 3839 Tertulliani
2379 3778 2523 3835 enati
2550 3796 2657 3841 non
2690 3782 2975 3838 conveniat
2995 3822 3010 3848 ,
3043 3783 3329 3863 ipsumque
3352 3786 3470 3856 ejus
3498 3795 3634 3845 tem.

2029 3881 2137 3939 pus
2166 3883 2273 3925 non
2298 3868 2516 3927 indicet.

2106 3958 2405 4032 Singularis
2430 3977 2641 4035 quoque
2686 3962 2878 4022 horum
2927 3966 3185 4025 librorum
3223 3970 3436 4042 stylus,
3488 3972 3635 4029 inso~

2034 4053 2191 4113 litum
2221 4055 2516 4115 dictionum
2546 4059 2938 4132 verborumque
2956 4079 3147 4134 genus,
3167 4064 3327 4135 plane
3347 4066 3637 4129 ostendunt

2036 4147 2424 4209 Tertullianum
2455 4166 2576 4209 esse
2599 4167 2786 4213 verum
2811 4153 3025 4210 illorum
3061 4166 3359 4226 parentem.
3381 4157 3517 4217 Nam
3536 4174 3634 4229 pe-

2036 4242 2254 4298 culiaris
2298 4247 2416 4314 ejus
2468 4259 2532 4300 ac
2570 4248 2789 4316 propria
2838 4248 3157 4319 exterisque
3197 4249 3478 4311 dissimilis
3518 4252 3637 4323 ejus

2036 4334 2272 4390 elocutio
2298 4336 2348 4391 in
2385 4334 2463 4390 eis
2496 4336 2693 4406 ubique
2724 4341 2920 4406 passim
2958 4340 3173 4407 emicat,
3211 4356 3276 4398 ac
3300 4343 3405 4400 cito
3427 4345 3635 4401 citiusa

2036 4428 2274 4499 quolibet
2303 4428 2502 4485 lectore
2529 4429 2974 4499 deprehenditur.
3007 4432 3089 4488 Ad
3117 4433 3233 4490 haec
3256 4451 3384 4491 vero
3404 4478 3422 4504 ,
3444 4436 3499 4490 in
3530 4436 3637 4492 illis

2038 4522 2237 4592 smpius
2264 4533 2552 4579 occurrunt
2583 4539 2689 4581 non
2718 4525 2893 4581 solum
2926 4527 3113 4583 eadem
3141 4538 3301 4599 atque
3354 4529 3410 4585 in
3437 4530 3638 4599 Apolo-

336 4645 455 4690 nem
528 4636 850 4706 (“nmium
904 4637 924 4709 (
950 4636 1255 4708 mergum.
1308 4638 1458 4707 δρία.
1530 4636 1618 4692 εδ.
1676 4636 1744 4689 ad
1787 4633 1932 4707 Meg.
1960 4614 2217 4697 Dgetico
2238 4615 2448 4685 propria
2480 4614 2800 4709 insolitaque
2840 4615 3153 4673 Tertulliani
3193 4618 3384 4684 verba,
3430 4619 3528 4679 sed
3554 4620 3637 4676 itt-

334 4743 461 4798 ρας.
490 4725 643 4798 656).
703 4728 833 4797 Quis
877 4737 1059 4785 autem
1106 4744 1212 4785 non
1242 4729 1423 4785 videat
1445 4728 1568 4796 llos,
1627 4727 1695 4783 de
1741 4728 1938 4799 quibus

335 4820 586 4889 agimus,
640 4818 910 4891 designari
950 4821 1153 4888 libros,
1202 4830 1260 4877 et
1298 4822 1369 4877 ab
1419 4819 1770 4890 Apologetico
1819 4819 1937 4875 dis-

336 4910 543 4981 tingui?
574 4910 831 4980 Quamvis
873 4912 1017 4968 enim
1064 4913 1121 4969 in
1170 4912 1441 4984 Agobardi
1467 4910 1686 4979 codice,
1737 4911 1805 4970 de
1831 4926 1940 4984 quo

337 5001 476 5058 infra
514 5002 826 5070 dicendum,
863 5004 1229 5060 inscribuntur
1272 5004 1354 5059 Ad
1381 5005 1631 5071 nationes,
1688 5004 1939 5061 eumdem

340 5103 518 5150 tamen
549 5104 712 5167 atque
736 5094 819 5150 Ad
844 5106 1014 5167 gentes
1043 5096 1257 5152 titulum
1282 5110 1405 5152 esse
1432 5096 1550 5167 quis
1578 5094 1936 5153 difﬁtebitur?

409 5186 525 5243 Huc
552 5187 765 5244 accedit
792 5189 1141 5259 Augustinus,
1175 5189 1266 5260 qui
1292 5188 1608 5245 Tertulliani
1631 5190 1802 5245 nostri
1822 5189 1939 5259 opi-

339 5279 557 5336 nionem
586 5280 911 5347 refellendo,
934 5281 1053 5352 ejus
1082 5282 1301 5338 nomine
1330 5282 1495 5339 hosce
1517 5282 1704 5350 libros,
1730 5282 1941 5339 tametsi

334 5371 499 5443 paulo
526 5373 827 5440 obscurius,
859 5374 1070 5432 citavit:
1103 5373 1226 5431 Non
1268 5374 1404 5440 dico,
1430 5375 1620 5444 inquit,
1640 5374 1776 5444 quod
1799 5378 1939 5445 face-

337 5462 441 5523 tius
464 5463 538 5517 ait
568 5460 915 5523 Tertullianus
944 5464 1184 5534 fortasse,
1214 5481 1369 5536 quam
1395 5466 1562 5520 uerius
1610 5483 1630 5519 :
1678 5463 1740 5520 Si
1768 5464 1839 5517 dii
1864 5478 1943 5519 se-

337 5554 564 5625 liguntur
606 5564 662 5612 ut
713 5557 884 5623 bulbi,
942 5559 1117 5629 utique
1162 5560 1332 5616 sceleri
1380 5558 1583 5629 reprobi
1617 5557 1940 5627 judicautur.

336 5646 592 5719 (August.
625 5649 716 5705 lib.
751 5647 864 5705 VII.
890 5648 952 5707 de
977 5649 1132 5707 Civil.
1162 5667 1282 5722 cap.
1311 5651 1362 5706 1.
1390 5666 1510 5723 pag.
1544 5647 1666 5706 163.
1693 5648 1943 5719 )Scimus

336 5737 555 5809 qnidem
577 5739 854 5799 nonnullis
876 5741 1050 5799 visum
1075 5742 1147 5800 ibi
1167 5741 1325 5799 citari
1347 5741 1492 5801 illius
1515 5740 1939 5812 Apologeticum.

337 5827 448 5888 Sed
475 5843 789 5902 persuasum
813 5832 907 5893 alii
933 5833 1007 5893 ita
1035 5834 1341 5896 habuerunt
1363 5849 1469 5895 non
1494 5833 1629 5895 alios
1657 5833 1750 5907 ibi,
1783 5848 1943 5909 quam

2044 4718 2207 4782 tegrze
2253 4710 2415 4766 etiam
2461 4706 2667 4766 emdem
2714 4709 2940 4781 periodi.
2975 4710 3157 4782 Neque
3185 4712 3236 4767 id
3266 4712 3423 4785 longa
3445 4713 3637 4771 induc-

2043 4803 2188 4861 tione
2213 4802 2429 4874 probari
2458 4816 2681 4858 necesse
2705 4810 2811 4868 est,
2838 4802 2983 4873 quod
3013 4802 3167 4857 facile
3196 4802 3435 4873 obvium,
3478 4814 3640 4878 atque

2041 4909 2108 4953 ex
2205 4904 2391 4966 postea
2464 4893 2711 4953 dicendis
2778 4894 3121 4953 manifestum
3198 4898 3450 4957 omnibus
3523 4902 3651 4960 ﬁet.

2039 4989 2232 5047 Nonne
2285 4998 2464 5047 autem
2495 4996 2643 5045 tanta
2690 4998 3038 5069 utrorumque
3051 4988 3310 5048 librorum
3329 4992 3562 5053 afﬁnitas
3586 5002 3641 5052 et

2041 5085 2313 5142 connexio
2342 5084 2474 5143 satis
2498 5092 2685 5155 aperte
2701 5082 3038 5143 demonstrat
3062 5082 3184 5141 illos
3208 5084 3281 5141 ab
3300 5100 3408 5143 uno
3421 5086 3641 5144 eodem-

2042 5193 2147 5251 que
2169 5179 2451 5249 scriptore,
2467 5176 2721 5235 nimirum
2749 5176 3107 5244 Tertulliano,
3129 5180 3642 5251 essefcompositos?

2115 5271 2371 5331 Miramur
2386 5270 2563 5341 itaque
2581 5270 2935 5339 recentiorem
2960 5270 3266 5341 quemdam,
3292 5273 3469 5345 magni
3493 5283 3644 5333 certe

2046 5366 2185 5438 apud
2227 5379 2355 5429 suos
2380 5364 2617 5421 nominis
2653 5364 2848 5431 virum,
2897 5363 2989 5435 qui
3033 5364 3286 5422 audacter
3333 5368 3643 5438 pronuntiat

2046 5459 2147 5514 sibi
2170 5456 2329 5529 plane
2355 5473 2464 5513 non
2511 5456 2682 5513 videri
2710 5456 3103 5521 Tertullianum
3144 5455 3337 5513 horum
3379 5457 3642 5521 librorum

2043 5566 2234 5609 revera
2264 5566 2386 5607 esse
2421 5559 2715 5609 auctorem.
2761 5550 2871 5609 Sed
2899 5549 3092 5621 quibus
3111 5590 3127 5616 ,
3168 5560 3346 5622 putas,
3372 5552 3643 5611 rationum

2044 5644 2370 5701 momentis?
2398 5644 2514 5700 Non
2554 5643 2678 5700 aliis
2725 5657 2864 5715 pene
2887 5656 3048 5713 quam
3096 5643 3160 5698 iis
3189 5642 3344 5714 ipsis,
3372 5644 3567 5717 quibus
3590 5646 3645 5709 ei

2047 5738 2385 5809 potissimum
2434 5736 2769 5795 vindicatur:
2820 5735 2947 5793 Non
2995 5735 3193 5792 videtur
3234 5738 3399 5808 milii,
3449 5740 3644 5811 inquit,

2046 5841 2224 5893 auctor
2251 5848 2359 5895 esse
2388 5830 2754 5904 Tertullianus,
2795 5848 2899 5893 non
2944 5832 3059 5904 ejus
3106 5834 3271 5905 illius
3318 5842 3367 5890 et
3405 5834 3647 5909 statuis.
