4240 6262
626 284 732 350 761

1693 295 1759 353 IN
1795 294 2261 357 TERTULLIANI
2295 298 2826 364 APOLOGETICUM

3821 283 3929 374 ἠδέ

624 423 741 480 qua:
761 412 867 481 fere
912 408 1086 465 eadem
1113 422 1226 480 quis
1272 408 1327 463 in
1359 407 1664 466 Tertulliani
1712 410 2061 485 Apolagetico,
2102 413 2300 478 indeA
2324 432 2470 474 sanae
2500 419 2696 476 mentis
2749 420 2915 478 homo
2952 421 3026 478 ita
3084 438 3318 497 unquam
3363 434 3770 499 argumentatus
3809 406 3927 486 estil

625 503 796 571 potius
821 502 1027 568 hausta,
1070 508 1115 555 et
1159 516 1250 571 per
1295 502 1517 573 aliquem
1565 508 1696 576 forte
1729 503 2035 561 Tertulliani
2063 523 2224 563 temu-

626 593 754 659 lum,
800 600 889 646 aut
939 591 1222 648 studiosum
1269 593 1338 647 ad
1377 610 1493 649 eum
1531 595 1803 662 e/formata
1852 596 2222 670 (Hoornbcek.

624 682 716 736 lib.
748 682 790 737 Ι.
843 683 906 738 de
929 683 1150 756 theolog.
1184 684 1334 739 Patr.
1365 702 1482 757 cap.
1516 688 1567 753 1,
1599 688 1627 760 §
1666 689 1748 745 l0.
1778 706 1898 761 pag.
1931 691 2033 747 106
2054 689 2096 765 ).
2118 690 2230 748 Non

622 787 749 827 vum
789 788 919 831 sane
943 783 1000 831 et
1040 776 1235 832 mirum
1269 786 1353 833 est
1396 779 1528 835 illud
1576 783 1981 851 argumentandi
2009 786 2219 854 genus!

624 864 773 922 Idem
801 869 992 940 stylus,
1026 869 1200 942 inquit
1218 871 1410 928 doctus
1438 873 1530 929 ille
1556 875 1655 942 vir,
1683 884 1737 931 et
1764 876 1952 933 eadem
1982 886 2062 933 est
2082 879 2226 951 Apo-

622 956 836 1028 logetici
862 971 917 1015 et
960 960 1219 1018 librorum
1268 964 1335 1019 ad
1381 964 1642 1023 Nationes
1698 970 1959 1035 materia;
2011 985 2140 1043 ergo
2168 971 2223 1028 hi

624 1050 746 1107 libri
801 1068 910 1108 non
956 1069 989 1109 a
1047 1055 1398 1127 Tertulliano,
1446 1058 1542 1115 sed
1595 1058 1664 1115 ab
1714 1061 1831 1130 ejus
1896 1061 2091 1118 remulo
2133 1073 2226 1120 aut

623 1145 866 1201 studioso
912 1148 1199 1218 compositi
1238 1160 1388 1204 sunt.
1427 1150 1654 1218 Quid,si
1703 1152 1829 1209 inde
1883 1168 1982 1209 nos
2027 1154 2224 1211 simili-

622 1248 707 1294 ter
733 1238 1120 1296 concludamus
1148 1242 1552 1313 Apologeticnm
1605 1259 1712 1301 non
1748 1245 1816 1301 ab
1864 1245 1978 1311 illo,
2012 1246 2108 1302 sed
2155 1247 2224 1304 ab

622 1332 738 1403 ejus
766 1333 962 1388 temulo
995 1342 1087 1389 aut
1137 1334 1378 1391 studioso
1420 1351 1542 1392 esse
1574 1338 1913 1394 confectum?
1955 1339 2223 1414 Numquid

624 1425 974 1496 respondebit
996 1426 1140 1483 hunc
1166 1428 1364 1483 librum
1387 1429 1719 1493 Tertulliauo
1744 1432 1812 1488 ab
1838 1432 1956 1488 aliis
1992 1434 2223 1507 scripto-

2328 510 2459 578 Quis
2483 526 2588 568 non
2620 512 2799 569 videat
2827 516 2895 571 ab
2924 515 3117 573 eodem
3144 518 3428 589 scriptore,
3458 518 3923 594 chronographum

2328 619 2436 661 non
2477 614 2690 676 agente,
2730 607 2834 663 diei
2865 625 3052 665 revera
3079 612 3317 682 potuisse
3368 614 3608 670 nondum
3635 629 3667 671 a
3709 615 3925 673 Christo

2327 698 2548 756 ﬂuxisse
2569 700 2678 757 200
2718 717 2909 768 annos,
2937 713 2994 759 et
3018 704 3144 761 alibi
3191 720 3363 762 annos
3386 707 3599 764 circiter
3614 706 3755 764 CLX
3785 710 3927 782 elap-

2326 807 2417 848 sos
2441 794 2605 850 esse?
2632 795 2737 851 Sed
2766 810 2868 851 nos
2894 812 3023 853 sane
3055 798 3302 867 puderet,
3333 799 3660 871 taederetque
3692 811 3798 856 tam
3832 806 3925 856 'va-

2327 901 2450 941 nam
2504 888 2936 960 singularemque
2985 890 3295 961 opinionem
3353 889 3646 958 refellere,
3679 893 3781 950 nisi
3808 897 3927 966 qui-

2326 977 2450 1034 dam
2483 989 2665 1049 postea
2715 979 2856 1048 huic,
2899 997 3057 1053 quem
3100 984 3309 1055 magnis
3350 984 3598 1041 laudibus
3638 986 3943 1055 extolluntt

2328 1084 2468 1127 novo
2494 1064 2697 1128 auctori
2724 1074 3108 1145 subscripsisse
3137 1075 3466 1133 viderentur.

2926 1204 3217 1246 ARTICULUS
3270 1206 3344 1246 ιν.

2329 1299 2442 1366 Quo
2481 1312 2704 1376 tempore
2748 1305 2802 1359 hi
2855 1304 2970 1360 libri
3015 1308 3271 1378 publicam
3314 1306 3368 1361 in
3395 1306 3555 1362 lucem
3598 1309 3920 1379 prodierunt.

2395 1436 2513 1505 Quo
2533 1438 2650 1508 ipso
2672 1448 2916 1510 tempore
2943 1439 3306 1496 Tertullianus
3334 1441 3417 1496 his
3454 1442 3523 1495 ad
3568 1440 3819 1498 Nationes
3857 1444 3924 1499 li-

2324 1530 2436 1587 bris
2454 1535 2839 1602 compouendis
2863 1517 3082 1605 operam
3125 1535 3355 1601 dederit,
3385 1536 3530 1592 dictu
3575 1553 3676 1593 nec
3703 1553 3924 1610 promp-

2324 1619 2434 1677 tum
2463 1639 2563 1679 nec
2593 1623 2746 1681 facile
2768 1636 2872 1681 est.
2903 1626 3159 1694 Quaedam
3189 1636 3365 1683 tamen
3392 1628 3444 1683 in
3471 1628 3553 1683 eis
3578 1628 3752 1684 aetatis
3780 1638 3923 1686 nota:

625 1518 774 1574 ribus
798 1519 1136 1589 adjudieari?
1166 1523 1236 1577 At
1266 1537 1364 1578 nos
1388 1525 1548 1578 etiam
1592 1539 1718 1579 mox
1748 1528 2077 1583 ostendimus
2120 1529 2222 1600 ipsi

624 1630 836 1686 quoque
864 1615 933 1670 ab
958 1616 1078 1671 aliis
1106 1615 1338 1671 adscribi
1362 1618 1481 1673 illos
1510 1619 1575 1674 ad
1606 1618 1861 1675 Nationes
1890 1622 2074 1677 libros.

694 1708 896 1764 Deinde
947 1724 1075 1764 vero
1123 1708 1365 1765 eruditus
1406 1711 1494 1765 ille
1542 1711 1623 1765 vir
1662 1712 1941 1767 nobiscum
1989 1714 2217 1783 fatetur,
2321 1722 2485 1786 atque
2528 1715 2724 1771 indicia
2776 1717 2931 1773 nobis
2978 1732 3101 1774 sese
3130 1717 3380 1774 oﬂ'erunt.
3412 1718 3596 1776 Primo
3637 1719 3837 1776 etenim
3868 1722 3920 1775 in

621 1800 766 1872 quod
788 1817 985 1873 negare
1016 1818 1120 1858 non
1150 1811 1345 1873 potest,
1382 1802 1635 1859 eumdem
1660 1818 1780 1860 esse
1828 1804 2016 1860 horum
2052 1807 2218 1862 libro-
2248 1814 2297 1875 Β
2324 1808 2460 1862 libro
2485 1808 2710 1879 legimus
2740 1808 2898 1863 latam
2927 1810 3085 1880 paulo
3124 1818 3280 1866 antea
3326 1827 3353 1863 a
3407 1799 3706 1880 Fusciano,
3761 1812 3925 1870 Urbis‘

621 1909 739 1949 rum
756 1895 1396 1966 etApologeticistylum.
1427 1898 1513 1961 At,
1546 1910 1644 1950 nec
1674 1896 1784 1963 ille,
1817 1911 1916 1953 nec
1955 1898 2091 1953 alius
2121 1885 2235 1954 un:
2323 1900 2596 1971 praefecto,
2624 1903 2941 1975 sententiam
2970 1903 3021 1957 in
3065 1902 3351 1974 quemdam
3402 1913 3630 1975 patrem,
3658 1905 3752 1976 qui
3776 1920 3916 1962 .cum

620 2005 782 2067 quam
823 1990 1040 2061 negabit
1087 1989 1403 2055 Tertulliani
1431 1990 1627 2062 stylum
1659 1992 1975 2064 dicendique
2001 1994 2219 2051 modum
2323 1993 2488 2049 ﬁlium
2518 2010 2672 2049 suum
2706 2010 2898 2051 recens
2936 2006 3121 2052 natum
3176 1996 3542 2068 exposuisset,
3594 1998 3780 2071 ela’pso
3825 2000 3920 2056 de-

618 2087 691 2142 ita
732 2087 833 2158 ipsi
889 2087 1159 2158 proprium
1190 2097 1246 2142 et
1294 2087 1623 2158 peculiarem
1654 2102 1809 2155 esse,
1859 2098 1916 2143 ut
1946 2091 2028 2144 vix
2057 2105 2121 2146 ac
2150 2106 2219 2148 ne
2323 2084 2448 2141 hinc
2497 2095 2761 2157 tempore,
2795 2088 2896 2141 sibi
2937 2088 3163 2158 amplius
3211 2104 3319 2145 non
3368 2090 3662 2160 cognitum,
3691 2104 3722 2146 a
3751 2106 3915 2162 seque

617 2180 707 2234 vix
748 2179 963 2250 quidem
1005 2180 1146 2235 ullus
1219 2196 1450 2252 unquam
1513 2184 1746 2252 potuerit
1797 2183 1944 2238 illum
2000 2183 2214 2239 imitari.

618 2269 807 2328 Nonne
823 2286 953 2344 ergo
975 2273 1119 2341 hinc,
1140 2280 1198 2328 ut
1223 2274 1503 2343 peritiores
1523 2274 1697 2331 critici
1719 2274 1915 2339 solent,
1944 2274 2101 2346 longe
2122 2291 2215 2346 po-

618 2365 740 2427 tiori
784 2365 904 2437 jure
933 2365 1357 2421 concludendum
1401 2374 1486 2422 est
1536 2366 1784 2423 eumdem
1829 2366 2213 2423 Tertullianum

619 2456 811 2513 horum
842 2459 1002 2513 trium
1030 2459 1287 2513 librorum
1320 2473 1443 2513 esse
1473 2474 1662 2514 revera
1684 2459 2007 2529 parentem?

689 2547 857 2604 instat
898 2548 1303 2605 Hocrnbeekius
1336 2549 1581 2605 eamdem
1630 2559 1890 2620 prieterea
1928 2566 2049 2607 esse
2092 2550 2214 2608 illo-

617 2659 734 2699 rum
756 2644 1033 2700 materiam
1064 2644 1311 2715 idemque
1339 2635 1732 2719 argumentum}
1762 2643 1867 2701 Sed
1890 2645 2016 2715 quid
2044 2644 2214 2701 inde?

586 2730 887 2807 'Numquid
932 2735 1071 2792 idem
1102 2734 1427 2791 christianus
1471 2747 1659 2791 auctor
1684 2736 1821 2791 duos
1862 2735 2107 2792 diversos
2144 2736 2213 2794 de

616 2828 805 2883 eodem
832 2838 1168 2898 argumento,
1199 2843 1262 2882 ac
1282 2828 1618 2898 potissimum
1650 2830 1701 2882 in
1747 2827 2053 2883 christiana:
2082 2828 2212 2884 reli-

615 2923 810 2994 gionis,
858 2923 927 2979 ab
953 2923 1183 2979 ethnicis
1229 2933 1372 2979 tanta
1415 2925 1715 2995 iniquitate,
1761 2937 1962 2998 quanta
2009 2927 2212 2982 saevitia

622 3026 860 3086 vexatae,
889 3016 1256 3074 defensionem
1283 3018 1450 3074 libros
1490 3017 1795 3087 coniicere,
1844 3029 1936 3075 aut
1984 3022 2211 3091 scriptos

614 3109 956 3165 retractando
984 3108 1229 3176 reﬁcere,
1271 3111 1564 3181 corrigere,
1594 3126 1813 3183 augere,
1843 3113 2085 3168 minuere
2104 3128 2211 3168 non

618 3204 826 3274 potuit?
869 3203 1150 3277 Nunquam
1180 3214 1326 3260 certe
1353 3206 1398 3261 is
1422 3245 1437 3272 ,
1478 3206 1570 3277 qui
1609 3205 1725 3262 haec
1761 3206 1917 3263 nobis
1957 3208 2211 3278 objectat,

615 3296 748 3353 illud
794 3296 1133 3354 inliciabitur.
1172 3297 1304 3353 Nam
1331 3298 1468 3369 ipse,
1494 3299 1633 3355 sicut
1657 3299 1749 3356 alii
1780 3315 1990 3369 omnes,
2037 3301 2211 3372 palam

613 3392 900 3448 confitetur
943 3391 1331 3447 Tertullianum
1391 3393 1512 3448 libri
1561 3394 1630 3447 ad
1687 3393 1973 3466 Scapulam
2025 3409 2212 3450 verum

611 3500 733 3541 esse
758 3495 1056 3541 auctorem.
1083 3486 1242 3557 Atqui
1271 3486 1323 3541 in
1352 3484 1456 3542 hoc
1481 3486 1618 3542 libro
1644 3487 1786 3543 idem
1812 3498 1971 3559 atque
1999 3489 2051 3543 in
2074 3489 2213 3560 Apo-

613 3578 850 3650 logetico,
897 3591 952 3636 et
980 3582 1191 3638 duobus
1216 3583 1285 3637 ad
1313 3582 1565 3639 Nationes
1612 3584 1766 3640 libris
1792 3595 2209 3656 argumentum,

611 3668 859 3726 videlicet
879 3671 1293 3739 christianorum
1317 3674 1647 3744 iniquissime
1662 3684 1973 3729 vexatornm
1998 3690 2206 3742 caussa,

609 3759 704 3815 sed
726 3775 846 3832 qua:
874 3761 1088 3818 brevius
1112 3764 1306 3835 agitur.
1345 3765 1422 3819 Ad
1458 3764 1576 3820 hmc
1604 3779 1735 3820 vero
1776 3764 1892 3820 libri
1924 3765 1991 3819 ad
2022 3765 2212 3822 Natio-

611 3869 722 3920 nes,
750 3854 816 3910 ad
849 3854 987 3911 alios
1026 3842 1188 3928 quam
1243 3856 1619 3930 Apologeticus,
1652 3866 1706 3912 et
1741 3857 1874 3914 liber
1904 3860 1973 3913 ad
2002 3859 2207 3931 Scapu-

611 3946 716 4001 lam
742 3944 932 4003 directi
953 3956 1096 4003 sunt.
1127 3948 1265 4016 Quid
1296 3964 1420 4004 vero
1450 3949 1595 4020 quod
1626 3949 1787 4020 paulo
1812 3959 1932 4022 post
1950 3950 2207 4006 demons-

609 4039 868 4095 trahimus
889 4038 994 4096 alia
1037 4040 1190 4113 plura
1222 4042 1273 4096 in
1305 4040 1652 4112 Apologetico,
1688 4057 1845 4115 quam
1878 4042 1929 4097 in
1965 4044 2111 4098 libris
2139 4044 2208 4098 ad

610 4130 886 4199 Nationes,
917 4149 981 4191 ac
1017 4136 1136 4192 vice
1167 4150 1319 4191 versa
1372 4136 1727 4207 pertractari?
1755 4136 1997 4208 Denique
2018 4150 2203 4194 osten-

607 4222 800 4281 demus
828 4225 1214 4282 Tertullianum
1241 4227 1433 4282 validis
1477 4227 1775 4284 rationibus
1817 4227 1883 4284 ad
1912 4228 2013 4285 hos
2038 4230 2204 4287 libros

611 4325 735 4388 post
760 4318 1144 4391 Apologeticum
1188 4320 1503 4377 scribendos
1528 4321 1865 4392 compulsum
1909 4321 2092 4379 fuisse.

686 4411 849 4483 Urget
887 4422 1063 4468 tamen
1113 4412 1521 4469 lloornbeekius
1567 4424 1840 4470 auctorem
1888 4402 2009 4470 libri
2045 4414 2203 4486 primi

606 4506 676 4560 ad
703 4504 955 4561 Nationes
990 4505 1192 4562 dixisse
1221 4505 1458 4562 nondum
1503 4506 1714 4577 elapsos
1737 4522 1793 4577 a,
1812 4507 2031 4564 Christo
2075 4516 2201 4565 nato

2323 2188 2589 2249 emptum,
2643 2180 3383 2255 constupraverat(Tertull.
3422 2183 3526 2237 \lib.
3570 2183 3612 2239 Ι.
3663 2185 3735 2239 ad
3783 2183 3912 2241 Nat.

2319 2289 2433 2343 cap.
2471 2274 2585 2344 16).
2616 2274 2775 2345 Atqui
2803 2274 3138 2345 Capitolinus
3167 2276 3415 2333 meminit
3452 2276 3722 2344 Fuseiani,
3753 2278 3922 2336 Urbis

2322 2366 2581 2437 pra-fecti,
2612 2369 2698 2424 cui
2728 2368 2976 2424 Pertinax
3005 2368 3255 2438 proxime
3297 2370 3556 2426 successit
3591 2371 3612 2442 (
3634 2371 3910 2443 Capitolia.

2318 2459 2373 2513 in
2395 2460 2500 2514 vita
2530 2458 2815 2515 Pertinacis
2841 2470 2954 2530 post
2984 2461 3097 2515 init.
3124 2462 3164 2533 ).
3183 2461 3342 2517 Initio
3391 2473 3569 2519 autem
3605 2465 3732 2519 anni
3782 2464 3907 2521 195.

2319 2552 2406 2607 hic
2435 2552 2725 2622 imperator
2742 2562 2976 2619 creatus,
3007 2563 3127 2623 post
3157 2562 3266 2609 tres
3293 2555 3506 2610 circiter
3529 2570 3742 2611 menses
3768 2541 3912 2612 oeci?-

2315 2659 2409 2700 sus
2447 2643 2566 2699 fuit.
2597 2643 2712 2700 Non
2752 2646 2841 2700 diu
2870 2661 2999 2717 ergo
3042 2656 3165 2716 post
3192 2646 3484 2703 Pertinacis
3514 2657 3738 2705 mortem
3771 2649 3906 2706 Ter-

2317 2736 2566 2792 tullianus
2593 2737 2691 2793 hos
2720 2736 2884 2793 libros
2905 2737 3137 2794 edidisse
3165 2739 3420 2795 dicendus
3444 2748 3544 2795 est.

2384 2828 2571 2900 Neque
2615 2830 2838 2898 objicias
2874 2830 3025 2885 illum
3072 2831 3124 2885 in
3162 2831 3351 2887 eodem
3413 2831 3551 2887 libro
3588 2832 3907 2905 scripsisse:

2315 2918 2490 2975 lEtati
2530 2930 2718 2975 nostra:
2761 2920 2984 2975 nondum
3013 2923 3136 2976 anni
3172 2921 3300 2990 250,
3326 2922 3378 2978 id
3403 2934 3505 2988 est,
3547 2939 3577 2979 a
3605 2924 3910 2983 christiana:

2314 3014 2586 3085 religionis
2631 3022 2819 3069 exortu
2870 3013 3128 3081 (Tertull.
3164 3012 3251 3068 lib.
3294 3015 3335 3070 l.
3385 3016 3454 3069 ad
3499 3013 3628 3072 Nat.
3676 3034 3794 3089 cap.
3827 3016 3904 3089 7).

2314 3104 2447 3161 Nam
2500 3115 2683 3177 postea
2729 3104 2908 3161 adhuc
2966 3106 3181 3179 scripsit
3228 3125 3243 3163 :
3301 3106 3371 3162 Ut
3429 3124 3591 3180 supra
3632 3112 3903 3180 edidimus,

2240 3205 2285 3268 ί]
2319 3199 2486 3253 celatis
2541 3192 2728 3254 nostra:
2789 3198 3013 3253 nandum
3090 3201 3217 3255 anni
3272 3204 3479 3256 trecenti
3532 3204 3552 3272 (
3594 3202 3730 3258 Ibid.
3784 3220 3903 3274 cap.

2315 3291 2397 3362 5).
2444 3290 2586 3347 Nihil
2632 3306 2761 3362 ergo
2813 3292 3025 3363 penitus
3072 3303 3278 3348 certum
3328 3302 3383 3349 et
3428 3294 3765 3365 exploratum
3819 3295 3906 3350 in-

2314 3382 2381 3439 de
2447 3384 2697 3440 concludi
2749 3393 2946 3455 potest.
2988 3383 3243 3456 Majorem
3298 3386 3579 3457 enimvero
3642 3402 3906 3445 annorum

2314 3490 2594 3531 numerum
2651 3476 3063 3556 assignare'ille
3128 3477 3316 3547 procul
3368 3478 3531 3534 dubio
3576 3479 3780 3546 maluit,
3840 3496 3907 3538 ne

2313 3568 2543 3627 ethnicis
2569 3570 2737 3625 ullum
2780 3569 3062 3624 cavillandi
3106 3570 3282 3626 locum
3329 3571 3613 3644 praeberet.
3639 3573 3907 3630 Praiterea

2313 3677 2381 3719 ex
2410 3663 2618 3719 duobus
2664 3663 2767 3719 illis
2808 3664 3050 3719 numeris
3074 3664 3359 3730 ,nondnm
3411 3667 3535 3719 anni
3582 3665 3692 3721 250
3718 3676 3771 3722 et
3796 3666 3906 3722 300

2313 3764 2419 3810 tam
2449 3744 2773 3826 disparibus,
2806 3756 2932 3828 quid
2973 3742 3181 3813 certum
3222 3758 3394 3828 colligi
3437 3758 3651 3829 potest?
3688 3759 3742 3813 Si
3770 3761 3902 3830 quid

2311 3860 2489 3907 autem
2544 3852 2665 3908 inde
2704 3853 2972 3925 colligere
3020 3855 3174 3922 velis,
3221 3855 3366 3926 prius
3400 3854 3763 3911 deliniendam
3807 3857 3904 3913 tibi

2309 3943 2434 4010 erit,
2465 3959 2570 4015 quo
2597 3944 2960 4002 Tertullianus
2996 3961 3139 4003 anno
3181 3946 3531 4019 assignaverit
3558 3962 3684 4003 terte
3721 3948 3904 4007 chris-

2311 4039 2468 4093 tiana:
2496 4038 2724 4094 initium.
3116 4084 3121 4089 .

2379 4132 2630 4189 Nonnulli
2678 4134 2859 4204 itaque
2893 4134 3207 4191 existimant
3253 4136 3445 4191 horum
3476 4136 3739 4192 librorum
3766 4142 3901 4191 teta-

2310 4235 2416 4281 tem
2438 4227 2637 4281 certius
2668 4226 2885 4299 agnosci
2924 4242 3082 4298 posse
3123 4243 3188 4283 ex
3233 4230 3352 4284 aliis
3390 4229 3532 4297 illius
3555 4229 3755 4296 verbis,
3780 4230 3902 4301 qui-

2198 4332 2205 4337 '
2305 4317 2407 4373 bus
2432 4317 2678 4376 ethnicos
2705 4321 2783 4375 sic
2811 4320 3150 4391 adloquitur:
3184 4319 3269 4376 Ea:
3287 4322 3426 4377 vobis
3454 4321 3746 4377 nationibus
3771 4338 3901 4393 quo-

2306 4411 2429 4466 tidie
2466 4411 2721 4480 Cwsares,
2752 4423 2801 4468 et
2861 4413 3109 4482 Parthici,
3164 4425 3211 4470 et
3260 4415 3473 4485 Medici,
3533 4426 3581 4473 et
3612 4416 3903 4474 Germanici

2304 4515 2421 4561 sunt
2470 4503 2657 4579 (Ibid.
2688 4522 2804 4577 cap.
2856 4507 2997 4579 17).
3058 4509 3128 4562 At
3176 4508 3337 4576 lucc,
3396 4510 3683 4585 inquiunt,
3736 4510 3902 4574 Cara-

603 4615 775 4658 annos
793 4601 1085 4673 ducentos:
1116 4602 1169 4657 in
1198 4601 1335 4657 libro
1368 4611 1546 4658 autem
1598 4600 1668 4658 de
1714 4601 2051 4674 Monogamia
2091 4603 2198 4658 cir-
2223 4595 2278 4656 D
2304 4597 2496 4653 callam
2527 4607 2791 4668 spectant,
2822 4598 2914 4670 qui
2959 4598 3241 4656 Germanis
3288 4599 3607 4672 Parthisque
3652 4601 3897 4670 devictis,

602 4696 729 4750 citer
773 4705 974 4751 centum
1008 4704 1074 4771 _et
1129 4695 1396 4767 sexaginta
1454 4692 1706 4765 (Tertull.
1749 4694 1838 4749 lib.
1906 4695 1971 4749 de
2008 4693 2198 4750 Mono-

606 4804 747 4858 gam.
800 4803 917 4858 cap.
971 4788 1073 4858 3).
1127 4786 1235 4842 Sed
1299 4786 1601 4842 levissimas
1648 4786 1885 4841 rationes
1924 4785 2027 4841 alia
2077 4786 2198 4841 lon-

601 4895 670 4952 ge
698 4880 882 4937 leviori
911 4879 1229 4937 conﬁrmare
1272 4879 1469 4936 frustra
1521 4880 1727 4935 nititur.
1756 4878 1892 4935 Nam
1940 4880 2039 4937 etsi
2066 4895 2200 4935 con-

606 4983 778 5028 staret
820 4972 1025 5027 nullum
1056 4966 1398 5027 librariorum
1449 4970 1503 5025 in
1548 4970 1787 5027 numeris
1833 4969 2201 5027 describendis

604 5066 829 5122 subesse
857 5079 1119 5130 errorem,
1150 5078 1214 5119 ac
1238 5071 1446 5119 certum
1486 5061 1626 5118 foret
1654 5062 1865 5118 initium
1893 5061 2083 5118 horum
2103 5077 2201 5118 an-

602 5172 796 5212 norum
822 5157 890 5213 ab
917 5157 1039 5228 ipso
1066 5156 1284 5212 Christo
1314 5155 1476 5221 duci;
1534 5170 1640 5210 non
1688 5140 1810 5210 inde
1852 5164 2029 5211 tamen
2066 5172 2196 5212 con-

601 5249 744 5304 cludi
801 5257 975 5318 potest
1032 5247 1197 5303 libros
1250 5248 1320 5301 ad
1379 5246 1630 5302 Nationes
1697 5246 2031 5303 Tertulliano
2074 5264 2197 5305 esse

601 5341 1005 5414 abjudicandos.
1036 5340 1093 5396 In
1124 5343 1241 5413 ipso
1292 5339 1560 5411 siquidem
1604 5340 1795 5396 horum
1852 5342 2026 5411 primo
2057 5343 2193 5414 legi-

601 5449 751 5491 mus:
791 5432 961 5489 xEtali
1012 5444 1199 5489 nostra
1238 5434 1466 5489 nondum
1494 5433 1615 5488 anni
1645 5432 1770 5489 CCL
1808 5433 2001 5507 (Idem
2026 5435 2115 5491 lib.
2146 5435 2190 5490 l.

602 5528 671 5581 ad
726 5526 941 5582 Nation.
992 5543 1110 5596 cap.
1138 5528 1169 5582 7
1197 5525 1237 5599 ).
1264 5528 1341 5582 Ac
1393 5542 1501 5581 non
1551 5527 1719 5582 multo
1744 5537 1895 5598 post:
1939 5526 2007 5583 Ut
2036 5544 2195 5597 supra

599 5620 850 5675 edidimus
893 5621 1056 5675 (etatis
1106 5629 1294 5675 nostra:
1322 5621 1547 5674 nondum
1589 5620 1710 5674 anni
1748 5614 1955 5673 trecenti
2011 5620 2190 5691 (Ibid.

597 5727 716 5780 cap.
747 5712 842 5781 9).
878 5712 1143 5783 Numquid
1174 5727 1303 5783 ergo
1357 5712 1496 5767 hunc
1550 5711 1743 5768 librum
1794 5727 1898 5767 non
1965 5713 2035 5769 ab
2087 5729 2195 5769 uno

599 5808 898 5868 eodemque
967 5809 1187 5859 auctore
1256 5800 1459 5857 editum
1530 5816 1651 5859 esse
1721 5801 1974 5859 dixeris?
2056 5803 2188 5869 Quis

2308 4691 2613 4748 Germanici
2665 4690 3007 4763 Parthicique
3035 4691 3327 4763 agnomina
3353 4693 3499 4748 anno
3522 4693 3631 4749 216
3679 4695 3901 4767 insigni-

2306 4792 2392 4839 tus
2418 4792 2519 4840 est.
2546 4782 2663 4838 Non
2685 4783 2827 4839 male
2852 4784 3068 4855 quidem
3089 4824 3105 4850 ,
3134 4783 3177 4839 si
3207 4783 3498 4841 Caraealla:
3525 4786 3626 4841 soli
3664 4786 3781 4843 luce
3806 4787 3901 4843 ho-

2305 4880 2453 4935 noris
2479 4877 2798 4948 cognomina
2821 4877 2942 4933 data
2971 4877 3219 4935 fuissent.
3418 4914 3427 4929 ›.
3894 4890 3899 4897 '

2375 4970 2580 5026 Clarius
2607 4986 2735 5042 ergo
2762 4969 2953 5025 horum
2986 4970 3244 5026 librorum
3280 4978 3493 5027 aetatem
3522 4970 3759 5027 indicant
3784 4972 3900 5028 lucc

2304 5062 2682 5133 subsequentia
2724 5062 2973 5117 Auctoris
3028 5062 3197 5117 nostri
3248 5062 3411 5118 verba
3458 5062 3684 5117 :Adlmc
3727 5063 3911 5134 Syrias

2297 5156 2600 5210 cadaverttm
2636 5153 2875 5209 odoribus
2916 5154 3150 5225 spirant;
3189 5154 3359 5210 adhuc
3406 5153 3587 5210 Gallia:
3638 5154 3898 5211 Rhodano

2297 5266 2389 5306 suo
2439 5250 2609 5304 lavant
2670 5248 2694 5320 ζ
2721 5246 2858 5303 Ibid.
2893 5247 2931 5320 ).
2991 5248 3124 5303 Nam
3210 5249 3281 5305 ibi
3334 5248 3680 5320 proculdubio
3744 5248 3897 5305 desi-

2300 5352 2530 5416 gnantur
2568 5342 2900 5400 Pescennius
2944 5340 3126 5414 Niger,
3172 5352 3228 5399 et
3268 5342 3489 5398 Clodius
3517 5341 3762 5407 Albinus.
3805 5341 3900 5413 qui

2298 5452 2418 5493 cum
2449 5452 2478 5491 a
2507 5434 2707 5492 Severo
2750 5433 3081 5506 lmperatore
3108 5432 3452 5500 defecissent,
3501 5433 3592 5489 ille
3636 5435 3689 5488 in
3719 5431 3892 5506 Syria,

2300 5527 2385 5584 hic
2410 5528 2463 5583 in
2493 5526 2683 5592 Gallia,
2712 5527 2974 5583 cum'suis
3007 5526 3176 5597 copiis
3203 5524 3463 5596 profligati
3504 5526 3738 5596 etesique
3776 5525 3898 5582 fue-

2296 5628 2442 5675 runt.
2466 5619 2627 5691 Atqui
2645 5618 2779 5688 hare,
2801 5632 2920 5690 quae
2949 5618 3000 5673 in
3023 5616 3263 5689 ejusdem
3289 5615 3603 5672 Tertulliani
3628 5617 3898 5689 Apologe-

2299 5712 2403 5768 tico
2432 5720 2819 5778 memorantur,
2846 5711 3188 5783 contigerunt
3212 5723 3357 5765 anno
3388 5708 3516 5775 194,
3539 5709 3623 5766 vel
3656 5709 3784 5780 195,
3806 5717 3897 5766 aut

2297 5805 2475 5876 potius
2511 5818 2654 5861 anno
2700 5803 2824 5875 197,
2866 5804 3026 5862 sicuti
3071 5817 3233 5875 supra
3276 5800 3446 5859 fusius
3509 5801 3892 5873 explicavimus
