4240 6262
326 342 437 401 769

1479 339 1929 400 DISSERTATIO
1965 341 2028 399 D.
2069 343 2156 401 LE
2195 344 2493 404 NOURRY.

3521 347 3630 412 770

327 460 515 531 (Supr.
547 473 664 528 cap.
694 457 746 512 5.
776 463 876 514 art.
907 455 987 526 9).
1023 455 1188 511 Paulo
1214 455 1377 526 igitur
1403 465 1522 529 post
1559 457 1701 514 hunc
1728 474 1926 514 annum
1957 460 2008 521 Λ
2033 479 2140 529 vos,
2168 481 2319 535 quam
2346 465 2667 536 insequimini
2691 464 2759 518 ad
2789 465 3208 537 expugnationem
3231 470 3466 537 nominis,
3501 473 3634 528 edite

326 549 429 606 hos
452 550 815 606 Tertullianus
842 549 908 604 ad
947 548 1205 605 Nationes
1234 548 1430 618 libros,
1457 549 1596 607 sicut
1622 552 1930 624 Apologeti-

327 657 450 698 cum
479 642 782 713 divulgasse
807 641 1068 698 dicendus
1097 651 1200 701 est.

401 731 626 804 Quidam
686 750 816 790 vero
867 751 935 791 ex
990 734 1445 805 subsequentibus
1502 737 1645 791 illius
1693 735 1872 793 verbis
1915 754 1928 792 :

333 827 635 900 Temporunt
682 830 904 898 qualitas
948 828 1169 885 robu....
1240 831 1314 884 ris
1382 830 1699 901 antiquitatis
1758 845 1935 902 exege-

330 923 396 976 rit
459 923 664 993 ingenia
717 923 930 976 duriora
974 938 992 976 :
1039 932 1090 976 at
1137 938 1272 976 nunc
1315 924 1658 993 tranquillitas
1696 924 1836 993 pacis
1887 932 1935 977 et

330 1013 532 1086 ingenia
571 1016 775 1070 mitiora
829 1012 990 1086 (Ibid.
1029 1031 1146 1085 cap.
1177 1013 1334 1087 ‘18.),
1372 1015 1702 1071 arbitrantur
1742 1013 1934 1070 conﬁci

330 1097 490 1176 posse
531 1106 647 1162 haec
677 1107 745 1162 ab
774 1108 864 1162 illo
896 1106 1110 1172 tradita,
1153 1121 1274 1162 eum
1302 1106 1593 1162 Christiani
1637 1107 1736 1163 sub
1783 1107 1935 1162 initio

331 1198 540 1270 imperii
567 1201 754 1257 Severi
788 1209 970 1271 optata
1000 1201 1148 1271 pacis
1179 1210 1236 1257 et
1259 1201 1356 1256 otii
1385 1200 1771 1272 tranquillitate
1798 1201 1938 1256 frue-

331 1306 537 1350 rentur.
566 1299 635 1349 At
660 1296 892 1352 Severus
915 1295 1007 1352 ille
1035 1297 1464 1366 persecutionem
1492 1295 1545 1350 in
1573 1310 1666 1351 eos
1687 1295 1938 1352 excitavit

330 1383 470 1441 datis
497 1401 638 1441 anno
666 1386 774 1441 202
799 1385 1008 1454 edictis.
1036 1387 1209 1442 Antea
1235 1386 1396 1458 igitur
1421 1386 1786 1442 Tertullianus
1813 1385 1932 1455 hos,

330 1477 598 1548 inquiunt,
631 1477 798 1533 libros
827 1468 1154 1535 coniecerat.

403 1571 511 1626 Sed
532 1572 1063 1628 animadvertendum
1087 1582 1169 1627 cst
1196 1571 1342 1627 illum
1365 1573 1446 1629 his
1468 1572 1648 1629 verbis
1665 1572 1939 1628 induxisse

329 1662 602 1731 ethnicos,
637 1679 916 1734 perperam
941 1663 1256 1733 olijicientcs
1280 1664 1496 1720 duriora
1525 1663 1690 1720 fuisse
1717 1679 1938 1720 suorum

332 1755 545 1825 ingenia
578 1757 865 1825 majorum,
890 1757 976 1824 qui
1003 1755 1068 1810 ad
1090 1745 1536 1825 quoslibetetiam
1562 1756 1938 1812 acerbissimos
1973 1803 1994 1816 ,

2034 557 2294 613 rationem
2343 556 2586 630 (Tertull.
2659 559 2745 612 lib.
2792 558 2834 612 l.
2890 561 2958 614 ad
3007 560 3134 616 Nat.
3198 579 3314 634 cap.
3361 565 3441 635 5).
3491 565 3634 622 Nihil

2035 649 2178 704 enim
2232 649 2304 704 ibi
2371 649 2571 706 diserte
2625 652 2905 721 pollicetur
2973 668 3001 706 a
3061 669 3120 710 se
3159 653 3413 727 deinceps
3465 673 3632 728 agen-

2036 737 2184 806 dum,
2212 741 2306 796 sed
2330 757 2440 796 rent
2468 742 2635 812 ipsam
2662 758 2691 797 a
2721 758 2780 799 se
2807 744 2936 799 satis
2963 745 3278 815 explicatam
3303 748 3634 819 significasse

2036 833 2193 887 nobis
2216 833 2446 888 videtur.

2108 926 2178 978 At
2206 924 2521 980 clarioribus
2546 926 2784 996 proiecto
2813 929 2991 986 verbis
3015 930 3243 1002 spondet
3274 931 3384 988 fore
3421 943 3478 989 ut
3507 935 3636 992 alibi

2038 1015 2335 1088 longiorem
2358 1018 2600 1073 instituat
2622 1020 2689 1075 de
2712 1020 2884 1076 futura
2904 1037 3186 1093 corporum
3214 1026 3632 1098 resurrectione,

2038 1109 2361 1180 artcrnisque
2402 1109 2677 1166 hominum
2723 1123 2844 1183 post
2887 1123 3113 1171 mortem
3144 1126 3236 1171 aut
3271 1119 3503 1187 praemiis
3543 1129 3639 1177 aut

2038 1203 2212 1273 poenis
2255 1202 2692 1274 disputationem.
2744 1205 2896 1262 Hunc
2940 1208 3082 1263 enim
3147 1209 3238 1264 ille
3291 1211 3525 1281 loquitur
3581 1213 3634 1268 in

2040 1296 2306 1352 modum:
2348 1296 2639 1353 Viderintus
2678 1299 2741 1354 de
2785 1301 2888 1370 ﬁde
2936 1302 3166 1371 istorum,
3215 1305 3337 1358 dum
3385 1322 3478 1360 suo
3526 1307 3638 1363 loco

2040 1387 2358 1460 digeruntur,
2403 1389 2568 1460 (Ibid.
2608 1409 2723 1463 cap.
2793 1393 2913 1463 7),
2967 1394 3019 1450 id
3064 1404 3146 1451 est
3178 1437 3193 1462 ,
3243 1397 3456 1468 scriptis
3525 1408 3637 1455 tra-

2039 1482 2213 1540 denda
2274 1483 2630 1556 disponuntur
2685 1497 2740 1541 et
2797 1499 3184 1558 praeparantur.
3229 1489 3454 1545 Ubinam
3509 1507 3638 1548 vero

2041 1575 2144 1632 hoc
2206 1576 2296 1633 ille
2341 1576 2602 1633 adversus
2643 1578 2977 1634 ethnicorum
3029 1582 3256 1651 ineptias
3307 1583 3532 1653 digessit
3575 1598 3638 1638 ac

2042 1667 2295 1724 tradidit?
2333 1668 2448 1724 Non
2493 1670 2543 1723 in
2586 1669 2669 1724 his
2701 1670 2918 1741 quidem
2951 1671 3018 1725 ad
3056 1671 3310 1728 Nationes
3343 1673 3512 1739 libris,
3543 1675 3639 1730 sed

2041 1761 2142 1816 sub
2181 1761 2341 1818 ﬁnem
2369 1761 2701 1834 Apologetici
2741 1763 2844 1831 sui,
2874 1778 3032 1834 quem
3063 1766 3238 1834 potius
3279 1781 3440 1835 quam
3475 1766 3639 1823 alium

333 1849 604 1905 cruciatus
635 1849 895 1918 patienter
921 1847 1176 1903 ferendos
1203 1849 1503 1920 comparati
1547 1849 1718 1919 magis
1761 1858 1936 1917 erant,
1971 1857 2016 1917 B
2045 1855 2238 1912 librum
2267 1857 2579 1932 designasse
2610 1857 2750 1914 haud
2777 1858 3046 1916 immerito
3071 1858 3639 1933 dixeris(Idem,Apo-

334 1957 490 2015 quam
519 1943 606 1996 alii
638 1943 813 1997 aetatis
837 1957 946 1997 sua:
980 1941 1247 2011 homines,
1281 1958 1509 2013 quorum
1552 1943 1764 2014 ingenia
1794 1953 1940 1998 tran-

335 2034 569 2105 quillitas
609 2033 756 2104 pacis
804 2041 857 2088 et
888 2033 982 2088 Otii
1019 2032 1229 2088 mitiora
1278 2032 1606 2088 reddiderat.
1658 2033 1712 2090 Si
1763 2043 1941 2090 tamen

337 2124 453 2181 htec
499 2126 612 2196 ipsa
656 2124 904 2181 Auctoris
948 2125 1115 2179 nostri
1160 2124 1320 2181 verba
1363 2125 1432 2181 de
1462 2141 1588 2181 vera
1636 2125 1943 2181 christiana:

337 2218 596 2276 Ecclesia:
626 2233 757 2289 pace
786 2217 1127 2288 intelligenda
1155 2232 1277 2273 esse
1304 2217 1619 2284 contendas,
1651 2233 1713 2273 ac
1744 2218 1941 2290 proba-

338 2313 509 2381 veris,
554 2312 697 2366 ultro
741 2311 836 2366 tibi
879 2311 1256 2366 assentiemur.
1300 2310 1511 2367 lniicias
1554 2326 1712 2367 nemo
1765 2321 1943 2366 tamen

340 2407 438 2464 ibit
466 2424 531 2463 ex
569 2405 817 2477 superius
847 2404 1003 2459 dictis
1031 2405 1231 2459 certius
1257 2404 1436 2475 colligi
1465 2404 1565 2460 hos
1592 2404 1660 2458 ad
1694 2403 1945 2458 Nationes

341 2499 511 2555 libros
553 2508 606 2555 et
641 2498 1023 2569 Apologeticunt
1064 2511 1170 2551 non
1225 2496 1395 2551 multo
1431 2505 1550 2566 post
1588 2511 1788 2550 annum
1818 2495 1941 2550 197.

340 2592 605 2663 publicam
635 2591 846 2646 venisse
868 2590 918 2644 in
949 2590 1142 2644 lucctn.
1178 2589 1406 2658 Quinam
1440 2597 1624 2643 autem
1653 2604 1719 2644 ex
1749 2589 1815 2643 iis
1838 2589 1947 2658 pri-

341 2700 486 2739 mum
518 2683 837 2754 prodierint,
868 2681 971 2736 alia
998 2692 1080 2736 est
1107 2682 1246 2738 inter
1276 2681 1516 2738 eruditos
1553 2681 1944 2751 controversia,

338 2776 446 2848 jam
475 2792 505 2831 a
535 2778 689 2832 nobis
709 2776 1052 2832 excutienda.

971 2907 1260 2948 ARTICULUS
1299 2909 1350 2948 ν.

346 3029 525 3086 Utrum
547 3030 600 3084 lti
622 3029 723 3083 duo
743 3028 811 3083 ad
841 3026 1088 3083 Nationes
1109 3028 1223 3082 libri
1245 3043 1362 3083 ante
1382 3029 1459 3082 uel
1489 3036 1602 3098 post
1637 3026 1949 3082 Tertulliani

733 3119 1120 3191 Apologeticum
1143 3121 1321 3190 scripti
1345 3120 1556 3190 fuerint.

2044 1951 2198 2022 loget.
2228 1968 2347 2021 cap.
2380 1950 2449 2006 48
2486 1961 2532 2005 et
2564 1951 2674 2022 49).

2117 2044 2252 2100 Tum
2302 2043 2521 2112 deinde,
2556 2046 2644 2101 ubi
2697 2045 2831 2104 alias
2885 2048 3263 2115 ethnicorum,
3320 2049 3642 2107 christianos

2045 2135 2219 2190 omnis
2260 2137 2502 2206 publica:
2535 2137 2703 2193 cladis
2749 2154 2996 2196 caussam
3048 2157 3170 2197 esse
3219 2142 3640 2212 clamitantium,

2045 2228 2339 2285 calumnias
2406 2230 2602 2286 refellit
2655 2249 2668 2285 :
2718 2231 3090 2298 Postmodum,
3149 2235 3252 2302 ait,
3306 2235 3645 2291 obtundentur

2047 2323 2359 2391 expositione
2388 2325 2540 2379 totius
2578 2335 2766 2380 nostrae
2795 2326 3082 2398 disciplima
3125 2327 3321 2399 (Idem,
3367 2329 3484 2384 libr.
3514 2329 3555 2384 1.
3578 2331 3646 2384 ad

2050 2414 2266 2470 Nation.
2331 2434 2445 2488 cap.
2518 2418 2634 2489 10).
2686 2419 2780 2474 Dic
2834 2431 3056 2488 autem,
3110 2423 3336 2479 obsecro
3368 2466 3384 2491 ,
3430 2425 3646 2480 ubinam

2049 2507 2141 2563 ille
2170 2507 2236 2563 ad
2279 2509 2559 2566 diluendas
2588 2512 2748 2567 hasce
2771 2514 3051 2583 gentilium
3082 2516 3483 2573 criminationes
3512 2517 3649 2575 hanc

2007 2675 2020 2686 ς
2050 2601 2395 2656 christianum
2427 2602 2728 2659 doctrinam
2763 2607 3034 2676 exposuit.
3062 2607 3178 2662 Non
3209 2611 3259 2663 in
3285 2609 3367 2665 his
3397 2621 3544 2666 certe
3581 2611 3648 2667 ad

2050 2693 2308 2750 Nationes
2340 2696 2510 2762 libris,
2542 2698 2636 2751 sed
2662 2698 2711 2752 in
2745 2699 2988 2768 pluribus
3016 2701 3352 2771 Apologetici
3378 2703 3647 2773 capitulis,

2053 2787 2128 2841 uti
2154 2787 2232 2841 vel
2257 2803 2324 2842 ex
2349 2789 2461 2842 sola
2487 2793 2648 2860 patet,
2681 2806 2838 2861 quam
2863 2807 3024 2860 supra
3055 2792 3321 2860 dedimus,
3351 2793 3508 2864 hujus
3528 2795 3650 2852 libri

2051 2879 2253 2951 anaiysi
2285 2878 2475 2950 (Idem,
2518 2881 2786 2953 Apologet.
2814 2900 2929 2952 cap.
2966 2884 3054 2973 l7,
3086 2885 3154 2939 18
3203 2894 3249 2939 et
3274 2885 3435 2958 seqq).

2125 2969 2390 3026 Praeterea
2422 2971 2704 3042 pollicetur
2730 2988 2788 3029 se
2817 2969 3104 3044 aliquando
3135 2976 3485 3047 probaturum
3517 2979 3651 3036 falsa

2052 3074 2174 3116 esse
2203 3062 2270 3116 de
2318 3063 2426 3117 Deo
2475 3078 2581 3118 non
2623 3065 2783 3120 modo
2827 3067 3165 3124 ethnicorum
3208 3081 3508 3140 poetarum,
3554 3073 3652 3130 sed

2054 3153 2324 3209 divinandi
2348 3158 2508 3210 etiam
2536 3167 2706 3212 artem
2734 3162 3098 3228 proﬁtentium
3127 3163 3446 3220 documenta
3473 3184 3485 3219 :
3512 3165 3654 3221 Deli-

412 3261 514 3328 Qui
561 3258 695 3312 duos
733 3257 798 3312 ad
849 3257 1104 3313 Nationes
1151 3257 1320 3312 libros
1370 3267 1492 3327 post
1537 3256 1939 3327 Apologelicum
1967 3245 2012 3309 C
2045 3245 2212 3300 bunda
2250 3247 2403 3314 enim,
2450 3249 2620 3319 inquit
2657 3251 2768 3316 ille,
2789 3269 2923 3307 nunc
2943 3263 3014 3308 est
3040 3256 3232 3324 species
3253 3258 3372 3324 ista,
3392 3259 3537 3328 cujus
3559 3275 3652 3314 suo

342 3351 576 3419 scriptos
599 3349 758 3403 fuisse
777 3359 1073 3414 autumant,
1106 3347 1157 3402 hi
1180 3347 1392 3402 ratione
1419 3347 1614 3418 triplici
1637 3348 1943 3417 Opinionem

344 3456 499 3497 suam
545 3440 782 3494 stabilire
828 3450 1108 3494 conantur.
1142 3439 1323 3494 l’rimo
1350 3438 1491 3493 enim
1537 3438 1942 3508 Apologcticum

344 3547 491 3588 anno
516 3531 728 3586 circiter
763 3529 1150 3596 ducentesimo,
1184 3539 1346 3601 atque
1379 3531 1530 3586 initio
1559 3541 1842 3596 commotae
1875 3531 1944 3588 ab

343 3629 670 3696 imperatore
687 3623 885 3680 Severo
903 3624 1159 3680 adversus
1170 3623 1505 3680 Christianos
1530 3624 1940 3694 persecutionis,

342 3719 544 3776 editum
587 3720 963 3790 suspicantur;
1008 3720 1174 3775 libros
1223 3729 1402 3775 autem
1450 3719 1516 3775 ad
1543 3718 1798 3776 Nationes
1832 3721 1944 3791 jam

342 3821 595 3885 provecto
621 3813 908 3868 Caracallae
962 3814 1209 3882 imperio,
1239 3824 1291 3868 et
1329 3824 1612 3884 postquam
1641 3813 1729 3868 hic
1771 3814 1943 3884 impe-

343 3916 489 3961 rator
553 3905 786 3960 Parthici
864 3904 1277 3974 Germaniciquc
1368 3923 1561 3961 nomen
1628 3905 1945 3976 accepisset.

345 3997 542 4055 Verum
569 4001 678 4071 jam
707 4000 1036 4056 ostendimus
1062 4009 1250 4056 nutare
1280 4001 1487 4070 penitus
1515 4001 1735 4070 hujusce
1766 4009 1945 4071 poste-

346 4094 502 4149 rioris
526 4095 595 4149 de
623 4094 898 4150 Caraealla
928 4093 1242 4149 assertionis
1273 4093 1706 4161 fundamentum,

417 4186 660 4243 Secunda
687 4188 898 4242 illorum
928 4188 1063 4242 ratio
1090 4198 1191 4249 est,
1217 4187 1642 4242 Christianorum
1676 4187 1946 4244 delensio-

347 4286 491 4343 nem,
524 4294 642 4349 qua:
673 4286 840 4333 totum
868 4287 922 4332 ct
951 4279 1289 4348 Apologctici
1315 4287 1368 4333 ct
1395 4277 1654 4334 librorum
1679 4278 1744 4333 ad
1770 4279 1948 4334 Natio-

348 4385 444 4425 nes
482 4371 858 4442 complcctitur
888 4379 1286 4439 argumentum,
1339 4370 1550 4440 plenius
1592 4371 1645 4425 in
1678 4370 1760 4424 his
1788 4386 1946 4441 quam

347 4463 402 4517 in
429 4463 520 4518 illo
545 4465 879 4533 pertractari.
914 4464 1019 4519 Sed
1048 4480 1076 4517 a
1101 4464 1253 4519 nobis
1283 4473 1470 4536 postea
1495 4464 1951 4519 demonstrabitur

347 4571 508 4627 quam
537 4572 663 4610 vero
694 4573 878 4627 parum
907 4558 1102 4638 (similis
1128 4559 1198 4612 sit
1224 4557 1341 4613 lucc
1370 4557 1700 4627 conjectura.

2047 3339 2159 3394 loco
2200 3340 2332 3394 ratio
2386 3341 2626 3396 reddetur
2651 3342 2843 3416 (Idem,
2868 3345 2954 3400 lib.
2988 3346 3052 3402 Il.
3104 3348 3172 3401 ad
3224 3347 3380 3412 Nat.,
3411 3367 3529 3421 cap.
3563 3352 3644 3422 5).

2046 3430 2164 3498 Quo
2196 3448 2324 3506 ergo
2375 3435 2427 3489 iu
2477 3434 2613 3490 libro
2658 3437 2822 3504 illam,
2871 3454 2971 3509 qua
3020 3441 3295 3511 gentilium
3334 3443 3531 3514 ineptae
3557 3459 3650 3500 ac-

2047 3526 2351 3583 cusationes
2378 3528 2768 3600 redarguantur
2795 3531 3031 3587 reddidit
3055 3535 3357 3590 rationem?
3379 3514 3565 3593 Nonne
3594 3539 3646 3595 in

2049 3619 2416 3690 Apologetico,
2449 3622 2537 3676 ubi
2566 3639 2683 3676 eam
2712 3623 2830 3680 fuse
2853 3627 3173 3697 explicatam
3204 3629 3428 3700 legimus
3458 3629 3649 3700 (Idem,

2047 3711 2338 3783 Apologet.,
2366 3730 2484 3784 cap.
2524 3713 2587 3769 21
2622 3726 2666 3769 et
2693 3715 2830 3787 22)?
3135 3777 3152 3796 I
3498 3732 3510 3746 κ

2121 3804 2258 3872 Quid
2285 3805 2480 3876 plura?
2511 3805 2610 3862 Ubi
2640 3809 2729 3864 ille
2757 3826 2944 3867 rursus
2971 3811 3272 3882 gentilium,
3302 3813 3393 3886 qui
3424 3812 3652 3870 infanti-

2049 3898 2172 3954 cidii
2207 3898 2540 3956 Christianos
2571 3901 3035 3973 impudentissime
3073 3907 3439 3976 postulabant,
3489 3909 3655 3965 auda-

2049 3993 2187 4048 ciam
2230 3995 2486 4063 retundit,
2519 3996 2637 4052 illos
2675 3997 2760 4054 his
2786 3999 3076 4069 compellat
3118 4001 3297 4056 verbis
3329 4017 3344 4061 :
3391 4001 3488 4058 Vos
3516 4005 3562 4058 si
3591 4009 3652 4060 de

2049 4090 2292 4143 memoria
2313 4090 2543 4145 abierunt
2565 4108 2678 4162 qua:
2689 4094 2827 4146 crude
2837 4095 3074 4156 hominis,
3092 4110 3302 4166 quaeque
3319 4096 3657 4167 infanticidiis

2052 4183 2374 4254 transegisse,
2408 4187 2775 4256 recognoscetis
2799 4203 2894 4241 suo
2926 4187 3125 4242 ordine.
3159 4187 3315 4244 Nunc
3343 4192 3475 4244 enim
3505 4191 3656 4259 di/I'e-

2050 4279 2211 4331 rimus
2251 4280 2508 4351 pleraque,
2553 4297 2614 4334 ne
2653 4282 2829 4334 eadem
2873 4281 3136 4335 videantur
3159 4284 3343 4354 ubique
3373 4295 3655 4341 retractare

2053 4367 2192 4438 (Lib.
2278 4370 2339 4425 ll.
2413 4372 2482 4425 ad
2556 4371 2798 4440 Nation.,
2857 4391 2971 4446 cap.
3034 4377 3148 4446 15).
3203 4376 3365 4434 Vides
3414 4379 3656 4449 profecto

2054 4461 2127 4516 ibi
2177 4462 2282 4516 duo
2311 4463 2379 4518 ab
2407 4466 2640 4520 Auctore
2681 4476 2866 4523 nostro
2910 4467 3111 4525 diserte
3140 4471 3426 4526 enuntiari.
3477 4472 3656 4526 Primo

2053 4552 2266 4623 quidem
2311 4553 2518 4622 plenius
2561 4570 2590 4609 a
2627 4571 2685 4610 se
2725 4557 2842 4626 ipso
2892 4559 3369 4617 demonstrandum
3419 4563 3649 4632 gentiles

423 4647 660 4702 Tertiam
703 4650 964 4706 rationem
1007 4659 1228 4706 sumunt
1269 4666 1337 4706 ex
1382 4651 1560 4706 verbis
1598 4661 1652 4706 et
1695 4650 1948 4721 periodis,
1975 4641 2028 4701 D
2057 4643 2328 4702 homicidii
2366 4655 2524 4715 atque
2564 4647 2880 4703 infanticidii
2912 4664 3032 4705 esse
3079 4666 3222 4706 reos.
3257 4653 3417 4722 Atqui
3469 4653 3521 4708 id
3567 4655 3656 4712 ille

351 4738 443 4810 qui
483 4737 602 4794 aliis
645 4750 935 4796 occurrunt
977 4743 1030 4796 in
1069 4742 1238 4808 libris,
1275 4756 1410 4812 quos
1449 4741 1809 4796 Tertullianus
1836 4750 1956 4810 post

348 4846 501 4886 suam
551 4831 616 4886 ad
643 4831 993 4889 Montanistas
1043 4833 1398 4889 defectionem
1443 4833 1752 4905 divulgavit.
1791 4834 1955 4901 Quasi

349 4940 477 4980 vero
503 4941 602 4982 nec
629 4927 733 4982 alia
774 4928 857 4983 his
898 4943 1114 4999 quoque
1152 4927 1346 4984 similia
1374 4929 1712 4998 reperiantur
1754 4928 1806 4983 in
1838 4927 1958 4984 aliis

349 5015 468 5088 ejus
498 5017 672 5087 libris,
699 5034 762 5074 ac
787 5021 1082 5091 prmsertim
1103 5020 1482 5092 Apologetico,
1513 5021 1600 5076 ubi
1625 5022 1780 5092 longe
1805 5021 1956 5092 plura

349 5110 540 5166 eadem
561 5123 723 5183 atque
746 5113 797 5167 iu
828 5113 979 5168 libris
1007 5113 1072 5170 ad
1099 5113 1356 5170 Nationes
1385 5130 1672 5171 occurrere
1701 5116 1955 5172 l‘atentur.

411 5203 591 5273 Quam
620 5204 833 5260 inﬁrma
860 5215 1037 5262 autem
1077 5204 1196 5261 haec
1227 5207 1492 5263 rationum
1527 5217 1818 5275 momenta,
1850 5216 1956 5263 tam

349 5294 526 5350 valida
545 5297 698 5352 nobis
717 5297 965 5353 videntur
982 5299 1108 5367 alia,
1139 5315 1256 5369 qua:
1277 5314 1341 5354 ex
1362 5297 1446 5354 his
1475 5300 1603 5369 ipsis
1619 5299 1684 5354 ad
1701 5297 1960 5354 Nationes

348 5387 503 5444 libris
520 5390 631 5444 erui
656 5400 901 5461 possunt.
926 5389 984 5445 In
1010 5390 1093 5446 his
1122 5390 1387 5460 siquidem
1421 5407 1525 5445 non
1553 5391 1719 5446 semel
1745 5389 1958 5445 Tertul-

348 5480 522 5538 lianus
550 5484 816 5554 promittit
845 5484 1009 5538 multa
1037 5499 1097 5541 se
1125 5484 1252 5539 alibi
1283 5485 1701 5555 explicaturum.
1731 5481 1809 5537 Ne
1829 5496 1956 5537 vero

347 5573 550 5645 aliquid
576 5575 726 5631 dubii
745 5557 806 5633 ct
836 5577 1026 5632 incerti
1051 5575 1280 5648 proferri
1311 5575 1524 5647 quidam
1555 5583 1862 5640 causentur,
1893 5589 1956 5629 ea

348 5681 458 5722 non
483 5651 816 5738 urgebimus,
849 5665 969 5740 qua:
998 5669 1378 5733 Tertullianus,
1405 5677 1686 5738 postquam
1716 5666 1960 5737 probavit

348 5754 686 5817 Christianos
719 5763 790 5816 ob
821 5777 977 5818 suum
1018 5762 1276 5818 duntaxat
1316 5776 1514 5818 nomen
1544 5759 1751 5826 vexari,
1784 5760 1958 5815 conti-

348 5857 546 5908 nenter
560 5851 767 5915 addidit
792 5872 804 5911 :
829 5853 938 5913 Sed
963 5855 1084 5911 dum
1105 5855 1212 5915 tuac
1245 5858 1375 5914 ratio
1398 5871 1490 5913 suo
1519 5853 1630 5914 loco
1657 5851 1957 5926 Ostenditur,

2058 4738 2246 4794 nullibi
2321 4737 2488 4794 fusius
2544 4756 2703 4810 quam
2789 4741 2840 4797 in
2896 4742 3247 4813 Apologetico
3299 4743 3656 4802 demonstrat.

2059 4829 2307 4887 Secundo
2351 4830 2529 4900 palam
2560 4832 2799 4888 declarat
2837 4832 3002 4888 multa
3039 4849 3100 4891 se
3127 4835 3423 4906 distulisse,
3460 4838 3587 4895 alibi
3630 4854 3662 4895 a

2060 4937 2121 4979 se
2145 4923 2314 4978 fusius
2340 4923 2691 4992 enucleanda,
2723 4940 2791 4981 ne
2813 4925 3004 4981 eadem
3033 4926 3153 4982 aliis
3183 4927 3236 4982 in
3267 4927 3416 4984 libris
3441 4944 3660 5002 repete-

2060 5025 2162 5082 ret,
2209 5030 2272 5070 ac
2312 5024 2650 5072 retractaret.
2700 5016 2804 5072 Sed
2846 5017 2958 5084 ubi,
3002 5033 3206 5090 quteso,
3249 5019 3365 5077 haec
3403 5021 3663 5080 adversus

2061 5108 2286 5180 gentiles
2314 5108 2551 5176 uberiu‘s,
2580 5123 2739 5178 quam
2768 5111 2818 5166 in
2849 5109 3198 5182 Apologetico
3226 5113 3558 5184 disputavit?

2135 5201 2265 5268 Quis
2292 5216 2440 5273 ergo,
2481 5201 2545 5256 iis
2594 5203 2864 5268 omnibus,
2908 5219 3029 5274 quae
3072 5205 3374 5270 retulimus,
3416 5216 3666 5265 accurate

2063 5296 2335 5363 expensis,
2369 5310 2475 5350 non
2507 5295 2760 5352 fatebitur
2806 5295 3192 5354 Tertullianum
3214 5340 3231 5368 ,
3260 5314 3382 5356 cum
3437 5302 3539 5358 bos
3599 5302 3668 5358 ad

2063 5389 2318 5445 Nationes
2348 5389 2514 5447 libros
2543 5389 2818 5459 exarabat,
2862 5406 2961 5446 nos
2999 5393 3067 5448 ad
3093 5408 3246 5448 suum
3277 5394 3490 5450 misisse
3519 5397 3666 5466 Apo-

2060 5482 2342 5554 logeticum
2389 5497 2546 5554 quem
2593 5491 2703 5536 tum
2747 5480 3012 5551 coniicere
3063 5476 3422 5542 meditabatur
3456 5485 3475 5559 (
3501 5485 3664 5557 Supr.

2062 5590 2176 5646 cap.
2209 5576 2264 5631 ’5.
2309 5582 2406 5628 art.
2441 5573 2536 5644 l)?
2567 5573 2722 5628 Prius
2751 5574 2912 5644 igitur
2947 5575 3068 5631 libri
3102 5575 3170 5632 ad
3199 5575 3477 5640 Nationes,
3506 5592 3667 5648 quam

2061 5668 2441 5740 Apologeticus
2485 5668 2554 5722 ab
2611 5668 2702 5722 illo
2742 5666 2874 5723 editi
2905 5677 3056 5741 sunt.
3107 5671 3180 5725 At
3222 5687 3290 5726 ex
3340 5673 3607 5742 assignata
3636 5687 3667 5728 a

2061 5760 2219 5817 nobis
2246 5760 2402 5831 hujus
2433 5768 2590 5817 tctate
2617 5760 2750 5816 satis
2779 5769 2965 5834 aperte
2989 5762 3170 5835 colligi
3195 5773 3370 5834 potest
3399 5765 3569 5830 illum,
3598 5764 3666 5823 ad

2061 5853 2242 5912 datam
2268 5853 2535 5914 scribendi
2563 5853 2897 5927 Apologetici
2947 5853 3108 5916 ﬁdem
3152 5855 3509 5930 liberandam,
3557 5841 3664 5926 non
