4198 6260
591 334 698 400 77!

1661 350 1731 408 IN
1765 344 2230 415 TERTULLIANI
2267 350 2803 421 APOLOGETICUM

3784 370 3891 433 772

593 460 811 534 longum
825 458 1227 533 interposuisse
1265 466 1521 536 temporis
1555 469 1808 539 spatium,
1839 488 1940 529 nec
1974 488 2179 530 moram
2206 475 2261 540 Α
2284 477 2509 534 cordare
2536 480 2766 550 primum
2788 476 2852 535 ad
2875 479 3130 538 Nationes
3151 481 3363 550 librum,
3392 486 3436 541 si
3462 486 3625 558 hujus
3647 490 3889 561 excipias

592 555 703 625 pati
736 557 990 625 potuisse,
1018 557 1145 625 quin
1171 556 1595 615 Christianorum
1624 578 1831 625 caussa.
1860 565 2015 631 sicuti
2044 566 2184 638 apud

592 649 870 703 universas
917 650 1180 714 nationes,
1205 652 1275 707 ita
1303 653 1442 724 apud
1468 668 1653 710 eorum
1671 658 1951 728 praesides,
1974 659 2186 731 iudices

588 754 653 794 ac
691 740 1035 810 magistratus
1059 755 1330 813 perorata,
1361 745 1572 801 illorum
1614 747 1976 805 innocentiam
2003 752 2183 808 omni-

588 832 690 888 bus
734 832 1079 903 patefaceret.
1132 835 1188 893 Si
1244 854 1373 910 ergo
1430 840 1806 912 Apologetieus
1853 845 1991 901 liber
2041 847 2185 904 circa

586 936 786 979 annum
805 923 1002 981 Christi
1017 926 1143 995 200,
1171 931 1622 1001 quemadmodum
1640 934 1893 1001 diximus,
1913 934 2184 1008 publicam

587 1013 641 1068 in
668 1013 842 1071 lucem
888 1019 1118 1075 emissus
1140 1029 1250 1086 est,
1282 1020 1333 1076 hi
1360 1021 1468 1078 duo
1494 1024 1560 1080 ad
1588 1023 1844 1085 Nationes
1870 1028 1993 1086 libri
2024 1029 2184 1102 paulo

586 1114 713 1163 aute
740 1105 995 1181 divulgati
1021 1108 1237 1168 fuerant
1277 1110 1487 1185 (Ibid.).

1189 1265 1483 1308 ARTICULUS
1520 1268 1595 1308 Vl.

588 1380 665 1438 De
691 1382 875 1440 horum
902 1386 1147 1442 librorum
1185 1400 1506 1459 argumento,
1535 1399 1581 1446 et
1615 1400 1788 1446 utrum
1827 1392 1959 1448 illud
1988 1395 2185 1466 plenius

658 1480 1026 1548 perfectiusque
1044 1480 1100 1535 in
1118 1481 1211 1546 eis,
1228 1496 1384 1552 quam
1403 1482 1455 1537 in
1475 1482 1807 1555 Apologetico
1823 1495 2179 1557 pertractetur.

657 1612 813 1671 Plora
843 1617 1057 1688 quidem
1096 1619 1151 1674 in
1177 1619 1444 1692 superiori
1475 1622 1700 1679 articulo
1740 1625 2022 1680 retulimus
2048 1624 2183 1682 Ter-

585 1704 790 1763 tulliani
841 1710 1027 1778 verba,
1070 1711 1263 1782 quibus
1311 1721 1538 1768 testatur
1585 1729 1644 1768 se
1698 1715 1844 1785 plura
1888 1717 1942 1771 in
1981 1716 2065 1772 his
2112 1717 2181 1774 ad

583 1790 835 1854 Nationes
886 1799 1035 1855 libris
1085 1804 1526 1872 praetermisisse,
1569 1820 1689 1876 qum
1734 1807 1784 1862 in
1832 1806 2179 1879 Apologetico

583 1890 752 1947 fusius
781 1893 1047 1962 explicare
1084 1894 1416 1952 decreverat.
1451 1898 1518 1952 At
1552 1897 1666 1954 haec
1697 1898 1854 1969 plane
1882 1912 2179 1972 repugnant

583 1984 795 2039 illorum
829 1985 1088 2056 Opinioni,
1125 1989 1215 2058 qui
1247 1990 1581 2046 contendunt
1617 1991 1873 2049 harumce
1898 2010 2178 2073 commen-

584 2066 843 2132 tationum
871 2089 1244 2149 argumentum
1290 2080 1342 2136 in
1374 2082 1521 2138 libris
1549 2084 1619 2137 ad
1649 2083 1902 2142 Nationes
1934 2068 2175 2160 uberius,

583 2166 892 2237 perfectius,
940 2172 1258 2242 melioriqoe
1301 2173 1512 2242 ordine,
1557 2193 1715 2247 quam
1748 2180 1799 2233 in
1824 2178 2178 2254 Apologetico

581 2262 914 2330 pertracmri.
944 2262 1193 2319 Animum
1221 2267 1363 2321 enim
1387 2271 1569 2324 nescio
1590 2285 1693 2341 qua
1720 2270 1925 2329 ratione
1953 2274 2178 2333 induite.

579 2361 700 2406 rant
746 2366 907 2421 acre,
955 2353 1284 2426 vehemens,
1325 2369 1543 2414 acutum
1591 2363 1827 2418 auctoris
1877 2364 2172 2437 ingenium,

577 2442 901 2517 ignettmque
929 2448 1070 2504 illius
1094 2464 1319 2506 acumen
1341 2453 1540 2522 passim
1559 2454 1757 2527 ubique
1789 2458 1840 2512 in
1862 2457 1945 2514 his
1975 2461 2177 2519 micare

577 2536 749 2606 libris,
775 2539 868 2596 sed
913 2556 1037 2597 eum
1070 2543 1301 2600 violento
1342 2544 1484 2601 illius
1514 2548 1712 2619 impetu
1754 2560 1986 2622 raptum,
2016 2553 2173 2624 plura

576 2631 877 2701 scripsisse,
911 2648 1032 2703 qua:
1054 2649 1161 2689 non
1190 2636 1324 2691 satis
1356 2638 1631 2704 meditata,
1665 2642 1852 2712 polita,
1882 2643 2173 2717 limataque

573 2731 716 2777 sunt.
753 2722 948 2779 Verum
979 2725 1085 2780 ruit
1115 2726 1272 2797 plane
1318 2728 1433 2785 haec
1470 2731 1676 2802 Opinio,
1719 2736 1763 2789 si
1790 2736 2171 2809 Apologeticus

574 2823 695 2884 post
717 2815 881 2894 libros
897 2818 963 2872 ad
983 2815 1237 2876 Nationes
1255 2820 1324 2877 ab
1345 2835 1432 2891 eo,
1456 2823 1611 2880 sicuti
1630 2824 1880 2897 vidimus,
1899 2826 2170 2898 profectus

572 2910 754 2964 fuerit.
2126 2982 2129 2987 _

645 2998 912 3057 Praeterea
949 3008 1161 3060 constat
1211 3005 1361 3076 plura
1416 3008 1592 3079 magni
1633 3023 1763 3066 sane
1806 3013 2066 3069 momenti
2114 3016 2170 3072 in

569 3090 925 3164 Apologetico
969 3093 1267 3166 disputari,
1316 3112 1437 3169 quae
1486 3099 1538 3154 in
1592 3099 1745 3157 libris
1796 3102 1865 3159 ad
1911 3088 2167 3164 Nationes

571 3190 768 3244 omissa
799 3196 942 3257 sunt,
989 3191 1199 3246 tametsi
1234 3193 1491 3248 nonnulla
1518 3191 1571 3247 in
1615 3194 1697 3249 his
1723 3195 1960 3252 vicissim
1988 3196 2165 3267 libris,

570 3294 624 3341 et
666 3284 975 3356 neutiquam
1019 3284 1070 3339 in
1100 3284 1194 3341 illo
1222 3285 1486 3357 legantur.
1516 3286 1736 3369 Cunctis
1760 3299 1942 3346 autem
1968 3302 2025 3347 ut
2052 3286 2168 3349 haec
2192 3277 2237 3341 C

568 3379 738 3451 magis
765 3376 921 3450 plana
961 3393 1025 3435 ac
1048 3381 1331 3451 perspicua
1363 3380 1513 3447 ﬂant,
1553 3380 1917 3440 exhibendum
1947 3386 2163 3442 censui-

568 3484 688 3528 mus
710 3470 941 3529 indicem
966 3473 1223 3544 capitum,
1242 3475 1296 3529 in
1325 3475 1517 3545 quibus
1545 3476 1732 3533 eadem
1761 3490 2008 3549 aguntur.
2037 3479 2168 3537 Inde

568 3566 713 3621 enim
755 3567 1117 3636 unusquisque
1148 3564 1305 3622 facile
1328 3565 1612 3638 judicabit,
1659 3569 1710 3625 in
1738 3566 1933 3643 quibus
1963 3570 2018 3628 hi
2045 3570 2167 3630 libri

568 3669 600 3711 ι
625 3668 685 3711 se
713 3654 939 3711 invicem
965 3656 1295 3726 discrepant.

1090 3790 1303 3848 INDEX
1340 3792 1645 3852 CAPl'l'UM

568 3924 636 3982 In
662 3925 841 3999 quibus
872 3923 1244 3998 Apologeticus
1284 3936 1330 3983 et
1371 3927 1487 3984 libri
1532 3930 1600 3987 ad
1647 3929 1923 4005 Nationes,
1957 3933 2165 3997 interse

1204 4022 1525 4080 conveniunt.

539 4104 729 4192 ~Liber
759 4134 962 4207 primus
991 4133 1058 4193 ad
1085 4134 1358 4195 Nationes.

567 4250 828 4324 Caputl.
925 4292 940 4307 .
1035 4291 1049 4307 .
1128 4291 1144 4308 .
1222 4294 1238 4310 .
1322 4293 1337 4309 .
1415 4292 1430 4309 .
1506 4254 1705 4327 Capl.

565 4365 736 4436 Caput
772 4365 826 4421 2.
921 4406 937 4422 .
1030 4405 1045 4421 .
1126 4406 1142 4424 .
1222 4410 1237 4424 .
1317 4408 1332 4423 .
1412 4412 1427 4426 .
1502 4358 1721 4442 Cap.2;

565 4458 829 4533 Caput5.
924 4503 939 4518 .
1031 4501 1047 4517 .
1126 4503 1141 4517 .
1219 4494 1236 4517 ο
1312 4500 1330 4516 .
1409 4500 1424 4520 .
1498 4462 1855 4537 Cap.2et3.

563 4550 738 4624 Caput
772 4554 827 4611 4.
919 4592 939 4611 .
1029 4592 1044 4610 .
1122 4593 1138 4610 .
1217 4594 1232 4612 .
1312 4599 1327 4613 .
1406 4595 1421 4612 .
1497 4558 1886 4630 Cap.5et46.

563 4643 736 4718 Caput
774 4646 828 4704 6.
921 4687 936 4703 .
1028 4685 1045 4704 .
1124 4686 1141 4704 .
1218 4687 1233 4704 .
1313 4690 1328 4706 .
1407 4688 1421 4704 .
1498 4651 1713 4722 Cap.4.

562 4740 863 4811 Caput7.o
921 4778 937 4800 .
1027 4778 1045 4797 .
1123 4781 1139 4798 .
1218 4780 1233 4797 .
1315 4782 1330 4798 .
1408 4783 1423 4800 .
1500 4744 1849 4817 Cap.7et8.

562 4830 735 4903 Caput
771 4833 826 4890 8.
918 4870 932 4888 .
1029 4876 1043 4891 .
1123 4874 1139 4889 .
1219 4876 1235 4890 .
1312 4874 1328 4892 .
1407 4875 1422 4891 .
1496 4836 1628 4908 Cap.
1656 4837 1712 4906 8,
1741 4854 1848 4894 non
1876 4849 2069 4898 totum.

562 4921 734 4995 Caput
770 4924 824 4981 9.
920 4964 935 4981 .
1026 4964 1045 4983 .
1120 4967 1136 4984 .
1216 4966 1232 4982 .
1300 4952 1326 4984 -.
1404 4928 1924 5001 ..Cap.40etll.

561 5016 736 5089 Caput
772 5018 860 5075 l0.
908 5057 924 5075 .
1014 5057 1033 5075 .
1122 5057 1138 5075 .
1217 5061 1231 5078 .
1310 5059 1326 5077 .
1405 5063 1420 5079 .
1497 5022 1628 5095 Cap.
1664 5024 1751 5093 l2,
1784 5027 2038 5093 15,l4'et
2066 5028 2154 5089 l5.

561 5110 735 5183 Caput
772 5113 864 5181 ll,
899 5112 989 5182 η,
1049 5114 1120 5171 l5
1144 5125 1199 5172 et
1223 5116 1310 5173 l4.
1414 5156 1429 5173 .
1504 5117 1635 5189 cap.
1660 5108 1749 5176 l6.

561 5205 735 5277 Caput
774 5208 864 5275 η,
895 5209 1152 5267 l5etl6.
1232 5250 1246 5265 .
1327 5253 1343 5267 .
1421 5252 1436 5268 .
1510 5210 1644 5285 Cap.
1674 5212 1727 5269 9.

1542 4141 1944 4214 Apologeticus.

560 5300 732 5371 Caput
771 5302 858 5359 l7.
939 5342 957 5359 .
1037 5343 1052 5359 .
1132 5347 1147 5363 .
1227 5346 1240 5361 .
1322 5348 1336 5363 .
1417 5345 1431 5362 .
1509 5306 1761 5378 Cap.ss.

559 5392 732 5464 Caput
769 5395 861 5452 l8.
939 5435 954 5453 .
1034 5435 1049 5454 .
1128 5436 1145 5458 .
1226 5438 1241 5456 .
1324 5445 1338 5458 .
1417 5441 1431 5459 .
1507 5401 1639 5474 Cap.
1672 5406 1762 5463 50.

559 5488 731 5560 Caput
770 5491 857 5548 l9.
939 5532 951 5547 .
1034 5534 1047 5547 .
1127 5536 1140 5549 .
1219 5535 1235 5549 .
1317 5535 1331 5553 .
1412 5538 1426 5553 .
1502 5496 1892 5572 Cap.47,48,
1938 5501 2029 5561 49.

556 5582 721 5645 Liber
748 5587 1016 5648 secundus
1044 5589 1111 5646 ad
1140 5588 1414 5650 Nationes.
1514 5592 1914 5667 Apologeticus.

556 5678 729 5749 Caput
768 5681 855 5737 li.
933 5722 950 5738 .
1032 5727 1047 5741 .
1127 5726 1141 5742 .
1222 5728 1237 5744 .
1316 5728 1332 5746 .
1412 5729 1427 5743 .
1502 5686 1634 5760 Cap.
1671 5689 1758 5747 ω.

556 5768 729 5844 Caput
769 5777 859 5832 l7.
938 5814 953 5830 .
1030 5814 1047 5832 .
1127 5816 1141 5831 .
1221 5820 1236 5833 .
1314 5812 1329 5834 .
1409 5814 1425 5835 .
1500 5780 1755 5852 Cap.25.

629 5865 792 5925 Vides
819 5876 950 5925 sane
975 5878 1044 5924 ex
1087 5868 1191 5927 hoc
1228 5868 1404 5928 indice
1446 5884 1569 5929 eum
1607 5872 1955 5946 Apologetico
1996 5886 2136 5939 con-

2286 579 2447 641 caput
2490 571 2754 641 quintum,
2788 573 2845 627 in
2880 589 2984 644 quo
3013 575 3177 646 petita
3218 577 3286 631 ab
3330 575 3560 634 ethnicis
3613 595 3680 636 ex
3730 581 3887 640 malis

2286 663 2605 732 quibusdam
2628 664 2935 720 christianis
2956 669 3348 736 argumentatio
3368 668 3629 735 diluitur;
3654 681 3708 726 et
3729 680 3887 743 caput
3970 671 3989 677 “

2289 752 2558 824 ultimum,
2605 757 2751 828 quod
2797 759 2960 814 totius
3002 759 3127 815 libri
3166 760 3444 818 conclusio
3471 772 3574 817 est.
3606 762 3889 823 Secundus

2287 858 2465 906 autem
2516 850 2654 907 liber
2705 852 2772 907 ad
2806 854 3067 910 nationes
3112 856 3167 910 in
3219 855 3606 926 septemdecim
3655 859 3888 929 capitula

2274 938 2490 997 divisus
2511 952 2615 1012 est,
2638 956 2865 1014 quorum
2897 944 3201 1017 quindecim
3228 946 3361 1002 nihil
3385 962 3506 1003 cum
3535 947 3887 1022 Apologetico

2286 1046 2573 1090 commune
2614 1032 2832 1091 habent.
2884 1037 2943 1092 ln
2987 1050 3108 1093 octo
3151 1047 3333 1094 autem
3379 1039 3648 1110 prioribus
3689 1057 3758 1097 ex
3798 1040 3887 1099 his

2287 1128 2589 1198 quindecim
2635 1130 2885 1199 capitulis
2927 1114 3291 1187 Tertullianus
3331 1131 3519 1188 fictum
3559 1148 3593 1189 a
3637 1132 3886 1194 Varrone

2286 1220 2482 1291 triplex
2501 1220 2723 1277 deorum
2745 1234 2914 1294 genus
2931 1223 3238 1296 physicum,
3255 1224 3573 1298 tnythicum,
3589 1225 3879 1298 plebeium,

2287 1312 2341 1369 in
2369 1326 2573 1387 septem
2608 1330 2740 1373 vero
2766 1317 3157 1388 posterioribus
3188 1319 3488 1377 venditatos
3517 1319 3882 1380 Romanorum

2287 1406 2418 1464 deos
2446 1410 2678 1481 exagitat
2715 1419 2772 1467 et
2800 1411 3062 1484 explodi‘t.

2360 1502 2436 1557 Ex
2461 1503 2845 1576 quinquaginta
2869 1522 2997 1561 vero
3011 1507 3331 1580 Apologetict'
3351 1507 3601 1580 capitulis
3616 1525 3683 1567 ne
3706 1509 3881 1569 media

2285 1595 2502 1666 quidem
2530 1612 2652 1668 pars
2673 1614 2797 1656 cum
2818 1599 3029 1658 duobus
3060 1603 3129 1656 ad
3154 1601 3408 1661 Nationes
3432 1605 3585 1662 libris
3612 1608 3877 1679 congruit.

2284 1685 2416 1742 Cum
2446 1683 2658 1745 creteris
2686 1700 2864 1747 autem
2893 1685 3136 1762 dissidet,
3192 1695 3247 1751 in
3298 1696 3494 1768 quibus
3514 1697 3881 1758 Tertullianus

2284 1779 2514 1850 explicat
2558 1783 2857 1854 asseritque
2906 1801 3068 1857 quam
3122 1802 3248 1845 vera
3298 1787 3407 1844 sint
3454 1788 3883 1850 Christianorum

2209 1870 2256 1938 B
2284 1873 2628 1944 documenta,
2660 1893 2818 1950 quam
2846 1882 2979 1936 casu
3001 1892 3054 1937 et
3079 1882 3376 1955 incorrupti
3422 1883 3643 1943 illorum
3670 1902 3875 1958 mores,

2282 1982 2439 2038 quam
2469 1969 2538 2037 pii
2565 1979 2618 2025 et
2645 1972 2814 2026 sancti
2843 1972 3114 2032 Solemnes
3142 1990 3330 2031 eorum
3374 1987 3569 2047 cretus,
3618 1994 3683 2035 ac
3717 1990 3878 2051 quam

2281 2058 2548 2129 religiosae
2567 2075 2815 2131 synaxes.
2836 2063 2905 2118 At
2926 2063 2993 2119 de
3011 2063 3094 2120 Itis
3114 2066 3247 2137 nihil
3271 2068 3321 2123 in
3340 2068 3494 2131 libris
3513 2069 3582 2124 ad
3605 2069 3873 2129 Nationes.

2281 2142 2399 2205 Uno
2421 2152 2585 2208 verbo
2611 2153 2662 2207 in
2692 2154 2839 2211 hisce
2861 2156 3011 2213 libris
3037 2158 3437 2217 demonstratur
3451 2160 3879 2223 Christianorum

2280 2241 2585 2299 innocentia
2606 2246 2937 2317 iniquissime
2960 2261 3166 2318 vexnta,
3195 2252 3533 2309 ethnicorum
3558 2271 3684 2312 vero
3705 2255 3877 2327 injus-

2281 2333 2417 2399 titia,
2467 2335 2800 2406 depravatio,
2857 2343 3160 2412 corruptela
3207 2352 3263 2399 et
3310 2344 3583 2417 religionis
3621 2350 3875 2418 pravitas,

2277 2424 2515 2497 nihilque
2541 2429 2793 2499 amplius.
2830 2431 3025 2489 Verum
3069 2435 3124 2491 in
3157 2436 3492 2511 Apologetico
3523 2440 3639 2496 haec
3661 2442 3881 2512 quidem

2276 2518 2478 2587 omnia,
2526 2527 2581 2576 et
2629 2521 2850 2594 insuper
2880 2525 3195 2584 christiana:
3224 2530 3495 2603 religionis
3524 2536 3785 2590 sanctitas
3815 2549 3881 2592 ac

2277 2611 2494 2668 veritas.
2512 2613 2642 2680 Quis
2663 2630 2793 2687 ergo
2813 2632 2881 2673 ex
2904 2618 3004 2675 hac
3024 2621 3281 2679 horumce
3302 2622 3557 2682 librorum
3580 2624 3879 2685 collatione

2274 2716 2472 2775 negare
2497 2709 2691 2776 poterit
2720 2707 2935 2765 illorum
2968 2724 3346 2784 argumentum
3376 2716 3535 2788 longe
3577 2718 3789 2790 plenius
3815 2734 3881 2778 ac

2274 2797 2562 2866 perfectius
2591 2800 2642 2854 in
2668 2801 3016 2874 Apologetico,
3045 2822 3208 2879 quam
3250 2807 3307 2865 in
3349 2809 3502 2868 libris
3529 2811 3597 2866 ad
3622 2808 3876 2870 Nationes

2271 2891 2529 2962 explicari
2555 2907 2620 2950 ac
2643 2893 3003 2952 demonstrari
3026 2897 3052 2952 l
3143 2964 3157 2978 ε
3554 2909 3561 2915 ‘

2859 3024 3155 3072 ABTICULUS
3192 3031 3288 3073 VII.

2270 3142 2349 3199 De
2400 3144 2645 3201 librorum
2687 3147 2757 3201 ad
2806 3146 3056 3204 Nationes
3097 3150 3277 3218 titulo;
3325 3167 3419 3207 cur
3471 3170 3505 3209 a
3554 3152 3869 3211 Tertulliano

2340 3238 2537 3308 scripti,
2582 3255 2643 3295 ac
2680 3221 2857 3310 quibus
2887 3242 3067 3296 directi
3109 3244 3340 3313 fuerint;
3369 3244 3435 3300 de
3474 3249 3627 3302 unico
3667 3247 3871 3304 illorum

2340 3330 2684 3401 manuscripto
2707 3333 2900 3401 codice,
2923 3336 3078 3390 variis
3105 3336 3427 3409 editionibtts,
3454 3355 3516 3395 ac
3534 3342 3875 3413 quorumdam

2338 3422 2394 3477 in
2418 3438 2503 3477 eos
2532 3425 2663 3480 notis
2687 3432 2735 3481 et
2763 3425 3223 3487 observationibus.

2340 3548 2697 3608 Observatum
2736 3567 2768 3611 a
2808 3553 2964 3612 nobis
3008 3555 3107 3614 fuit
3150 3557 3250 3617 luis
3296 3559 3463 3619 libros
3500 3564 3554 3621 in
3594 3560 3869 3638 Agobardi

2268 3640 2455 3698 codice
2498 3644 2716 3701 inscribi
2759 3647 2828 3700 ad
2868 3646 3119 3705 Nationes
3140 3651 3328 3723 (Supr.
3361 3655 3455 3711 hoc
3479 3673 3594 3728 cap.
3628 3669 3727 3715 art.
3758 3660 3815 3729 5)
3845 3678 3864 3728 ;

2268 3734 2337 3791 ab
2376 3733 2703 3809 Hieronymo
2751 3746 2927 3796 autem
2983 3742 3240 3799 librorum
3309 3748 3379 3801 ad
3426 3757 3592 3820 gentes
3639 3750 3866 3808 nomine

2269 3826 2443 3894 citari,
2490 3827 2586 3883 sed
2613 3830 2889 3901 utriusque
2915 3832 3049 3888 tituli
3077 3828 3325 3893 eamdem
3349 3852 3466 3895 esse
3503 3838 3860 3911 significatio-

2270 3931 2416 3972 nem.
2449 3918 2581 3985 Quia
2610 3928 2790 3976 tamen
2819 3923 2894 3978 illi
2922 3923 2989 3979 ad
3015 3939 3150 3995 quos
3178 3927 3231 3982 hi
3272 3928 3394 3985 libri
3421 3928 3611 3987 directi
3639 3939 3766 3988 sunt
3792 3931 3867 3990 ab

2268 4011 2387 4082 ipso
2415 4012 2747 4072 Tertulliano
2784 4014 3033 4074 Nationes
3077 4025 3172 4075 aut
3216 4022 3416 4077 misera:
3441 4032 3535 4078 aut
3562 4024 3868 4082 miserandte

2268 4107 2498 4162 nationes
2526 4109 2881 4179 appellantur,
2906 4111 3030 4179 hinc
3051 4123 3197 4170 certe
3217 4116 3394 4187 potior
3412 4116 3628 4174 videtur
3647 4119 3864 4190 praefixa

2269 4198 2324 4252 in
2353 4197 2623 4270 Agobardi
2651 4200 2837 4257 codice
2864 4204 3143 4277 inscriptio
3172 4204 3419 4277 (Tertull.
3447 4207 3537 4264 lib.
3567 4207 3609 4265 l.
3632 4208 3702 4264 ad
3727 4207 3860 4270 Nat.

2269 4308 2384 4367 cap.
2416 4297 2468 4353 l.
2488 4305 2536 4351 et
2555 4297 2645 4355 lib.
2677 4296 2745 4367 ll,
2773 4317 2891 4373 cap.
2917 4300 2991 4373 l).

2339 4390 2566 4459 Quidam
2619 4402 2800 4449 autem
2852 4407 2922 4450 ex
2970 4392 3072 4451 hac
3125 4395 3419 4466 epigraphe
3468 4395 3651 4469 colligi
3702 4410 3863 4468 posse

2267 4493 2547 4542 autumant
2569 4485 2670 4543 hos
2690 4486 2855 4543 libros
2876 4484 2943 4544 ad
2966 4486 3307 4545 ethnicorum
3339 4491 3593 4561 populum
3622 4489 3863 4561 plebem-

2266 4596 2370 4652 que
2398 4579 2651 4649 directos,
2688 4582 3092 4656 Apologeticutn
3123 4598 3253 4639 vero
3293 4582 3360 4639 ad
3392 4585 3632 4655 ipsorum
3663 4581 3861 4654 magis-

2186 4670 2240 4739 1)
2267 4683 2457 4742 tratus,
2484 4676 2694 4746 iudices
2737 4691 2801 4733 ac
2830 4678 3118 4748 principes.
3149 4678 3222 4734 At
3246 4677 3317 4735 de
3344 4679 3446 4735 hoc
3474 4679 3692 4750 quidem
3719 4678 3862 4748 Apo-

2261 4770 2490 4841 logetico
2514 4780 2660 4826 certa
2684 4786 2793 4838 res,
2838 4779 2894 4827 et
2914 4780 3065 4827 extra
3094 4775 3512 4829 controversiam
3547 4771 3721 4843 posita
3753 4778 3860 4826 est.

2263 4861 2399 4929 Quid
2447 4872 2625 4918 tamen
2671 4871 2816 4919 vetat
2860 4865 3147 4936 quominus
3188 4865 3295 4922 duo
3325 4865 3394 4919 ad
3433 4863 3683 4921 Nationes
3735 4861 3863 4919 libri

2262 4956 2511 5011 omnibus
2536 4956 2756 5012 omnino
2772 4957 3022 5025 ethnicis,
3051 4973 3171 5013 cum
3195 4958 3428 5031 populis,
3453 4966 3563 5014 tum
3584 4955 3859 5026 judicihus

2261 5055 2317 5105 et
2342 5048 2677 5119 praesidibus,
2696 5051 2878 5122 scripti
2901 5051 3139 5110 fuerint?
3168 5049 3358 5109 Nonne
3384 5054 3437 5110 in
3461 5052 3540 5108 eis
3562 5047 3861 5106 Tertullia-

2262 5152 2363 5197 nus
2394 5155 2500 5197 non
2548 5141 2723 5198 solum
2771 5143 2824 5199 in
2869 5143 3078 5215 plebem
3116 5145 3395 5217 gentilium
3437 5142 3728 5209 invehitur,
3762 5139 3863 5199 sed

2263 5234 2423 5290 etiam
2464 5233 2518 5289 in
2542 5232 2774 5304 iudices,
2805 5236 2897 5308 qui
2942 5247 3132 5294 contra
3180 5238 3546 5309 praescriptam
3586 5232 3861 5307 aequitatis

2262 5326 2546 5399 legumque
2571 5336 2881 5384 cunctarum
2912 5328 3138 5387 formam
3166 5328 3501 5386 Christianos
3545 5327 3861 5384 indefensos

2262 5429 2316 5475 et
2339 5420 2605 5476 inauditos
2631 5420 3106 5478 condemnabam?
3148 5421 3337 5478 Nonne
3372 5436 3503 5495 ergo
3545 5419 3652 5477 dici
3675 5424 3863 5491 potest

2260 5507 2685 5582 Tertullianum,
2754 5530 2875 5572 cum
2928 5514 3070 5571 hanc
3134 5516 3473 5573 ethnicorum
3535 5512 3861 5586 injustitiam

2260 5616 2632 5678 summamque
2671 5607 3044 5665 crudelitatem
3072 5617 3340 5675 cerneret,
3390 5607 3490 5663 hos
3518 5607 3751 5678 primum
3786 5602 3862 5661 ad

2262 5694 2531 5765 Nationes,
2555 5698 2606 5755 id
2627 5707 2729 5767 est,
2753 5715 3117 5772 quoscumque
3133 5699 3358 5771 gentiles
3378 5700 3640 5755 direxisse
3662 5697 3856 5768 libros,

2258 5801 2315 5847 ut
2330 5807 2425 5849 eos
2452 5791 2518 5849 ad
2541 5792 2831 5862 saniorem,
2858 5792 2904 5850 si
2927 5793 3039 5852 fieri
3060 5803 3263 5867 posset,
3288 5802 3568 5853 revocaret
3588 5803 3856 5851 mentem.

2254 5880 2361 5943 Sed
2397 5882 2521 5955 quia
2561 5882 2697 5945 nihil
2720 5892 2813 5947 aut
2838 5901 3026 5961 parum
3068 5890 3218 5952 certe
3247 5884 3568 5960 profecerat,
3618 5892 3736 5946 tum
3769 5872 3845 5943 ad
