4240 6262
315 326 429 385 778
684 336 691 339 ‘
1462 307 1913 371 DISSERTA'I'IO
1945 307 2013 367 ῐ).
2052 306 2143 366 LE
2178 301 2489 366 NOURRY.
3508 296 3623 362 τη

314 442 524 514 judices
556 436 868 496 nominatim
886 431 1250 507 praesidesque
1295 443 1452 486 suum
1473 429 1705 496 misisse}
1728 426 1926 498 Apolo-
1950 427 2005 490 Α
2028 423 2231 480 nititur.
2250 423 2539 480 Pauciores
2559 432 2692 477 vero
2713 433 2744 474 a
2767 417 3000 490 Rigaltio
3023 430 3178 473 more
3199 416 3473 489 modoque
3497 432 3616 487 suo,

321 510 549 606 geticum
577 575 592 600 ,
645 546 754 603 quo
804 530 923 584 illos
970 524 1326 597 compelleret
1381 521 1451 577 ad
1506 536 1611 577 exa
1629 520 1925 576 ninandam
2031 517 2099 572 de
2125 530 2232 587 quo
2260 516 2392 570 satis
2418 528 2578 584 supra
2605 512 2858 577 diximus,
2883 510 3097 581 scriptae
3123 520 3265 576 sunt,
3294 525 3428 580 quas
3454 510 3611 566 Prio-

322 603 747 684 Cbristianorntn
779 637 1050 689 caussam,
1072 636 1141 676 ne
1157 635 1219 675 ea
1237 616 1475 674 inaudita
1504 615 1946 671 condemnarent.
2030 612 2144 667 rius
2173 610 2381 666 curavit
2423 609 2563 681 typis
2603 605 2810 674 recudi,
2856 605 3044 676 eisque
3072 619 3236 659 unam
3260 618 3324 659 ex
3356 603 3614 670 Pamelio,

322 722 656 776 innocentes.
688 717 883 785 Quanti
909 729 1038 769 vero
1083 714 1166 767 hae
1192 711 1430 766 rationes
1472 707 1730 763 momenti
1776 706 1922 774 sint,

323 812 634 885 expendant
662 810 802 882 aequi
831 824 1011 864 rerum
1041 807 1419 871 aestimatores,
1451 817 1515 856 ae
1556 803 1924 873 pronuntient.

395 903 564 973 Quam
606 900 756 957 multi
802 914 867 955 ac
910 899 1219 969 frequentes
1261 890 1383 950 libri
1416 891 1773 965 Apologetici,
1818 899 1927 945 tam

324 997 431 1052 rari
460 1003 585 1049 sunt
609 991 804 1049 horum
829 990 899 1044 ad
948 987 1198 1043 Nationes
1219 987 1478 1042 librorum
1500 983 1712 1040 codices
1738 997 1927 1038 manu-

324 1086 508 1158 scripti
536 1082 720 1159 (Supr.
749 1101 866 1155 cap.
890 1083 946 1138 2.
971 1091 1073 1136 art.
1106 1080 1181 1151 1).
1207 1078 1412 1136 Unicus
1463 1076 1608 1134 enim
1647 1074 1802 1131 nobis
1830 1088 1925 1130 su-

324 1190 526 1253 perest,
576 1196 735 1252 quem
769 1176 1109 1249 Agobardus,
1138 1175 1215 1231 uti
1270 1174 1421 1229 aiunt
1448 1181 1504 1229 et
1549 1187 1580 1227 a
1624 1169 1779 1226 nobis
1812 1168 1925 1240 jam

326 1281 637 1341 annotatum
672 1279 775 1338 est,
803 1265 1245 1337 archiepiscopus
1290 1260 1639 1335 lugdunensis
1665 1260 1731 1316 ad
1753 1259 1927 1316 sancti

326 1364 586 1437 Stephani
614 1365 787 1429 altare
822 1360 1113 1417 obtulerat.
1137 1357 1336 1414 Verum
1368 1356 1541 1423 codex
1572 1355 1665 1411 ille
1694 1356 1746 1411 in
1776 1368 1925 1410 mar-

327 1457 540 1529 ginibus
586 1455 863 1527 plerisque
902 1453 973 1508 ita
1010 1452 1136 1517 situ,
1167 1448 1437 1520 squalore,
1468 1458 1560 1503 aut
1584 1460 1720 1518 aqua
1748 1443 1926 1518 pluvia

323 1555 612 1619 corruptus
664 1555 785 1613 est,
838 1552 895 1600 ut
939 1551 1201 1599 extremae
1250 1540 1510 1597 linearum
1566 1539 1760 1594 litterae
1822 1536 1928 1608 legl

324 1642 559 1714 amplius
602 1648 889 1712 nequeant.
935 1637 1144 1708 Smpius
1194 1635 1375 1706 itaque
1417 1632 1723 1704 depravatis
1768 1632 1923 1699 locis,

326 1735 431 1795 nisi
456 1735 794 1790 emendatior
820 1731 992 1787 codex
1022 1730 1345 1799 reperiatur,
1370 1726 1578 1782 medica
1608 1740 1802 1782 manus
1842 1724 1926 1780 af-

326 1827 453 1885 ferri
473 1842 578 1883 non
599 1836 797 1897 potest,
824 1838 924 1879 nec
945 1822 1179 1879 auctoris
1209 1834 1401 1877 sensus
1421 1821 1579 1890 plane
1608 1819 1829 1891 percipi.

398 1919 458 1976 in
488 1917 657 1974 veteri
681 1926 861 1972 autem
882 1916 975 1975 illo
999 1913 1187 1970 codice
1218 1923 1387 1968 tetum
1418 1926 1555 1984 opus
1582 1925 1694 1967 uno
1719 1920 1924 1979 tenore,

328 2025 383 2073 et
412 2015 613 2086 absque
644 2013 752 2068 ulla
779 2011 1015 2083 capitum
1059 2006 1322 2064 divisione
1360 2015 1639 2062 exaratum
1685 2013 1788 2063 est.
1821 2001 1930 2062 Sed

328 2105 966 2167 lacobusCothofredus
994 2105 1128 2161 illud
1173 2105 1225 2160 in
1267 2104 1416 2160 varia
1462 2104 1636 2175 capita
1663 2100 1927 2168 distinxit,

328 2198 629 2276 adiecitque
692 2203 926 2274 capitum
988 2209 1302 2271 argumenta
1362 2212 1426 2254 ac
1482 2196 1796 2253 summaria.
1861 2194 1932 2251 At

331 2295 611 2369 Bigaitius,
635 2297 720 2351 his
741 2294 978 2362 omissis,
1003 2292 1225 2348 retinuit
1244 2291 1413 2348 solam
1434 2292 1668 2362 capitum
1690 2287 1932 2360 partitioo

332 2398 476 2458 nem,
521 2392 575 2445 in
614 2390 856 2461 margine
896 2386 1009 2442 suis
1050 2384 1310 2441 duntaxat
1350 2386 1588 2440 numeris
1617 2383 1925 2439 indicatam.

332 2481 563 2542 Cuilibet
600 2483 780 2554 itaque
813 2482 1082 2552 integrum
1111 2488 1196 2535 est
1223 2478 1383 2547 hanc,
1417 2478 1461 2534 si
1492 2477 1562 2532 ita
1585 2475 1928 2547 iudieaverit,

335 2577 733 2634 distinctionem
780 2575 1052 2647 capitum,
1098 2572 1400 2645 horumque
1446 2573 1732 2628 immutare
1769 2584 1929 2642 argu-

333 2680 534 2728 menta.

404 2760 659 2819 Omnium
685 2774 816 2817 vero
846 2759 1051 2830 primus
1082 2758 1225 2814 idem
1247 2756 1612 2814 Gethofredus
1638 2755 1738 2812 hos
1765 2753 1933 2812 libros

336 2869 479 2911 anno
525 2853 702 2921 1625,
756 2851 891 2909 tales
934 2851 1223 2922 separatim
1272 2850 1412 2922 typis
1460 2849 1653 2908 excudi
1703 2847 1930 2916 curavit,

337 2950 523 3022 quales
549 2949 602 3005 in
630 2956 929 3005 memorato
973 2944 1243 3018 Agobardi
1269 2944 1456 3000 codice
1490 2942 1743 3015 descripti
1786 2950 1929 2999 sunt.

2028 714 2084 761 et
2121 704 2256 759 alias
2289 705 2510 774 proprio
2545 700 2761 771 ingenio
2796 697 3011 768 adjecit.
3055 694 3249 762 Quanti
3288 703 3468 751 autem
3516 695 3627 755 sint

2028 795 2310 865 momenti,
2334 794 2531 850 eruditi
2558 792 2659 847 viri
2683 806 2791 847 non
2816 790 2981 847 semel
2996 784 3444 860 pronuntiarunt.

2651 904 2882 962 CAPUT
2921 904 2990 962 Υ.

2314 1023 2393 1082 De
2433 1023 2738 1081 Tertulliani
2761 1023 2889 1078 libro
2929 1020 2998 1077 ad
3036 1021 3338 1095 Scapulam.

2548 1155 2838 1197 ABTICULUS
2874 1154 3088 1198 PRIIUS.

2526 1254 2766 1326 Analysis
2804 1254 2957 1325 hujus
2996 1253 3132 1309 libri.

2100 1368 2320 1427 Librum
2352 1369 2516 1434 hunc,
2545 1370 2659 1425 sive
2686 1368 2866 1439 potius
2894 1366 3188 1439 supplicem
3221 1364 3461 1422 libellum
3487 1360 3627 1422 Ter-

2031 1458 2283 1513 tullianus
2322 1455 2389 1512 ad
2419 1455 2705 1525 Scapulam
2749 1454 2944 1509 Africa:
2985 1453 3360 1523 proconsulem
3402 1451 3623 1518 direxit,

2029 1564 2136 1620 quo
2165 1563 2310 1622 eum,
2340 1548 2385 1603 si
2410 1547 2524 1603 lieri
2575 1561 2808 1618 unquam
2838 1552 3067 1616 poterat,
3100 1560 3129 1599 a
3151 1544 3472 1600 Christianis
3492 1558 3629 1600 cono

2031 1651 2111 1698 tra
2137 1642 2226 1712 jus
2277 1655 2439 1697 omne
2468 1648 2522 1696 et
2561 1638 2642 1695 fas
2669 1636 3049 1697 excruciandis
3078 1635 3626 1706 excarnificandisque

2029 1732 2331 1790 deterreret
2378 1731 2619 1805 (Tertull.
2674 1730 2763 1786 lib.
2818 1731 2884 1783 ad
2925 1727 3140 1800 Scapul.
3183 1744 3300 1799 cap.
3350 1728 3443 1811 Ai).
3508 1727 3629 1783 Pri-

1953 1828 2001 1892 Β
2029 1844 2175 1884 mum
2216 1840 2396 1883 autem
2439 1825 2676 1882 declarat
2715 1824 2859 1880 hunc
2895 1822 3136 1879 libellum
3174 1838 3205 1877 a
3236 1836 3296 1878 se
3335 1822 3619 1890 scriptum,

2029 1936 2138 1977 non
2160 1919 2300 1991 quod
2314 1918 2654 1987 Christianis,
2679 1917 2937 1988 supplicia
2956 1915 3162 1971 lubenti
3182 1925 3238 1971 et
3258 1915 3420 1971 alacri
3448 1914 3631 1972 animo

2031 2012 2443 2088 perferentibus,
2468 2011 2702 2078 timeret,
2728 2009 2821 2066 scd
2839 2010 3124 2082 gentilibus
3144 2010 3357 2066 illorum
3376 2010 3630 2081 inimicis,

2016 2115 2167 2177 “quos
2194 2104 2281 2160 vel
2325 2104 2428 2159 hoc
2454 2102 2571 2158 solo
2597 2103 2816 2159 nomine
2854 2102 3095 2174 diligere,
3138 2118 3203 2159 ac
3225 2118 3323 2175 pro
3353 2104 3432 2159 eis
3460 2104 3631 2160 Deum

2030 2210 2188 2279 orare
2214 2195 2373 2253 iidem
2402 2193 2695 2252 Christiani
2725 2196 3060 2251 tenebantur.
3088 2194 3447 2263 Quamobrem
3467 2194 3634 2253 officii

2032 2292 2113 2349 sui
2143 2306 2263 2348 esse
2288 2291 2442 2346 duxit
2469 2290 2642 2363 palam
2673 2290 2924 2347 omnibus
2951 2290 3129 2346 facere
3169 2289 3483 2347 innocentes
3514 2306 3622 2346 om-

2033 2385 2160 2441 nino
2189 2400 2310 2443 esse
2335 2384 2690 2450 Christianos,
2719 2398 2782 2439 ae
2820 2382 3048 2454 gentiles
3074 2383 3126 2438 in
3169 2382 3271 2438 hoc
3301 2384 3419 2454 ipso
3447 2383 3625 2439 crimi-

2033 2490 2160 2535 num
2212 2490 2411 2548 genere
2481 2490 2668 2533 revera
2720 2474 3113 2543 oil‘endere,in
3167 2489 3273 2545 quo
3325 2473 3446 2530 illos
3499 2474 3634 2532 falso

2033 2569 2527 2644 reprehendebant.

2109 2658 2224 2719 Non
2257 2662 2476 2719 ﬁctitios
2506 2659 2772 2733 siquidem
2803 2660 2953 2729 deos,
2988 2660 3127 2717 sicut
3164 2659 3262 2729 illi,
3303 2659 3504 2725 colunt,
3538 2658 3635 2716 sed

2034 2774 2221 2815 verum
2268 2760 2594 2828 unicumque
2638 2757 2825 2821 Deum,
2874 2771 3033 2826 quem
3081 2768 3269 2809 omnes
3324 2750 3637 2809 naturaliter

2039 2854 2424 2922 cognoscunt,
2490 2860 2554 2904 ac
2623 2855 2894 2904 verentur.
2973 2845 3263 2902 Christiani
3333 2846 3494 2919 igitur
3567 2847 3638 2904 ad

2035 2942 2196 2998 alium
2243 2939 2527 2998 colendum
2577 2939 2695 3010 cogi
2744 2954 2852 2995 non
2899 2938 3128 3005 debent;
3177 2938 3392 3011 quando
3417 2939 3634 3011 quidem

338 3039 526 3096 Postea
557 3039 823 3112 Rigaltius
849 3038 972 3093 illos
997 3052 1118 3093 cum
1163 3037 1286 3091 aliis
1322 3033 1637 3091 Tertulliani
1680 3034 1935 3105 operibus
2034 3036 2312 3108 religionis
2357 3040 2462 3091 non
2509 3044 2590 3091 est
2619 3048 2811 3105 cogere
2856 3031 3193 3103 religionem.
3244 3030 3430 3105 Neque
3469 3034 3634 3089 etiam

338 3132 650 3204 divulgavit,
677 3146 814 3203 quos
834 3130 1139 3201 septuagies
1164 3128 1333 3187 octies
1357 3141 1418 3182 se
1447 3126 1751 3184 correxisse
1779 3139 1933 3181 asses
2037 3131 2359 3204 quicumque
2387 3129 2656 3200 finguntur
2680 3128 2778 3196 dii,
2807 3136 3032 3198 possunt
3069 3128 3137 3183 ab
3160 3127 3339 3184 invitis
3374 3127 3638 3185 sacriﬁcia

338 3236 508 3281 verat.
534 3225 639 3280 Sed
661 3231 871 3295 gratum
898 3220 1141 3292 profecto
1168 3220 1324 3277 nobis
1354 3214 1591 3284 fecisset,
1616 3217 1661 3272 si
1688 3218 1935 3289 dignatus
1960 3226 2005 3290 (ἶ,
2039 3223 2368 3280 desiderare.
2401 3220 2696 3292 [inpietatis
2726 3221 2905 3292 itaque
2933 3229 3025 3275 aut
3053 3220 3338 3293 sacrilegii,
3366 3230 3457 3276 aut
3483 3218 3634 3290 furti,

339 3315 532 3372 fuisset
557 3315 740 3370 dicere
759 3314 901 3370 unde
928 3313 1024 3369 bas
1044 3326 1233 3369 omnes
1259 3314 1623 3370 correctiones
1647 3310 1934 3380 acceperit.

341 3407 557 3465 Etenim
588 3408 707 3462 illas
733 3420 838 3461 non
865 3405 1123 3462 delibavit
1147 3420 1215 3461 ex
1242 3405 1403 3459 unico
1433 3401 1700 3474 Agobardi
1728 3401 1936 3469 codice,

340 3498 743 3571 quem,0ptima
762 3497 864 3553 fide
889 3512 918 3553 a
944 3496 1275 3554 Gothofredo
1297 3496 1435 3568 typis
1455 3509 1730 3561 exeusum,
1761 3493 1942 3566 Rigal-

344 3593 453 3649 tius
485 3607 755 3664 nunquam
777 3591 967 3663 legisse
984 3591 1214 3648 videtur.
1234 3590 1368 3645 Nam
1395 3599 1450 3645 ut
1474 3589 1625 3661 plura
1643 3596 1936 3657 taceamus,

343 3688 484 3744 inter
524 3690 638 3744 haec
678 3687 857 3754 verba,
905 3702 998 3743 suo
1026 3687 1245 3740 amatori
1283 3685 1424 3755 apud
1450 3698 1556 3752 vos,
1592 3683 1685 3740 ille
1710 3694 1941 3739 vacuum

343 3779 501 3836 sicuti
528 3778 890 3836 Gothofredus
915 3779 1148 3849 spatium
1178 3777 1396 3848 reliquit
1435 3785 1689 3848 tanquam
1740 3772 1942 3848 aliquid

346 3870 557 3928 deesset
597 3870 839 3941 (Tertull.
886 3869 976 3925 tib.
1006 3868 1071 3925 ll.
1102 3871 1171 3924 ad
1208 3856 1534 3940 Nai.,‘cap.
1600 3868 1714 3940 t0).
1770 3869 1841 3923 At
1887 3868 1943 3923 in

346 3965 709 4036 manuscripto
768 3963 957 4020 codice
1008 3962 1138 4018 nihil
1192 3963 1388 4031 deest,
1463 3972 1519 4018 et
1579 3962 1758 4017 omnia
1814 3974 1944 4017 sana

346 4063 507 4127 atque
534 4055 746 4127 integra
776 4064 919 4111 sunt.
951 4053 1068 4109 Non
1101 4053 1242 4109 hunc
1269 4048 1431 4124 igitur
1458 4052 1701 4109 codicem
1733 4052 1944 4123 perlusd

349 4134 529 4217 trivit,
559 4149 659 4207 sed
687 4149 862 4206 solam
892 4146 1133 4219 ejusdem
1168 4145 1484 4204 Gothofredi
1523 4145 1835 4203 editionem.
1866 4145 1946 4201 Ex

351 4238 510 4312 hujus
534 4242 714 4312 itaque
744 4240 1093 4311 eonjecturis,
1140 4254 1274 4310 quas
1312 4240 1365 4295 in
1392 4239 1536 4295 notis
1557 4240 1671 4295 suis
1698 4238 1948 4297 consulto

351 4331 640 4404 adiecerat,
668 4333 767 4389 has
798 4320 1081 4404 Rigaltius,
1113 4347 1247 4403 quas
1267 4340 1442 4399 vocat,
1474 4330 1651 4387 hausit
1687 4331 1947 4388 emenda-

348 4425 543 4494 tiones,
595 4440 794 4496 easque
848 4434 905 4481 et
958 4425 1092 4480 alias
1135 4424 1315 4495 plures
1362 4436 1393 4478 a
1433 4436 1514 4489 se,
1541 4424 1627 4479 vel
1673 4423 1831 4492 bene,
1864 4423 1951 4480 vel

348 4519 705 4590 saepiusmale
727 4519 1076 4590 excogitatas,
1097 4517 1151 4572 in
1176 4525 1376 4572 textum
1396 4517 1654 4571 horumce
1670 4516 1948 4585 librorum,

2040 3327 2131 3373 aut
2172 3314 2453 3371 seditionis
2490 3312 2821 3380 Christiani,
2869 3311 3002 3369 deos
3052 3312 3232 3369 colere
3284 3321 3637 3384 recusantes,

2041 3408 2201 3481 plane
2246 3406 2518 3463 immerito
2572 3388 2914 3462 accusantur.
2971 3388 3188 3461 Ethnici
3240 3419 3370 3461 vero
3419 3405 3636 3478 impune

2040 3502 2334 3575 Spoliantes
2378 3501 2600 3556 deorum
2631 3514 2850 3555 suorum
2898 3498 3095 3571 templa
3124 3497 3245 3556 illos
3285 3507 3641 3559 contemnunt

2042 3610 2105 3653 ac
2133 3594 2400 3652 derident.

2115 3688 2252 3758 Quid
2277 3701 2429 3754 vero,
2460 3684 2603 3760 quod
2632 3686 2685 3741 hi
2712 3685 2811 3742 soli
2840 3686 2892 3741 in
2921 3682 3241 3758 Albinianis,
3268 3686 3558 3761 Nigrianis,
3583 3697 3640 3746 et

2044 3782 2317 3839 Cassianis
2343 3780 2700 3838 seditionibus
2724 3795 2790 3836 eo
2828 3780 2945 3851 ipso
2975 3772 3220 3853 tempore
3263 3784 3463 3855 reperti
3493 3792 3638 3854 sunt,

2046 3875 2136 3948 qui
2169 3891 2263 3946 per
2303 3872 2692 3945 imperatorum
2714 3873 2968 3946 jurabant
3007 3875 3215 3947 genios,
3245 3884 3299 3932 et
3325 3891 3424 3949 pro
3452 3893 3640 3935 eorum

2046 3963 2218 4023 salute
2245 3962 2596 4022 immolabant
2627 3965 2851 4031 hostias,
2881 3976 2935 4022 et
2963 3966 3224 4023 sacrificia
3254 3966 3538 4026 faciebant.
3571 3968 3642 4025 At

2047 4059 2335 4117 Christiani
2366 4061 2565 4117 nullius
2593 4060 2752 4131 plane
2783 4059 2966 4116 hostes
3007 4070 3153 4128 sunt,
3190 4061 3387 4117 nedum
3414 4062 3647 4135 impera-

2050 4155 2201 4220 turis,
2233 4166 2388 4225 quem
2418 4171 2448 4210 a
2478 4154 2587 4210 Deo
2607 4155 2958 4209 constitutum
2988 4155 3187 4216 sciunt.
3219 4164 3275 4212 et
3300 4156 3502 4213 ideirco
3529 4158 3645 4212 sin-

2050 4258 2176 4304 cere
2206 4246 2494 4315 honorant,
2522 4248 2816 4318 voluntque
2863 4261 2983 4301 cum
3015 4255 3125 4303 toto
3150 4248 3395 4307 Romano
3423 4253 3650 4325 imperio

2052 4340 2258 4396 salvum
2280 4353 2401 4396 esse
2421 4347 2475 4394 et
2498 4339 2842 4395 incolumem.
2859 4337 2975 4395 Non
2996 4341 3278 4412 gentilium
3301 4353 3478 4401 tamen
3496 4356 3650 4402 more

2054 4431 2203 4487 illum
2252 4439 2597 4498 venerantur,
2647 4440 2897 4501 tanquam
2950 4432 3147 4503 deum,
3196 4435 3291 4494 sed
3332 4438 3457 4508 quia
3502 4436 3652 4493 falsis

2055 4518 2307 4579 omnibus
2351 4520 2455 4577 diis
2502 4531 2587 4578 est
2630 4524 2822 4592 major,
2870 4525 3154 4597 minorque
3195 4526 3311 4583 solo
3340 4544 3471 4585 vero
3509 4528 3646 4600 Deo,

350 4609 580 4683 perinde
604 4624 668 4665 ac
712 4611 757 4665 si
784 4611 863 4666 sui
899 4618 1103 4677 essent,
1151 4609 1406 4664 audacter
1450 4608 1685 4663 intrusit.
1718 4607 2029 4683 Longiusl)
2056 4628 2213 4687 quem
2269 4613 2470 4670 idcirco
2514 4628 2614 4685 pro
2658 4614 2802 4670 illius
2849 4614 3022 4672 salute
3064 4617 3375 4688 quotidiano
3421 4635 3645 4691 precum

350 4716 486 4761 sane
508 4702 643 4757 foret
656 4701 774 4757 illas
789 4712 974 4757 omnes
988 4701 1077 4756 hic
1088 4698 1509 4771 exhibere,quas
1523 4712 1660 4755 unus
1670 4715 1735 4755 ex
1752 4701 1953 4757 nostris

352 4808 480 4850 cum
506 4807 647 4850 nova
689 4807 913 4864 operum
941 4791 1258 4848 Tertulliani
1288 4791 1526 4847 editione
1562 4800 1952 4862 repraesentare

354 4886 500 4944 serio
524 4887 831 4944 meditatur.
861 4887 1051 4943 Plures
1079 4896 1277 4953 tamen,
1311 4898 1431 4955 quae
1452 4887 1671 4956 majoris
1692 4886 1954 4942 momenti

353 4992 500 5049 sunt,
526 4982 900 5054 opportuniori
919 4978 1045 5038 loco
1070 4981 1210 5037 infra
1232 4978 1558 5037 notabimus.
1588 4981 1662 5036 De
1684 4988 1952 5051 postrema

354 5074 572 5132 tandem
600 5075 793 5131 horum
818 5074 1081 5131 librorum
1101 5073 1359 5142 editione,
1437 5073 1644 5130 Priorio
1671 5072 1951 5142 adornata,

357 5166 488 5223 nihil
515 5169 669 5224 nobis
696 5167 930 5239 amplius
958 5166 1244 5222 dicendum
1272 5167 1545 5238 suppetit;
1593 5165 1807 5236 quando
1833 5166 1954 5236 qui-

356 5258 479 5315 dem
509 5259 600 5315 ille
625 5260 988 5333 Rigaltianam
1014 5263 1144 5316 ams
1165 5261 1320 5319 «68¢:
1347 5268 1564 5314 secutus
1591 5269 1696 5314 est.

431 5350 612 5406 Athis
634 5366 819 5423 porro,
863 5366 999 5423 quos
1041 5350 1257 5406 illorum
1287 5350 1357 5404 ad
1400 5348 1652 5406 Nationes
1697 5348 1959 5407 librorum

357 5443 688 5502 editionibus
711 5444 1002 5517 praefectos
1027 5443 1473 5509 memoravimus,
1505 5443 1721 5513 scriptas
1749 5450 1875 5496 sunt
1903 5441 1959 5497 in

358 5536 480 5594 illos
503 5550 645 5595 nota:
669 5550 723 5595 et
743 5538 1171 5595 observationes.
1197 5534 1561 5592 Gothofredus
1580 5543 1757 5589 autem
1779 5535 1959 5604 plures

360 5644 521 5700 quam
547 5629 640 5686 alii
661 5629 851 5696 edidit,
874 5628 1069 5701 quibus
1098 5627 1295 5685 menda
1334 5626 1534 5681 librarii
1564 5635 1621 5681 et
1645 5625 1964 5682 Tertulliani

360 5721 551 5787 verba,
581 5724 793 5781 tunetsi
829 5722 1152 5795 quandoque
1180 5736 1285 5777 non
1318 5719 1453 5776 adeo
1491 5718 1741 5787 obscura,
1776 5719 1964 5791 expla-

362 5824 521 5882 mro,
546 5822 643 5872 aut
654 5813 922 5874 similibus
942 5812 1113 5886 ipsius
1126 5818 1183 5872 et
1201 5814 1434 5873 aliorum
1457 5809 1619 5873 dictis
1640 5810 1965 5873 conﬁrmare

2056 4706 2321 4764 sacriﬁcio
2351 4706 2894 4764 exorant.'C:cterum
2926 4712 3136 4767 tametsi
3182 4713 3411 4769 maxima
3446 4715 3518 4769 sit
3556 4728 3655 4771 eo-

2056 4799 2299 4857 rumdem
2321 4798 2745 4858 Christianorum
2768 4798 3073 4871 multitudo,
3097 4804 3291 4876 singuli
3308 4807 3658 4867 nihilominus

2055 4893 2143 4948 vix
2170 4894 2326 4948 aliter
2364 4903 2747 4963 agnoscuntur,
2797 4910 2956 4967 quam
2987 4895 3269 4967 modestia,
3320 4900 3533 4957 silentio
3585 4917 3650 4960 ac

2059 4986 2409 5058 pristinorum
2443 4985 2692 5042 vitiorum
2720 4988 3094 5046 emendatione
3117 4991 3258 5063 (cap.
3287 4988 3364 5064 2).

2129 5072 2238 5135 Nec
2273 5078 2511 5151 inquieto
2538 5087 2633 5135 aut
2671 5079 2970 5151 impatienti
3001 5083 3179 5139 animo
3204 5081 3435 5155 irrogata
3461 5085 3563 5143 sibi
3590 5086 3659 5144 ab

2060 5170 2289 5230 ethnicis
2316 5214 2330 5239 ,
2386 5172 2461 5227 ait
2528 5170 2905 5240 Tertullianus,
2956 5171 3134 5231 ferunt
3175 5176 3435 5248 supplicia
3460 5220 3476 5247 ,
3518 5194 3656 5249 quo-

2060 5278 2179 5321 rum
2211 5280 2242 5321 a
2294 5260 2405 5320 Deo
2428 5272 2747 5335 exspectant
2776 5264 3054 5323 ultionem.
3104 5268 3210 5324 Sed
3256 5269 3439 5327 dolent
3478 5272 3660 5344 utique

2053 5356 2167 5428 jam
2209 5357 2488 5428 prmmissa
2527 5356 2691 5412 fuisse
2736 5356 2877 5415 illius
2916 5359 3028 5429 jam
3068 5360 3396 5419 imminentis
3442 5363 3660 5432 indicia,

2064 5460 2269 5503 messes
2295 5448 2568 5515 nimirum,
2616 5446 2891 5505 llilariano
2918 5465 3088 5520 nuper
3119 5454 3366 5524 prteside,
3412 5456 3660 5524 amissas,

2065 5540 2262 5595 nimios
2311 5550 2367 5596 et
2415 5539 2823 5611 intempestivos
2875 5542 3107 5613 imbres,
3159 5544 3308 5617 ignes
3360 5556 3655 5604 nocturnos

2065 5647 2229 5704 seper
2247 5630 2583 5704 Carthaginis
2602 5629 2796 5688 mmnia
2819 5634 3134 5706 pendentes,
3157 5641 3387 5696 tonitrua
3416 5641 3651 5711 insolita,

2066 5730 2227 5794 atque
2282 5720 2761 5781 extraordinariam
2823 5736 3044 5797 prorsus
3101 5732 3230 5787 solis
3280 5731 3660 5791 defectionem.

2067 5812 2327 5886 Vigellius
2350 5824 2480 5874 vero
2504 5810 2844 5887 Saturninus,
2869 5816 2961 5892 qui
2986 5818 3189 5893 primus
3214 5821 3268 5882 in
3291 5822 3469 5884 Africa
3493 5823 3665 5885 chris-
