4198 6260
586 319 694 376 775

1624 311 1693 370 IN
1728 307 2192 369 TERTULLIANI
2229 307 2764 368 APOLOGETICUM

3771 307 3883 369 77B

585 441 762 498 tianos
805 433 1032 493 intertlci
1071 433 1329 502 iusserat,
1373 427 1650 484 oculorum
1698 428 1902 484 lumine
1943 429 2182 499 privatus
2208 426 2260 487 A
2287 428 2577 497 patiamur,
2625 425 2714 480 hic
2741 434 2867 480 tunc
2891 424 3170 482 veritatem
3214 422 3512 499 cognoscit,
3559 431 3619 483 et
3665 421 3881 481 illorum

587 545 691 590 est.
739 532 793 586 In
821 526 1152 600 Cappadocia
1181 537 1392 595 quoque
1435 522 1757 578 Claudianus
1805 523 2183 579 llerminianus

590 637 740 698 peste
775 617 1561 700 vermibusque(clmllientibus
1603 617 1756 686 obiit,
1805 617 2015 673 etiamsi
2062 631 2183 672 sera

583 718 748 774 nimis
814 712 1124 786 pmnitentia
1175 710 1500 766 christianos
1563 725 1700 781 pene
1753 708 1922 766 factus
1975 709 2181 764 fuisset.

589 809 830 878 Denique
854 806 1100 864 Caecilius
1125 804 1342 875 Capella
1369 817 1491 857 cum
1526 803 1580 857 in
1605 803 1742 857 exitu
1769 803 1880 858 sive
1909 802 2072 858 exitio
2089 801 2186 873 By-

593 901 807 958 zantino
823 897 1141 955 Christianis
1172 893 1476 950 insultando
1506 893 1858 949 exclamasset
1893 912 1906 948 :
1934 891 2180 958 Gaudete,

587 992 933 1064 impudentiae
963 987 1403 1058 crudelitatisque
1435 1001 1546 1042 sua:
1578 999 1765 1056 poenas
1792 985 1974 1040 solvit.
2009 983 2064 1038 Si
2093 983 2182 1053 qui

587 1099 717 1140 vero
761 1080 1027 1153 ejusmodi
1078 1079 1334 1151 praisides
1384 1078 1601 1148 impune
1639 1084 1947 1143 evaserunt,
1996 1075 2185 1130 ultimo

593 1177 690 1234 Dei
726 1173 929 1246 judicio
975 1173 1285 1245 punientur.
1315 1169 1560 1239 Scapulae
1590 1183 1741 1239 ergo,
1787 1167 1962 1237 inquit
1999 1176 2187 1221 auctor

589 1277 794 1332 noster,
817 1267 938 1323 ideo
964 1274 1080 1322 erat
1121 1263 1416 1320 timendum
1439 1305 1454 1331 ,
1485 1262 1607 1332 quia
1636 1261 2040 1316 Adrumeticum
2072 1259 2184 1314 Ma-

593 1363 776 1418 villum
799 1361 956 1432 paulo
971 1368 1096 1415 ante
1123 1358 1250 1414 illud
1269 1356 1493 1413 exitium
1512 1355 1866 1426 Byzantinum
1894 1352 1962 1408 ad
1987 1352 2186 1408 bestias

591 1457 941 1516 damnaverat
967 1453 1108 1529 (cap.
1141 1451 1220 1524 5).

662 1549 814 1608 Serio
833 1558 1008 1604 tamen
1035 1547 1181 1602 illum
1202 1544 1455 1600 admonet
1473 1545 1589 1597 hanc
1611 1556 1640 1595 a
1667 1556 1726 1596 se
1772 1538 2186 1594 commemorari

593 1657 703 1701 non
728 1649 1006 1712 propterea
1031 1637 1246 1708 quidem
1277 1634 1420 1706 quod
1439 1635 1553 1704 ipse
1579 1631 1780 1702 aliquid
1807 1629 2076 1698 formidet,
2096 1639 2186 1684 aut

594 1745 657 1791 ut
684 1734 931 1791 eumdem
975 1729 1259 1800 Scapulam
1291 1735 1489 1782 terreat
1517 1742 1532 1791 ;
1565 1723 1659 1779 sed
1691 1723 1816 1794 quia
1845 1723 1954 1776 vult
1997 1735 2188 1777 omnes

2285 518 2628 590 amplectitur
2656 517 2970 590 religionem
2994 517 3130 591 (cap.
3158 518 3238 589 4).

2887 643 3176 693 Αῐιτιευιυε
3213 653 3271 693 ιι.

2290 747 2589 803 Ostenditur
2632 747 3013 805 Tertulliauum
3065 751 3221 823 hujus
3264 751 3380 807 libri
3426 768 3533 808 esse
3577 751 3882 820 auctorem;

2358 843 2539 912 quibus
2603 842 2887 898 rationibus
2925 843 2995 896 ad
3033 842 3183 898 illum
3233 855 3345 913 post
3389 843 3791 916 Apologeticum
3837 857 3886 901 et

2359 932 2514 986 libros
2559 933 2626 987 ad
2663 933 2920 990 Nationes
2964 935 3216 990 edendum
3251 934 3502 1006 impulsus
3544 937 3739 1006 fuerit;
3787 954 3886 1007 quo

2359 1035 2582 1095 tempore
2620 1027 2766 1082 illum
2804 1029 3081 1099 scripserit,
3123 1045 3185 1082 ac
3233 1028 3297 1082 de
3334 1027 3636 1098 quibusdam
3673 1029 3886 1086 ethnicis

2361 1119 2747 1188 proconsulibus
2795 1137 2856 1174 ac
2897 1121 3175 1192 praefectis,
3217 1121 3304 1192 qui
3355 1130 3444 1175 aut
3490 1121 3748 1177 crudelius
3794 1133 3888 1178 aut

2359 1211 2528 1266 mitius
2553 1228 2670 1266 cum
2695 1211 2998 1269 Christianis
3027 1224 3258 1286 egerunt.

2359 1344 2561 1400 Omnes
2598 1361 2790 1417 magno
2819 1362 2951 1404 sane
2994 1349 3337 1422 unanimique
3358 1366 3626 1409 consensu
3655 1352 3888 1411 fatentur

2289 1436 2676 1496 Tertullianum
2697 1440 2854 1511 hujus
2877 1440 2998 1497 libri
3017 1458 3204 1497 verum
3224 1458 3344 1500 esse
3363 1455 3662 1515 parentem.
3688 1445 3888 1517 Ecquis

2289 1545 2418 1586 vero
2466 1530 2520 1586 id
2559 1547 2758 1604 negare
2803 1533 3018 1601 audeat,
3075 1535 3221 1606 quod
3266 1536 3490 1606 ipsemet
3540 1537 3694 1606 liber,
3744 1546 3888 1596 totus

2289 1632 2522 1693 quantus
2551 1632 2655 1687 est,
2679 1623 2856 1695 palam
2878 1627 3203 1681 attestatur?
3231 1625 3362 1682 Nam
3389 1627 3530 1684 idem
3560 1629 3612 1684 in
3639 1644 3704 1685 co
3727 1638 3887 1700 atque

2291 1713 2345 1768 in
2382 1715 2710 1785 Apologetico
2757 1725 2813 1772 et
2839 1717 2909 1770 ad
2959 1715 3209 1774 Nationes
3247 1719 3399 1776 libris
3445 1720 3656 1777 dicendi
3697 1737 3886 1794 genus,

593 1827 772 1886 salvos
842 1824 981 1882 ﬁeri.
1049 1823 1384 1892 Quapropter
1462 1817 1611 1873 illum
1697 1815 2012 1870 adhortatur
2045 1857 2060 1882 ,
2133 1827 2186 1871 ut
2217 1824 2266 1884 Β
2293 1804 2494 1860 eaedem
2523 1806 2817 1875 peculiares
2861 1822 2925 1863 ac
2966 1806 3302 1866 Tertulliano
3342 1812 3576 1882 pr0pria:
3604 1811 3888 1882 dictiones,

593 1935 800 1978 morem
827 1927 977 1989 gerat
1001 1916 1226 1988 legibus,
1251 1927 1371 1984 qua:
1401 1910 1604 1966 nullum
1633 1908 1808 1974 reum,
1838 1907 1939 1962 nisi
1962 1907 2186 1962 erimina

594 2012 921 2078 confessum,
955 2019 1046 2063 aut
1083 2022 1268 2063 eorum
1297 2003 1600 2060 convictum
1635 2000 1796 2071 plecti
1845 1998 2182 2069 prmcipiunt.

597 2103 860 2173 Exempla
881 2100 1075 2156 deinde
1101 2102 1151 2156 ei
1187 2097 1439 2170 proponit
1463 2094 1628 2150 Cincii
1661 2091 1870 2158 Severi,
1903 2089 2187 2160 Vespronii

592 2194 839 2259 Candidi,
865 2191 1079 2263 Asperi,
1103 2190 1381 2255 Pudentis,
1406 2186 1496 2258 qui
1525 2185 1839 2240 innocentes
1854 2180 2190 2237 Christianos

594 2286 954 2342 condemnare
983 2283 1285 2338 noluerant.
1310 2277 1592 2347 Quomodo
1620 2283 1799 2330 autem
1828 2273 1927 2328 hos
1956 2273 2190 2328 imitare-

597 2388 703 2444 tur,
727 2390 1012 2448 suggerere
1041 2375 1090 2429 ei
1120 2382 1365 2444 poterant
1394 2369 1657 2434 advocati,
1688 2367 1880 2438 quibus
1900 2365 2190 2422 Christiani

595 2488 701 2528 non
737 2471 955 2525 minima
982 2483 1111 2523 sane
1148 2464 1408 2521 beneficia
1448 2459 1812 2518 contulerant.
1852 2458 1970 2514 Non
2015 2457 2188 2513 solum

596 2566 740 2622 enim
770 2565 1044 2634 ejecerant
1069 2557 1331 2615 daemonia
1357 2571 1423 2611 ex
1464 2556 1680 2610 illorum
1724 2553 1955 2618 notario,
2004 2563 2058 2607 et
2085 2551 2191 2606 alio

595 2674 784 2715 eorum
809 2655 1112 2728 propinquo
1146 2670 1159 2706 :
1199 2651 1293 2707 sed
1337 2649 1471 2705 alios
1513 2647 1675 2704 etiam
1707 2645 1913 2702 morbis
1957 2643 2191 2701 afﬂictos

595 2749 912 2809 mirabiliter
940 2752 1282 2802 sanaverant.

669 2842 806 2910 Quin
829 2845 990 2896 etiam
1019 2840 1253 2894 Severus
1274 2838 1590 2906 imperator,
1615 2831 1872 2888 Antonini
1899 2831 2193 2888 christiano

595 2933 735 2989 lacte
762 2932 971 2988 educati
996 2941 1164 3000 pater,
1191 2944 1311 2982 cum
1337 2928 1464 2982 olim
1487 2926 1736 2980 similiter
1764 2933 1985 2996 sanatus
2010 2922 2196 2978 fuisset

593 3025 736 3090 oleo,
763 3022 908 3095 quod
939 3022 1196 3078 Proculus
1221 3019 1520 3090 Torpacion
1551 3016 1898 3084 Christianus,
1933 3014 2195 3072 Euhodiae

594 3127 928 3193 procurator,
953 3116 1191 3180 dederat,
1217 3130 1320 3170 non
1349 3114 1508 3169 modo
1528 3128 1648 3168 eum
1676 3111 1742 3167 ad
1771 3119 2000 3167 mortem
2023 3123 2194 3180 usque

2293 1895 2479 1950 eadem
2510 1897 2672 1952 verba
2699 1899 3016 1970 singularia,
3047 1901 3252 1957 eaedem
3281 1903 3600 1976 plerumque
3625 1905 3678 1960 in
3703 1903 3891 1962 Chris-

2293 1989 2558 2045 tianorum
2587 1990 2847 2047 adversus
2869 1993 3119 2050 ethnicos
3143 1994 3514 2052 defensionem
3539 2008 3884 2070 argumenta-

2291 2083 2486 2140 tiones.
2514 2085 2983 2152 Quemadmodum
3008 2090 3169 2144 etiam
3200 2091 3564 2163 Apologeticus
3598 2101 3652 2149 et
3671 2093 3788 2148 libri
3824 2095 3893 2148 ad
3921 2159 3940 2168 _

2293 2174 2545 2234 Nationes
2567 2188 2659 2234 aut
2688 2180 2940 2237 omnibus
2965 2183 3200 2239 ethnicis
3228 2194 3322 2238 aut
3348 2200 3534 2240 eorum
3579 2186 3894 2256 praesidibus

2294 2269 2447 2322 missi
2474 2281 2617 2336 sunt,
2647 2272 2718 2326 ita
2764 2271 2923 2342 plane
2950 2283 3164 2330 constat
3211 2276 3354 2332 hunc
3396 2277 3590 2333 librum
3630 2279 3895 2335 directum

2293 2359 2459 2436 fuisse
2471 2363 2736 2434 Scapulte,
2755 2364 3097 2437 Carthaginis
3116 2369 3385 2440 totiusque
3407 2370 3602 2426 Africae
3621 2371 3894 2442 pra~fecto,

2293 2468 2454 2524 quem
2488 2453 2850 2513 Tertullianus
2896 2474 2925 2511 a
2970 2457 3292 2516 Christianis
3332 2461 3486 2531 plane
3526 2463 3898 2520 innocentibus

2294 2549 2607 2616 torquendis
2633 2559 2688 2604 et
2711 2549 3045 2606 trucidandis
3068 2567 3298 2610 avocare
3327 2565 3550 2610 conatus
3578 2566 3682 2610 est.

2366 2639 2473 2695 Sed
2515 2640 2644 2712 quid
2693 2640 3060 2709 Tertulliano,
3115 2645 3323 2716 inquiet
3370 2646 3594 2716 aliquis,
3660 2661 3900 2705 necesse
3985 2630 3988 2631 ν

2293 2741 2408 2790 erat
2434 2734 2595 2789 aliam
2619 2735 2876 2790 adversus
2897 2737 3125 2807 gentiles
3169 2748 3221 2792 et
3274 2753 3369 2808 pro
3399 2739 3718 2795 ChriStianis
3758 2756 3903 2810 pra:-

2293 2833 2378 2881 tcr
2403 2826 2795 2898 Apologeticum
2823 2837 2878 2883 et
2905 2828 3071 2883 libros
3105 2830 3172 2882 ad
3203 2828 3462 2887 Nationes
3489 2831 3902 2887 commentatio-

2295 2934 2422 2975 nem
2451 2933 2545 2975 aut
2571 2919 2765 2976 librum
2798 2921 3082 2978 scribere?
3113 2923 3396 2989 Immanis,
3429 2923 3734 2994 inquimus,
3764 2925 3899 2982 Sca-

2296 3012 2434 3082 pula:
2455 3053 2471 3078 ,
2513 3011 2706 3068 Africa:
2746 3013 3014 3084 prtesidis,
3073 3014 3126 3068 in
3159 3014 3491 3069 Christianos
3517 3017 3722 3070 smvitia
3754 3017 3898 3071 illum

2297 3106 2364 3160 ad
2397 3105 2538 3161 hunc
2560 3121 2668 3162 non
2690 3106 2908 3176 quidem
2941 3105 3138 3161 librum
3166 3149 3180 3171 ,
3207 3105 3303 3162 sed
3330 3107 3568 3161 libellum
3587 3108 3897 3179 supplicem

594 3216 650 3272 in
682 3214 874 3286 palatio
903 3229 1002 3268 suo
1031 3208 1375 3276 retinuit,sed
1399 3208 1710 3262 clarissimas
1743 3207 1976 3279 {ruminas
2006 3212 2053 3258 et
2078 3202 2190 3257 cla-
2219 3213 2263 3276 ρ
2297 3198 2636 3255 oﬂ'erendum
2683 3199 2963 3270 compulit.
2995 3198 3248 3268 Quamvis
3288 3203 3431 3256 enim
3459 3199 3718 3264 Severus,
3748 3217 3893 3258 anno

593 3306 823 3362 rissimos
851 3305 1015 3370 viros,
1045 3301 1351 3358 christiana:
1381 3299 1656 3370 religionis
1683 3297 1866 3354 itidem
1897 3305 2193 3353 sectatores

594 3413 867 3471 nunquam
934 3399 1102 3462 laesit,
1149 3395 1453 3464 restititqne
1506 3391 1704 3464 populo
1757 3391 1811 3446 in
1857 3390 2194 3446 Christianos

593 3495 769 3566 palam
789 3493 1005 3549 furenti.
1032 3490 1243 3547 Marcus
1272 3473 1483 3561 quoque
1512 3487 1760 3542 Aurelius
1788 3487 1840 3540 in
1866 3483 2194 3541 Germanica

596 3584 939 3656 expeditione
969 3583 1220 3650 imbrem,
1254 3580 1512 3637 exercitui
1541 3593 1638 3633 suo
1669 3576 1884 3648 penitus
1937 3588 2194 3632 necessa-

596 3679 758 3748 rium,
788 3675 1096 3747 impetravit
1122 3675 1368 3747 precibus
1389 3671 1836 3737 Christianorum,
1854 3668 1952 3741 qui
1981 3674 2036 3724 ct
2059 3666 2195 3722 alios

597 3773 652 3832 in
679 3790 807 3832 casu
828 3773 987 3828 simili
1015 3769 1379 3827 obtinuerant.

612 3865 616 3870 ’
668 3869 806 3937 Quid
833 3881 960 3938 ergo
989 3863 1240 3934 iniquius,
1261 3876 1418 3933 quam
1437 3858 1630 3931 jubere
1655 3856 2008 3924 Christianos,
2029 3853 2196 3912 sedn-

597 3962 704 4018 lam
727 3959 1009 4017 virtutibus
1029 3955 1276 4012 omnibus
1303 3966 1522 4022 operam
1543 3959 1823 4017 navantes,
1851 3963 1956 4004 non
1988 3956 2195 4002 tantum

597 4053 793 4125 gladio,
819 4046 1269 4122 quemadmodum
1316 4061 1346 4100 a
1377 4044 1600 4116 legionis
1626 4054 1678 4098 et
1700 4041 2032 4096 Mauritania:
2062 4054 2199 4109 pra:-

598 4143 824 4213 sidibus,
849 4159 915 4199 ex
944 4152 1183 4198 veterum
1207 4141 1381 4212 legum
1407 4136 1723 4209 prmscripto
1741 4133 1908 4198 feriri,
1933 4131 2026 4187 sed
2050 4131 2199 4186 vivos

599 4238 760 4294 etiam
781 4234 1060 4292 comburi?
1088 4233 1286 4289 Verum
1320 4229 1681 4287 Tertullianus
1712 4226 1887 4298 palam
1919 4224 2199 4295 prolitetur

602 4329 719 4388 hace
734 4329 992 4401 supplicia
1018 4343 1047 4383 a
1062 4325 1384 4383 Christianis
1403 4322 1571 4394 magis
1598 4319 1792 4391 optari,
1809 4333 1966 4389 quam
1998 4314 2195 4370 timeri.

601 4421 732 4479 Cum
755 4423 897 4478 enim
922 4421 1110 4476 Arrius
1139 4419 1440 4473 Antoninus
1470 4415 1523 4469 in
1545 4429 1640 4470 eos
1671 4410 1942 4468 crudelius
1963 4407 2196 4472 Stevirct,

601 4518 855 4573 omnibus
879 4517 934 4572 in
963 4516 1104 4570 Asbe
1134 4513 1351 4570 civitate
1406 4525 1527 4566 sese
1567 4509 1641 4564 illi
1669 4508 1810 4563 ultro
1849 4501 2198 4561 offerentibus

2295 3290 2495 3348 Christi
2538 3291 2644 3347 193
2684 3292 2978 3362 imperator
3003 3290 3208 3360 factus,
3234 3307 3328 3363 per
3355 3293 3559 3363 primos
3587 3291 3791 3365 imperii
3813 3295 3897 3350 sui

2295 3398 2467 3439 annos
2515 3383 2758 3454 impcnze
2803 3383 2993 3440 faverit
3023 3381 3378 3450 Christianis;
3433 3395 3556 3456 post
3610 3374 3900 3444 difbellatos

2298 3485 2476 3533 tamen
2527 3476 2806 3542 Cassium,
2846 3475 3068 3547 Nigrum
3099 3488 3152 3531 et
3179 3477 3430 3532 Albinum
3487 3493 3550 3534 ac
3579 3488 3700 3549 post
3744 3495 3897 3534 suum

2297 3570 2596 3626 solemnem
2623 3585 2767 3626 anno
2797 3569 2899 3625 197
2947 3570 3000 3624 in
3063 3571 3250 3625 urbem
3291 3570 3516 3626 Romam
3561 3573 3897 3645 ingressum,

2297 3665 2478 3720 animo
2504 3665 2659 3735 plane
2687 3673 2922 3720 mutatus
2964 3672 3066 3719 est.
3120 3664 3256 3719 Tum
3307 3667 3451 3720 enim
3502 3669 3616 3736 ipso
3662 3667 3899 3735 primum

2298 3767 2605 3826 annuente,
2631 3767 2720 3812 aut
2759 3758 2948 3813 saltem
3007 3774 3111 3812 non
3160 3759 3471 3828 prohibente
3512 3757 3897 3814 recrudescere

2299 3854 2459 3923 cmpit
2491 3853 2605 3907 dira
2647 3852 2699 3906 in
2737 3850 3071 3906 Christianos
3111 3854 3431 3922 persecutio.
3474 3851 3660 3907 lratior
3697 3851 3900 3909 deinde

2300 3945 2471 4002 factus
2492 3987 2507 4011 ,
2537 3960 2726 4012 novas,
2750 3959 2892 4000 anno
2921 3943 3051 4011 202,
3083 3945 3134 3998 in
3160 3959 3254 4000 eos
3282 3943 3519 4000 condidit
3557 3943 3707 4013 leges
3725 3985 3740 4013 ,
3767 3960 3901 4016 qua-

2300 4053 2418 4094 rum
2445 4036 2795 4102 auctoritate,
2824 4035 2900 4088 ait
2941 4033 3206 4089 Eusebius
3227 4077 3242 4100 ,
3273 4035 3470 4106 ubique
3515 4035 3758 4091 locorum
3801 4050 3900 4105 per

2301 4131 2572 4188 Ecclesias
2623 4129 2787 4186 factaa
2807 4138 2935 4184 sunt
2974 4129 3251 4200 martyris.
3285 4129 3518 4183 Africam
3567 4127 3745 4200 itaque
3787 4117 3895 4185 non

2301 4239 2458 4281 secus
2488 4208 2645 4294 atque
2675 4222 2808 4279 alias
2841 4223 3143 4294 provincias
3173 4224 3218 4279 is
3243 4222 3632 4279 crudelissima:
3654 4226 3891 4280 vexatio-

2301 4317 2387 4374 nis
2429 4326 2592 4372 aestus
2618 4316 2873 4386 depastus
2913 4325 2996 4371 est
3023 4313 3235 4387 (Euseb.
3266 4315 3356 4370 lib.
3389 4315 3476 4371 Vl.
3523 4317 3701 4372 eccles.
3753 4315 3893 4373 Hist.

2301 4428 2419 4482 cap.
2445 4410 2502 4465 2.
2544 4427 2661 4482 pag.
2689 4409 2818 4465 20!.
2866 4408 3172 4480 Hieronym.
3205 4407 3440 4481 Catalog.
3493 4411 3737 4482 scriptor.
3768 4412 3890 4464 eccl.

2305 4503 2334 4578 ᾗ
2371 4504 2459 4560 54.
2485 4521 2602 4575 pag.
2634 4503 2780 4574 115).

601 4610 879 4681 respondit
907 4627 920 4664 :
945 4607 1007 4663 Si
1036 4605 1186 4660 vultis
1214 4605 1403 4676 perire,
1431 4600 1718 4673 pracipilia
1743 4607 1832 4652 aut
1861 4600 2006 4670 funes
2037 4592 2196 4666 habe-
2225 4611 2278 4670 D
2377 4598 2735 4654 Tertullianus
2760 4610 2888 4651 vero
2926 4595 2994 4652 de
3016 4594 3443 4653 Christianorum
3476 4599 3648 4653 salute
3685 4611 3900 4667 semper

602 4703 685 4758 tis.
705 4700 846 4770 Quid
869 4699 1028 4772 igitur
1053 4695 1280 4767 Scapula
1308 4693 1470 4750 faciet
1497 4689 1791 4754 innumeris
1813 4684 2199 4760 pronetnodum

602 4793 906 4850 christianis
926 4788 1445 4862 carthaginensibus,
1478 4784 1606 4857 quid
1634 4784 1713 4839 sui
1742 4782 1944 4837 ordinis
1967 4776 2199 4834 homini-

602 4884 724 4951 bus,
756 4887 882 4958 quid
917 4885 1233 4956 propinquis
1263 4891 1320 4938 et
1351 4879 1559 4944 amicis,
1593 4879 1681 4948 qui
1709 4885 1903 4946 sponte
1932 4887 2027 4928 sua
2080 4884 2200 4926 sese

602 4978 678 5036 illi
704 4978 976 5036 necandos
1002 4975 1273 5032 otl‘erent?
1303 4972 1664 5042 Quamobrem
1694 4968 1843 5023 illum
1874 4967 2117 5020 hortatur
2145 4973 2199 5017 ut

603 5080 789 5144 parcat
812 5069 1119 5139 Carthagini
1141 5075 1197 5122 et
1221 5065 1533 5136 provinciae,
1562 5077 1720 5132 quam
1769 5059 1996 5114 militum
2020 5064 2075 5112 et
2097 5056 2201 5110 ini-

604 5165 868 5220 micorum
906 5160 1349 5218 concussionibus
1387 5155 1672 5211 obnoxiam
1711 5153 1856 5209 fecit.
1892 5153 2034 5207 Deus
2054 5151 2198 5206 enim

602 5261 756 5314 solus
775 5267 855 5313 est
869 5255 1293 5312 Christianorum
1320 5249 1597 5320 magister,
1616 5248 1704 5318 qui
1729 5254 1850 5301 ante
1869 5245 2041 5316 ipsum
2061 5251 2198 5308 erat,

602 5365 705 5406 nec
741 5349 810 5404 ab
836 5347 1142 5403 hominibus
1181 5343 1308 5399 mali
1352 5340 1550 5412 aliquid
1592 5340 1700 5412 pati
1747 5347 1964 5410 potest;
2013 5344 2201 5391 contra

601 5457 732 5498 vero
780 5455 915 5513 quos
962 5438 1192 5511 Scapula
1237 5435 1524 5508 magistros
1563 5432 1746 5498 habet,
1781 5431 2026 5486 homines
2051 5437 2198 5494 sunt,

603 5533 891 5605 aliquando
919 5531 1186 5588 morituri.
1217 5529 1474 5601 Denique,
1507 5524 1764 5598 quidquid
1803 5523 1891 5580 ille
1913 5531 2056 5594 agat,
2090 5538 2195 5577 non

603 5628 816 5687 deficiet
835 5629 1262 5687 Christianorum
1291 5633 1459 5689 secta,
1488 5637 1607 5693 qua:
1636 5631 1747 5676 tum
1774 5621 1934 5677 etiam
1977 5617 2192 5682 crescit,

602 5738 725 5776 cum
763 5723 897 5777 caedi
943 5721 1171 5776 videtur.
1215 5716 1468 5787 Quisquis
1517 5730 1748 5785 namque
1801 5711 2092 5782 investigat
2143 5718 2197 5765 et

601 5813 843 5880 agnoscit
880 5829 977 5870 cur
1014 5814 1091 5871 illi
1132 5821 1240 5869 tam
1283 5818 1596 5867 constanter
1627 5807 1879 5880 quaelibet
1921 5812 2196 5864 tormenta

2308 4693 2567 4750 sollicitus
2592 4734 2606 4758 ,
2650 4701 2776 4747 ante
2817 4691 2972 4747 datas
3022 4691 3182 4747 hasce
3217 4691 3364 4762 leges
3423 4692 3804 4764 Apologeticum
3843 4700 3900 4768 es

2307 4787 2472 4842 libros
2521 4785 2588 4839 ad
2631 4783 2922 4850 Nationes,
2976 4785 3115 4840 sicut
3164 4784 3434 4852 diximus,
3485 4785 3895 4856 divulgaverat,

2302 4893 2529 4949 quorum
2579 4877 2808 4933 lectione
2866 4878 3013 4933 furor
3075 4876 3352 4949 gentilium
3407 4877 3458 4932 in
3523 4877 3896 4947 Christianos,

2301 4970 2708 5043 quarntumlibet
2735 4968 3092 5025 inﬂammatus
3110 5011 3124 5036 ,
3156 4971 3386 5027 debebat
3411 4971 3598 5042 procul
3620 4971 3784 5027 dubio
3816 4987 3902 5028 se-

2304 5061 2417 5117 dari
2446 5059 2658 5132 (Euseb.
2686 5061 2812 5116 ibid.
2841 5078 2958 5130 cap.
2993 5061 3033 5116 Ι.
3060 5079 3179 5134 pag.
3212 5062 3311 5118 201
3340 5062 3383 5135 ).
3413 5062 3520 5119 Sed
3558 5064 3703 5119 nulla
3747 5077 3904 5135 pror-

2304 5169 2398 5211 sus
2423 5153 2535 5209 solc
2556 5154 2717 5208 etiam
2753 5153 3050 5209 meridiano
3073 5155 3305 5211 clariora
3334 5156 3603 5212 rationum
3628 5167 3901 5212 momenta

2305 5257 2595 5318 potuerunt
2638 5246 2786 5302 illum
2821 5247 3190 5320 restinguere,
3223 5264 3323 5304 nec
3353 5249 3638 5320 prohibere
3684 5250 3902 5320 quomi-

2305 5355 2406 5395 nus
2458 5340 2806 5410 iniquissimis
2855 5341 3059 5411 legibus
3100 5356 3131 5396 a
3180 5340 3382 5397 Severo
3421 5341 3543 5397 latis
3607 5340 3903 5397 Christiani

2306 5435 2358 5488 in
2395 5433 2572 5489 Africa
2594 5432 3123 5490 excarniIiCarentur.
3154 5436 3515 5502 Quamobrem
3533 5435 3900 5490 Tertullianus

2306 5523 2446 5580 lnmc
2477 5524 2650 5580 adhuc
2679 5525 2972 5595 supplicem
3005 5525 3242 5580 libellum
3273 5525 3517 5596 Scapula:
3541 5568 3556 5592 ,
3582 5525 3727 5581 illius
3768 5541 3902 5597 pro-

2301 5617 2491 5674 vinciae
2535 5616 2868 5688 proconsuli,
2919 5616 3151 5686 obtulit,
3185 5633 3291 5690 quo
3316 5633 3439 5674 eum
3489 5628 3546 5675 et
3581 5617 3903 5690 gravissimo

2302 5718 2736 5791 argumentorum
2790 5709 3066 5780 pondere,
3115 5718 3170 5766 et
3212 5709 3524 5766 domesticis
3570 5709 3902 5766 illustribus-

2300 5818 2407 5875 que
2433 5802 2661 5862 aliorum
2705 5802 3042 5874 pmsulum,
3084 5810 3252 5880 (atque
3298 5801 3460 5864 etiam
3507 5803 3897 5876 imperatorum
