4198 6260
300 350 416 415 ⁸177

1440 351 1895 413 DISSERTATIO
1935 352 2001 410 D.
2042 352 2133 412 LE
2165 353 2475 416 NOURRY.

3511 329 3619 425 πε

302 471 572 546 exemplis
597 483 631 529 a
655 467 971 528 dlvexandis
995 468 1420 543 torquendisque
1441 468 1762 527 Christianis
1786 483 1917 527 avo-
1938 470 1994 530 A
2018 472 2251 529 versiam
2282 487 2403 529 esse
2425 472 2639 530 videtur
2656 473 2840 547 plures
2860 483 3017 531 antea
3034 473 3154 533 neci
3172 477 3335 535 fuisse
3362 477 3614 541 traditos.

309 575 479 623 caret.
536 600 544 615 ι

385 660 544 716 Plura
572 666 752 714 autem
777 656 865 714 hic
888 657 1026 714 liber
1046 657 1203 714 nobis
1231 657 1542 730 suppeditat
1570 667 1911 731 argumenta,

309 755 504 827 quibus
550 753 703 810 illum
748 763 871 825 post
920 763 1168 811 exortam
1227 755 1415 811 Severi
1472 756 1813 827 imperatoris
1858 755 1912 811 in

310 844 646 903 Christianos
710 847 1141 917 persecutionem
1208 847 1470 919 scriptum
1536 847 1707 903 fuisse
1781 845 1915 902 satis

312 946 500 1009 aperte
519 938 823 994 coniicitur.
850 936 1224 1007 Quorumdam
1251 940 1398 996 enim
1430 941 1502 997 ibi
1536 949 1913 1011 proponuntur

312 1032 556 1102 exempla
583 1031 873 1102 praesidum
893 1074 909 1101 ,
936 1032 1175 1104 quicum
1198 1048 1295 1104 per
1324 1032 1376 1089 id
1401 1041 1611 1104 tempus
1648 1032 1913 1090 Christia-

317 1138 417 1179 nos
481 1122 645 1179 variis
690 1124 973 1195 suppliciis
1014 1124 1359 1193 effecissent,
1420 1126 1915 1183 crudelitatissua:

316 1230 503 1286 ptenas
518 1215 629 1286 jam
656 1214 940 1272 dederant.
963 1216 1048 1272 Ab
1069 1216 1346 1273 Hilariano
1371 1227 1551 1274 autem
1591 1219 1670 1274 sic
1694 1218 1914 1275 Tertul-

315 1308 491 1366 lianus
519 1308 730 1366 orditur
759 1328 773 1365 :
817 1310 929 1366 Sub
962 1309 1241 1366 Hilariano
1266 1313 1501 1384 preside,
1532 1329 1650 1368 cum
1679 1313 1744 1368 de
1782 1314 1916 1369 areis

281 1468 284 1471 Α
315 1405 698 1474 sepulturarum
723 1412 1015 1460 nostrarum
1041 1404 1410 1460 acclamassent
1438 1406 1626 1462 :Arete
1650 1422 1753 1461 non
1786 1406 1912 1472 sint,

315 1514 453 1553 area:
503 1499 729 1571 ipsorum
781 1516 883 1554 non
937 1501 1173 1570 fuerunt;
1228 1514 1413 1555 messes
1471 1503 1605 1554 enim
1651 1514 1774 1553 suas
1813 1515 1917 1554 non

314 1601 527 1663 egerunt
577 1583 815 1661 (Tertula
867 1591 955 1646 lib.
1002 1591 1072 1646 ad
1117 1591 1334 1663 Scapul.
1384 1608 1504 1663 cap.
1559 1590 1637 1664 5).
1667 1592 1744 1648 lbi
1780 1608 1913 1649 vero

316 1682 461 1739 haud
505 1699 722 1755 prorsus
768 1683 948 1754 inepta
996 1684 1251 1740 antithesi
1314 1701 1489 1740 aream
1556 1686 1671 1742 sive
1740 1686 1916 1743 locum

316 1789 577 1841 vacuum,
605 1784 698 1830 aut
727 1790 978 1847 campum
1009 1776 1246 1832 sterilem
1269 1818 1285 1843 ,
1317 1778 1370 1832 in
1400 1792 1508 1848 quo
1534 1778 1735 1833 mortui
1763 1793 1919 1849 sepe-

2016 560 2223 619 Sensus
2243 563 2425 636 itaque
2454 564 2769 623 Tertulliani
2794 576 2878 623 est
2907 566 3242 626 Christianos
3278 570 3427 641 prius
3455 589 3486 629 a
3516 572 3619 631 Sa-

2018 656 2272 723 turnino,
2308 672 2468 729 quam
2512 658 2790 715 Hilariano
2836 662 3174 717 excruciatos
3207 703 3226 730 ,
3274 677 3338 720 ac
3386 665 3616 734 proinde

2016 749 2166 805 illum
2188 749 2262 806 ibi
2282 750 2618 807 recensendo
2637 751 2833 809 Africae
2865 752 3150 824 praefectos
3187 753 3619 814 Christianorum

2019 842 2335 912 carniﬁces,
2366 859 2476 900 non
2505 845 2657 916 sequi
2687 856 2992 917 temporum
3022 846 3295 904 ordinem.

2087 934 2260 992 Minus
2283 936 2446 1009 igitur
2486 946 2635 994 certa
2661 938 2873 996 videtur
2914 940 3130 997 illorum
3156 944 3339 1015 opinio
3358 987 3375 1015 ,
3406 947 3497 1018 qui
3525 962 3619 1004 ar-

2016 1026 2199 1083 bitrati
2239 1039 2365 1084 sunt
2400 1028 2646 1086 Cincium
2694 1032 2990 1103 Severum,
3035 1033 3395 1106 Vespronium
3425 1036 3625 1095 Candi-

2017 1120 2182 1189 dum,
2240 1121 2505 1192 Asperum
2554 1138 2618 1179 ac
2662 1123 2957 1181 Pudentem
3002 1125 3200 1184 ibidem
3226 1143 3256 1184 a
3284 1129 3623 1188 Tertulliano

2019 1224 2203 1270 nostro
2227 1223 2350 1285 post
2374 1214 2706 1272 llilarianqu
2737 1217 3161 1274 etSaturninum
3190 1220 3380 1276 eodem
3425 1222 3619 1280 ordine

2017 1305 2307 1376 appellari,
2361 1321 2469 1378 quo
2517 1309 2883 1380 unusquisque
2941 1311 3229 1380 proconsul
3280 1312 3478 1369 Africae
3516 1314 3617 1371 fuit

2019 1396 2348 1471 (Tertullian.
2406 1400 2494 1456 lib.
2546 1402 2614 1455 ad
2658 1401 2872 1474 Scapul.
2917 1420 3032 1475 cap.
3076 1404 3158 1476 4).
3191 1404 3321 1460 Nam
3364 1405 3465 1462 hos
3493 1407 3617 1463 ideo

2020 1500 2428 1561 commemorat,
2441 1492 2566 1563 quia
2579 1503 2725 1549 tanto
2749 1495 2930 1550 mitius
2951 1496 3004 1551 in
3021 1494 3356 1553 Christianos
3370 1509 3617 1569 egerunt,

2019 1593 2221 1655 quanto
2268 1584 2344 1639 illi
2375 1585 2667 1641 crudelius.
2692 1585 2802 1641 Cur
2822 1595 3002 1643 autem
3029 1599 3329 1659 temporum
3369 1568 3616 1647 ordinem

2014 1691 2267 1733 servasse
2296 1678 2503 1735 dicetur
2529 1678 2628 1735 hos
2658 1680 2855 1750 potius,
2885 1696 3045 1751 quant
3073 1680 3199 1737 illos
3254 1683 3624 1739 nominando?
3726 1730 3734 1747 ,

2021 1771 2103 1827 Ad
2134 1772 2250 1828 hmc
2287 1789 2448 1841 vero,
2471 1773 2750 1829 dubitandi
2784 1773 2934 1830 locus
2985 1782 3070 1830 est
3113 1785 3289 1831 utrum
3320 1774 3376 1830 hi
3426 1775 3624 1832 Africa:

320 1864 624 1933 liebantur,
653 1868 877 1937 opponit
896 1882 1039 1923 area:
1066 1908 1081 1934 ,
1110 1868 1164 1923 in
1194 1882 1301 1940 qua
1352 1868 1533 1940 fruges
1580 1877 1828 1925 teruntur
1865 1880 1922 1927 et
1949 1858 1997 1920 B
2026 1861 2225 1921 fuerint
2268 1864 2568 1937 praesides;
2624 1866 2827 1923 etenim
2877 1867 3149 1924 llilariano
3194 1878 3250 1924 et
3288 1868 3611 1935 Saturnino,

322 1957 684 2014 excutiuntur.
716 1956 869 2012 Dixit
896 1958 1076 2029 itaque
1101 1974 1211 2030 quo
1235 1969 1481 2030 tempore
1500 1960 1681 2017 acrius
1718 1962 1922 2018 ethnici

322 2049 611 2105 smviebant
636 2047 693 2105 in
726 2049 1069 2106 Christianos
1109 2050 1590 2124 acclamabautqne
1622 2052 1920 2124 negantiam

326 2140 396 2196 ad
416 2140 536 2197 illos
555 2140 896 2212 sepeliendos
922 2156 1102 2197 aream
1124 2183 1141 2211 ,
1182 2152 1294 2197 tum
1337 2141 1530 2198 iisdem
1570 2142 1799 2199 ethnicis
1823 2143 1923 2201 de-

319 2233 488 2291 fuisse
514 2249 721 2291 messes
758 2242 814 2291 et
860 2233 1169 2303 frumenta,
1215 2249 1338 2306 quae
1366 2234 1479 2289 suis
1508 2235 1562 2290 in
1606 2235 1750 2291 areis
1781 2244 1924 2292 tere-

321 2334 461 2384 rent.
491 2326 673 2382 Palam
713 2336 896 2383 autem
943 2327 1140 2383 asserit
1184 2326 1324 2381 hanc
1367 2326 1709 2383 sterilitatem
1751 2328 1925 2383 conti-

322 2419 503 2491 gisse,
524 2435 647 2476 cum
672 2419 979 2476 llilarianus
1011 2418 1206 2475 Africm
1231 2435 1435 2491 praeses
1485 2428 1626 2475 erat.
1669 2420 1831 2490 Atqui
1857 2435 1925 2476 ex

322 2511 477 2567 Actis
499 2519 804 2568 sanctarum
834 2521 1132 2585 martyrum
1163 2511 1446 2583 Perpetua:
1472 2521 1528 2567 et
1578 2510 1878 2567 Felicitatis
1902 2553 1920 2578 ,

323 2621 444 2676 qua:
476 2615 727 2676 tanquam
758 2620 889 2660 vera
916 2615 970 2660 et
989 2604 1219 2676 genuina
1246 2620 1276 2659 a
1303 2603 1544 2675 pluribus
1564 2645 1579 2669 ,
1617 2619 1682 2659 ac
1708 2603 1922 2659 tandem

322 2712 353 2752 a
392 2697 635 2754 Bollandi
659 2697 841 2763 sociis,
871 2705 928 2752 et
954 2706 1138 2752 nostro
1163 2696 1502 2752 Theoderico
1545 2695 1806 2752 Ruinarto
1838 2706 1924 2768 ty-

325 2790 405 2863 pis
425 2791 566 2847 edita
604 2801 765 2858 sunt,
808 2789 1067 2845 discimus
1112 2788 1209 2843 has
1254 2788 1629 2845 sanctissimas
1661 2797 1925 2860 martyres

324 2884 510 2943 bestiis
568 2883 841 2956 expositas
871 2882 1036 2939 fuisse
1055 2882 1206 2954 jussu
1236 2882 1487 2937 llilariani
1513 2883 1875 2953 procuratoris
1904 2898 1921 2936 :

326 2977 424 3044 Qui
451 2987 569 3031 tunc
590 3019 606 3043 ,
630 2976 773 3032 sicut
817 2975 890 3031 ibi
918 2975 1120 3047 legitur
1142 3017 1157 3039 ,
1191 2976 1303 3030 loco
1350 2974 1692 3031 Proconsnlis
1714 2974 1926 3029 Minutii

326 3067 584 3124 Firmiani
626 3069 855 3139 defuncti
897 3070 989 3141 jus
1033 3068 1198 3141 gladii
1229 3078 1498 3139 acceperat
1551 3067 1821 3140 (Bolland.
1865 3068 1919 3123 7.

321 3162 543 3235 Martyr.
570 3180 689 3236 pag.
715 3162 840 3220 655.
872 3173 919 3218 et
946 3179 1085 3234 seqq.
1130 3162 1376 3218 Ruinart.
1400 3160 1516 3216 Act.
1550 3160 1777 3231 Martyr.
1803 3176 1920 3229 cap.

2025 1955 2311 2014 dirissimis
2339 1957 2764 2015 Christianorum
2816 1960 3138 2029 tortoribus,
3167 1960 3444 2032 subjunxit
3466 1960 3629 2018 Clau-

2025 2046 2172 2103 dium
2201 2048 2605 2105 Herminianutn
2622 2049 2983 2123 Cappadocia:
3033 2051 3362 2122 praefectum.
3392 2054 3452 2110 Si
3493 2058 3615 2124 quis

2027 2148 2205 2194 tamen
2222 2140 2289 2195 ab
2304 2150 2525 2197 auctore
2548 2151 2735 2197 nostro
2759 2157 2942 2199 veram
2969 2142 3184 2197 illorum
3212 2144 3266 2198 in
3283 2142 3480 2199 Africae
3501 2159 3623 2215 ριό-

2026 2232 2339 2289 consulatus
2358 2234 2756 2290 successionem
2780 2233 3021 2290 exhiberi
3044 2236 3368 2306 probaverit,
3399 2238 3449 2294 ei
3475 2237 3620 2295 haud

2027 2321 2178 2379 inviti
2206 2324 2589 2381 assentiemur.

2098 2417 2361 2472 Caeterum
2384 2418 2473 2474 ille
2492 2419 2610 2475 haec
2629 2419 3038 2478 clementiorum
3060 2425 3346 2493 praesulem
3368 2426 3616 2498 exempla

2025 2518 2152 2565 ante
2180 2509 2423 2582 Scapulae
2464 2513 2652 2570 oculos
2678 2529 2784 2570 non
2823 2516 2981 2571 aliam
3009 2516 3080 2572 ob
3125 2533 3341 2575 causam
3389 2521 3611 2591 posuit,

2026 2605 2130 2660 nisi
2159 2605 2284 2677 quia
2309 2605 2507 2663 Africae
2538 2609 2792 2679 praesides
2823 2622 2944 2680 post
2976 2611 3124 2684 leges
3166 2613 3424 2671 adversus
3442 2615 3631 2671 Chris-

2027 2695 2203 2751 tianos
2270 2712 2303 2753 a
2364 2697 2567 2755 Severo
2634 2700 2973 2771 imperatore.
3064 2705 3297 2760 sancitas
3370 2705 3423 2760 in
3494 2706 3618 2761 illos

2027 2789 2272 2848 acerbius
2314 2789 2563 2847 furebant
2615 2802 2670 2849 et
2712 2794 3113 2851 bacchabantur
3160 2794 3324 2868 (Ibid.
3372 2773 3489 2869 έαρ.
3524 2798 3617 2869 '5).

2025 2879 2231 2938 Praeter
2263 2884 2510 2954 praefatos
2564 2884 2831 2955 siquidem
2872 2886 3217 2943 Saturninum
3265 2898 3322 2945 et
3372 2889 3604 2946 Hilariu-

2027 2988 2154 3031 num
2175 3017 2191 3041 ,
2223 2974 2451 3044 ipsemet
2492 2975 2720 3048 Scapula
2741 3018 2758 3045 ,
2787 2978 2927 3033 sicut
2980 2989 3170 3036 auctor
3197 2991 3381 3038 noster
3419 2982 3620 3041 ibidem

2026 3067 2377 3132 testiﬁcatur,
2417 3084 2526 3124 non
2569 3068 2733 3126 modo
2780 3068 3183 3128 Adrumeticum
3226 3072 3498 3130 Mavillum
3549 3078 3621 3131 ad

2027 3158 2226 3217 bestias
2251 3160 2640 3231 damnaverat;
2670 3163 2767 3220 sed
2794 3163 2973 3220 Africa
2994 3168 3155 3222 etiam
3185 3167 3479 3225 christiana
3502 3168 3621 3242 ipso

319 3255 410 3313 85.
440 3267 486 3312 et
514 3258 702 3330 seqq.).
733 3255 957 3325 Quidam
982 3264 1163 3311 autem
1190 3264 1388 3327 putant
1413 3269 1505 3311 eas
1536 3252 1799 3326 martyrio
1827 3266 1922 3308 co-
1948 3248 1994 3313 C
2028 3267 2134 3309 non
2160 3252 2482 3323 cohibente,
2526 3264 2620 3311 aut
2640 3255 2865 3327 jubente
2888 3298 2905 3325 ,
2958 3256 3176 3314 obnoxia
3196 3300 3212 3326 ,
3246 3260 3450 3331 inquit,
3482 3263 3622 3333 facta

317 3356 540 3405 renatas
563 3363 705 3402 anno
730 3347 870 3417 202;
896 3348 1007 3415 alii,
1035 3347 1165 3415 205;
1194 3348 1304 3417 alii,
1349 3347 1480 3416 205,
1528 3358 1649 3418 post
1677 3362 1921 3402 commo-

324 3450 431 3495 tam
461 3439 827 3512 proculdubio
842 3455 872 3495 a
896 3439 1099 3497 Severo
1123 3440 1450 3511 imperatore
1469 3440 1920 3511 persecutionem.

319 3534 401 3590 De
429 3533 694 3604 Perpetua
723 3548 885 3605 porro
905 3532 1023 3589 haec
1048 3534 1165 3605 ipse
1192 3532 1560 3589 Tertullianus
1603 3531 1711 3588 alio
1758 3531 1812 3587 in
1855 3531 1922 3587 li-

316 3624 419 3682 bro
448 3627 722 3683 memoria:
747 3627 1050 3686 mandavit:
1076 3626 1358 3697 Perpetua,
1395 3627 1676 3698 fortissima
1703 3635 1918 3697 martyr,

318 3718 410 3773 sub
460 3720 541 3773 die
594 3719 844 3791 passionis
893 3720 948 3775 in
991 3720 1295 3775 reuelatione
1352 3719 1579 3790 paradisi
1625 3717 1764 3773 solos
1812 3719 1921 3772 illic

319 3823 681 3887 commartyres
728 3814 852 3869 uidit
904 3812 923 3886 ί
948 3811 1089 3868 Tert.
1131 3814 1218 3869 lib.
1274 3814 1337 3868 de
1381 3812 1556 3868 Anim.
1615 3828 1734 3881 cup.
1803 3809 1920 3882 55).

320 3907 589 3964 Discimus
609 3922 826 3978 quoque
850 3908 919 3962 ab
946 3906 1244 3977 Augustino
1264 3947 1279 3973 ,
1303 3906 1394 3976 qui
1424 3905 1567 3962 illius
1592 3915 1647 3960 et
1676 3903 1925 3959 Felicita-

323 3999 393 4055 tis
417 3999 613 4069 szepius
661 4000 996 4055 mentionem
1044 3996 1203 4064 facit,
1233 3997 1511 4068 utriusque
1556 3995 1751 4052 festum
1781 3995 1925 4051 diem

322 4091 612 4162 quotannis
639 4091 695 4147 in
728 4089 909 4148 Africa
949 4090 1300 4147 celebratum.
1345 4088 1535 4145 Nonne
1567 4099 1748 4145 autem
1802 4086 1927 4144 inde

323 4185 455 4239 satis
474 4183 677 4256 liquido
703 4184 987 4240 coniicitur
1019 4185 1115 4240 has
1145 4184 1197 4239 in
1236 4182 1416 4239 Africa
1448 4183 1681 4255 palmam
1737 4181 1929 4238 tulisse

331 4279 610 4351 martyrii,
640 4294 762 4335 cum
789 4278 862 4335 ibi
894 4278 1198 4334 llilarianus
1224 4278 1561 4349 proconsulis
1589 4276 1770 4333 ofﬁcio
1804 4276 1928 4332 futt-

321 4381 538 4444 geretur
595 4371 887 4445 (Augustin.
921 4389 1072 4429 serm.
1101 4372 1208 4428 280
1249 4380 1295 4426 et
1337 4388 1474 4443 seqq.
1528 4388 1648 4444 pag.
1699 4371 1840 4433 1154
1882 4378 1930 4424 et

322 4463 509 4538 seqq.).

402 4558 595 4615 Postea
632 4558 1004 4615 Tertullianus
1034 4576 1048 4614 :
1086 4557 1304 4631 Vigilius
1326 4556 1642 4614 Saturninus
1662 4596 1678 4621 ,
1719 4555 1926 4625 inquit,

2022 3354 2098 3400 est
2145 3346 2592 3418 concussionibus,
2642 3358 2690 3404 et
2748 3350 2969 3405 militum
3019 3352 3344 3408 inimicorum
3414 3371 3626 3410 suorum

2023 3439 2269 3510 cuiusque
2327 3437 2512 3510 (Ibid.
2560 3456 2676 3509 cap.
2725 3441 2807 3512 4).
2873 3441 3128 3510 Quamvis
3172 3453 3352 3500 autem
3394 3444 3625 3504 deﬁnire

2024 3546 2132 3587 non
2204 3532 2512 3603 possimus,
2584 3548 2692 3606 quo
2771 3534 2978 3606 praefati
3056 3538 3408 3606 proconsules
3486 3554 3632 3594 anno

2023 3623 2258 3682 Africam
2287 3628 2560 3695 rexerint;
2590 3643 2660 3684 ex
2686 3626 2948 3686 hactenus
2976 3638 3156 3686 tamen
3186 3630 3473 3701 disputatis
3504 3633 3630 3688 col-

2026 3717 2119 3790 ligi
2149 3727 2325 3789 potest
2352 3717 2496 3775 hunc
2520 3719 2587 3775 ad
2614 3719 2898 3792 Scapulam
2926 3721 3122 3779 librum
3172 3723 3375 3780 editum
3404 3724 3571 3782 fuisse
3594 3742 3627 3782 a

2025 3806 2361 3866 Tertulliano
2388 3818 2509 3879 post
2534 3821 2860 3868 commotam
2882 3827 2912 3866 a
2940 3812 3147 3870 Severo
3170 3814 3508 3887 imperatore
3531 3818 3631 3874 ad-

2028 3900 2578 3969 versus_Christianos
2606 3905 3056 3975 persecutionem.

2100 3992 2484 4066 Inquirendum
2539 3997 2702 4068 igitur
2745 4008 2994 4069 superest
3044 4010 3221 4065 utrum
3268 4003 3451 4059 statim
3508 4013 3632 4076 post

2029 4087 2321 4143 excitatum
2367 4098 2459 4145 aut
2509 4090 2834 4146 exstinctum
2887 4091 3031 4147 illius
3087 4093 3397 4150 incendium
3450 4095 3630 4153 editus

2030 4180 2213 4236 fuerit.
2238 4181 2466 4249 Quidam
2496 4194 2674 4239 autem
2703 4179 2993 4255 opinantur
3017 4186 3170 4243 illum
3198 4189 3250 4244 in
3282 4191 3473 4261 vulgus
3497 4208 3627 4262 pro-

2030 4272 2197 4330 diissc
2226 4282 2347 4343 post
2372 4290 2569 4329 annum
2615 4275 2724 4331 2l0
2768 4287 2822 4331 et
2870 4276 3054 4333 Severi
3088 4278 3433 4349 imperatoris
3481 4298 3630 4338 mor-

2033 4373 2164 4420 tem.
2196 4364 2555 4451 Tertullianus
2592 4368 2792 4423 etenim
2823 4369 2897 4424 ibi
2935 4369 3004 4425 de
3029 4372 3260 4441 quadam
3287 4416 3303 4439 ,
3337 4375 3582 4445 inquiunt
3609 4416 3626 4442 ,

2032 4457 2166 4513 solis
2190 4457 2375 4528 eclipsi
2409 4458 2550 4512 hunc
2576 4459 2815 4529 loquitur
2842 4460 2894 4514 in
2922 4460 3141 4516 modum
3167 4479 3182 4520 :
3214 4464 3311 4520 Sol
3334 4464 3387 4517 in
3409 4478 3631 4517 conven-

2036 4561 2091 4606 tu
2136 4549 2382 4617 Uticensi,
2413 4551 2661 4606 exstincto
2710 4568 2837 4622 pene
2881 4553 3107 4620 lumine,
3163 4555 3289 4609 adeo
3337 4564 3627 4625 portentum

320 4652 412 4722 qui
448 4652 639 4721 primus
687 4654 766 4709 hic
815 4653 1043 4726 gladium
1090 4655 1143 4707 in
1194 4668 1286 4706 nos
1338 4652 1472 4723 egit,
1518 4650 1712 4705 lumina
1759 4639 2007 4704 amisitD
2031 4646 2164 4717 fuit,
2194 4656 2378 4700 utnon
2405 4649 2624 4716 potuerit
2671 4664 2737 4703 ea:
2778 4648 3040 4703 ordinario
3067 4650 3288 4719 deliquio
3342 4651 3437 4705 hoc
3476 4653 3630 4721 pati,

322 4740 590 4813 (Tertull.
647 4744 735 4800 lib.
804 4747 874 4799 ad
926 4745 1144 4817 Scapul.
1210 4761 1326 4815 cap.
1383 4745 1465 4814 '5).
1522 4745 1591 4798 At
1638 4741 1779 4797 hunc
1805 4756 1927 4799 esse

323 4836 635 4893 existimant
678 4837 877 4894 Africa:
926 4837 1335 4910 proconsulem,
1369 4835 1460 4906 qui
1499 4852 1640 4898 anno
1682 4834 1812 4901 θοι),
1845 4835 1927 4890 vel

324 4931 465 4987 sicut
492 4932 610 4987 aliis
641 4932 840 5003 placet,
866 4931 977 4989 205
1004 4930 1328 5002 Carthagine
1355 4929 1638 5001 Speratum
1683 4928 1929 4998 aliosque

323 5022 633 5080 Scillitanos
659 5034 925 5097 martyres
954 5024 1128 5095 capite
1155 5023 1451 5078 damnavit.
1482 5021 1613 5077 Nam
1642 5019 1759 5075 haec
1787 5019 1929 5074 litte-

323 5115 399 5170 ris
430 5116 749 5188 consiguata
771 5116 1001 5189 legimus
1028 5117 1081 5172 in
1109 5109 1296 5171 eorum
1328 5115 1569 5187 martyrii
1594 5115 1757 5181 actis,
1806 5127 1928 5183 quae

324 5217 578 5280 tanquam
599 5225 727 5266 vera
749 5218 804 5265 et
824 5208 1037 5266 sincera
1061 5225 1091 5263 a
1138 5208 1368 5265 Baronio
1402 5208 1634 5280 primum
1658 5248 1673 5274 ,
1693 5220 1757 5261 ac
1803 5220 1930 5261 nos-

324 5310 412 5358 tro
459 5300 654 5359 deinde
698 5301 965 5358 ltuinarto
1008 5312 1162 5359 aucta
1204 5310 1261 5357 et
1300 5300 1620 5366 emendata,
1658 5297 1929 5369 publicam

322 5394 520 5450 emissa
543 5404 670 5451 sunt
696 5394 751 5451 in
773 5394 948 5452 lucem
970 5393 1131 5466 (Bar.
1159 5393 1230 5449 ad
1252 5410 1378 5449 ann.
1402 5391 1592 5449 Christ.
1613 5390 1740 5457 202,
1777 5389 1857 5463 δε
1884 5399 1933 5445 et

322 5504 459 5560 seqq.
491 5485 731 5544 Ruinart.
763 5487 878 5544 Act.
904 5488 1066 5545 Mart.
1095 5506 1150 5560 p.
1176 5488 1245 5544 ’Π
1284 5497 1330 5542 et
1354 5486 1540 5558 seqq).
1574 5483 1728 5553 Quod
1753 5492 1932 5539 autem

324 5579 682 5638 Tertullianus
709 5583 986 5655 subiunxit
1022 5580 1371 5639 Saturninum
1398 5580 1625 5651 primum
1659 5576 1711 5631 in
1752 5574 1932 5630 Africa

322 5674 554 5745 gladium
575 5675 628 5731 in
649 5674 987 5731 Christianos
1013 5674 1202 5747 egisse,
1244 5671 1315 5727 ibi
1346 5670 1526 5741 procul
1557 5668 1720 5725 dubio
1749 5667 1934 5722 subin-

326 5765 695 5837 telligendum,
716 5778 901 5841 postea
921 5783 1081 5839 quam
1107 5766 1338 5823 excitata
1359 5762 1544 5818 fuisset
1562 5777 1593 5815 a
1611 5760 1812 5817 Severo
1833 5760 1936 5814 im-

324 5865 579 5934 peratore
604 5863 935 5936 persecutio.
960 5861 1188 5916 Omnem
1217 5856 1495 5915 enimvero
1536 5862 1689 5915 extra
1709 5861 1936 5912 contro-

694 5960 1133 6025 Ts’nrurusm
1176 5957 1231 6022 Ι.

2031 4742 2225 4813 positus
2253 4741 2307 4795 in
2344 4756 2436 4795 suo
2478 4740 2777 4812 Itypsomate
2818 4750 2867 4795 et
2921 4740 3181 4796 domicilio
3210 4741 3374 4815 (Ibid.
3402 4760 3516 4814 cap.
3542 4743 3622 4817 5).

2031 4835 2103 4888 At
2155 4831 2301 4900 haec,
2354 4832 2507 4887 aiunt
2550 4831 2659 4900 illi,
2710 4831 2932 4903 eclipsis
2982 4833 3178 4889 accidit
3232 4849 3376 4890 anno
3423 4834 3629 4893 Christi

2030 4924 2172 4992 210,
2219 4925 2499 4981 undecima
2550 4924 2738 4997 aprilis
2806 4925 2928 4993 die,
2981 4927 3220 4997 horaque
3289 4927 3401 4997 ipsa
3460 4928 3627 4983 meri-

2030 5015 2211 5086 diana.
2263 5015 2370 5071 Sed
2423 5015 2544 5072 aliis
2608 5015 2828 5072 omnino
2883 5015 3133 5072 vacillare
3181 5015 3398 5072 videtur
3452 5027 3626 5073 totum

2030 5108 2191 5181 hujus
2234 5104 2506 5181 Opinionis
2560 5107 2990 5164 fundamentum.
3020 5107 3244 5164 Solitum
3286 5108 3489 5180 quippe
3543 5108 3619 5164 illi

2034 5210 2227 5257 nutant.
2266 5201 2398 5256 solis
2447 5199 3115 5272 eclipsim;,Tertullianus
3146 5214 3277 5256 vero
3304 5201 3465 5256 aliam
3509 5217 3633 5256 om-

2035 5295 2169 5361 nino
2209 5293 2735 5361 extraordinariam,
2790 5308 2948 5365 qum,
3000 5294 3156 5349 sicuti
3202 5294 3312 5361 ait,
3344 5305 3633 5365 portentum

2037 5388 2233 5447 fuerat.
2264 5388 2400 5445 Tum
2447 5406 2681 5462 namque
2732 5390 2834 5455 sol,
2874 5389 3067 5461 inquit,
3096 5398 3214 5445 erat
3234 5390 3287 5446 in
3309 5405 3409 5447 suo
3438 5392 3632 5463 hypse-

2038 5493 2204 5549 male,
2264 5482 2318 5539 id
2374 5492 2488 5549 est,
2543 5482 3202 5551 summitate,altitudine
3240 5493 3295 5540 et
3318 5483 3622 5540 cacumine.

2040 5578 2152 5634 Hoc
2225 5578 2367 5632 enim
2442 5577 2709 5649 signiﬁcat
2803 5576 3023 5631 verbum
3131 5592 3361 5647 graecum
3440 5583 3634 5647 ὕψωμα.

2036 5661 2191 5719 Nulla
2241 5672 2421 5719 autem
2468 5661 2627 5725 illius,
2656 5661 2727 5715 ibi
2788 5660 2945 5731 positi
2993 5659 3110 5716 fieri
3158 5672 3336 5732 potest
3379 5661 3630 5733 eclipsis,

2036 5771 2197 5828 quam
2242 5765 2367 5811 tunc
2421 5764 2627 5810 tantum
2664 5754 2903 5826 patitur,
2944 5769 3067 5809 cum
3104 5753 3295 5808 transit
3332 5752 3475 5809 circa
3533 5769 3634 5809 no-

2036 5848 2168 5919 dos,
2209 5848 2301 5926 qui
2344 5847 2403 5906 in
2446 5847 2706 5908 Draconis
2750 5847 2926 5917 capite
2980 5854 3035 5902 et
3087 5845 3262 5903 cauda
3309 5856 3627 5905 occurrunt.

2716 5942 3193 6028 (Yingt-cinq.)
