4240 6262
581 320 691 378 779

1670 315 1738 373 ΙΝ
1775 311 2238 372 TERTULLIAN!
2274 315 2805 382 Διδοιιοαετιευιί

3776 311 3886 376 780

578 440 835 512 Quamvis
877 445 1055 494 autem
1108 432 1472 496 Tertullianus
1513 440 1710 490 noster
1761 432 1815 492 in
1866 431 2176 503 astrologiae
2207 434 2403 500 Aeani
2424 445 2812 495 memorantur.
2837 432 3096 491 Gelenius
3134 445 3267 488 vero
3295 430 3364 487 ad
3407 429 3638 504 prioris,
3669 440 3728 488 et
3781 430 3887 486 Pa-

581 532 806 588 scientia
833 530 1054 590 omnino
1083 526 1408 602 peregrinus
1438 526 1657 592 luisset,
1687 541 1755 584 ex
1799 526 1947 586 illius
1997 533 2179 580 tamen

585 624 766 678 verbis
806 621 982 691 colligi
1038 628 1212 692 potest
1239 620 1454 676 solitam
1487 635 1593 676 non
1633 617 1804 676 fuisse
1859 617 2000 673 hanc
2049 616 2185 676 solis

585 715 942 780 defectionem
967 755 982 780 ,
1031 713 1125 770 sed
1158 713 1226 768 ita
1258 711 1765 780 extraordinariam,
1801 717 1859 763 ut
1883 707 2184 779 astrologi,

588 808 656 866 ad
681 822 815 879 quos
848 807 937 863 ille
965 822 1062 863 nos
1093 807 1292 876 mittit,
1327 805 1430 864 hoc
1454 820 1654 878 negare
1683 819 1790 860 non
1820 802 2112 874 potuerint.

660 900 1020 970 Quamobrem
1047 901 1284 971 Scaliger
1315 899 1617 970 posthabita
1647 899 1736 954 illa
1761 898 1973 953 ratione
1994 937 2009 966 ,
2039 895 2186 952 exis-

587 994 742 1051 timat
789 993 929 1048 hunc
958 993 1152 1050 librum
1205 991 1371 1048 fuisse
1410 992 1769 1062 compositum
1815 997 1936 1060 post
1959 996 2188 1048 mortem

589 1084 881 1142 Caraeallae
901 1126 916 1148 ,
945 1083 1164 1154 jamque
1191 1091 1446 1155 regnante
1473 1081 1851 1153 lleliogabalo,
1880 1080 1974 1150 qui
2003 1092 2190 1134 mense

589 1177 732 1232 maio
762 1177 886 1230 anni
931 1175 1036 1231 218
1066 1175 1360 1246 imperator
1401 1182 1616 1229 creatus
1668 1181 1773 1228 est.
1826 1170 2191 1226 Tertullianus

587 1272 736 1328 .enim
766 1271 834 1327 de
863 1271 1068 1329 Severo
1090 1269 1238 1336 haec,
1268 1266 1726 1339 quemadmodum
1755 1266 2021 1329 vidimus,
2063 1279 2188 1319 ver-

593 1364 660 1418 ba
691 1363 819 1420 facit
865 1383 877 1417 :
913 1361 1198 1417 Proculum
1246 1361 1726 1416 christianum...“
1771 1359 1826 1412 in
1859 1357 2052 1428 palatio
2097 1372 2190 1410 suo

593 1458 767 1516 habuit
796 1473 952 1529 usque
979 1457 1047 1512 ad
1098 1464 1309 1510 mortem
1337 1456 1476 1526 ejus,
1505 1469 1654 1526 quem
1696 1453 1984 1508 Antoninus
2031 1450 2195 1508 Cara-

589 1551 725 1608 calla
770 1550 960 1621 optime
1013 1558 1216 1604 noverat
1247 1547 1486 1616 (Tertull.
1515 1547 1602 1600 lib.
1625 1545 1694 1598 ad
1725 1544 1940 1611 Scapul.
1965 1559 2082 1613 cap.
2107 1543 2188 1612 4).

590 1647 662 1716 At
720 1657 880 1698 nemo
923 1657 1070 1698 same
1117 1640 1348 1704 mentis,
1375 1639 1449 1693 ait
1476 1636 1747 1709 Scaliger,
1773 1635 2044 1707 putaverit
2066 1633 2192 1692 illud

589 1737 657 1792 de
689 1733 961 1794 Antonino
989 1731 1262 1792 Carae-alla
1294 1731 1470 1786 adhuc
1498 1730 1716 1786 vivente
1745 1729 1945 1785 dictum
1966 1726 2188 1799 (Scalig.

591 1829 850 1890 auimadv.
901 1829 956 1881 in
997 1825 1188 1885 Chron.
1223 1823 1414 1880 Euseb.
1452 1841 1573 1896 pag.
1606 1821 1753 1896 129).

662 1924 769 1982 Sed
789 1922 986 2006 quibus
1015 1936 1142 1988 sana
1169 1929 1226 1978 et
1254 1919 1462 1990 integra
1484 1934 1636 1974 melis
1668 1927 1750 1974 cst
1771 1959 1786 1988 ,
1817 1917 1917 1974 hac
1946 1918 2000 1972 in
2030 1931 2190 1988 argu-

587 2018 918 2076 mentatione
961 2029 1151 2078 sanam
1203 2013 1460 2085 Sealigeri
1519 2020 1756 2069 mentem
1831 2026 1941 2067 non
1987 2023 2186 2080 agnos-

587 2120 736 2180 cunt.
762 2109 896 2184 Quid
928 2109 1071 2164 enim
1101 2115 1246 2163 vetat
1273 2105 1564 2178 quominus
1593 2104 1866 2162 Caracalla
1891 2104 2106 2175 juvenis
2133 2111 2190 2160 et

586 2203 906 2262 adolescens
953 2198 1161 2256 noverit
1191 2198 1513 2264 Proculum,
1549 2205 1781 2268 tuncque
1807 2195 1984 2251 adhuc
2031 2195 2186 2254 vixe-

587 2297 661 2352 rit
687 2336 701 2360 ,
727 2293 942 2365 quando
968 2290 1332 2347 Tertullianus
1358 2289 1474 2344 hmc
1506 2289 1699 2348 litteris
1743 2286 2071 2344 mandabat?
2102 2285 2186 2347 Ad

585 2390 703 2446 haec
726 2403 890 2454 vero,
923 2385 1055 2442 illud
1089 2383 1313 2440 verbum
1366 2391 1573 2439 noverat
1620 2381 1743 2438 ideo
1789 2381 1879 2444 ille
1923 2378 2182 2443 adhibet,

584 2483 708 2554 quia
727 2481 989 2538 Proculus
1009 2521 1025 2549 ,
1050 2495 1158 2536 non
1184 2489 1362 2534 autem
1386 2474 1660 2534 Caracalia
1681 2516 1697 2542 ,
1723 2484 1833 2538 tum
1861 2488 2048 2530 revera
2070 2480 2186 2534 erat

586 2561 854 2638 mortuus.
884 2574 1001 2630 Non
1051 2587 1180 2644 ergo
1210 2572 1246 2626 ii
1272 2570 1502 2642 amplius
1526 2567 1778 2625 audiendi
1802 2575 1965 2634 sunt,
1999 2567 2089 2637 qui
2118 2581 2185 2632 ea

585 2669 818 2726 invalida
846 2666 1107 2744 Scaligeri
1152 2664 1360 2720 ratione
1389 2662 1542 2728 freti,
1589 2662 1658 2720 ab
1703 2659 1822 2730 ejus
1848 2668 2026 2714 tamen
2056 2657 2179 2726 opi-

588 2765 748 2820 nione
821 2761 1104 2838 paululum
1153 2757 1506 2826 recedentes,
1579 2755 1922 2828 Suspicantur
1969 2751 2173 2813 editum

584 2857 751 2913 fuisse
778 2860 919 2912 hunc
946 2855 1141 2910 librum
1170 2867 1315 2908 anno
1335 2850 1464 2920 217,
1491 2862 1599 2921 quo
1627 2845 2178 2919 regnavitMncrinus,

587 2951 792 3011 Everso
817 2947 1082 3018 siquidem
1114 2944 1273 3016 hujus
1319 2941 1589 3017 opinionis
1629 2938 2017 3004 fundamento,
2063 2937 2180 3008 ipsa

584 3044 746 3116 etiam
771 3042 994 3098 corruit.

658 3136 885 3210 Propius
913 3136 1091 3206 itaque
1120 3150 1151 3190 a
1180 3145 1309 3192 vero
1331 3130 1527 3196 abesse
1556 3128 1806 3192 videntur
1829 3169 1843 3196 ,
1873 3127 1969 3198 qui
2022 3124 2182 3196 hujus

2289 531 2478 586 melius
2508 531 2573 585 ad
2603 528 2959 601 posteriorum
2984 525 3164 593 fidem,
3189 525 3498 596 superiores
3526 523 3686 595 hujus
3715 523 3886 580 libelli

2289 622 2552 682 editiones
2597 628 3024 692 recognoverunt
3070 633 3135 674 ac
3193 617 3551 687 castigarunt.
3619 616 3884 688 Rigaltius

2291 732 2453 788 porro
2474 717 2637 772 alium
2651 731 2709 772 se
2726 714 2924 770 vidisse
2943 720 3172 771 testatur
3193 725 3358 781 penes
3373 709 3590 765 Petrum
3617 709 3885 766 Bclinium

2289 809 2423 868 S.C.
2443 809 2841 888 Divionensem,
2856 806 3010 876 cujus
3032 805 3258 863 diversa:
3287 803 3353 860 ab
3373 802 3533 859 editis
3549 803 3813 860 lectiones
3832 803 3887 859 in

2291 902 2435 960 Petri
2459 902 2667 974 Pythoei
2697 916 2888 956 manus
2915 899 3237 956 inciderant.
3263 908 3269 918 ’

2362 996 2641 1066 Nunquam
2673 1005 2852 1052 autem
2903 994 2991 1050 hic
3034 995 3170 1050 liber
3195 1009 3264 1049 ex
3313 991 3770 1065 typographorum
3801 991 3887 1048 of-

2295 1088 2468 1148 ficinis
2497 1088 2641 1144 solus
2665 1127 2682 1154 ,
2711 1088 2804 1146 sed
2835 1102 3048 1158 semper
3076 1102 3197 1142 cum
3245 1086 3366 1142 aliis
3397 1085 3712 1141 Tertulliani
3755 1102 3890 1158 ope-

2293 1183 2443 1238 ribus
2470 1182 2736 1252 publicam
2768 1182 2822 1237 in
2847 1181 3020 1236 lucem
3045 1180 3344 1251 prodivisse
3393 1179 3728 1250 perhibetur.
3785 1179 3894 1237 Tot

2295 1277 2476 1348 itaque
2503 1277 2656 1334 facta:
2678 1287 2803 1332 sunt
2832 1276 2990 1347 hujus
3010 1317 3024 1341 ,
3057 1283 3189 1346 quot
3235 1274 3445 1329 illorum
3474 1274 3757 1330 editiones.
3812 1275 3892 1332 De

2297 1367 2380 1426 bis
2405 1379 2583 1428 autem
2609 1384 2731 1427 eum
2769 1367 2881 1439 jam
2927 1368 3078 1439 plura
3121 1365 3608 1437 disputaverimus,
3649 1381 3711 1421 ea
3745 1381 3892 1423 nunc

2295 1470 2543 1532 repetere
2595 1460 2728 1519 nihil
2778 1475 3000 1518 necesse
3053 1466 3158 1514 est.
3205 1457 3501 1513 l’amelium
3541 1466 3757 1523 autem,
3797 1459 3892 1528 qui

2297 1567 2510 1614 veteres
2541 1571 2609 1616 ex
2648 1555 2817 1612 tribus
2839 1596 2854 1621 ,
2888 1554 2964 1610 uti
2989 1555 3063 1608 ait
3084 1595 3098 1618 ,
3151 1551 3425 1608 Vaticanis
3475 1552 3749 1610 codicibus
3777 1555 3894 1610 edi-

2297 1648 2471 1706 tiones
2532 1645 2876 1714 emendavit,
2919 1645 3182 1716 Rigaltius
3242 1645 3439 1714 ubique
3491 1653 3714 1700 secutus
3779 1656 3882 1702 est.

2296 1741 2552 1810 Quamvis
2593 1741 2740 1798 enim
2763 1739 3134 1797 divionensem
3169 1738 3413 1796 codicem
3439 1738 3667 1796 viuditet
3687 1782 3702 1807 ,
3733 1757 3892 1796 unam

2214 1830 2260 1892 B
2291 1842 2470 1894 tamen
2519 1839 2724 1890 tantum
2761 1831 2971 1888 notavit
3013 1829 3282 1888 diversam
3332 1829 3626 1886 lectionem
3652 1871 3666 1895 ,
3727 1847 3892 1902 quam

2293 1923 2450 1995 plane
2489 1923 2808 1994 repudiavit.
2841 1921 2918 1980 lbi
2943 1938 3070 1979 vero
3119 1923 3392 1988 occurrit,
3424 1923 3518 1978 ubi
3547 1922 3614 1979 de
3661 1923 3890 1979 Proculo

2292 2018 2410 2077 haec
2447 2018 2759 2076 Tertulliani
2790 2018 2844 2074 in
2885 2017 3209 2073 editionibus
3255 2017 3510 2072 omnibus
3557 2017 3719 2073 verba
3753 2017 3888 2088 legi-

2289 2130 2412 2171 mus
2443 2131 2456 2169 :
2489 2115 2651 2180 Quem
2677 2123 2725 2168 et
2774 2113 3060 2166 Antoninus
3089 2109 3358 2165 Caracalla
3408 2110 3597 2181 optime
3639 2120 3847 2168 noverat
3869 2153 3887 2179 ,

2290 2209 2423 2262 lacte
2466 2206 2744 2262 christiano
2799 2205 3044 2259 educatus
3099 2201 3345 2272 (Tertull.
3403 2202 3492 2257 lib.
3549 2202 3618 2255 ad
3671 2201 3886 2273 Scapul.

2289 2319 2406 2374 cap.
2435 2301 2517 2374 ι).
2571 2303 2628 2356 in
2681 2299 2867 2356 codice
2897 2310 3074 2354 autem
3114 2297 3429 2352 Divionensi
3473 2297 3734 2366 scriptum
3787 2296 3887 2349 ha-

2288 2393 2485 2449 betur.:
2526 2409 2673 2463 quem
2697 2403 2744 2447 et
2785 2391 3072 2446 Antoninus
3121 2399 3330 2445 nouerat
3376 2389 3668 2443 christianis
3703 2389 3888 2443 educa-

2289 2497 2414 2546 tum.
2443 2486 2648 2555 Quibus
2669 2485 2998 2556 signiﬁcatur
3019 2485 3160 2539 hunc
3177 2483 3484 2550 Proculum,
3503 2497 3606 2536 non
3628 2497 3759 2536 vero
3774 2483 3887 2536 An-

2289 2582 2531 2637 toninum
2547 2580 2903 2648 Caraesllani,
2926 2579 3067 2634 lacte
3082 2579 3360 2634 educatum
3380 2576 3543 2631 fuisse
3563 2575 3882 2632 christiano.

2358 2674 2560 2730 Verum
2602 2673 2739 2728 hanc
2779 2672 3108 2728 divionensis
3147 2671 3346 2726 codicis
3380 2670 3662 2725 lectionem
3703 2667 3883 2738 rejicit

2287 2769 2570 2840 Rigoltius,
2600 2767 2722 2839 quia
2748 2767 2836 2822 illa
2875 2765 3190 2821 Tertulliani
3213 2762 3573 2832 verbajrelerri
3597 2761 3796 2818 debent
3816 2761 3888 2818 ad

2285 2863 2634 2930 Antoninum,
2658 2861 2743 2931 qui
2762 2861 3014 2932 septennis
3028 2876 3173 2931 puer,
3196 2858 3334 2914 sicut
3357 2857 3894 2929 narratSpartiauus,

2286 2973 2404 3011 cum
2429 2955 2730 3010 collusorem
2755 2969 2904 3008 suum
2933 2968 3144 3023 puerum
3187 2951 3249 3005 ob
3273 2949 3546 3004 Iudaicam
3590 2949 3889 3020 religionem

2287 3050 2490 3122 grauius
2509 3049 2825 3104 uerberatum
2850 3047 3093 3112 audisset,
3126 3061 3284 3114 neque
3312 3055 3512 3114 patrem
3537 3059 3703 3107 suum,
3728 3058 3890 3113 neque

2289 3151 2482 3211 patrem
2509 3140 2674 3211 pueri,
2698 3139 2774 3193 uel
2793 3148 3023 3193 auctores
3045 3135 3307 3191 uerborum
3327 3135 3418 3188 diu
3437 3135 3658 3204 respuit
3675 3131 3881 3206 (Spart.

587 3233 704 3296 libri
735 3241 949 3296 aetatem
977 3228 1261 3301 adsignant
1301 3227 1460 3300 paulo
1489 3235 1611 3297 post
1651 3241 1852 3291 annum
1894 3223 2025 3288 2H.
2071 3235 2177 3292 (an
2204 3224 2250 3288 C
2282 3234 2337 3289 in
2371 3233 2475 3288 Vit.
2505 3232 2688 3290 Carae.
2717 3249 2837 3304 pag.
2865 3232 2988 3287 551.
3018 3230 3117 3284 col.
3147 3228 3224 3298 l).
3256 3231 3326 3284 At
3351 3227 3586 3283 iudaice
3614 3224 3888 3296 religionis

583 3330 818 3390 Severus
842 3324 1072 3382 Eboraci
1099 3322 1153 3378 in
1181 3321 1372 3392 Anglia
1399 3360 1413 3386 ,
1455 3333 1643 3382 mense
1673 3317 1948 3379 februario
1969 3357 1987 3383 ,
2019 3313 2185 3376 vitam

583 3420 979 3490 imperiumque
1002 3415 1253 3487 posuisse
1278 3413 1610 3484 perhibetur.
1641 3411 1716 3470 De
1737 3411 1830 3472 illo
1859 3409 2057 3486 quippe
2081 3405 2188 3463 hoc

583 3513 635 3566 in
657 3512 794 3566 libro
829 3509 971 3564 haud
1003 3508 1174 3564 dubie
1192 3505 1552 3566 Tcrtullianus
1584 3503 1839 3572 loquitur,
1871 3500 1959 3558 ubi
1999 3497 2138 3556 diiit
2166 3513 2184 3554 ι

583 3603 707 3672 Ipse
749 3603 902 3660 etiam
951 3600 1168 3656 Severus
1198 3607 1344 3669 pater
1368 3596 1612 3656 Antonini
1637 3593 1923 3649 Coracalla:
1936 3589 2188 3647 Christia—

584 3711 766 3750 norum
821 3709 1012 3748 memor
1033 3692 1129 3762 {uit
1155 3689 1318 3760 (Tert.
1351 3689 1440 3742 lib.
1471 3688 1542 3748 ad
1571 3687 1790 3756 Scapul.
1823 3701 1940 3755 cap.
1969 3683 2052 3750 ὦ).
2081 3682 2189 3744 Cttl'

584 3785 749 3854 enim,
770 3781 1344 3856 inquiuntappellatur,
1365 3788 1508 3850 pater
1521 3778 1785 3846 Antonini,
1809 3778 1915 3838 nisi
1936 3777 2059 3846 quia
2077 3777 2186 3845 jam

590 3879 913 3948 migraverat
967 3892 1031 3931 ex
1065 3875 1162 3928 hac
1192 3874 1300 3928 vita
1326 3913 1340 3938 ,
1371 3882 1427 3936 et
1478 3873 1532 3930 in
1589 3870 1705 3942 ejus
1734 3871 1910 3928 locum
1943 3868 2038 3930 lilii
2068 3869 2188 3938 ejus

589 3968 864 4026 Caracalla
910 3976 967 4022 et
995 3965 1129 4022 Geta
1173 3964 1456 4025 substituti
1509 3962 1753 4022 fuerant?
1797 3961 1985 4020 Nonne
2023 3961 2188 4022 etiam

589 4072 772 4130 postea
807 4061 1010 4118 Auctor
1029 4071 1216 4114 nosrer
1247 4055 1316 4111 ad
1342 4070 1436 4112 eos
1462 4055 1573 4126 jam
1628 4057 1954 4126 imperantes
1979 4053 2188 4122 alludit,

590 4169 710 4208 cum
744 4153 973 4210 asseruit
999 4147 1282 4221 Scapulam
1326 4147 1576 4206 habuisse
1604 4161 1716 4210 sua:
1762 4149 1816 4212 in
1853 4147 2191 4204 Christianos

587 4247 920 4302 crudelitatis
946 4245 1275 4317 magistros?
1322 4244 1449 4302 Post
1496 4243 1682 4302 Severi
1713 4253 1892 4302 autem
1943 4243 2150 4299 obitum
2172 4283 2190 4312 ,

589 4347 682 4393 aut
731 4347 879 4394 certe
907 4354 1014 4392 non
1067 4337 1239 4394 multo
1287 4345 1508 4408 postea,
1535 4352 1656 4392 cum
1698 4344 1943 4392 cerneret
1975 4335 2190 4392 Tertul-

592 4433 764 4490 lianus
792 4432 1091 4504 mitigatum
1115 4430 1362 4502 Scapula:
1401 4441 1560 4501 atque
1586 4430 1815 4488 aliorum
1845 4430 1896 4485 in
1925 4429 2193 4486 Christia-

594 4540 690 4578 nos
711 4524 944 4578 furorem
968 4563 983 4589 ,
1015 4521 1092 4576 illi
1123 4522 1266 4576 hunc
1316 4522 1614 4592 supplicem
1644 4521 1882 4580 libellum
1927 4521 2194 4578 obtulisse

2290 3331 2506 3386 nomine
2523 3318 2877 3384 Christianam
2901 3324 3217 3395 Spartianus
3240 3322 3520 3392 intelligit;
3542 3321 3665 3393 quia
3686 3329 3892 3376 utram-

2291 3437 2395 3492 que
2420 3420 2618 3476 ethnici
2649 3416 3069 3476 confundebaut.
3099 3415 3394 3480 Addamus,
3423 3415 3468 3470 si
3493 3416 3660 3481 lubet,
3694 3414 3883 3470 Procu-

2293 3515 2402 3570 lum
2451 3513 2610 3584 paulo
2662 3521 2785 3567 ante
2826 3512 2895 3566 ob
2933 3511 3052 3580 ipso
3095 3509 3427 3565 Tertulliano
3467 3508 3669 3563 dictum
3723 3505 3891 3560 fuisse

2292 3608 2665 3664 christianum.
2709 3604 3082 3676 Repetendum
3127 3603 3288 3674 igitur
3329 3601 3454 3657 illud
3501 3616 3606 3655 non
3647 3610 3762 3655 erat
3803 3598 3928 3662 his,

2293 3701 2473 3756 verbis
2516 3699 2806 3754 christianis
2832 3698 3124 3764 educatum,
3157 3696 3351 3766 quaein
3379 3691 3674 3749 divioncnsi
3699 3691 3890 3746 codice

2293 3801 2545 3864 corrupta
2575 3794 2708 3847 satis
2731 3799 3009 3862 apparent.

2367 3886 2539 3955 Hujus
2589 3891 2849 3954 praeterea
2895 3882 3017 3940 libri
3063 3881 3216 3938 initio
3253 3882 3307 3934 in
3361 3877 3616 3944 Pamelii,
3663 3884 3720 3932 et
3768 3875 3893 3931 aliis

2295 3979 2547 4047 deinceps
2574 3975 2898 4030 editionibus
2928 3973 3045 4028 hac
3071 3974 3325 4045 legimus:
3353 3969 3469 4025 Nec
3491 3969 3693 4039 quidem
3730 3983 3893 4038 neque

2294 4071 2790 4142 expavescimus”...
2818 4086 2932 4122 cum
2971 4069 3041 4122 ad
3081 4069 3212 4122 hanc
3237 4077 3426 4122 sectam
3451 4063 3626 4134 utique
3656 4071 3892 4133 suscepta

2295 4165 2583 4219 conditione
2597 4165 2708 4234 ejus
2735 4162 2872 4232 pacti
2891 4160 3186 4226 venerimus,
3215 4169 3268 4212 ut
3291 4159 3443 4214 etiam
3468 4158 3667 4211 animas
3692 4167 3893 4212 nostras

2297 4256 2546 4313 auctorati
2590 4255 2646 4309 in
2693 4255 2786 4310 has
2827 4269 3028 4326 pugnas
3053 4253 3356 4306 accedamus
3392 4249 3641 4321 (Tertull.
3686 4249 3774 4303 lib.
3823 4247 3894 4302 ad

2299 4351 2516 4421 Scapul.
2560 4364 2675 4420 cap.
2734 4349 2810 4419 1).
2883 4348 2952 4402 At
3004 4347 3056 4401 in
3110 4345 3298 4415 primis
3336 4342 3661 4400 editionibus
3714 4339 3892 4410 scrip-

2298 4452 2410 4498 tum
2483 4443 2652 4499 fuerat
2703 4459 2717 4496 :
2767 4439 2882 4496 Nos
2950 4439 3151 4511 quidem
3220 4453 3378 4507 neque
3448 4434 3890 4506 expavescimus...

2298 4552 2412 4590 cum
2441 4534 2509 4589 ad
2549 4536 2681 4589 lianc
2705 4541 2894 4588 sectam
2914 4573 2929 4599 ,
2959 4533 3132 4603 utique
3167 4538 3404 4600 suscepta
3431 4528 3716 4583 conditione
3742 4527 3852 4596 ejus
3872 4566 3888 4592 ,

595 4617 824 4673 videtur.
868 4616 983 4672 Non
1040 4615 1182 4672 enim
1413 4614 1745 4671 offerendum
1791 4631 1910 4672 esse
1938 4614 2188 4683 censuit,
2216 4621 2271 4682 Ι)
2475 4637 2591 4682 ante
2627 4644 2740 4682 cum
2785 4627 2958 4681 αηξηια
3001 4633 3176 4680 nostra
3203 4632 3250 4678 ει
3279 4622 3562 4685 auum-mi.
3595 4621 3648 4675 ξπ
3675 4620 3767 4673 Iun
3793 4633 3893 4689 pu-

592 4726 713 4765 cuni
755 4710 1008 4778 Severus,
1047 4709 1200 4785 cujus
1242 4724 1506 4766 summam
1555 4709 1746 4779 primis
1787 4709 1997 4779 imperii
2026 4710 2184 4767 annis

591 4803 642 4860 in
675 4803 1009 4858 Christianos
1029 4803 1374 4858 clementiam
1403 4811 1500 4870 ,ιιι
1547 4801 1797 4869 vidimus,
1833 4802 2182 4870 laudaverat,

593 4894 644 4949 in
673 4909 768 4950 eos
797 4895 862 4950 ad
890 4902 1121 4950 mortem
1176 4907 1345 4964 usque
1373 4892 1630 4954 atrociter
1677 4893 1952 4950 saeviebat.
2000 4895 2069 4950 At
2095 4894 2188 4952 illo

589 4985 695 5040 vita
727 4985 942 5052 functo,
983 4985 1218 5040 oblatam
1276 4983 1377 5040 sibi
1413 4984 1791 5055 proconsulem
1827 4983 2111 5055 Scapulam
2155 4998 2185 5044 ιι

592 5079 855 5136 vexandis
876 5078 1196 5134 Christianis
1213 5077 1521 5142 deterrendi
1543 5078 1881 5140 occasionem
1903 5075 2187 5138 confestim

595 5180 842 5245 captasse
863 5169 1214 5230 verisimilius
1240 5179 1342 5228 est.

1188 5277 1478 5320 ARTICULUS
1536 5278 1616 5321 III.

592 5362 670 5424 De
695 5364 849 5436 hujus
874 5361 991 5417 libri
1021 5360 1378 5430 manuscriptis
1414 5367 1459 5413 et
1514 5356 1661 5414 editis
1689 5357 1948 5416 codicibus
1967 5397 1983 5425 ,
2013 5357 2077 5412 de
2101 5372 2190 5415 ναι

664 5459 858 5512 riorum
884 5456 937 5509 in
963 5471 1079 5509 eum
1105 5451 1536 5510 observationibus
1552 5493 1567 5521 ,
1600 5467 1663 5508 ac
1682 5451 1945 5510 nonnullis
1973 5451 2186 5511 diuersis

664 5548 962 5606 lectionibus
999 5555 1046 5601 et
1075 5547 1228 5602 notis.

660 5663 851 5719 Plures
887 5661 1192 5717 indicantur
1216 5659 1374 5730 hujus
1401 5659 1568 5715 libelli
1599 5653 1835 5717 codices:
1863 5658 2078 5718 Primus
2104 5668 2190 5718 est

585 5753 918 5816 Gorziensis,
938 5768 1044 5822 quo
1061 5751 1126 5805 ad
1145 5751 1287 5806 illius
1307 5750 1598 5808 editionem
1621 5766 1753 5806 usus
1772 5760 1854 5809 est
1871 5751 2187 5808 Rhenanus.

584 5839 735 5893 Alter
769 5848 945 5895 autem
974 5850 1194 5897 vocatur
1220 5840 1509 5910 Angelicus
1528 5880 1544 5910 ,
1573 5855 1636 5898 ac
1664 5849 1776 5898 tres
1802 5840 2021 5913 insuper
2055 5841 2194 5902 Vati-

2294 4739 2421 4795 gnas
2445 4720 2750 4775 accedimus.
2779 4719 2935 4776 Solus
2970 4727 3147 4775 autem
3186 4716 3506 4774 Laurentius
3533 4714 3602 4770 de
3637 4714 3686 4768 la
3731 4713 3896 4768 Barre

2293 4831 2355 4872 se
2380 4816 2496 4871 lucc
2520 4814 2681 4868 verba
2712 4827 2776 4868 ex
2803 4812 3068 4884 gorziensi
3094 4810 3280 4867 codice
3299 4806 3618 4865 emendasse
3643 4803 3899 4861 testiﬁca-

2295 4916 2400 4964 tur.
2432 4906 2538 4962 Sed
2583 4915 2820 4962 veterum
2866 4904 3159 4960 editionum
3202 4899 3363 4957 verba
3407 4900 3461 4956 in
3507 4899 3649 4955 notis
3689 4899 3898 4967 integra

2295 4999 2635 5056 conscribere
2670 4996 2899 5053 debebat
2924 5037 2938 5062 ,
2968 5006 3026 5052 ut
3065 4995 3244 5052 cuncti
3288 4993 3498 5048 facilius
3540 4996 3901 5062 agnoscerent

2296 5106 2424 5147 num
2452 5099 2598 5148 recte
2625 5089 2960 5161 corrigantur
2985 5107 2999 5144 :
3029 5103 3203 5159 neque
3227 5086 3371 5143 enim
3397 5098 3557 5142 sensu
3585 5083 3766 5154 aliquo
3795 5096 3899 5152 pec

2297 5187 2444 5242 nitus
2471 5200 2656 5242 carere
2681 5184 2951 5241 videntur.
2979 5183 3247 5240 Caeterum
3284 5179 3646 5237 Tertullianus
3685 5176 3757 5232 ibi
3786 5176 3898 5234 uti-

2297 5293 2384 5337 tur
2407 5281 2572 5339 verbo
2606 5281 2876 5346 auctoroti,
2917 5278 3056 5337 sicut
3097 5285 3154 5334 et
3180 5276 3326 5344 alibi,
3358 5276 3439 5332 Ad
3466 5275 3628 5347 ignes,
3661 5273 3755 5342 ait,
3781 5274 3900 5346 qui-

2297 5375 2418 5429 dam
2440 5391 2493 5430 se
2521 5381 2907 5428 auctoravmnt
2936 5369 3176 5444 (Tertull.
3205 5368 3296 5425 lib.
3324 5369 3394 5423 ad
3427 5366 3649 5438 Μανίαν.
3683 5383 3800 5439 cap.
3834 5365 3895 5422 ὅ.

2295 5486 2350 5538 ρ.
2382 5465 2532 5540 158).
2562 5466 2632 5522 At
2674 5465 2892 5522 verbum
2917 5473 3183 5518 auctorare
3215 5461 3502 5533 signiﬁcat,
3533 5468 3626 5515 aut
3650 5456 3900 5516 mercede

2293 5575 2354 5616 se
2374 5560 2631 5633 obligare,
2662 5568 2755 5614 aut
2777 5565 3133 5615 sacramento.
3158 5554 3354 5612 Primis
3373 5563 3553 5611 autem
3585 5549 3899 5608 Tertulliani

2294 5654 2473 5710 verbis
2522 5654 2624 5710 hoc
2680 5653 2903 5709 verbum
2957 5649 3233 5718 secundo,
3287 5646 3678 5721 posterioribus
3721 5643 3900 5716 primo

2297 5761 2459 5804 sensu
2520 5745 2798 5818 accipitur.
2859 5741 2916 5801 Si
2984 5759 3112 5800 vero
3157 5742 3478 5816 scriptorum
3542 5738 3898 5814 quorumdam

2299 5837 2606 5895 testimonio
2647 5835 2776 5893 illud
2819 5835 2911 5893 tibi
2957 5835 3172 5908 probari
3219 5835 3608 5907 postulaveris,
3666 5833 3900 5905 primum
