4198 6260
303 330 407 395 78!

1412 326 1862 395 DlSSEBTA’ﬂO
1901 326 1964 399 Ρ.
2004 327 2094 399 ιε
2134 329 2432 395 NOURRY.

3508 334 3617 391 78‘!

302 449 430 508 audi
459 448 771 509 Ciceronem
804 462 818 502 :
846 445 995 517 Ipsa,
1022 444 1229 517 inquit,
1258 461 1446 503 nterces
1470 454 1905 511 auctoranimtunt
1930 445 1983 507 Α
2078 446 2197 509 Non
2244 448 2388 515 aliud
2438 447 2752 509 Tertulliani
2799 448 2852 506 in
2895 448 2959 505 iis
2987 491 3001 521 ,
3032 447 3099 506 de
3140 448 3330 529 quibus
3364 448 3571 521 agimus
3598 494 3613 513 ,

302 544 561 600 seruitutis
586 540 772 615 (Cicer.
802 539 871 595 lib
901 538 964 595 Il.
1010 538 1074 594 de
1101 538 1234 608 ofﬁc.
1280 556 1332 610 ρ.
1365 537 1495 595 2M.
1537 539 1631 597 lin.
1660 539 1742 609 4).
1773 538 1911 597 Sue-

304 635 488 693 tonius
551 644 729 693 autem
793 640 978 689 narrat
1041 630 1315 689 Tiberium
1374 631 1644 691 Ctesarem
1697 631 1913 693 dedisse

305 742 507 785 munus
560 724 916 797 gladiatorum
963 732 1346 783 auctoramento
1387 734 1650 785 centenum
1692 725 1911 785 millium

306 820 548 892 (Sueten.
571 819 661 876 tib.
684 818 774 875 ill.
806 817 930 890 57).
962 818 1108 875 Dixit
1126 832 1341 890 quoque
1356 817 1562 877 Seneca
1590 834 1604 874 :
1635 816 1770 877 Eunt
1795 817 1913 873 dedi

307 912 463 975 tam}
488 925 535 970 et
554 914 788 985 proximo
818 930 1004 984 ponere
1021 914 1155 971 inter
1186 929 1344 971 nouos
1363 921 1654 971 auctoratos
1694 912 1907 984 (Serm.

307 1009 418 1065 tia.
450 1009 515 1064 de
552 1018 717 1064 morte
760 1007 945 1064 Claud.
996 1026 1050 1079 ρ.
1098 1005 1249 1079 949).
1297 1008 1493 1067 Milites
1538 1022 1671 1065 vero
1713 1007 1913 1065 addicti

306 1102 513 1159 militiae
540 1112 882 1158 sacramento
903 1104 1189 1170 auctorati,
1217 1102 1429 1159 dimissi
1456 1111 1634 1159 autem
1657 1110 1913 1159 exaucto-

306 1194 432 1261 rati,
486 1209 518 1250 a
565 1193 718 1249 Livio
762 1194 989 1265 aliisque
1024 1193 1378 1265 scriptoribus
1408 1194 1606 1265 saepius
1639 1194 1910 1251 dicuntur.

306 1283 547 1342 Cales-as
599 1299 764 1355 porro
794 1283 956 1355 huius
1001 1284 1125 1342 libri
1168 1284 1409 1342 diversas
1452 1285 1715 1343 lectiones
1748 1283 1910 1355 inira,

306 1388 433 1435 ω
475 1376 689 1434 occasio
714 1391 773 1445 se
811 1375 983 1445 dabit,
1011 1376 1410 1433 annotabimus.

378 1470 545 1528 Notas
569 1480 749 1527 autem
771 1479 827 1528 et
848 1469 1256 1529 observationes
1280 1470 1334 1527 in
1362 1469 1507 1529 hunc
1526 1470 1722 1529 librum
1750 1470 1912 1529 iidem

305 1563 608 1633 eodemque
637 1561 798 1623 modo
825 1562 1178 1632 scripserunt,
1194 1562 1288 1632 qui
1314 1570 1370 1617 et
1396 1562 1450 1619 in
1477 1562 1909 1633 Apologeticum.

305 1656 389 1715 De
419 1656 526 1713 illis
550 1656 730 1727 itaque
748 1656 1000 1715 omnibus
1025 1656 1188 1720 idem,
1220 1654 1362 1726 quod
1389 1670 1547 1724 supra
1573 1655 1913 1715 animadver-

312 1747 477 1807 timus
501 1786 519 1813 ,
545 1746 806 1816 judicium
848 1745 1130 1803 ferendum
1156 1756 1261 1802 est.
1293 1746 1432 1803 Nihil
1467 1746 1627 1817 igitur
1651 1746 1911 1818 adjicien-

2016 538 2166 601 libris
2190 540 2522 612 propositum
2551 540 2787 609 luit,nisi
2814 549 2891 615 ut,
2915 556 3159 601 caussam
3189 535 3612 601 Christianorum

2014 632 2261 705 agendo,
2312 632 2710 691 demonstraret
2738 649 2919 693 veram
2962 649 3085 691 esse
3128 634 3345 701 illorum
3369 676 3382 701 ,
3422 633 3612 693 falsam

2015 740 2145 781 vero
2180 726 2457 797 gentilium
2508 726 2863 801 religionem,
2902 725 3106 801 hosque
3154 722 3391 785 omnium
3438 728 3617 801 reipsa

2014 831 2138 873 reos
2161 831 2281 875 esse
2301 818 2609 888 criminum,
2632 833 2859 891 quorum
2885 819 3103 876 eosdem
3118 818 3452 876 Christianos
3481 819 3617 878 falso

2014 911 2357 971 accusabant.
2402 911 2507 969 Sed
2534 912 2659 983 quia
2699 912 2816 969 haec
2841 912 2910 969 ab
2942 912 3031 968 illo
3070 928 3178 969 non
3207 913 3338 969 satis
3364 913 3617 973 distincto

2015 1012 2066 1057 et
2091 1000 2375 1059 distribute
2392 1012 2709 1072 tractantur,
2725 1019 2787 1060 ac
2804 1004 2954 1075 plura
2974 1013 3029 1061 et
3048 1004 3283 1061 difﬁcilia
3305 1016 3616 1076 occurrunt,

2016 1108 2076 1151 en
2101 1110 2196 1164 pro
2214 1094 2353 1151 virili
2371 1104 2551 1151 nostra
2568 1106 2720 1168 parte
2735 1096 2791 1155 iu
2809 1097 3088 1155 meliorem
3110 1097 3353 1155 ordinem
3377 1099 3617 1167 redacta,

2012 1185 2171 1243 solito
2187 1200 2336 1241 more
2358 1196 2543 1242 nostro
2564 1190 2876 1245 examinare
2898 1198 2949 1244 et
2968 1188 3238 1260 explicare
3259 1191 3619 1247 connitemur.

2089 1274 2309 1333 Fatetur
2339 1278 2701 1341 Tertullianus
2740 1296 2847 1339 non
2891 1289 3150 1345 vetustam
3180 1280 3468 1349 admodum
3499 1297 3620 1339 esse

2014 1366 2373 1431 Christianam
2419 1373 2731 1446 religionem
2760 1392 2775 1441 ;
2807 1383 2991 1446 utpote
3031 1392 3153 1453 qum
3188 1391 3217 1430 a
3270 1373 3486 1432 Christo
3518 1378 3623 1437 Do-

2015 1460 2162 1521 mino
2185 1462 2256 1517 sit
2282 1460 2523 1533 fundata,
2544 1474 2800 1541 regnante
2829 1466 3044 1527 Tiberio
3064 1465 3297 1537 Caesare,
3322 1479 3445 1524 ante
3466 1469 3621 1539 cujus

2016 1561 2227 1628 tempus
2271 1570 2540 1628 nunquam
2575 1556 2817 1619 auditum
2861 1556 3031 1614 fuerat
3065 1552 3489 1615 Christianorum
3520 1576 3622 1617 no-

2016 1661 2159 1703 men.
2188 1647 2377 1703 Census
2403 1649 2565 1717 enim,
2589 1650 2759 1720 inquit
2781 1650 2890 1717 ille,
2918 1650 3018 1707 hoc
3040 1660 3121 1706 est
3145 1650 3295 1724 origo
3316 1661 3370 1707 et
3388 1653 3620 1722 initium,

2015 1741 2159 1797 istius
2197 1740 2503 1813 disciplinis,
2536 1753 2590 1797 ut
2617 1746 2726 1813 iam
2752 1743 3003 1799 edidimus
3028 1786 3041 1810 ,
3070 1761 3103 1801 α
3132 1741 3334 1803 Tiberio
3362 1756 3433 1799 est
3468 1744 3619 1814 (Ter-

307 1838 435 1895 dum
459 1880 475 1905 ,
504 1838 608 1893 nisi
642 1838 787 1909 quod
828 1838 912 1897 bis
938 1838 1250 1899 Tertulliani
1279 1839 1346 1895 ad
1374 1838 1658 1911 Scapulam
1687 1840 1864 1897 verbis
1894 1858 1908 1901 :
1940 1844 1989 1909 Β
2019 1834 2219 1890 tullian.
2289 1835 2555 1908 Apologet.
2628 1853 2743 1907 cap.
2792 1836 2870 1907 7).
2933 1835 3085 1891 Prius
3155 1850 3281 1891 vero
3344 1834 3556 1892 dixerat
3607 1854 3621 1892 :

307 1930 437 1995 Cum
460 1930 840 1993 Adrumeticum
888 1929 1157 1989 Manilium
1193 1932 1262 1986 ad
1303 1931 1487 1995 bestias
1515 1936 1909 2002 danmasses,.et

307 2025 475 2087 statim
500 2024 609 2083 huc
651 2024 848 2081 vexatio
884 2024 1151 2083 subsecuta
1180 2034 1253 2081 est
1282 2024 1525 2089 (Tertull.
1558 2024 1649 2080 lib.
1676 2026 1745 2080 ad
1771 2026 1906 2083 Sca-

309 2116 416 2187 pul.
463 2132 579 2187 cap.
609 2116 668 2183 ὅ)
696 2157 711 2182 ,
765 2115 1031 2187 Rigaltius
1072 2117 1363 2175 arbitratur
1411 2116 1657 2175 denotari
1704 2121 1905 2177 acutis-

307 2206 460 2273 sima:
508 2206 784 2277 cujusdam
846 2207 1179 2279 egritudinis
1230 2210 1576 2275 cruciatum,
1630 2225 1740 2281 quo
1792 2210 1907 2282 ipse

307 2298 534 2371 Scapula
578 2300 638 2361 ob
668 2302 925 2370 iteratam,
958 2302 1148 2372 inquit,
1183 2303 1237 2358 in
1285 2301 1621 2359 Christianos
1646 2304 1905 2360 smvitiam

306 2391 487 2455 denuo
513 2394 827 2454 vexabatur.
853 2393 988 2450 Nam
1018 2393 1383 2453 Tertullianus
1420 2398 1763 2455 continenter
1803 2398 1902 2455 ad-

307 2484 448 2543 didit
466 2484 564 2543 :Et
590 2503 721 2545 nunc
747 2504 812 2545 ea;
835 2489 1013 2545 cadens
1039 2505 1222 2549 caussa
1246 2491 1587 2561 interpellatio
1614 2492 1902 2564 sanguinis,

308 2579 364 2643 id
405 2588 528 2648 est,
558 2591 617 2641 ut
656 2579 798 2641 idem
846 2581 1111 2653 Rigaitius
1157 2584 1410 2655 opinatur
1433 2625 1449 2650 ,
1476 2583 1902 2651 Christianorum

306 2676 522 2747 sanguis
543 2674 870 2733 clamaverat
897 2675 965 2731 ad
996 2677 1185 2746 Deum,
1212 2692 1275 2733 ac
1298 2677 1492 2734 divinae
1520 2677 1663 2737 illius
1689 2680 1903 2751 patien-

307 2768 396 2826 tia:
433 2782 613 2826 moras
651 2769 1101 2841 interpellaverat.
1130 2768 1236 2826 Sed
1262 2770 1464 2827 nullum
1488 2770 1666 2841 plane,
1706 2787 1771 2831 ne
1801 2772 1904 2829 mi-

306 2861 513 2921 nimum
539 2860 778 2934 quidem,
808 2871 998 2921 auctor
1021 2871 1207 2920 noster
1233 2863 1305 2920 de
1331 2864 1505 2935 primo
1530 2874 1624 2921 aut
1663 2865 1907 2925 secundo

306 2953 551 3026 Scapula:
578 2955 769 3013 morbo
795 2955 1021 3013 verbum
1051 2956 1195 3013 fecit.
1225 2956 1294 3015 Et
1317 2971 1448 3013 vero
1474 2957 1521 3013 si
1550 2956 1859 3015 acutissima
1886 2998 1902 3025 ,

306 3048 752 3119 Quentadmodum
797 3048 910 3106 vult
953 3048 1212 3120 Rigaltius
1235 3091 1251 3117 ,
1289 3050 1606 3122 egritudine
1641 3051 1813 3112 semel
1850 3058 1909 3113 et

305 3138 498 3198 iterum
530 3140 915 3208 laboravisset,
947 3156 1071 3197 eum
1110 3140 1269 3214 longe
1298 3142 1475 3198 acrius
1504 3140 1630 3199 inde
1652 3151 1904 3213 urgeret,

2012 1922 2266 1994 Tiberius,
2282 1928 2427 1995 cujus
2460 1939 2681 1997 tempore
2709 1944 2889 1982 nomen
2922 1927 3265 1989 Christianum
3293 1929 3345 1982 in
3382 1927 3626 1984 saeculum

2009 2020 2232 2095 introivit
2261 2020 2433 2093 (Ibid.
2487 2039 2604 2095 cap.
2650 2022 2726 2094 5).
2776 2022 2877 2081 Ubi
2934 2034 3113 2081 autem
3164 2033 3219 2078 et
3246 2021 3461 2094 quando
3493 2021 3620 2077 illud

2012 2091 2185 2182 primo
2214 2091 2573 2170 introductum
2601 2091 2825 2173 lue—ritsi
2856 2117 2973 2187 quis
3004 2116 3142 2171 scire
3168 2091 3343 2180 aveat,
3375 2132 3443 2172 ex
3479 2117 3623 2188 Apo-

2009 2207 2269 2275 stolorum
2287 2208 2507 2267 Actibus
2533 2208 2700 2265 discet
2719 2209 2945 2265 Paulum
2967 2218 3021 2265 et
3043 2208 3345 2265 Barnabam
3369 2210 3419 2265 in
3441 2210 3627 2267 Antio-

2008 2300 2180 2365 cheua
2192 2300 2428 2359 Ecclesia
2442 2300 2687 2358 docuisse
2703 2301 2911 2358 turbam
2929 2300 3177 2358 multam:
3197 2300 3282 2356 Ita
3297 2312 3350 2356 ut
3364 2303 3624 2375 cognomi-

2010 2404 2252 2457 narentur
2268 2396 2489 2468 primum
2506 2396 2789 2461 Antiochiet:
2809 2396 3048 2467 discipuli
3065 2396 3329 2453 christiani
3352 2394 3486 2469 (Act.
3502 2412 3618 2471 cap.

2011 2487 2106 2553 XI,
2143 2487 2264 2561 25).
2305 2488 2666 2561 Quamobrem
2680 2489 3042 2549 Tertullianus
3056 2496 3243 2567 noster
3259 2478 3615 2546 alioinlibro:

2010 2580 2210 2651 ditatis
2229 2622 2249 2651 ,
2281 2581 2452 2656 inquit
2479 2623 2497 2661 ρ
2522 2594 2708 2657 ηοω-φ
2733 2584 2963 2643 nondum
3001 2585 3124 2643 anni
3150 2585 3352 2665 ducenti
3379 2594 3427 2640 et
3464 2585 3620 2659 guin-

2008 2674 2254 2747 quaginta
2274 2714 2288 2739 ,
2333 2690 2397 2735 ac
2440 2684 2626 2747 postea
2650 2692 2666 2729 :
2690 2675 2864 2732 xEtati
2895 2686 3086 2733 nostrie
3113 2679 3340 2739 nondum
3368 2679 3493 2733 anni
3522 2689 3626 2734 trc-

2007 2766 2140 2823 centi
2191 2764 2457 2838 (Tertull.
2509 2768 2598 2823 lib.
2656 2767 2724 2822 ad
2782 2766 2912 2823 Nat.
2964 2784 3082 2837 cap.
3138 2768 3191 2827 5.
3249 2778 3297 2827 ct
3369 2787 3484 2842 cap.
3544 2769 3622 2842 9).

2008 2859 2146 2927 Quin
2194 2860 2360 2919 etiam
2412 2859 2466 2917 in
2533 2860 2883 2933 Apologetico
2930 2878 2944 2916 :
2996 2856 3273 2926 Hesterni,
3355 2863 3469 2931 ait,
3538 2881 3625 2921 sn-

2008 2970 2160 3021 nnts,
2212 2953 2268 3009 id
2324 2961 2443 3020 est,
2497 2968 2605 3011 non
2646 2969 2674 3007 a
2706 2954 2866 3026 longo
2921 2962 3200 3031 tempore,
3230 2956 3327 3015 sed
3370 2966 3624 3030 tanquam

2013 3048 2303 3116 hesterna,
2351 3047 2395 3103 si
2446 3062 2568 3104 cum
2612 3047 2733 3106 aliis
2777 3062 3174 3120 comparemur,
3227 3050 3313 3107 die
3361 3051 3493 3107 nati.
3544 3050 3622 3109 lbi

2014 3149 2199 3199 autem
2231 3140 2466 3205 monitos
2494 3156 2594 3197 nos
2620 3155 2742 3197 esse
2767 3140 2934 3197 voluit
2962 3157 3069 3197 non
3101 3158 3293 3214 magno
3318 3143 3436 3200 sine
3463 3143 3621 3199 mira-

305 3235 454 3293 utad
478 3236 746 3295 saniorem
781 3246 1015 3293 mentem
1051 3236 1259 3295 facilius
1307 3237 1675 3295 reduceretur.
1706 3236 1905 3297 Verum
1933 3236 1979 3300 Ο
2012 3234 2135 3293 culo
2183 3232 2402 3299 factum,
2442 3241 2501 3291 ut
2552 3231 2877 3298 Christiani,
2935 3233 3150 3291 tametsi
3193 3234 3262 3291 ab
3309 3234 3465 3291 annis
3514 3244 3622 3290 tam

303 3325 412 3389 hoc
433 3328 636 3383 omisso
659 3369 677 3395 ,
707 3329 871 3385 instat
906 3337 963 3385 et
990 3338 1142 3400 urget
1169 3328 1396 3385 aliorum
1428 3328 1690 3400 exemplis
1717 3330 1907 3400 prasi-

302 3419 434 3479 dum
460 3430 517 3476 et
544 3420 943 3490 proconsulum,
971 3422 1063 3492 qui
1089 3437 1203 3479 sua:
1237 3420 1293 3477 in
1315 3419 1652 3481 Christianos
1677 3421 1908 3479 crudeli-

302 3512 432 3570 tatis
458 3527 646 3583 pinnas
674 3512 952 3571 dederant.
975 3513 1141 3571 Nobis
1165 3515 1347 3586 itaque
1371 3512 1584 3574 facilius
1610 3513 1908 3585 persuades-

301 3607 449 3667 bitur
474 3608 759 3666 referenda
786 3625 907 3668 esse
936 3611 1026 3667 illa
1052 3607 1371 3667 Tertulliani
1406 3609 1571 3667 verba
1599 3609 1667 3666 ad
1694 3609 1906 3682 Byzan-

304 3701 479 3759 tinnm
502 3741 520 3770 ,
550 3703 704 3774 cujus
727 3703 925 3760 ibidem
953 3704 1211 3760 meminet
1233 3744 1252 3772 ,
1279 3702 1500 3760 exitium
1521 3744 1538 3767 ,
1570 3716 1678 3773 quo
1705 3700 1910 3767 ethnici

290 3794 377 3877 ,ὼ
397 3795 786 3867 iniquissimam
806 3796 860 3851 in
881 3796 1102 3854 eosdem
1115 3795 1449 3853 Christianos
1475 3794 1845 3855 crudelitatem
1873 3807 1907 3851 a

304 3884 418 3944 Deo
443 3902 504 3944 se
528 3888 813 3947 mulctatos
838 3888 1004 3945 fuisse
1030 3889 1203 3959 palam
1224 3886 1461 3946 confessi
1483 3896 1628 3945 sunt.

374 3978 551 4036 linus
573 3990 755 4037 autem
782 3996 816 4037 a
851 3997 982 4038 vero
1020 3981 1283 4054 Rigaltius
1323 3982 1618 4041 recessisse
1651 3979 1864 4039 videtur
1884 4018 1904 4048 .

304 4070 395 4128 ubi
418 4072 472 4127 in
502 4071 586 4130 his
611 4072 925 4129 Tertulliani
960 4073 1161 4142 verbis,
1196 4072 1480 4135 Proculum
1507 4072 1762 4133 Euhadne
1785 4090 1909 4146 pro-

303 4173 585 4221 auctorem
619 4163 834 4237 (Ibid),
860 4165 1292 4223 emendationem
1330 4166 1642 4237 comprobat
1685 4166 1905 4236 Pithtni,

304 4258 396 4329 qui
430 4256 596 4313 Evodi
644 4259 927 4331 legendum
975 4262 1275 4332 suspicatus
1298 4271 1401 4317 eat.
1433 4263 1503 4317 At
1531 4260 1701 4321 iusim
1727 4262 1796 4321 de
1826 4263 1911 4323 his

301 4351 418 4408 sive
444 4352 657 4424 Rigaltii
687 4353 803 4411 sive
824 4354 1056 4413 aliorum
1082 4355 1550 4415 observationibus
1578 4355 1720 4414 inira
1745 4356 1910 4417 disse-

304 4443 553 4503 rendam.

934 4540 1164 4598 CAPUT
1192 4540 1281 4597 Vl.

2014 3325 2201 3395 paucis
2248 3323 2420 3391 exorti
2444 3365 2458 3390 .
2493 3324 2674 3385 omnia
2718 3323 2866 3383 orbis
2893 3330 3153 3380 terrarum
3176 3366 3193 3392 ,
3219 3324 3461 3397 exceptis
3490 3325 3621 3382 solis

2010 3416 2345 3483 etimicorum
2384 3416 2616 3492 templis,
2660 3416 2775 3476 loca
2802 3416 3142 3488 impleverim
3169 3416 3361 3497 (Idem,
3389 3418 3614 3499 Apolog.

2012 3529 2129 3583 cap.
2152 3509 2264 3583 57).

2082 3605 2152 3660 At
2178 3617 2483 3676 quanquam
2526 3601 2830 3663 Christiana
2880 3602 3098 3679 religio,
3129 3602 3622 3663 latcntibusetiam

2011 3698 2129 3770 ejus
2177 3696 2554 3769 sectatoribus,
2591 3696 2747 3763 adeo,
2796 3697 2934 3753 sicut
2984 3698 3061 3755 ait
3102 3696 3483 3766 Tertulliauus,
3524 3713 3619 3756 no-

2011 3792 2147 3849 vella
2201 3791 2381 3857 fuerit,
2431 3801 2488 3847 ut
2544 3788 2802 3847 Tiberiani
2853 3792 3095 3862 temporis
3133 3792 3205 3848 ita
3252 3791 3343 3849 ille
3382 3793 3617 3864 loquitur

2013 3884 2178 3957 (Ibid.
2207 3901 2325 3956 cap.
2354 3882 2468 3956 ‘31),
2500 3883 2602 3941 hoc
2654 3892 2758 3952 est,
2807 3882 3023 3940 Tiberio
3051 3882 3260 3941 Caesare
3283 3925 3299 3952 ,
3329 3884 3466 3941 sicut
3490 3900 3617 3941 mox

2011 3979 2247 4039 diximus
2267 4020 2282 4044 ,
2313 3978 2609 4049 imperante
2635 3976 2686 4032 in
2714 3976 2858 4033 hunc
2888 3966 3147 4034 mundum
3175 3976 3477 4035 introducta
3501 3980 3614 4045 sit;

2012 4082 2217 4133 certum
2232 4080 2409 4129 tamen
2435 4079 2520 4128 est
2544 4071 2715 4142 ipsam
2740 4071 3125 4136 antiquissimis,
3144 4079 3202 4125 ut
3217 4070 3309 4127 ille
3326 4071 3503 4127 adhuc
3518 4071 3614 4138 ait,

2011 4163 2314 4223 Iudaeorum
2351 4163 2720 4229 instrumentis,
2750 4161 2801 4217 id
2836 4170 2917 4217 est
2942 4205 2958 4232 ,
2987 4162 3156 4218 sacris
3187 4161 3395 4220 Veteris
3421 4162 3613 4221 Testa-

2013 4260 2180 4317 menti
2203 4258 2484 4329 scripturis
2506 4270 2627 4313 esse
2646 4254 2931 4323 suffultam.
2972 4253 3088 4309 Non
3118 4254 3179 4310 iis
3204 4266 3383 4312 autem
3407 4265 3612 4317 tantum

2012 4353 2237 4409 subnisa
2268 4360 2373 4417 est,
2404 4350 2498 4406 scd
2531 4349 2636 4405 illae
2663 4348 2825 4404 etiam
2855 4363 2961 4405 non
2991 4349 3170 4405 minus
3191 4349 3258 4405 ad
3279 4348 3616 4408 Christianos

2013 4462 2158 4504 nunc
2200 4444 2510 4517 pertinent,
2538 4457 2698 4513 quam
2731 4441 2859 4505 olim
2897 4440 2964 4499 ad
2991 4440 3228 4499 Judznos.
3269 4442 3434 4498 Paulo
3461 4443 3609 4499 enim

2013 4537 2262 4612 superius
2300 4537 2503 4592 Auctor
2545 4542 2728 4591 noster
2775 4533 3067 4604 scripserat
3097 4552 3109 4589 :
3144 4532 3312 4589 Unius
3351 4533 3615 4604 propheta:

304 4632 477 4693 Non
514 4635 571 4691 in
604 4635 911 4693 Tertulliani
941 4639 1345 4710 Apologcticum,
1374 4636 1503 4693 duos
1545 4637 1617 4701 ad
1656 4635 1913 4693 Nationes
1932 4637 1988 4698 Β
2013 4635 2276 4697 scrinium,
2305 4629 2357 4687 id
2388 4636 2473 4685 est
2520 4627 2717 4700 Hoysis
2746 4626 2889 4694 libri,
2921 4626 3149 4683 aliorum
3176 4624 3415 4681 omnium
3442 4626 3611 4687 libros

376 4729 535 4787 libros
558 4770 573 4797 ,
604 4741 651 4786 et
694 4748 852 4787 unum
897 4733 967 4788 ad
996 4733 1279 4805 Scapulam
1307 4731 1696 4799 obseruationes,
1725 4730 1909 4797 quibus

378 4824 601 4895 primum
619 4826 898 4881 ostenditur
918 4826 1261 4882 Christianam
1278 4826 1575 4898 religionem
1601 4825 1786 4899 [ullam
1800 4841 1910 4882 csso

375 4918 535 4973 sacris
566 4916 759 4974 Veteris
785 4916 1097 4974 Tcstamenti
1126 4917 1432 4990 Scripturis,
1464 4928 1514 4974 et
1540 4918 1797 4990 qumodo
1824 4918 1905 4975 ha

379 5009 662 5091 Scriptura
708 5012 779 5067 ad
821 5012 1163 5081 Christianos,
1208 5011 1513 5068 Judseoruus
1555 5027 1905 5081 successores,

377 5103 713 5174 pervenerint,
744 5121 806 5160 ac
830 5116 1019 5176 quanta
1046 5095 1257 5161 illarum
1283 5108 1582 5162 auctoritas.

842 5213 1139 5255 Αιτιωωε
1162 5214 1374 5255 νιιιιυε.

311 5287 581 5357 Quomodo
608 5290 955 5347 Tertullinus
975 5292 1207 5348 ostendat
1218 5292 1562 5349 Christianam
1583 5292 1907 5364 religionem,

377 5379 581 5437 Tiberio
607 5384 889 5455 irruperant:
910 5426 926 5453 ,
961 5385 1019 5440 in
1054 5385 1301 5440 mundum
1330 5385 1683 5441 introductam
1701 5425 1719 5453 ,
1745 5383 1908 5441 sacris

375 5477 551 5548 μεῖνε
570 5476 875 5534 Judworuns
900 5478 1185 5552 Scriptura}
1207 5519 1223 5547 ,
1257 5493 1319 5533 es
1351 5477 1690 5545 Christianos,
1722 5477 1818 5533 etsi
1842 5477 1907 5533 ab

374 5568 559 5624 iisdem
604 5568 807 5625 dedatis
852 5572 1089 5644 apstine,
1130 5571 1468 5643 quorumdam
1510 5571 1742 5627 ciborum
1767 5585 1911 5637 usu,

2013 4724 2255 4799 pluribus
2280 4720 2479 4778 siccatis
2506 4719 2660 4775 vincit
2681 4760 2695 4785 ,
2723 4718 2778 4773 in
2801 4734 2899 4790 quo
2927 4717 3124 4773 videtur
3153 4717 3419 4775 thesaurus
3447 4719 3613 4777 collo-

2010 4830 2153 4877 catus
2190 4817 2344 4874 totius
2384 4813 2595 4869 Iudaici
2632 4810 2978 4891 sacramenti,
3008 4818 3056 4867 et
3100 4810 3218 4865 inde
3240 4809 3411 4879 {etiam
3453 4812 3617 4868 nostri

2007 4912 2200 4986 (Ibid.
2263 4925 2378 4981 cap.
2438 4903 2577 4979 l9);
2624 4905 2678 4961 in
2734 4903 2933 4961 nostris
2980 4917 3112 4959 vero
3163 4900 3436 4960 codicibus
3494 4917 3615 4960 ma-

2013 5002 2341 5074 nuscriptis,
2369 5007 2416 5054 et
2459 4996 2579 5059 inde
2595 4997 2713 5068 jam
2750 5005 2798 5051 et
2824 4993 3001 5051 nostri.
3030 4993 3234 5063 Quibus
3270 5007 3402 5049 sane
3439 4992 3617 5049 verbis

2011 5098 2371 5156 Tertullianus
2387 5096 2656 5167 signiﬁcat
2667 5094 2723 5148 in
2735 5091 2838 5148 hoc
2852 5099 2906 5147 et
2923 5090 3044 5145 aliis
3059 5088 3266 5146 Veteris
3280 5089 3611 5145 Testamenti

1884 5190 1899 5205 '
2011 5191 2166 5250 libris
2207 5189 2450 5246 divinum
2480 5186 2652 5245 nostri
2678 5225 2695 5252 ,
2721 5185 2862 5241 sicut
2888 5182 3029 5251 olim
3054 5181 3361 5249 Judxorum
3386 5222 3402 5250 ,
3429 5196 3613 5239 sacra-

2011 5284 2182 5342 menti
2210 5281 2523 5341 thesaurum
2553 5292 2742 5334 revera
2770 5274 3047 5333 collocari.

2083 5377 2283 5435 Contra
2311 5383 2490 5431 tamen
2518 5370 2843 5443 objiciebant
2871 5366 3071 5424 ethnici
3094 5366 3230 5422 hanc
3259 5364 3464 5423 (utilem
3490 5379 3618 5424 esse

2010 5479 2070 5529 et
2085 5467 2373 5527 absurdam
2388 5464 2885 5538 prmsumptionem,
2895 5458 3621 5532 jactationemqueChristig.

2014 5576 2211 5620 norum
2237 5602 2252 5627 ,
2301 5558 2395 5630 qui
2441 5556 2532 5615 sub
2595 5553 2891 5610 unibraculo
2946 5551 3303 5623 insignissima:
3358 5552 3622 5624 religionis

375 5660 520 5732 {estis
551 5660 729 5717 diebus
770 5672 821 5717 et
854 5642 1240 5719 circumcisione
1278 5663 1564 5735 discrepent
1588 5704 1603 5729 ,
1630 5662 1688 5716 in
1734 5677 1913 5717 cm
2016 5653 2215 5729 (Idem,
2259 5667 2374 5720 cap.
2420 5648 2483 5705 2|
2520 5649 2538 5718 )
2592 5662 2652 5702 se
2694 5645 2947 5702 volebant
3016 5642 3345 5700 abscondere
3369 5684 3383 5712 ,
3458 5652 3625 5716 atque

378 5760 569 5824 nmen,
592 5771 657 5811 ca:
682 5756 850 5828 patrio
873 5756 984 5811 solo
1011 5756 1074 5813 ob
1100 5772 1193 5814 sua
1217 5754 1409 5816 scelera
1431 5755 1719 5828 pulsorum,
1743 5754 1914 5813 locum
2019 5749 2245 5819 impium
2266 5784 2283 5811 ,
2312 5758 2473 5815 quem
2516 5740 2721 5799 homini
2759 5738 3017 5796 crucitixo
3045 5736 3389 5806 exhibebant,
3416 5737 3623 5828 cultum

378 5844 538 5918 {uim
556 5862 732 5907 revera
757 5848 1076 5923 subregulos.

2023 5838 2211 5901 tutari.
2241 5835 2377 5897 Nam
2403 5847 2618 5910 magna,
2645 5829 2984 5905 inquiebant,
3014 5827 3139 5891 illos
3160 5830 3301 5890 inter
3325 5835 3384 5890 et
3410 5826 3629 5895 Juda'os
