4240 6262
627 347 738 408 785

1705 341 1774 397 IN
1812 333 2276 397 TERTULLIANI
2307 328 2843 393 APOLOGETICUM

3831 338 3944 399 784

626 475 766 534 erat,
794 478 900 520 non
951 461 1127 519 solum
1189 456 1429 526 nomine,
1474 454 1570 513 sed
1639 455 1770 526 ipsis
1835 453 1996 510 etiam
2066 449 2230 508 rebus
2256 449 2418 512 Asui
2457 449 2634 507 locum
2676 451 2973 523 Cyprianus
3017 452 3322 524 decerpsit,
3371 467 3435 512 ac
3476 454 3724 527 quaedam
3771 456 3938 512 etiam

627 554 1007 625 discrepantia.
1065 549 1249 607 Primo
1301 549 1444 605 enim
1475 589 1494 616 ,
1546 548 1688 604 sicut
1735 560 1898 603 nemo
1951 542 2226 601 nesciebat

628 657 826 721 quanta
854 647 1012 703 fuerit
1039 644 1346 702 Iudaeorum
1377 643 1670 715 antiquitas
1701 684 1717 710 ,
1747 641 1820 696 ita
1861 640 2042 695 nullus
2070 637 2226 708 plane

622 739 908 810 ignorabat
951 735 1224 793 Christum
1273 751 1395 793 esse
1436 734 1753 802 hominem,
1802 748 1962 804 quem
2011 731 2226 801 ipsimet

620 831 795 890 Judaei
822 848 929 889 non
954 847 983 887 a
1004 832 1186 903 longo,
1213 830 1289 887 uti
1315 845 1439 886 mox
1465 828 1962 894 animadvertimus,
1983 834 2224 894 tempore

618 925 1023 998 iudicaverunt,
1051 939 1115 980 ac
1151 925 1328 980 crucis
1372 921 1672 979 affecerunt
1698 920 1986 991 supplicio.
2021 917 2224 974 Deinde

619 1020 699 1075 illi
740 1020 880 1075 inter
916 1032 976 1074 se
1004 1016 1335 1074 dissidebant
1361 1017 1521 1071 victus
1559 1013 1956 1085 exceptionibus,
1990 1011 2090 1066 hoc
2139 1019 2223 1066 est

617 1112 937 1184 quibusdam
958 1110 1200 1167 ciborum
1227 1110 1534 1180 generibus,
1557 1107 1750 1178 quibus
1777 1104 1827 1158 hi
1858 1103 2220 1170 abstinebant,

618 1205 697 1261 illi
713 1220 843 1262 vero
871 1205 1171 1260 utebantur.
1196 1203 1402 1269 Tertio,
1420 1215 1604 1256 secum
1633 1196 2006 1268 discrepabant
2035 1197 2223 1251 solem-

615 1299 860 1355 nitatibus
901 1299 1138 1366 dierum,
1165 1313 1287 1370 quae
1326 1295 1468 1367 apud
1516 1305 1773 1363 utrosque
1800 1300 1954 1348 erant
1998 1302 2219 1361 prorsus

615 1391 864 1448 diversae.
907 1391 1148 1462 Denique
1181 1389 1498 1446 diﬂ'erebant
1535 1388 1646 1458 ipso
1685 1384 1968 1457 signaculo,
1997 1383 2133 1447 sive,
2161 1391 2219 1437 ut

615 1487 694 1542 ait
727 1486 982 1542 Minutius
1014 1484 1164 1541 Felix
1191 1528 1206 1551 ,
1232 1485 1470 1539 notaculo
1507 1480 1770 1552 corporis,
1800 1477 1943 1548 quod
1981 1476 2049 1530 ab
2075 1477 2219 1544 Apo-

612 1578 776 1646 stolo,
822 1579 1025 1651 signant
1074 1574 1506 1636 circumcisionis,
1557 1581 1604 1626 et
1651 1570 1969 1643 signaculum
2005 1566 2218 1638 justitia:

613 1672 736 1742 ﬁdei
777 1671 831 1725 in
871 1670 1121 1742 praeputio
1157 1677 1379 1723 vocatur
1427 1664 1641 1734 (Minut.
1675 1661 1862 1728 Felix,
1908 1677 2027 1731 pag.
2088 1657 2213 1713 576.

610 1764 776 1821 Paul.
803 1763 975 1837 Epist.
1010 1764 1080 1818 ad
1111 1762 1262 1818 Rom.
1296 1755 1384 1816 IV.
1418 1775 1535 1826 cap.
1558 1759 1639 1829 4).
1694 1755 1856 1827 Atqui
1892 1755 2007 1809 haec
2033 1752 2214 1808 omnia

2327 543 2556 612 ipsamet
2581 544 2700 613 ejus
2728 543 2890 600 verba
2933 545 3135 601 huncce
3165 548 3219 601 in
3250 545 3466 602 modum
3502 557 3776 605 mutuatus
3805 559 3889 604 est
3916 569 3933 607 :

2325 633 2525 690 Judaais
2561 635 2779 706 primum
2815 647 2922 692 erat
2959 639 3099 709 apud
3124 636 3291 692 Deum
3320 641 3506 710 gratia.
3539 640 3629 695 Sic
3659 640 3780 694 olim
3799 641 3934 712 justi

2326 737 2505 794 erant,
2536 728 2609 782 sic
2635 735 2854 798 majores
2889 745 3068 784 eorum
3092 730 3419 801 religionibus
3452 731 3770 786 obediebant.
3803 731 3934 789 Inde

2325 819 2432 874 illis
2469 829 2517 874 et
2552 821 2694 893 regni
2727 821 3012 877 sublimitas
3054 824 3271 894 ﬂoruit,
3300 833 3346 877 et
3390 825 3585 894 generis
3633 827 3933 898 magnitudo

2326 915 2576 983 provenit.
2605 915 2713 972 Sed
2741 915 2818 969 illi
2847 915 3156 987 negligentes
3176 958 3190 982 ,
3221 916 3592 988 indisciplinati
3616 959 3633 984 ,
3660 928 3706 973 et
3731 919 3934 989 superbi

2326 1007 2646 1077 postmodum
2667 1009 2823 1080 facti,
2847 1017 2894 1064 et
2918 1008 3112 1078 ﬁducia
3141 1019 3346 1079 patrum
3371 1010 3541 1080 inﬂati
3563 1052 3579 1078 ,
3603 1010 3726 1063 dum
3755 1010 3931 1066 divina

2325 1107 2578 1169 pt'tecepta
2607 1108 2930 1154 contemnunt
2954 1141 2968 1165 ,
2991 1101 3167 1154 datam
3191 1100 3288 1155 sibi
3319 1101 3538 1172 gratiam
3577 1102 3929 1173 perdiderunt.

2327 1190 2494 1256 Quam
2534 1208 2649 1248 vero
2689 1193 2839 1264 fuerit
2876 1193 2979 1247 illis
3023 1195 3246 1265 profana
3279 1194 3405 1261 vita,
3434 1210 3549 1264 qua:
3574 1206 3833 1251 contracta
3861 1199 3931 1254 sit

2323 1285 2525 1340 violatae
2549 1284 2810 1356 religionis
2838 1285 3062 1358 offensa,
3087 1287 3189 1356 ipsi
3213 1285 3412 1357 quoque
3433 1296 3700 1358 testantur,
3722 1291 3810 1360 qui
3830 1293 3931 1347 etsi

2322 1391 2443 1432 voce
2489 1388 2654 1433 tacent
2681 1421 2696 1447 ,
2737 1380 2878 1433 exitu
2915 1379 3241 1448 conﬁtentur.
3289 1379 3523 1451 Dispersi
3558 1391 3606 1436 et
3642 1383 3929 1452 palabundi

2320 1483 2571 1544 vagantur
2593 1517 2610 1541 ,
2642 1474 2740 1528 soli
2769 1484 2816 1529 et
2842 1475 2955 1531 cteli
2985 1475 3067 1530 sui
3101 1477 3350 1547 profugi,
3383 1493 3472 1546 per
3497 1478 3717 1547 hospitia
3753 1480 3928 1534 aliena

2312 1571 2580 1639 jactentur
2616 1569 2895 1642 (Cyprian.
2941 1572 3006 1626 de
3043 1571 3231 1626 idolor.
3274 1572 3431 1627 canit.
3482 1589 3604 1645 pag.
3659 1573 3771 1645 15).
3815 1572 3928 1631 Sed

2319 1661 2437 1718 hare
2475 1663 2584 1734 jam
2633 1663 2913 1720 retulimus
2956 1664 3009 1720 in
3058 1665 3435 1723 dissertatione
3474 1677 3659 1722 nostra
3697 1665 3766 1722 de
3789 1667 3928 1724 libro

2319 1755 2527 1811 Minutii
2581 1757 2804 1826 Felicis,
2862 1758 2951 1829 qui
3007 1757 3132 1814 inde
3176 1758 3372 1814 Caecilii
3431 1759 3782 1829 pervicaciam
3833 1775 3924 1817 re-

611 1853 1487 1915 ChristianisetJudaeisdebebant
1509 1866 1627 1908 esse
1645 1845 2217 1919 communiapsicidem
2248 1847 2295 1907 B
2326 1850 2497 1906 tundit
2529 1849 2821 1921 (Dissertat.
2849 1852 2903 1904 in
2932 1849 3121 1906 Minat.
3153 1867 3269 1921 cap.
3299 1852 3352 1916 6,
3377 1860 3476 1906 art.
3505 1850 3583 1925 5).

615 1952 729 2009 Deo
761 1951 1216 2022 manciparentur.

680 2045 751 2099 At
791 2058 930 2099 nova
973 2057 1080 2098 non
1123 2040 1222 2096 fuit
1264 2040 1382 2096 haec
1422 2054 1528 2093 non
1572 2035 1732 2093 modo
1769 2033 2070 2106 gentilium,
2113 2031 2209 2100 sed

605 2135 769 2193 etiam
797 2134 1104 2191 Judaeorum
1135 2133 1391 2188 adversus
1415 2131 1750 2186 Christianos
1790 2126 2204 2198 argumentatio.

602 2225 740 2283 Nam
763 2225 1006 2282 Iustinus
1045 2234 1248 2296 martyr
1285 2224 1337 2278 in
1368 2238 1462 2278 sua
1501 2221 1566 2276 ad
1593 2220 1813 2276 Graecos
1837 2217 2209 2274 cohortatione

600 2318 748 2376 illam
773 2318 1052 2387 gentilium
1081 2317 1297 2372 nomine
1322 2317 1400 2371 sic
1428 2326 1580 2383 urget
1607 2328 1625 2373 :
1657 2319 1718 2367 Ei
1744 2319 1793 2368 δὲ
1818 2318 1894 2374 τὶς
1917 2319 2090 2395 φάρεσι
2116 2326 2210 2364 τῶν

601 2422 861 2484 προχείρως
889 2415 1144 2478 ἀντιλέγειν
1169 2412 1454 2477 εἰθισμένων,
1485 2420 1556 2476 μή
1585 2413 1696 2477 ἡμῖν
1723 2412 1811 2466 τὰς
1848 2413 2041 2476 βίϐλους
2081 2407 2208 2457 ιτα-ὺ-

599 2527 710 2570 τας,
738 2510 861 2559 ἄλλα
889 2493 1124 2562 ῖουδαίοις
1146 2515 1417 2572 «pos-ruent,
1449 2503 1532 2553 διὰ
1559 2509 1617 2553 τὸ
1647 2508 1720 2553 ἔτι
1744 2505 1821 2552 νῦν
1847 2503 1891 2551 ἓν
1913 2500 2023 2555 τρεῖς
2061 2516 2205 2548 συνα-

598 2601 772 2668 γωγαῖς
818 2601 972 2654 ιῦτῶν
995 2600 1246 2662 σώζεσθαι,
1275 2596 1358 2647 καὶ
1398 2603 1560 2661 μικτὴν
1618 2599 1744 2660 ἡμᾶς
1785 2598 1835 2645 In
1863 2595 2040 2644 τοὺιτων
2085 2593 2207 2656 φάς’

599 2713 698 2744 κείν
745 2701 835 2750 στὶν
886 2697 1146 2744 θεοσίϐειειν
1189 2695 1515 2756 μεμιθηκένειι
1565 2694 1689 2752 λέγοι
1727 2684 1945 2754 (Justin.
1986 2691 2201 2752 martyr.

598 2779 809 2835 Cohort.
838 2779 908 2834 ad
929 2779 1093 2835 Grata.
1121 2796 1242 2851 pag.
1272 2778 1386 2845 I4):
1413 2778 1476 2831 At
1500 2779 1545 2832 si
1571 2779 1680 2846 quis
1697 2792 1891 2843 eorum,
1915 2774 1999 2838 qui
2021 2783 2205 2830 temere

595 2873 942 2928 contradicere
989 2880 1390 2937 consueverunt,
1442 2871 1585 2926 nobis
1614 2870 1820 2941 objiciat
1857 2886 1959 2923 non
2004 2880 2204 2923 nostros

599 2966 695 3020 hos
736 2982 844 3021 esse
866 3007 882 3034 ,
910 2965 999 3020 sed
1025 2965 1330 3021 Judteorum
1369 2965 1523 3019 libros
1543 3005 1557 3028 ,
1599 2972 1647 3018 et
1682 2979 1772 3033 per
1810 2962 2082 3016 vanitatem
2110 2977 2204 3015 nos

597 3060 794 3126 iactare
819 3060 1112 3132 religionem
1148 3076 1210 3115 ex
1245 3061 1316 3116 eis
1344 3061 1574 3116 hausisse
1602 3061 1758 3113 dicat.
1791 3058 1911 3114 Alio
1939 3067 2117 3113 autem
2149 3058 2201 3112 in

600 3153 740 3210 libro
766 3152 1035 3220 Judaeum,
1061 3153 1251 3210 eodem
1281 3170 1388 3226 quo
1415 3153 1772 3210 Tertullianus
1796 3152 1980 3218 modo,
2012 3152 2200 3208 Chris-

2347 2003 2352 2008 _
2390 1947 2460 2001 At
2484 1961 2588 2001 non
2613 1948 2783 2002 solum
2806 1946 2912 2004 huc
2926 1957 2978 2002 et
3001 1947 3126 2002 illuc
3146 1962 3242 2017 per
3265 1955 3432 2003 totum
3452 1958 3713 2004 terrarum
3733 1948 3921 2007 orbem

2310 2037 2480 2096 Judaei
2501 2048 2685 2094 errant
2704 2055 2767 2096 ac
2792 2047 3051 2110 vagantur
3079 2055 3095 2105 ;
3122 2039 3215 2095 sed
3245 2054 3350 2096 nec
3379 2041 3509 2109 ipsis
3537 2055 3766 2112 quoque,
3793 2057 3920 2113 per-

2310 2133 2390 2204 git
2418 2132 2784 2187 Tertullianus
2805 2175 2820 2199 ,
2853 2134 3164 2188 advenarum
3187 2133 3306 2203 jure
3342 2141 3532 2185 terram
3559 2133 3777 2203 patriam
3803 2133 3915 2188 sal-

2312 2233 2411 2279 tem
2449 2225 2657 2295 vestigio
2693 2224 2917 2279 salutare
2949 2223 3240 2279 conceditur
3271 2223 3605 2294 (Tertullian.
3645 2226 3745 2279 loc.
3778 2217 3928 2299 cit.).‘

2311 2316 2412 2374 Ubi
2445 2333 2575 2374 vero
2618 2327 2804 2373 contra
2845 2318 3064 2374 eosdem
3108 2317 3322 2372 Iudaeos
3367 2318 3686 2373 nominatim
3725 2318 3832 2372 alio
3859 2319 3916 2374 in

2309 2408 2447 2464 libro
2490 2409 2756 2480 disputat,
2792 2411 2966 2482 palam
2997 2410 3173 2466 adhuc
3217 2409 3415 2465 asserit
3463 2408 3590 2465 illud
3619 2425 3722 2465 non
3751 2410 3913 2467 modo

2309 2501 2388 2556 eis
2417 2516 2522 2555 non
2566 2502 2882 2572 permissum
2908 2544 2924 2570 ,
2953 2501 3049 2558 sed
3079 2503 3240 2556 etiam
3273 2503 3492 2556 vetitum
3512 2543 3527 2570 ,
3558 2502 3913 2572 quemadmo-

2308 2592 2434 2648 dum
2462 2609 2491 2648 a
2518 2609 2674 2650 sacro
2705 2595 2964 2664 propheta
2984 2637 2998 2660 ,
3025 2594 3274 2650 videlicet
3300 2593 3465 2662 Isaia,
3497 2597 3910 2665 praenuntiatum

2307 2685 2465 2756 longe
2490 2690 2646 2741 antea
2677 2686 2868 2742 luerat.
2899 2686 3057 2752 Audi,
3081 2702 3282 2758 qumso,
3308 2688 3420 2756 ejus
3441 2689 3596 2742 verba
3623 2705 3635 2740 :
3660 2687 3914 2744 Animad-

2307 2780 2544 2834 uertimus
2570 2796 2704 2834 nunc
2729 2780 2978 2834 neminem
3009 2781 3073 2834 de
3097 2796 3278 2851 genere
3305 2778 3470 2834 Israel
3495 2781 3548 2834 in
3575 2781 3774 2834 civitate
3803 2780 3911 2836 Be-

2306 2870 2525 2925 thlehem
2546 2873 2864 2937 remansisse,
2883 2882 2927 2926 et
2949 2872 3133 2926 exinde
3151 2872 3285 2942 quod
3305 2873 3628 2926 interdictum
3648 2882 3748 2939 est,
3767 2890 3830 2928 ne
3854 2874 3911 2929 in

2305 2964 2526 3033 conﬁnio
2551 2965 2713 3037 ipsius
2737 2965 2954 3037 regionis
2981 2965 3275 3021 demoretur
3297 2967 3563 3036 quisquam
3582 2967 3906 3035 Iudaeorum,

2304 3057 2383 3112 uel
2408 3057 2502 3111 hoc
2527 3073 2723 3127 quoque
2745 3068 2871 3113 esset
2901 3059 3231 3127 adimpletum
3260 3075 3348 3128 per
3366 3057 3734 3131 Pr0phetam:1
3751 3057 3909 3114 Terra

2303 3161 2467 3206 vestra
2493 3151 2712 3217 deserta,
2736 3152 2959 3205 civitates
2981 3160 3156 3206 vestra:
3179 3152 3286 3223 igni
3308 3161 3520 3218 exustis,
3536 3170 3554 3203 ι
3581 3152 3634 3204 id
3659 3163 3751 3218 est,
3769 3153 3907 3220 quod

595 3245 759 3303 tianis
788 3245 904 3303 haec
951 3245 1309 3317 obiectantem
1348 3247 1426 3303 sic
1455 3246 1658 3302 inducit
1689 3265 1702 3301 ε
1729 3241 1890 3302 Ἐκεῖνο
1913 3251 1962 3300 δὲ
1985 3248 2198 3317 ἀπορρεῖ-
2225 3238 2270 3302 C
2303 3242 2420 3297 belli
2438 3253 2662 3314 tempore
2676 3244 2746 3299 eis
2767 3245 2980 3299 evenerit
3027 3243 3226 3316 (lsaitc,
3261 3261 3380 3315 cap.
3402 3244 3443 3299 1.
3470 3243 3525 3315 7)
3551 3262 3565 3312 ;
3595 3263 3612 3296 ‹
3651 3245 3907 3316 regionem

594 3362 679 3408 μιν
700 3346 939 3409 μάλιστα,
969 3344 1013 3392 εἰ
1042 3343 1174 3408 ὑμεῖς
1200 3343 1397 3393 εὐσεϐεῖν
1421 3346 1648 3409 λέγοντες,
1670 3342 1755 3392 καὶ
1799 3353 1889 3392 τῶν
1917 3344 2065 3392 ἄλλων
2105 3339 2200 3390 ὀιόο

593 3453 726 3500 μενοι
768 3434 1033 3501 διαφίρειν,
1059 3430 1166 3485 nam"
1213 3433 1340 3484 οὐδὲν
1369 3433 1525 3484 αὐτῶν
1553 3432 1878 3492 ἀπολείπεσθε,
1907 3431 2012 3483 ῡῦδὲ
2057 3430 2197 3482 διειλ-

591 3529 788 3576 licetat
824 3524 922 3574 ἀπὸ
951 3539 1041 3578 τῶν
1075 3527 1209 3576 ἐθνῶν
1246 3532 1328 3575 τὸν
1369 3527 1586 3590 ὑμέτερον
1615 3530 1742 3590 βίον,
1767 3526 1813 3573 ἰν
1865 3530 1934 3588 τῷ
1958 3530 2080 3587 μήτε
2108 3526 2195 3579 τὰς

591 3618 779 3682 ἄθρει-εις,
801 3627 923 3681 μήτε
955 3619 1020 3667 ιτά
1043 3618 1258 3667 σάϐϐιτιι
1287 3616 1462 3683 τηρεῖν,
1491 3628 1615 3677 μήτε
1638 3621 1726 3664 Irim
1761 3621 2021 3681 περιτομήν
2049 3619 2192 3678 ἔχειν,

591 3707 675 3756 uati
699 3713 772 3759 εντα
793 3705 865 3760 ἔπ’
893 3712 1131 3776 ἄνθρωπον
1157 3713 1485 3777 σταυρωθέντα,
1537 3712 1624 3764 τὰς
1665 3707 1854 3764 ἐλπίδας
1894 3710 2190 3772 ποιεύμενοι.

590 3795 770 3866 (Idem
791 3794 1001 3866 Dialog.
1033 3812 1148 3850 cum
1180 3795 1377 3867 Tryph.
1412 3813 1532 3867 pag.
1565 3795 1715 3864 2‘27).
1749 3793 1897 3849 Illud
1917 3805 2049 3850 certe
2073 3797 2190 3865 qui-

591 3889 710 3942 dem
734 3889 1035 3959 ambigendo
1061 3890 1280 3944 maxime
1306 3890 1553 3942 miramur
1576 3905 1684 3954 vos,
1711 3889 1798 3958 qui
1826 3905 1996 3944 verum
2024 3889 2191 3956 iacta-

591 3982 658 4034 tis
687 3980 982 4053 religionem
1007 4023 1023 4048 ,
1055 3991 1100 4034 et
1128 3981 1244 4036 aliis
1271 3980 1556 4037 hominibus
1581 3991 1824 4053 prastare
1852 3983 2006 4036 vultis
2028 4025 2042 4048 ,
2076 3999 2192 4037 cum

588 4075 725 4128 nihil
764 4073 826 4127 ab
869 4075 938 4128 eis
975 4075 1197 4140 varietis,
1247 4085 1291 4129 et
1318 4075 1418 4129 vita
1459 4075 1684 4146 degenda
1718 4074 1849 4128 nihil
1887 4091 1919 4128 a
1959 4076 2192 4146 gentibus

590 4165 849 4236 differatis
873 4181 891 4232 ;
941 4175 1114 4236 utpote
1136 4165 1223 4236 qui
1253 4183 1409 4236 neque
1445 4167 1598 4236 festos
1623 4165 1730 4220 dies
1752 4206 1767 4231 ,
1800 4181 1960 4236 neque
1983 4166 2191 4221 sabbata

589 4258 828 4325 servetis,
857 4273 1015 4326 neque
1039 4257 1470 4311 circumcisione»:
1505 4256 1730 4310 habeatis
1749 4298 1762 4324 ,
1795 4267 1945 4328 atque
1979 4258 2192 4327 insuper

593 4348 651 4405 in
680 4348 884 4403 homine
910 4349 1156 4419 cruciﬁxo
1184 4365 1324 4419 spem
1356 4349 1628 4403 collocatis.

660 4439 974 4509 Respondet
1007 4439 1186 4510 itaque
1214 4440 1572 4495 Tertullianus
1609 4441 1893 4495 maximam
1927 4442 2054 4497 olim
2095 4441 2188 4498 Ju-

587 4529 830 4587 dxeorum
863 4529 1027 4621 fuisse
1053 4531 1193 4602 apud
1236 4532 1402 4587 Deum
1436 4533 1681 4602 gratiam,
1710 4535 1771 4588 ob
1815 4535 2063 4606 insignem
2094 4536 2187 4606 ju-

2299 3344 2518 3389 vestram
2542 3337 2596 3388 in
2621 3346 2895 3406 conspecta
2921 3345 3082 3390 vestro
3113 3336 3270 3390 exteri
3297 3336 3580 3401 comedent,
3607 3347 3651 3390 et
3683 3336 3901 3404 deserta,

2297 3437 2346 3481 et
2372 3425 2610 3481 subversa
2636 3427 2732 3480 erit
2771 3443 2803 3480 (ι
2831 3427 3034 3497 populis
3053 3427 3256 3482 alienis.
3283 3446 3302 3479 ι
3335 3426 3405 3480 Et
3432 3429 3537 3482 alio
3567 3429 3676 3483 loco
3705 3429 3776 3484 sic
3814 3446 3904 3498 per

2298 3517 2613 3590 PrOphetam
2631 3519 2853 3573 dicitur:
2885 3539 2904 3572 ι
2938 3519 3128 3591 Regem
3155 3536 3268 3573 cum
3285 3521 3516 3575 claritate
3537 3521 3817 3590 videbitis,»
3850 3522 3904 3576 id

2295 3624 2387 3681 est,
2421 3614 2680 3669 Christum
2705 3613 2974 3684 facientem
3003 3614 3209 3667 virtutes
3234 3613 3289 3666 in
3334 3613 3498 3684 gloria
3543 3611 3642 3667 Dei
3689 3613 3900 3680 Patris,

2303 3726 2322 3761 ι
2350 3717 2398 3764 et
2427 3706 2561 3762 oculi
2591 3707 2742 3760 vestri
2780 3706 3016 3760 videbunt
3043 3715 3228 3759 terram
3283 3705 3346 3758 de
3381 3705 3653 3773 longinquo
3677 3723 3696 3755 ι
3727 3703 3895 3773 (Ibid.

2295 3817 2411 3871 cap.
2439 3796 2681 3855 XXXIII.
2732 3797 2844 3868 I7).
2876 3797 3028 3865 Quod
3055 3798 3195 3852 vobis
3215 3814 3307 3868 pro
3335 3797 3521 3850 meritis
3549 3797 3740 3858 ,t'cstris
3782 3806 3899 3867 post

2294 3892 2721 3962 expugnationem
2754 3888 3044 3944 Ierusalem
3086 3890 3348 3961 prohibitis
3391 3889 3586 3960 ingredi
3623 3889 3678 3942 in
3708 3899 3902 3944 terram

2292 3995 2545 4052 vestram,
2593 3985 2659 4038 de
2692 3985 2965 4056 longinquo
3012 4000 3124 4038 eam
3172 3982 3333 4037 oculis
3373 3993 3569 4036 tantum
3589 3983 3757 4037 videre
3777 3998 3900 4053 per-

2292 4078 2504 4132 missum
2554 4087 2626 4131 est
2665 4075 2870 4147 (Idem,
2917 4076 3004 4131 lib.
3034 4077 3150 4130 adv.
3183 4075 3359 4131 ludat.
3397 4092 3519 4146 cap.
3564 4075 3678 4146 I5).
3743 4076 3902 4133 Prior

2295 4186 2508 4242 quoque
2539 4171 2628 4226 ille
2659 4169 2810 4226 Isaia:
2839 4172 2988 4226 locus
3014 4169 3046 4224 ὸ
3072 4168 3342 4241 Cypriane
3365 4170 3608 4224 eamdem
3637 4170 3709 4225 ob
3735 4185 3896 4227 caus-

2291 4278 2404 4320 sam
2436 4264 2633 4318 citatur
2656 4264 2834 4334 (Cypr.
2863 4264 2950 4319 lib.
2981 4262 3021 4316 1.
3057 4264 3174 4317 adv.
3205 4261 3384 4317 Iudae.
3419 4261 3446 4332 §
3478 4261 3532 4317 6.
3566 4280 3688 4334 pag.
3719 4248 3834 4334 εἰ).

2363 4355 2442 4410 Ea
2484 4371 2646 4426 porro
2705 4355 2982 4425 praedictio
3013 4397 3026 4421 ,
3051 4369 3113 4409 ac
3157 4355 3508 4410 subsecutum
3581 4356 3767 4424 patria:
3804 4355 3891 4412 in-

2289 4462 2478 4517 gressu
2524 4447 2860 4503 interdictum
2909 4446 2978 4502 ab
3019 4455 3240 4502 auctore
3297 4446 3587 4500 Eusebiani
3631 4446 3884 4503 Chronici

2291 4538 2438 4597 hisce
2466 4542 2643 4598 verbis
2670 4543 3017 4598 conﬁrmatur
3041 4561 3052 4596 :
3087 4541 3289 4596 Bellum
3332 4541 3612 4595 Iudaicum
3632 4583 3647 4606 ,
3678 4541 3812 4612 quod
3836 4542 3890 4596 in

587 4625 783 4680 stitiam
826 4635 874 4679 et
927 4625 1084 4692 ﬁdem
1134 4625 1461 4696 originalium
1515 4636 1780 4681 auctorum
1832 4627 1850 4697 (
1881 4626 2183 4684 Tertullian.
2213 4630 2268 4690 D
2293 4631 2575 4688 Palaestina
2599 4634 2900 4706 gerebatur,
2927 4633 3081 4701 liuent
3134 4633 3366 4701 accepit,
3397 4632 3544 4687 rebus
3591 4631 3892 4687 Judteorum

585 4719 856 4790 Apologet.
923 4735 1040 4788 cap.
1090 4717 1250 4788 21.),
1312 4718 1362 4774 id
1419 4728 1496 4774 est
1529 4761 1544 4785 ,
1600 4721 1893 4789 primorum
1952 4722 2183 4790 patriar-

583 4809 830 4877 charum,
870 4825 936 4864 cx
966 4809 1161 4880 quibus
1189 4811 1448 4881 originem
1486 4825 1637 4865 suam
1664 4811 1949 4868 ducebant.
1983 4812 2186 4881 Quam-

585 4901 772 4957 obrem
819 4909 948 4956 tunc
977 4901 1181 4966 felices,
1225 4911 1279 4958 et
1307 4904 1541 4973 generis,
1573 4913 1630 4958 ut
1651 4903 1743 4959 ille
1777 4904 1874 4970 ait,
1922 4906 2182 4976 magnitu-

584 4994 734 5063 dine,
769 5003 826 5051 et
867 4995 1017 5066 regni
1043 4995 1372 5052 sublimitate
1397 4995 1715 5052 ﬂoruerunt.
1752 4999 1819 5054 At
1844 5014 2033 5054 eorum
2063 5015 2182 5071 pos-

581 5088 707 5153 teri,
737 5086 954 5156 fiducia,
986 5087 1059 5141 ita
1089 5088 1205 5156 ipse
1235 5089 1597 5159 prosequitur,
1627 5099 1828 5160 patrum
1851 5092 2040 5162 inﬂati,
2083 5093 2176 5147 de-

577 5179 773 5234 viantes
803 5196 834 5232 a
873 5179 1148 5250 disciplina
1172 5181 1228 5234 in
1270 5184 1546 5254 profanum
1590 5185 1820 5253 modum,
1856 5197 2177 5256 spreverunt

575 5270 676 5327 Dei
705 5273 929 5339 monita,
957 5286 1020 5328 ac
1044 5274 1373 5329 conculcatis
1409 5275 1526 5345 ejus
1571 5277 1776 5348 legibus
1799 5319 1815 5346 ,
1843 5280 1895 5334 in
1926 5281 2178 5352 quaelibet

573 5373 801 5420 ruerunt
833 5364 1081 5421 vitiorum
1119 5381 1335 5436 genera.
1381 5366 1486 5422 Sed
1527 5384 1684 5438 quem
1717 5369 1883 5426 Deum
1912 5373 2170 5442 optimum

569 5466 984 5528 contempsere,
1013 5456 1156 5513 hunc
1195 5474 1441 5515 severum
1478 5459 1710 5530 judicem
1767 5468 1971 5534 experti
2022 5474 2168 5522 sunt.

568 5550 727 5619 Quod
753 5551 968 5622 quidem
1007 5550 1407 5609 evidentissime
1448 5554 1638 5624 probat
1671 5556 1845 5611 exitus
1875 5557 2168 5615 hodiernus

565 5642 832 5712 ipsorum,
852 5657 958 5713 quo
987 5642 1221 5714 dispersi,
1245 5645 1320 5699 ait
1341 5646 1544 5700 Auctor
1567 5657 1768 5714 noster,
1793 5649 2090 5720 palabundi,
2118 5664 2165 5708 et

561 5734 678 5787 caeli
703 5744 750 5787 et
773 5735 870 5788 soli
893 5735 970 5789 sui
985 5743 1225 5801 extorres,
1242 5747 1491 5806 vagantur
1517 5755 1606 5808 per
1624 5741 1792 5794 orbem
1811 5742 1920 5796 sine
1940 5743 2159 5811 homine,

553 5821 670 5876 sine
713 5820 825 5878 Deo
871 5838 986 5892 rege
1027 5821 1237 5894 (Ibid).
1271 5826 1466 5886 Totum
1514 5840 1691 5889 autem
1739 5832 1880 5890 hunc
1923 5835 2161 5906 magistri

2291 4728 2490 4797 penitus
2513 4729 2768 4800 oppressis
2798 4744 2817 4782 :
2842 4744 2904 4782 ex
2929 4743 3028 4798 quo
3053 4736 3278 4796 tempore
3305 4727 3458 4779 etiam
3499 4727 3791 4782 introeundi
3817 4726 3890 4781 eis

2285 4821 2606 4892 Jerosolyma
2635 4822 2837 4880 licentia
2856 4821 3048 4889 ablata,
3069 4821 3287 4888 primum
3310 4818 3406 4873 Dei
3428 4829 3578 4887 nutu,
3601 4821 3729 4876 sicut
3752 4819 3889 4876 Pro-

2287 4914 2452 4986 pheta:
2494 4916 2755 4989 vaticinati
2804 4924 2954 4981 sunt,
2987 4915 3170 4969 deinde
3213 4914 3463 4968 Romanis
3510 4914 3886 4969 interdictioni-

2280 5007 2374 5064 bus
2404 5007 2617 5074 (Euseb.
2647 5009 2836 5065 Chron.
2869 5008 2938 5061 ad
2963 5025 3086 5062 ann.
3127 5005 3313 5062 Christ.
3353 5005 3502 5076 I35).

2354 5101 2522 5155 Antea
2563 5115 2692 5156 vero
2717 5100 2959 5156 Justinus
3007 5095 3212 5170 martyr
3257 5099 3390 5153 citat
3432 5095 3677 5152 eamdem
3720 5105 3885 5167 atque

2282 5185 2670 5262 Tertullianus,
2701 5195 2934 5265 priorem
2983 5192 3132 5249 Isaiae
3174 5193 3243 5249 de
3289 5190 3568 5264 ejiciendis
3609 5205 3674 5247 ex
3708 5190 3883 5258 patria

2278 5301 2375 5343 sua
2421 5287 2622 5343 Judaais
2662 5287 3098 5343 vaticinationem
3143 5284 3360 5358 (Justin.
3398 5283 3606 5340 Cohort.
3638 5283 3707 5337 ad
3737 5293 3877 5354 gent.

2277 5397 2397 5451 pag.
2426 5381 2542 5452 14.)
2561 5424 2577 5448 ,
2606 5380 2881 5452 alteraque
2923 5379 3099 5435 adhuc
3143 5379 3196 5434 in
3229 5377 3466 5434 medium
3497 5375 3657 5432 allata
3678 5419 3695 5444 ,
3742 5391 3879 5432 cono

2274 5473 2506 5530 tinenter
2542 5473 2738 5544 adjecit
2783 5489 2798 5526 :
2855 5464 2945 5527 ὁτι
2991 5476 3041 5525 δὲ
3088 5478 3377 5542 pollicens:
3429 5469 3503 5539 bp‘
3555 5475 3712 5536 ὑμῶν,
3752 5473 3878 5528 ὅπως

2271 5571 2434 5634 μηδεὶς
2461 5571 2506 5620 ἐν
2557 5571 2678 5636 αὖτῇ
2732 5581 2956 5637 paritur,
3015 5569 3099 5617 ui
3143 5571 3344 5643 06-)ch
3391 5566 3524 5616 κατὰ.
3581 5567 3670 5616 τοῦ
3719 5583 3876 5615 um-

2270 5666 2645 5728 λαμϐινομὲνους
2698 5648 2912 5712 Ῐουδειίου
2961 5660 3182 5717 dolone:
3236 5663 3460 5726 ὥριστιι.
3528 5650 3718 5708 Cavere
3777 5666 3874 5704 au-

2267 5757 2366 5803 tem
2418 5759 2464 5804 et
2503 5766 2702 5804 servare
2744 5765 2830 5804 vos
2853 5789 2868 5817 ,
2899 5765 2962 5804 ne
2988 5743 3100 5820 quis
3137 5747 3206 5801 ibi
3234 5747 3337 5812 sit,
3368 5755 3417 5800 et
3471 5760 3673 5816 poenam
3723 5742 3869 5812 capi-

2266 5838 2418 5897 talem
2445 5843 2794 5917 _constitutam
2835 5856 2942 5898 esse
3003 5841 3244 5908 adversus
3280 5835 3524 5894 Iudicum
3576 5852 3634 5892 eo
3691 5836 3866 5905 ingre-
