4198 6260
319 279 437 345 785

1451 274 1903 336 DISSERTATIO
1940 275 2004 333 D.
2043 275 2132 332 LE
2166 275 2469 361 NOURHY.

3535 282 3648 342 786

325 405 548 460 dientent
593 400 748 476 probe
783 399 921 456 scitis
946 397 1162 469 (.lustin.
1197 395 1418 466 Apolog.
1453 396 1504 449 1.
1536 410 1628 465 pro
1659 393 1927 448 christian.
1957 393 2009 453 Α
2035 407 2312 449 sacrorum
2361 401 2542 448 vatum
2587 393 2840 461 oracula;
2873 393 2968 450 sed
2999 395 3365 454 Tertullianus
3389 400 3641 472 quaedam

326 513 450 570 pag.
482 496 598 566 81).
642 494 997 565 Hieronymus
1025 505 1191 546 vero:
1226 487 1354 543 Post
1396 497 1673 542 extremam
1718 487 1931 541 vastita-

326 597 428 644 tem
457 589 607 643 etiam
648 587 778 656 leges
817 584 1034 654 publiece
1061 580 1438 653 pependerunt,
1473 587 1521 633 et
1548 578 1786 649 prohibiti
1813 586 1932 632 sunt

325 681 502 737 ,Ιαάωὶ
518 689 722 743 terram,
743 678 806 732 de
824 693 924 748 qua
945 675 1091 746 ejeeti
1127 678 1348 745 fuerant,
1370 672 1568 743 ingredi
1595 670 1929 742 (Hieronym.

327 774 383 829 in
403 791 518 844 cap.
549 773 643 828 Vl.
668 769 798 825 lsai.
833 785 879 823 υ.
931 769 1019 824 11.
1055 786 1109 838 p.
1141 765 1281 838 65.).
1310 765 1373 819 Et
1393 778 1583 819 rursus
1607 760 1732 818 alibi
1759 782 1772 816 :
1801 761 1934 817 Nul-

330 867 411 922 lus
448 866 751 921 Judazorum
797 871 984 917 terram
1013 858 1272 930 quondam
1309 866 1356 912 et
1392 855 1566 909 urbem
1598 855 1932 908 sanctamin-

329 962 472 1034 gredi
493 961 600 1032 lege
617 957 924 1029 permittitur
946 952 1136 1026 (Idem,
1175 952 1226 1005 in
1241 967 1357 1021 cap.
1376 945 1570 1004 XVIII.
1596 945 1854 1001 Ezechiel.
1880 962 1930 1007 ιι.

332 1055 422 1112 16.
463 1071 516 1124 p.
554 1052 708 1121 617).

402 1149 520 1218 Quo
549 1153 729 1201 autem
759 1151 1003 1212 tempore
1022 1182 1037 1207 ,
1069 1147 1125 1195 et
1154 1153 1184 1192 a
1213 1151 1321 1208 quo
1347 1136 1678 1206 lmperatore
1715 1133 1822 1188 lata
1864 1132 1934 1188 sit

330 1257 393 1298 ea
421 1241 504 1296 lex
527 1280 543 1306 ,
568 1239 611 1293 si
641 1251 798 1308 roges
817 1278 832 1302 ,
856 1250 920 1290 ex
949 1231 1180 1288 Eusebio
1201 1231 1414 1286 discere
1436 1227 1636 1298 poteris
1657 1268 1671 1291 ,
1697 1226 1788 1297 qui
1812 1241 1935 1280 nar-

331 1346 417 1392 rat
463 1349 606 1389 anno
636 1335 704 1389 12
744 1330 966 1386 Adriani
1020 1326 1384 1396 imperatoris,
1414 1331 1537 1393 post
1565 1335 1808 1377 eversam
1840 1335 1932 1374 ur-

330 1429 453 1484 bem
497 1425 752 1482 Berthera
778 1463 794 1490 ,
824 1437 931 1476 non
977 1419 1166 1492 procul
1211 1414 1599 1486 Hierosolymis
1641 1412 1930 1468 dissitam:

330 1508 403 1576 'I‘s
457 1529 557 1576 πᾶν
592 1529 712 1580 ἔθνος
754 1525 812 1583 ἓξ
833 1525 1003 1572 ἐκείνου
1044 1519 1126 1568 καὶ
1167 1529 1255 1572 τίς
1298 1516 1403 1581 περὶ
1431 1515 1497 1565 τὰ.
1522 1501 1806 1581 ῖεροσὸλυμει
1848 1525 1934 1579 γῖς

331 1624 538 1683 erimus
579 1621 833 1669 ἱπιϐαίνειν
862 1617 1067 1680 εἴργεται
1095 1625 1110 1638 ·
1142 1610 1282 1675 νόμον
1311 1608 1512 1675 δόγματι
1549 1606 1633 1656 uati
1663 1607 1936 1667 διατάξεων

331 1704 589 1778 Rapaci},
623 1714 681 1766 ὡς
723 1710 782 1757 ἂν
827 1711 905 1772 ρῆ’
943 1702 988 1754 δ’
1030 1710 1079 1767 ἐξ
1121 1703 1340 1754 ἀπόπτου
1389 1702 1597 1769 Θεωροῖεν
1619 1706 1675 1751 τὸ
1713 1715 1932 1770 eruption

2033 485 2140 540 alio
2171 487 2220 540 in
2253 485 2390 541 libro
2412 487 2623 552 citavit,
2651 495 2704 542 ct
2731 487 2882 558 plura
2912 487 3239 559 Cyprianus,
3271 499 3431 563 atque
3468 492 3636 550 etiam

2035 589 2225 651 postea
2268 579 2614 646 Laclantius,
2639 589 2696 635 ut
2742 594 2842 635 suo
2883 580 3006 636 loco
3042 596 3072 636 a
3098 582 3254 638 nobis
3297 581 3640 642 demonstra-

2035 681 2147 728 tum
2169 681 2251 730 est
2279 673 2472 745 (Idem,
2493 673 2583 730 lib.
2606 673 2705 732 adu
2729 672 2909 728 ludar.
2937 690 3056 745 cap.
3093 674 3180 730 12.
3206 674 3454 746 Cyprian.
3483 679 3572 734 lib.
3591 679 3637 734 I.

2034 769 2153 821 adv.
2172 765 2299 821 Jud.
2322 765 2349 837 §
2372 766 2459 822 Il.
2501 782 2622 838 pag.
2645 764 2738 821 2‘5.
2767 764 3036 822 Dissertat.
3059 767 3113 821 in
3133 765 3373 823 Lactant.
3403 785 3522 840 cap.
3546 771 3637 826 10.

2034 867 2136 914 art.
2171 858 2246 930 I).

2105 951 2426 1008 Christianis
2475 952 2656 1024 itaque
2685 960 2938 1023 tanquam
2966 951 3021 1005 in
3051 950 3362 1009 Judazorum
3403 953 3553 1022 olea,
3581 966 3641 1011 ut

2035 1044 2211 1101 adhuc
2236 1046 2471 1116 loquitur
2491 1045 2856 1101 Tertullianus
2881 1087 2897 1112 ,
2923 1062 2986 1100 ex
3007 1045 3229 1101 oleastro
3250 1047 3417 1103 insitis
3434 1091 3449 1116 ,
3478 1057 3639 1120 atque

2035 1139 2092 1195 in
2121 1155 2306 1196 eorum
2353 1140 2531 1196 locum
2567 1139 2840 1205 suti‘ectis,
2875 1140 3178 1195 communis
3219 1139 3327 1195 illis
3353 1139 3527 1197 factus
3555 1153 3641 1199 est

2034 1247 2158 1288 eum
2219 1232 2407 1288 iisdem
2476 1233 2677 1288 Judazis
2723 1247 2996 1289 sacrarum
3059 1231 3268 1290 Veteris
3305 1233 3638 1293 Testamenti

2037 1324 2434 1394 Scripturarum
2508 1325 2793 1381 thesaurus
2867 1324 3108 1398 (Tertull.
3128 1326 3250 1381 Jib.
3300 1327 3366 1382 de
3423 1327 3636 1384 Testim.

2036 1418 2194 1472 anim.
2227 1433 2342 1486 cap.
2398 1415 2476 1488 5).
2525 1417 2683 1473 Prius
2717 1427 2895 1473 autem
2937 1427 3158 1474 sanctus
3212 1428 3418 1494 martyr
3466 1420 3638 1477 Justi-

2038 1528 2139 1568 nus
2183 1518 2557 1566 asseveranter
2601 1509 2968 1565 affirmaverat
3021 1510 3324 1567 doctrinam
3367 1513 3420 1568 in
3461 1515 3631 1571 sacris

2037 1604 2252 1661 Veteris
2280 1604 2614 1660 Testamenti
2643 1603 2942 1674 Scripturis
2992 1604 3242 1659 traditam
3270 1607 3541 1676 pertinere
3566 1610 3634 1665 ad

1991 1738 1993 1740 -
2037 1695 2399 1762 Christianos,
2432 1695 2498 1750 ad
2528 1709 2664 1767 quos
2694 1709 2800 1754 non
2844 1696 2960 1750 sine
2987 1695 3166 1751 divina
3207 1699 3540 1768 providentia
3567 1704 3637 1757 ab

335 1805 503 1870 ἔδαφος
553 1804 958 1870 ἔμελευσσιμένου,
1004 1789 1210 1862 thqu
1249 1797 1274 1846 6
1321 1795 1545 1850 Πελλσιῖος
1591 1793 1784 1860 ἱστορεῖ.
1829 1788 1932 1843 Ju-

2043 1789 2506 1862 ipsismetludzeis
2551 1789 2879 1845 transmissa:
2923 1789 3284 1860 sunt(.lustin.
3327 1793 3523 1848 cohort.
3567 1797 3638 1849 ad

336 1892 562 1946 dirarum
615 1890 848 1942 universa
883 1903 1003 1959 gens
1055 1886 1110 1938 in
1157 1883 1417 1954 regionem
1457 1883 1648 1936 circum
1687 1879 1932 1936 Hieroso-

257 1999 282 2008 ⁴
339 1986 476 2057 lgma
497 1984 646 2039 sitam
672 1981 850 2053 pedem
876 1979 1066 2049 inferre
1091 1977 1345 2049 prohibita
1366 1985 1440 2032 est
1463 1993 1481 2041 ;
1504 1976 1631 2030 adeo
1656 1985 1711 2029 ut
1736 1992 1798 2030 ne
1818 1993 1936 2048 pro-

338 2076 530 2144 spicere
554 2073 760 2146 quidem
783 2089 812 2126 e
834 2071 1114 2143 longinquo
1137 2070 1358 2140 patrium
1384 2067 1549 2122 solum
1571 2067 1697 2126 ipsis
1725 2067 1893 2123 liceret
1916 2109 1932 2136 ,

339 2177 394 2222 ut
422 2166 595 2222 scribit
621 2165 790 2219 Aristo
809 2162 1035 2218 Pellams
1062 2160 1273 2234 (Euseb.
1307 2160 1345 2214 Ι.
1380 2159 1467 2214 IV.
1501 2158 1699 2214 Hister.
1734 2159 1931 2215 Eccles.

336 2242 454 2329 cap.
483 2257 536 2314 6.
568 2273 691 2328 pag.
741 2255 891 2323 118).
922 2255 1120 2310 Verum
1159 2252 1345 2307 Hilarii
1385 2260 1542 2307 tetate
1584 2252 1826 2306 nonnihil
1866 2251 1934 2308 de

340 2350 562 2420 hujusce
591 2348 725 2419 legis
766 2345 1054 2402 severitate
1098 2344 1396 2399 relaxatum
1426 2353 1547 2412 est,
1579 2343 1932 2413 quemadmo-

338 2443 467 2500 dum
513 2443 596 2497 his
637 2441 856 2496 totidem
897 2439 1077 2494 verbis
1116 2438 1418 2509 significat:
1453 2439 1586 2504 Quin
1617 2439 1769 2493 etiam
1800 2455 1935 2492 nunc

335 2537 566 2607 ingressu
588 2534 802 2588 civitatis
827 2532 1052 2602 ejusdem
1093 2531 1255 2585 edicto
1292 2531 1492 2584 romani
1521 2529 1673 2602 Regis
1700 2531 1934 2586 inhiben-

338 2635 436 2680 tur.
479 2625 686 2680 Etcum
733 2624 930 2679 deserta
975 2631 1268 2678 sanctorum
1307 2631 1483 2675 sancta
1509 2663 1524 2688 ,
1556 2630 1604 2674 et
1643 2621 1935 2692 prophetias

337 2719 504 2784 silere,
532 2728 579 2773 et
608 2718 951 2789 plaeationum
989 2715 1182 2769 hostias
1205 2714 1393 2779 deesse,
1421 2723 1472 2772 et
1495 2714 1790 2786 dignitatem
1820 2731 1935 2768 om-

337 2828 452 2864 nem
477 2811 812 2882 deformatam
833 2807 1099 2862 ministerii
1119 2806 1303 2860 levitici
1331 2807 1684 2873 recordamur,
1709 2807 1936 2862 conversi

336 2920 470 2957 nunc
489 2946 505 2967 ,
529 2913 576 2957 et
619 2906 756 2974 fame
810 2900 944 2956 uerbi
1005 2897 1103 2952 Dei
1151 2908 1198 2952 et
1226 2899 1323 2953 cibi
1351 2900 1595 2954 salutaris
1625 2900 1835 2970 affecti,
1867 2901 1936 2955 ad

337 2996 577 3050 solatium
626 2992 952 3063 pra’sentium
998 2991 1319 3044 miseriarum
1356 2992 1626 3044 circumire
1651 3001 1765 3045 sunt
1795 2993 1936 3047 soliti

337 3091 589 3144 civitatem
614 3087 811 3161 (Hilar.
848 3085 1020 3139 Tract.
1047 3085 1100 3138 in
1130 3084 1316 3154 psalm.
1350 3081 1528 3138 LVIII.
1555 3083 1581 3155 §
1609 3084 1660 3138 7.
1694 3102 1748 3154 p.
1783 3085 1931 3157 150).

2037 1894 2174 1957 gent.
2195 1884 2324 1956 ‘pag.
2355 1882 2469 1952 11).

2109 1975 2365 2042 Quamvis
2391 1981 2573 2029 autem
2597 1972 2798 2028 Judzeis
2821 1982 2875 2029 et
2893 1971 3214 2030 Christianis
3243 1988 3560 2034 communes
3579 1977 3634 2034 hi

2040 2068 2162 2124 libri
2199 2067 2324 2123 facti
2354 2067 2462 2122 sint
2481 2109 2496 2134 ,
2525 2081 2633 2121 non
2673 2066 2798 2122 inde
2839 2076 3017 2121 tamen
3047 2067 3291 2137 sequitur
3319 2069 3387 2124 ab
3413 2070 3528 2126 istis
3552 2086 3636 2128 re-

2037 2163 2143 2233 cipi
2171 2162 2422 2218 debuisse
2447 2175 2638 2216 omnes
2668 2161 2720 2214 in
2753 2153 2903 2216 hisce
2929 2161 3081 2216 libris
3108 2162 3452 2233 praescriptos
3479 2164 3633 2220 ritus.

2038 2255 2171 2310 Nam
2212 2255 2394 2326 plures
2433 2253 2555 2323 jure
2599 2255 2792 2307 merito
2820 2251 3066 2309 Christus
3105 2253 3418 2326 abrogavit,
3447 2272 3639 2328 quem-

2038 2347 2327 2403 admodum
2374 2346 2592 2401 sabbata
2616 2387 2630 2410 ,
2661 2345 2778 2401 dies
2809 2345 2972 2401 festos
2994 2387 3009 2412 ,
3041 2346 3507 2404 circumcisionem
3533 2390 3550 2416 ,
3584 2363 3640 2407 et

2041 2439 2406 2512 hujuscemodi
2431 2483 2446 2505 ,
2473 2455 2591 2510 quae
2617 2437 2926 2494 carnalibus
2951 2437 3151 2494 Judzeis
3185 2440 3496 2512 praescripta
3520 2441 3639 2500 fue-

2039 2541 2183 2588 runt.
2214 2531 2346 2588 Nam
2389 2531 2506 2586 haec
2532 2531 2711 2584 omnia
2738 2529 2943 2584 umbra:
2971 2539 3126 2584 erant
3152 2537 3206 2586 et
3235 2531 3418 2602 figura:
3441 2575 3458 2602 ,
3487 2550 3551 2592 ac
3581 2536 3634 2592 in

2039 2627 2250 2697 signum
2281 2625 2426 2690 data,
2457 2639 2599 2694 quae,
2628 2623 2704 2678 uti
2738 2623 3038 2678 luculenter
3061 2623 3425 2680 Tertullianus
3453 2627 3558 2682 alio
3583 2628 3636 2683 in

2039 2717 2175 2773 libro
2223 2716 2594 2781 demonstrat,
2618 2715 2896 2780 veritatis,
2926 2714 2978 2768 id
3018 2723 3135 2780 est,
3163 2713 3362 2771 Christi
3403 2716 3637 2773 adventu

2039 2808 2308 2865 debebant
2346 2823 2670 2864 evanescere
2709 2816 2764 2862 et
2801 2805 3064 2876 antiquari
3099 2804 3344 2875 (Tertull.
3397 2807 3485 2862 lib.
3515 2810 3634 2865 adv.

2037 2899 2212 2955 Judce.
2240 2917 2356 2972 cap.
2387 2900 2420 2954 5
2446 2908 2491 2954 et
2512 2900 2589 2970 4).

2107 2992 2413 3048 Christiana
2479 2993 2660 3063 itaque
2705 2993 2925 3064 religio,
2959 2993 3057 3047 etsi
3116 3004 3378 3065 regnante
3424 2995 3640 3051 Tiberio

2039 3086 2364 3156 imperatore
2388 3127 2403 3150 ,
2438 3084 2491 3138 in
2518 3083 2776 3138 mundum
2807 3101 2836 3137 a
2865 3084 3082 3140 Christo
3105 3085 3407 3140 introducta
3427 3129 3443 3150 ,
3469 3088 3520 3142 in
3547 3086 3640 3141 Ju-

345 3185 544 3239 Verum
574 3182 755 3237 infelix
800 3179 892 3234 ille
930 3177 1161 3248 populus
1190 3175 1294 3231 hoc
1347 3177 1725 3247 qualicumque
1769 3179 1933 3234 mise-
1961 3178 2006 3241 C
2041 3175 2206 3230 daica:
2252 3183 2429 3228 tamen
2476 3174 2654 3228 locum
2701 3173 3026 3239 substituta,
3059 3176 3265 3230 divinas
3307 3175 3450 3230 illius
3495 3176 3639 3232 Scri-

337 3280 542 3333 riarum
583 3288 798 3329 suarum
845 3270 1038 3326 solatio
1082 3285 1190 3324 non
1233 3269 1401 3340 gratis
1432 3268 1532 3323 frui
1567 3278 1808 3339 poterat,
1837 3271 1933 3327 sed

341 3367 516 3438 pretio
542 3364 809 3420 redimere
846 3363 1156 3432 cogebatur.
1195 3360 1398 3415 Audias
1422 3360 1583 3415 velim
1617 3369 1807 3416 testem
1837 3361 1935 3416 hu-

335 3461 494 3530 jusce
541 3457 621 3513 rei
668 3454 1144 3527 locupletissimum
1193 3452 1626 3524 Hieronymum:
1675 3454 1845 3526 Usque
1868 3457 1937 3510 ad

341 3559 639 3625 pra’sentem
679 3548 811 3602 diem
855 3547 1040 3618 perfidi
1076 3545 1244 3601 coloni
1269 3585 1284 3599 .
1318 3587 1334 3602 .
1369 3585 1384 3599 .
1414 3584 1430 3602 .
1467 3583 1481 3599 .
1511 3584 1526 3600 .
1553 3583 1567 3599 .
1609 3549 1938 3616 prohibentur

341 3645 544 3719 ingredi
569 3642 856 3698 Jerusalem
881 3656 898 3695 :
926 3650 972 3695 et
1001 3650 1054 3694 ut
1080 3640 1283 3694 ruinam
1306 3655 1412 3694 sure
1440 3640 1513 3694 eis
1541 3641 1666 3710 flere
1694 3641 1842 3695 liceat
1863 3643 1938 3696 ci-

341 3740 511 3794 uitatis
534 3778 549 3804 ,
578 3737 740 3808 pretio
765 3735 1017 3789 redimunt
1043 3750 1062 3799 ;
1091 3742 1145 3786 ut
1169 3733 1256 3804 qui
1289 3733 1546 3804 quondam
1573 3745 1797 3788 emerant
1818 3752 1941 3789 san-

345 3830 544 3901 guinem
589 3826 810 3890 Christi,
835 3833 1004 3879 emant
1051 3823 1303 3895 lacrymas
1345 3841 1468 3879 suas
1502 3864 1516 3879 .
1547 3864 1561 3878 .
1591 3863 1607 3880 .
1634 3864 1648 3878 .
1677 3865 1690 3880 .
1724 3863 1738 3878 .
1771 3827 1941 3882 adhuc

347 3925 494 3991 fletus
523 3924 575 3975 in
606 3921 749 3992 genis
773 3960 788 3983 ,
819 3928 866 3972 et
909 3917 1065 3972 livida
1110 3918 1316 3972 brachia
1340 3959 1354 3983 ,
1385 3927 1431 3972 et
1469 3919 1636 3988 sparsi
1674 3921 1864 3988 crines,
1892 3929 1942 3974 et

346 4018 490 4070 miles
516 4013 792 4069 mercedem
813 4011 1038 4082 postulat
1061 4052 1077 4077 ,
1103 4019 1156 4064 ut
1179 4010 1282 4065 illis
1309 4013 1435 4079 flere
1462 4012 1576 4082 plus
1602 4012 1749 4066 liceat
1782 4012 1942 4082 (Ilie-

348 4125 548 4179 rongm.
579 4107 631 4161 in
661 4123 777 4175 cap.
804 4104 846 4160 Ι.
881 4103 1046 4175 Soph.
1075 4119 1124 4157 υ.
1157 4104 1245 4159 15.
1278 4120 1399 4174 pag.
1437 4104 1578 4160 1655
1605 4108 1651 4176 ).

422 4199 582 4268 Atqui
629 4212 734 4252 non
784 4195 899 4251 haec
940 4204 1142 4250 tantum
1189 4196 1393 4260 sacris,
1425 4195 1565 4251 sicut
1592 4196 1792 4252 dictum
1823 4208 1942 4268 est,

350 4291 730 4363 prophetarum
762 4288 982 4342 vocibus
1015 4286 1265 4356 praedicta
1311 4286 1524 4343 fuerant
1553 4306 1565 4342 :
1596 4290 1686 4343 sed
1724 4292 1943 4359 eazdem,

352 4385 426 4438 ait
469 4381 861 4444 Tertullianus,
894 4395 1092 4448 semper
1133 4395 1306 4432 omnes
1348 4379 1640 4450 ingerebant
1689 4383 1840 4451 fore,
1871 4383 1946 4437 uti

353 4477 446 4531 sub
467 4477 666 4532 extimis
693 4475 963 4528 curriculis
1001 4473 1176 4528 steculi
1207 4488 1268 4527 ex
1289 4474 1426 4525 onmi
1436 4474 1550 4543 jam
1581 4483 1728 4542 gente
1746 4515 1760 4537 ,
1786 4483 1835 4529 et
1856 4493 1950 4547 po-

2042 3278 2228 3338 pturas
2256 3267 2600 3322 haereditario
2623 3268 2774 3338 quasi
2812 3268 2933 3337 jure
2959 3269 3201 3337 accepit,
3230 3277 3285 3323 et
3314 3268 3420 3323 illis
3438 3310 3455 3337 ,
3481 3269 3638 3324 sicuti

2042 3361 2308 3425 diximus,
2342 3359 2472 3414 fulta
2503 3368 2558 3414 et
2592 3359 2825 3414 subnixa
2856 3369 2958 3415 est.
2991 3359 3098 3416 Sed
3143 3360 3194 3415 id
3237 3361 3435 3416 clarius
3464 3362 3639 3416 adhuc

2047 3452 2284 3523 patebit,
2319 3461 2600 3523 postquam
2645 3467 2795 3507 more
2825 3462 3011 3507 nostro
3037 3452 3453 3525 espenderimus
3474 3496 3489 3521 ,
3513 3455 3640 3524 quid

2043 3545 2113 3600 de
2140 3543 2328 3600 iisdem
2370 3545 2540 3600 sacris
2574 3544 2883 3600 Judzeorum
2907 3587 2922 3611 ,
2954 3545 3280 3602 sechteris
3307 3546 3639 3603 Testamenti

2041 3635 2356 3706 Scripturis,
2384 3651 2414 3689 a
2442 3635 2772 3692 Tertulliano
2797 3647 2983 3692 nostro
3012 3634 3295 3694 statuatur.

2647 3748 2942 3789 ARTICULUS
2991 3750 3046 3790 ΙΙ.

2049 3827 2269 3895 Quando
2298 3834 2346 3881 et
2365 3825 2621 3896 quomodo
2653 3842 2916 3880 sacrarum
2953 3827 3339 3899 Scripturarum
3376 3833 3522 3901 libri,
3551 3835 3644 3889 he-

2118 3920 2286 3974 braice
2313 3919 2536 3988 primum
2556 3920 2849 3990 conscripti,
2873 3920 2925 3974 in
2952 3921 3176 3993 linguam
3207 3940 3425 3995 grcecam
3448 3945 3481 3980 a
3511 3927 3645 3999 Sep—

2120 4012 2352 4083 tuaginta
2386 4010 2582 4065 duobus
2633 4011 2988 4081 interpretibus
3016 4017 3241 4070 conversi
3266 4034 3284 4079 ;
3311 4034 3376 4072 an
3399 4020 3450 4072 in
3476 4020 3646 4074 diver-

2119 4104 2191 4158 sis
2210 4103 2446 4165 cellulis;
2480 4102 2564 4156 ubi
2594 4103 2658 4157 de
2696 4104 2895 4158 Aristea
2916 4147 2930 4170 ,
2963 4105 3242 4162 Ptolemazo
3269 4106 3642 4182 Philadelpho,

2125 4194 2438 4260 Pisistrato,
2469 4195 2745 4264 horumque
2781 4206 2828 4249 et
2867 4197 3199 4252 Attalicorum
3243 4199 3437 4273 Regum
3467 4203 3650 4258 biblio-

2125 4286 2282 4340 thecis
2301 4327 2318 4352 ,
2347 4302 2407 4339 ac
2426 4285 2489 4339 de
2509 4284 2763 4340 Demetrio
2789 4285 3039 4343 Phalereo
3064 4295 3511 4361 grammaticorum
3537 4312 3652 4366 pro-

2125 4377 2403 4433 batissimo.

2123 4469 2388 4530 Observat
2433 4469 2798 4525 Tertullianus
2843 4469 3011 4527 Deum
3042 4489 3074 4528 a
3110 4475 3392 4544 primordio
3436 4475 3650 4532 misisse

355 4571 510 4640 pulo,
542 4579 588 4622 et
617 4569 726 4622 loco
749 4567 979 4622 custodes
1003 4566 1100 4620 sibi
1137 4564 1376 4635 allegeret
1402 4563 1542 4618 Deus
1571 4567 1730 4620 nmlto
1751 4567 1953 4636 ﬁdelio-
1975 4571 2030 4632 D
2057 4563 2206 4619 viros
2226 4604 2243 4629 ,
2271 4561 2479 4632 iustitia
2522 4570 2577 4617 et
2617 4563 2922 4620 innocentia
2964 4568 3286 4636 conspicuos
3307 4610 3322 4635 ,
3369 4569 3461 4639 qui
3500 4569 3650 4624 illunt

353 4679 470 4727 res,
523 4661 575 4716 in
611 4677 733 4727 quos
785 4661 1006 4731 gratiam
1059 4660 1358 4729 transferret
1413 4659 1690 4728 pleniorem
1750 4661 1952 4730 quidem

355 4755 417 4808 ob
493 4753 777 4824 disciplina:
857 4751 1080 4806 auctoris
1169 4749 1502 4820 capacitatem
1587 4750 1947 4820 (Tertullian.

355 4847 623 4918 Apoloqet.
677 4863 792 4914 cap.
851 4846 989 4914 21).
1045 4843 1104 4899 In
1161 4844 1360 4899 nostris
1427 4843 1702 4901 codicibus
1755 4861 1952 4902 mauu-

356 4940 572 5010 scriptis
618 4939 846 5010 legimus
882 4937 1062 4992 cadent
1105 4951 1203 5008 pro
1245 4935 1464 5002 ewdem,
1496 4945 1552 4992 et
1588 4938 1829 4992 auctioris
1857 4954 1954 5010 pro

356 5033 613 5099 auctoris,
641 5047 742 5088 nec
770 5031 994 5087 omnino
1023 5031 1182 5085 male.
1215 5028 1518 5101 Cyprianus
1556 5046 1686 5087 vero
1726 5031 1842 5087 hmc
1876 5030 1954 5086 si-

357 5126 464 5180 cuti
511 5124 792 5194 superiora
815 5165 832 5190 ,
861 5123 1024 5194 paulo
1069 5130 1194 5177 ante
1218 5137 1248 5176 a
1278 5121 1434 5175 nobis
1482 5131 1774 5177 memorata
1798 5163 1812 5188 ,
1843 5122 1958 5193 pari

357 5218 523 5273 modo
563 5217 858 5274 delibavit:
888 5215 1029 5270 Deus
1076 5225 1195 5269 ante
1237 5215 1546 5286 prcedixerat
1573 5219 1684 5286 fore
1725 5225 1800 5280 ut,
1849 5231 1959 5270 ver-

358 5317 504 5379 gente
541 5309 758 5373 streulo,
791 5317 838 5362 et
882 5306 1062 5362 mundi
1104 5308 1208 5376 ﬁne
1244 5307 1359 5376 jam
1402 5307 1638 5376 proximo
1681 5322 1765 5372 ex,
1821 5307 1962 5362 omni

361 5414 509 5473 gente
538 5411 585 5455 et
616 5401 808 5471 papula
835 5409 880 5454 et
910 5400 1023 5454 loco
1049 5399 1268 5452 cultores
1311 5399 1404 5452 sibi
1438 5398 1678 5468 allegeret
1707 5397 1865 5451 multo
1895 5398 1960 5467 ﬁ-

363 5493 581 5547 deliores
601 5533 616 5558 ,
645 5503 692 5545 et
721 5492 948 5547 melioris
989 5491 1245 5557 obsequii,
1278 5493 1364 5560 qui
1394 5489 1766 5560 indulgentiam
1787 5490 1849 5544 de
1876 5489 1960 5544 di-

362 5586 489 5639 uinis
515 5585 806 5639 muneribus
834 5585 1118 5648 haurirent,
1141 5599 1295 5653 quant
1319 5591 1580 5651 acceptam
1602 5580 1778 5635 Judcei
1797 5624 1812 5648 ,
1840 5599 1963 5637 con-

367 5679 568 5745 temptis
587 5661 934 5748 religionibus,
955 5672 1561 5746 perdidissent(Cyprian.
1583 5674 1670 5729 lib.
1691 5673 1754 5728 de
1774 5673 1960 5731 idolor.

2055 4656 2271 4711 unicum
2311 4669 2434 4710 esse
2469 4663 2524 4708 et
2560 4665 2934 4725 agnoverunt,
2965 4667 3021 4713 et
3049 4658 3478 4727 prmdicaverunt
3503 4661 3656 4732 (Ter-

2055 4746 2260 4801 tullian.
2313 4745 2583 4817 Apologet.
2643 4763 2758 4818 cap.
2835 4749 2952 4819 18).
3009 4748 3074 4804 Hi
3140 4759 3318 4806 autem
3388 4752 3654 4811 docebant

2055 4839 2125 4894 ab
2178 4839 2281 4894 hoc
2327 4839 2488 4895 unico
2539 4840 2648 4895 Deo
2702 4850 2881 4896 creata
2933 4841 3143 4910 omnia,
3203 4844 3266 4897 de
3313 4845 3466 4901 humo
3492 4847 3660 4903 homi-

2057 4949 2174 4987 nem
2220 4930 2508 4986 f‘ormatum
2542 4973 2556 4998 ,
2601 4931 2889 5003 dispositas
2947 4942 3249 5004 temporum
3298 4936 3482 5003 vices,
3511 4939 3654 4995 edita

2058 5022 2256 5078 divinae
2283 5023 2580 5094 majestatis
2611 5039 2722 5078 sua:
2748 5025 2927 5096 signa,
2963 5026 3209 5082 conditas
3246 5044 3455 5084 morum
3504 5032 3657 5085 vitaz-

2060 5131 2165 5188 que
2192 5126 2336 5173 recte
2366 5117 2586 5189 agenda:
2629 5118 2774 5190 leges
2799 5159 2814 5185 ,
2843 5133 2906 5172 ac
2929 5119 3177 5188 producto
3207 5135 3324 5177 aevo
3351 5138 3524 5176 omnes
3553 5121 3656 5179 ho-

2061 5208 2236 5264 mines
2262 5209 2328 5263 ad
2355 5210 2519 5264 vitam
2567 5224 2779 5264 rursum
2823 5209 3135 5266 excitandos
3159 5251 3174 5275 ,
3207 5221 3262 5266 et
3297 5211 3617 5282 iudicandos
3639 5256 3656 5280 ,

2063 5311 2122 5356 ut
2152 5318 2246 5373 pro
2276 5304 2484 5358 meritis
2526 5311 2726 5360 aeterna
2765 5312 2859 5361 aut
2901 5319 3060 5375 pcena
3102 5313 3196 5360 aut
3238 5304 3492 5362 felicitate
3536 5306 3660 5362 affi-

2063 5395 2293 5451 ciantur.
2340 5396 2410 5450 At
2458 5395 2528 5451 ibi
2581 5395 2636 5450 in
2685 5396 2998 5452 Tertulliani
3049 5405 3195 5451 textu
3256 5397 3371 5454 lucc
3431 5398 3660 5468 legimus

2065 5490 2226 5545 verba
2252 5507 2265 5544 :
2297 5491 2436 5556 Quas
2463 5491 2762 5544 demerendo
2787 5489 2879 5546 sibi
2906 5489 3203 5561 disciplinas
3227 5490 3658 5557 determinaverit,

2065 5597 2180 5652 qua:
2248 5583 2493 5654 ignoratis
2545 5591 2633 5635 aut
2682 5582 2956 5647 deseritis;
2993 5598 3112 5652 qua:
3152 5581 3368 5652 quidem
3428 5582 3662 5638 Heraldo

2065 5673 2202 5728 adeo
2231 5672 2459 5727 obscura
2490 5681 2850 5744 corruptaque
2891 5673 3005 5726 visa
3051 5681 3210 5738 sunt,
3237 5684 3295 5727 ut
3322 5671 3454 5728 nihil
3481 5673 3551 5729 de
3580 5673 3668 5729 his

370 5769 530 5826 uanit.
561 5787 681 5842 pag.
702 5771 772 5828 15
804 5776 845 5843 ).
867 5773 938 5828 At
970 5779 1162 5828 neuter
1190 5768 1263 5825 ibi
1292 5767 1492 5824 indicat
1513 5767 1746 5843 quseilla
1770 5766 1967 5825 fuerint
2069 5767 2415 5838 pronuntiare
2439 5765 2650 5823 audeat.
2681 5765 2786 5821 Sed
2821 5779 2928 5822 non
2962 5774 3107 5822 tanta
3138 5763 3237 5822 fuit
3272 5765 3533 5824 timiditas
3561 5763 3662 5823 Hi-
