4240 6262
607 344 714 402 787

1658 334 1726 391 ΙΝ
1763 318 2226 390 TERTULLIANI
2274 322 2808 386 ΑΡοιοςΕτιουΜ

3809 327 3925 393 788

607 463 753 537 μιαί
773 506 786 532 ,
814 462 902 532 ηυξ
934 466 1118 515 contra
1165 460 1403 525 apertam
1441 452 1681 506 omnium
1714 447 2200 517 manuscriptorttm
2230 444 2282 503 Α
2308 441 2376 497 ab
2403 440 2622 505 Judzeis,
2644 449 2969 537 suggerente
2992 440 3269 537 Demetrio
3316 440 3620 537 Phalereo,
3666 445 3919 516 poposcit

611 555 985 622 editorumque
1008 547 1253 605 codicum
1287 545 1445 601 fidem
1476 540 1790 615 particulam
1821 539 1908 611 qui
1935 552 2034 610 pro
2056 551 2201 608 quas,

612 661 677 701 ac
718 634 915 701 deinde
953 648 1079 712 (luas
1110 651 1207 711 pro
1244 644 1361 709 quis
1388 635 1547 690 scribi
1580 632 1726 689 nulla
1771 637 1949 686 tamen
1999 627 2205 684 reddita

611 739 821 798 ratiOne
843 736 1027 792 voluit.
1058 733 1332 790 Lubenter
1350 739 1527 787 tamen
1552 727 1839 784 fatebimur
1859 740 1964 780 non
1988 722 2208 778 omnino

611 830 881 889 infelicent
910 826 1080 884 videri
1107 828 1246 882 hanc
1275 824 1638 895 conjecturam
1661 819 1796 889 {sed
1825 817 1876 873 id
1902 817 1952 873 ei
1980 815 2203 879 deesse,

613 926 756 1001 quod
800 924 998 980 nullius
1046 922 1203 993 plane
1249 919 1451 976 codicis
1497 916 1815 972 auctoritate
1847 914 2107 967 firmetur.
2142 910 2211 964 At

612 1014 876 1076 lleraldus
896 1060 908 1081 ,
939 1008 1195 1071 audacior
1227 1024 1408 1085 pOStca
1457 1010 1629 1066 factus
1654 1050 1667 1075 ,
1698 1004 1752 1062 in
1784 1005 1934 1061 verbi
1964 1001 2210 1076 producto

613 1112 790 1168 locum
856 1112 1159 1184 su3pi0atur
1207 1103 1642 1161 substituendum
1689 1097 1971 1169 producto,
2006 1094 2207 1159 idest,

612 1210 911 1273 consumpto
946 1209 993 1257 et
1022 1206 1246 1274 peracto.
1278 1190 1441 1254 Suam
1470 1209 1599 1250 vero
1628 1188 2059 1247 en'ietttlalionem
2090 1196 2212 1255 pro-

613 1299 742 1354 bare
766 1305 992 1354 conatur
1027 1283 1144 1350 aliis
1172 1286 1484 1348 Tertulliani
1516 1287 1647 1342 locis
1667 1330 1681 1353 ,
1713 1285 1802 1339 ubi
1829 1280 2017 1338 eadem
2044 1279 2211 1351 signia-

616 1391 863 1447 ticatio‘ne
883 1384 1182 1462 prodat'lun‘z
1209 1384 1420 1456 legitur.
1446 1378 1551 1437 Sed
1583 1386 1794 1450 poterat
1819 1376 2042 1445 insuper
2064 1373 2216 1443 quin-

615 1496 725 1542 tum
757 1484 1069 1541 Tertulliani
1119 1479 1287 1535 nostri
1336 1486 1521 1534 eontra
1561 1470 1885 1530 Marcinnem
1910 1469 2105 1525 librum
2132 1467 2234 1546 cl-_

618 1590 734 1635 tare
754 1621 769 1647 ,
797 1577 887 1632 ubi
911 1570 1100 1631 eodem
1130 1573 1294 1628 verbo
1321 1569 1569 1626 similiter
1591 1581 1721 1622 usus
1742 1574 1843 1620 est.
1867 1563 2064 1618 Verum
2087 1558 2215 1631 quid

615 1671 777 1726 facias
823 1676 1011 1725 contra
1061 1664 1306 1722 Codicum
1360 1662 1602 1719 omnium
1653 1657 2090 1714 reclamationem
2118 1694 2131 1721 ,
2163 1661 2217 1708 et

616 1765 705 1819 ubi
770 1770 957 1818 auctor
1006 1761 1231 1816 barbara
1279 1767 1332 1813 et
1380 1755 1672 1829 impropria
1734 1752 1897 1809 verba
1951 1748 2215 1806 adhibet?

2309 544 2363 591 et
2389 536 2692 606 impetravit
2714 548 2900 591 sacros
2921 536 3131 590 illorum
3155 535 3400 602 codices,
3430 534 3688 591 bebraice
3717 551 3911 595 exara-

2313 641 2393 687 tos
2413 675 2427 699 ,
2457 641 2511 688 et
2537 635 2679 688 viros
2727 633 3065 704 septuaginta
3112 633 3249 687 duos
3272 673 3287 698 ,
3322 633 3410 701 qui
3436 631 3567 687 illos
3596 632 3649 687 in
3679 647 3913 704 gratiam

2309 726 2544 797 linguam
2600 726 3008 781 transtulerunt.
3054 724 3189 780 Tum
3232 724 3434 781 ibidem
3479 723 3681 794 adjecit
3708 727 3917 784 Auctor

2312 827 2532 874 noster:
2569 819 2712 886 Quos
2755 817 3084 874 Menedemus
3120 833 3315 889 quoque
3350 818 3686 890 philosophus
3721 818 3912 876 Prori-

2314 909 2499 966 dentiar
2527 911 2717 966 vindex
2756 911 2925 980 (male
2952 911 3002 966 in
3033 925 3145 966 uno
3169 910 3357 967 codice
3382 910 3643 967 Vaticano
3664 953 3679 977 ,
3705 913 3915 984 prorite-

2312 1002 2406 1058 τίω
2439 1003 2625 1075 judex)
2656 1003 2720 1058 de
2764 1004 3026 1058 sententiis
3043 1004 3395 1059 communione
3427 1005 3659 1074 suspexit
3697 1003 3914 1078 (Ibit).

2313 1094 2417 1150 Sed
2469 1096 2594 1168 quid
2639 1096 2721 1151 bis
2768 1097 3207 1162 ultimis'verbis,
3271 1098 3334 1152 de
3381 1098 3643 1154 sententia
3686 1112 3913 1155 comnm-

2314 1187 2465 1243 nione
2510 1189 2735 1260 suspexit
2775 1189 3107 1261 signiﬁcetur
3139 1231 3154 1255 ,
3204 1203 3313 1245 non
3353 1190 3574 1246 minima
3637 1201 3721 1247 est
3775 1192 3921 1249 inter

2315 1280 2555 1336 eruditos
2596 1283 2771 1337 relatis
2799 1291 2997 1337 nostra
3026 1281 3317 1352 scriptores
3356 1281 3642 1338 dissensio.
3683 1282 3917 1352 Quidam

2315 1374 2590 1429 enimvero
2619 1374 2910 1446 opinantur
2952 1374 3018 1429 iis
3040 1374 3330 1444 signiﬁcari
3377 1386 3714 1430 communem
3747 1376 3921 1432 fuisse

2316 1462 2615 1521 Menedemi
2652 1463 2722 1521 de
2750 1465 2928 1522 divina
2976 1465 3309 1535 providentia
3361 1466 3541 1521 omnia
3584 1466 3923 1536 gubernante

2317 1557 2660 1612 sententiam.
2710 1556 2913 1613 Verum
2960 1556 3361 1621 Tertullianus,
3399 1557 3648 1628 inquiunt
3694 1558 3821 1624 alii,
3853 1557 3925 1614 de

2320 1650 2421 1705 hae
2468 1650 2567 1705 Dei
2610 1650 2946 1721 providentia
2987 1650 3061 1705 ibi
3091 1665 3199 1706 non
3228 1651 3507 1723 disputat,
3533 1650 3631 1706 sed
3656 1649 3724 1709 de
3746 1666 3923 1722 graeca

2320 1742 2694 1798 tantummodo
2715 1756 2993 1798 sacrarum
3018 1741 3420 1812 Scripturarum
3452 1744 3920 1813 interpretatione.

613 1856 931 1926 Quicunque
972 1861 1155 1908 autem
1204 1850 1365 1905 fuerit
1411 1850 1529 1919 ejus
1571 1844 1824 1918 loquendi
1877 1830 2104 1912 modus,
2152 1856 2219 1900 eo
2251 1836 2298 1897 B
2327 1832 2595 1926 Quorsum
2624 1844 2755 1926 ergo
2791 1832 3027 1926 humide
3054 1833 3148 1889 illa
3177 1833 3272 1889 Dei
3302 1833 3646 1905 providentia
3687 1835 3919 1891 mentio-

612 1959 799 2022 apcrte
828 1948 1096 2019 signiﬁcat
1125 1945 1307 2001 mundi
1331 1944 1559 1999 linemct
1580 1944 1781 1998 exitum
1807 1940 2001 2011 (Idem,
2025 1932 2113 1994 lib.
2146 1937 2212 1993 ν.

612 2044 811 2096 advers.
838 2040 1089 2097 Marcion.
1115 2054 1233 2107 cup;
1251 2037 1327 2107 6}.

687 2158 757 2215 At
796 2156 1051 2227 appellati
1081 2154 1147 2207 ab
1177 2168 1242 2214 eo
1280 2152 1519 2223 insignes
1560 2151 1759 2221 pietate
1787 2158 1838 2205 et
1863 2148 2067 2218 iustitia
2111 2145 2213 2201 viri

616 2263 723 2305 non
771 2248 944 2305 solum
991 2245 1387 2317 prwdicatores,
1409 2245 1549 2300 sicut
1578 2244 1664 2296 ille
1700 2241 1807 2307 ait,
1842 2239 2051 2298 fuerunt
2073 2281 2088 2305 ,
2118 2237 2212 2297 sed

611 2340 775 2401 etiam
819 2340 1083 2411 Prop/tcta:
1122 2340 1185 2393 de
1231 2337 1405 2409 officio
1450 2334 1742 2408 prtrfandi,
1770 2333 1884 2391 sive
1906 2330 2085 2389 futura
2111 2346 2211 2385 an-

614 2433 895 2500 nuntiandi
928 2474 943 2499 .
974 2441 1217 2491 vocantur
1262 2426 1599 2493 (Tertullian.
1627 2422 1894 2499 Apologet.
1942 2442 2059 2501 cap.
2093 2418 2207 2499 18).

617 2528 889 2587 Ργωιριω
917 2526 1124 2585 virtutes
1149 2564 1164 2591 ,
1193 2525 1306 2584 sive
1339 2521 1615 2588 miracula,
1647 2520 1714 2575 ad
1748 2520 1903 2575 tidem
1936 2516 2212 2575 divinitatis

613 2619 989 2677 stabiliendum
1083 2617 1386 2678 ediderunt.
1466 2615 1702 2685 Denique
1776 2610 1978 2686 Spiritu
2041 2610 2210 2665 diuino

609 2712 889 2779 inuudati,
919 2710 1032 2783 ipsa
1063 2709 1241 2765 adhuc
1285 2708 1425 2764 illius
1471 2705 1633 2761 verba
1677 2713 1822 2771 sunt,
1876 2703 1980 2760 hoc
2014 2712 2097 2758 est
2138 2702 2207 2757 ita

613 2804 756 2877 pleni
794 2813 985 2870 erant,
1014 2811 1073 2861 ut
1110 2811 1261 2859 extra
1284 2800 1428 2873 ipsos
1459 2796 1702 2857 efﬂueret
1733 2807 1788 2852 et
1815 2793 2205 2854 effunderetur.

684 2916 814 2984 Quae
843 2924 1021 2970 autem
1059 2913 1127 2969 ab
1158 2914 1238 2969 eis
1267 2911 1529 2967 mirabilia
1553 2953 1568 2978 ,
1596 2920 1653 2966 et
1676 2925 1839 2981 supra
1870 2918 2077 2971 natura:
2116 2923 2207 2967 0r-

613 3007 791 3064 dinem
842 3005 979 3062 facta
1004 3048 1019 3073 ,
1047 3020 1111 3061 ac
1154 3005 1338 3061 divino
1377 3003 1598 3061 al‘tlante
1659 3001 1867 3075 Spiritu
1895 3043 1913 3073 ,
1954 3002 2206 3074 prmdicta

611 3111 773 3167 sunt,
805 3101 918 3157 haec
938 3099 1116 3155 onlnia
1141 3099 1195 3153 in
1219 3098 1471 3153 thesauris
1502 3095 1674 3168 inquit
1697 3111 1911 3154 rursum
1933 3094 2210 3152 Tertullia-

614 3209 736 3259 nus,
762 3194 1043 3249 litterarum
1063 3202 1267 3247 mortem
1294 3189 1344 3259 (1
1354 3190 1439 3246 bid
1448 3187 1526 3262 .);
1557 3188 1652 3245 sed
1693 3202 2053 3260 quarumnam
2073 3228 2090 3256 ,
2113 3186 2209 3243 ob-

610 3305 767 3346 secro
815 3297 867 3343 te
893 3329 907 3351 ,
939 3285 1282 3343 litterarum?
1323 3283 1439 3340 Non
1484 3283 1713 3338 aliarum
1763 3280 1947 3352 procul
1997 3279 2200 3345 dubio,

611 3398 772 3454 quam
818 3380 1211 3438 hebraiearutn.
1251 3376 1382 3432 Nam
1423 3376 1537 3443 ipse
1577 3374 1773 3435 ibidem
1813 3383 1999 3433 narrat
2023 3373 2203 3429 I’tole-
2266 3402 2274 3411 ~

612 3491 807 3531 tuarum
862 3470 1270 3541 Philadelphum
1316 3483 1347 3522 a
1393 3466 1593 3523 Judaeis
1622 3507 1639 3535 ,
1668 3466 1761 3537 qui
1812 3466 1940 3523 olim
1991 3463 2205 3521 llebrtei

610 3565 1095 3635 erant,aecepisse
1127 3577 1315 3619 earum
1362 3560 1557 3627 libros,
1608 3561 1845 3630 proprias
1896 3577 1959 3615 ac
2022 3575 2205 3617 verna-

606 3657 753 3711 culos
812 3656 1007 3713 litteras
1036 3653 1199 3723 (Ibid.
1229 3651 1289 3721 ),
1319 3651 1434 3707 sive
1473 3650 1690 3709 beluata
1729 3650 1908 3721 lingua
1959 3650 2202 3705 conscri-

608 3757 730 3820 ptas
753 3790 767 3813 ,
801 3748 922 3817 quia
944 3788 958 3812 ,
981 3756 1039 3800 ut
1084 3746 1175 3800 ille
1210 3744 1388 3800 adhuc
1428 3742 1686 3812 loquitur,
1714 3740 1783 3795 ad
1813 3742 1959 3810 ipsos
1988 3755 2204 3810 semper

608 3839 886 3912 prepbetze
928 3844 1313 3908 peroraverant
1351 3833 1563 3905 (Μήτι).
1615 3832 1815 3905 Moysis
1858 3833 2043 3906 itaque
2063 3833 2200 3891 alio-

604 3946 835 4001 rumque
880 3943 1156 3987 sacrorum
1214 3936 1394 3983 vatum
1452 3925 1576 3983 libri
1636 3923 1894 3981 ltebraieo
1950 3940 2202 3982 sermone

604 4023 793 4093 scripti
831 4028 1202 4079 remanserant
1246 4017 1388 4089 apud
1434 4016 1691 4077 llebrteos
1731 4027 1788 4077 et
1827 4015 2083 4086 Judzeos,
2109 4018 2201 4088 qui

603 4132 699 4174 eos
745 4130 953 4173 summa
1001 4123 1149 4171 certe
1186 4128 1317 4168 cura
1361 4113 1611 4184 integros
1651 4095 1817 4181 atque
1858 4109 2200 4185 incorruptos

604 4224 961 4267 eouservaver
965 4225 996 4264 ll
1004 4218 1080 4264 Ill.

673 4325 785 4382 Sed
815 4340 883 4380 ne
911 4332 1090 4379 tantus
1117 4324 1400 4379 thesaurus
1425 4321 1568 4392 apud
1593 4334 1694 4377 eos
1713 4320 1863 4376 solos
1880 4334 2096 4392 semper
2122 4322 2199 4377 la-

604 4432 741 4478 teret
764 4462 778 4485 ,
811 4420 1159 4476 celeberrima
1189 4417 1418 4473 duorum
1450 4430 1611 4486 supra
1652 4414 1987 4485 septuaginta
2013 4415 2196 4470 senio-

601 4532 721 4572 rum
748 4513 1193 4585 interpretatione
1222 4522 1346 4567 cum
1383 4509 1587 4566 Grzeris
1612 4510 1846 4580 primum
1866 4548 1880 4575 ,
1914 4524 1978 4564 ac
2004 4507 2198 4565 deinde

2321 1940 2444 1981 nem
2494 1922 2900 1996 interiecisset?
2927 1925 3290 1993 Quamobrem
3321 1927 3375 1982 bi
3401 1927 3735 1987 arbitrantur
3779 1927 3921 1984 hunc

2317 2033 2442 2075 esse
2479 2017 2790 2074 Tertulliani
2829 2030 3053 2074 sensum
3087 2038 3100 2073 :
3136 2018 3481 2075 Menedemus
3507 2020 3807 2076 absolutam
3826 2034 3919 2077 sa-

2318 2125 2426 2167 cra:
2450 2111 2751 2182 Scriptum
2774 2126 3006 2182 meum
3040 2112 3543 2182 interpretationem
3572 2113 3915 2183 examinavit,

2317 2205 2667 2275 snspexitque
2693 2203 2842 2259 illam
2875 2204 3148 2259 communi
3178 2204 3531 2273 interpretum
3560 2205 3917 2262 consensione

2314 2294 2509 2352 eodem
2556 2296 2715 2366 plano
2760 2295 2921 2351 modo
2967 2294 3186 2351 factum.
3240 2294 3448 2353 Yindcx
3474 2296 3660 2367 itaque
3687 2297 3915 2356 ettestis

2316 2388 2415 2444 fuit
2437 2388 2635 2445 divinas
2682 2388 3077 2459 providentius,
3107 2387 3261 2459 cujus
3291 2389 3522 2444 mirabili
3556 2390 3718 2461 plane
3750 2390 3915 2448 ductu

2315 2481 2624 2538 hebraicum
2647 2480 2943 2551 Scriptum
2964 2488 3173 2536 textum
3199 2480 3392 2537 eodem
3414 2496 3639 2552 prorsus
3662 2484 3824 2541 modo
3845 2485 3915 2541 ab

2308 2577 2504 2633 iisdem
2526 2576 2912 2647 interpretibus
2936 2591 3114 2647 graece
3153 2575 3426 2633 redditum
3455 2576 3630 2646 palam
3658 2576 3916 2633 testiﬁca-

2316 2676 2403 2725 1115
2424 2678 2529 2726 881.

2385 2762 2453 2816 At
2485 2761 2587 2815 hoc
2611 2803 2624 2826 ,
2653 2761 2866 2832 inquies
2885 2802 2900 2827 ,
2931 2761 3003 2816 ita
3034 2760 3149 2816 lteri
3197 2763 3474 2833 nequivit,
3502 2762 3610 2817 nisi
3646 2761 3915 2832 interpre-

2315 2862 2431 2919 tes,
2461 2853 2752 2923 separatim
2801 2861 2858 2908 et
2907 2853 2959 2906 in
3003 2852 3235 2908 diversis
3276 2852 3492 2908 cellulis
3526 2853 3729 2924 positi,
3767 2852 3914 2910 hunc

2312 2946 2626 3003 hebraicutn
2678 2956 2882 3017 textum
2912 2947 2965 3000 in
2989 2958 3226 3016 graecum
3271 2945 3466 3017 singuli
3510 2948 3791 3002 verterint.
3818 2947 3914 3002 At-

2311 3040 2403 3111 qui
2435 3037 2565 3093 falsa
2591 3047 2674 3094 est
2712 3039 2802 3093 illa
2833 3038 2901 3094 de
2930 3039 3161 3094 diversis
3191 3039 3293 3093 illis
3321 3040 3531 3095 cellulis
3572 3040 3772 3111 opinio.
3803 3040 3912 3097 Sed

2312 3130 2439 3201 quid
2466 3131 2620 3197 inde,
2650 3131 2697 3186 si
2727 3129 3091 3189 Tertullianns
3131 3132 3363 3202 praevius
3409 3138 3630 3187 secutus
3673 3132 3746 3187 sit
3774 3133 3910 3189 scri-

2233 3229 2278 3293 C
2316 3234 2496 3295 ptores
2518 3267 2532 3292 ,
2564 3225 2652 3295 qui
2680 3233 2807 3296 post
2825 3224 3099 3280 Justinum
3128 3235 3422 3297 martyrem
3448 3266 3463 3291 ,
3491 3236 3551 3281 ut
3574 3226 3699 3282 alibi
3727 3235 3912 3282 osten-

2308 3319 2487 3373 dimus
2511 3359 2524 3385 ,
2560 3317 2697 3373 hanc
2734 3318 2802 3373 de
2832 3316 2937 3373 illis
2967 3319 3325 3389 interpretum
3364 3318 3575 3375 cellulis
3599 3320 3907 3390 opinionem

2308 3420 2617 3467 constanter
2644 3422 3119 3483 propugnaveruut
3154 3411 3326 3481 (Tom.
3361 3414 3410 3466 t.
3440 3414 3695 3484 Apparet.
3728 3413 3817 3469 tib.
3841 3413 3905 3470 ll.

2308 3507 2509 3562 dissert.
2532 3506 2586 3561 2.
2618 3523 2731 3568 con.
2753 3507 2805 3562 7.
2835 3505 2936 3578 ἐῢ.
2962 3522 3082 3577 pag.
3114 3507 3222 3563 590
3250 3516 3296 3561 et
3322 3509 3530 3579 seqq.)?
3550 3508 3741 3565 Nonne
3764 3509 3909 3565 enim

2311 3598 2449 3654 hanc
2475 3599 2544 3653 ob
2564 3615 2779 3655 causam
2808 3596 3150 3655 Mettedemns
3181 3601 3250 3656 ab
3275 3601 3369 3657 illo
3394 3601 3695 3672 appellatur
3726 3602 3909 3658 Prori-

2308 3692 2493 3749 dentite
2515 3694 2700 3749 vindex
2722 3704 2744 3760 ,‘
2767 3694 2895 3765 quia
2928 3694 3029 3748 hos
3050 3693 3376 3765 interpretes
3401 3694 3466 3749 de
3491 3695 3752 3750 sententiae
3766 3712 3910 3752 com-

2308 3789 2548 3843 munione
2589 3789 2850 3858 suspexit,
2892 3796 3081 3860 utpote
3108 3789 3218 3860 qui,
3249 3788 3318 3843 ab
3356 3788 3581 3843 invicem
3627 3787 3905 3860 sejuncti,

2305 3890 2487 3933 sacras
2512 3879 2819 3950 Scripturas
2862 3888 2971 3935 uno
2998 3879 3301 3952 sedentque
3340 3879 3503 3936 modo
3529 3894 3707 3952 graece
3725 3890 3883 3937 verte

2305 3979 2445 4025 rant.

2378 4061 2575 4118 Verum
2617 4078 2797 4120 nonne
2840 4063 3019 4121 divina
3040 4107 3054 4132 ,
3082 4072 3271 4137 arguet
3311 4064 3504 4136 aliquis
3528 4105 3541 4129 ,
3569 4064 3909 4137 providentia

2304 4159 2408 4215 hoc
2434 4158 2566 4213 satis
2592 4158 2902 4230 resplendet
2929 4201 2944 4225 ,
2973 4159 3117 4231 quod
3149 4160 3471 4230 interpretes
3500 4159 3578 4214 illi
3607 4159 3767 4215 simul
3793 4159 3909 4230 qui-

2302 4250 2446 4318 dem,
2475 4251 2573 4308 sed
2600 4252 2792 4309 eodem
2818 4252 2980 4309 modo
3002 4268 3096 4309 eas
3118 4253 3171 4307 in
3203 4252 3441 4324 linguam
3462 4266 3694 4325 grrocam
3722 4262 3901 4309 trans-

2307 4346 2577 4419 tulerint?
2625 4346 2756 4415 Q’uis
2796 4348 2969 4403 nescit
3013 4356 3271 4419 quantum
3319 4348 3593 4403 intellectu
3620 4346 3730 4402 sint
3755 4344 3902 4401 difﬁ-

2301 4441 2459 4509 ciles,
2492 4457 2556 4497 ac
2595 4441 2791 4497 mirum
2841 4441 3085 4511 profecto
3129 4442 3338 4507 videri,
3369 4440 3514 4512 quod
3562 4440 3681 4496 illas
3724 4453 3901 4511 graec

2300 4533 2562 4591 vertendo
2601 4549 2705 4589 una
2749 4533 3046 4604 eademque
3094 4534 3248 4588 fuerit
3278 4542 3354 4587 tot
3386 4534 3737 4613 interpretum
3766 4545 3895 4586 sen-

598 4622 722 4664 cum
774 4607 897 4662 “ms
940 4607 1189 4678 gemam,
1225 4605 1651 4659 commumcams
1697 4613 1798 4657 ⁸⁵⁸·
1855 4602 2273 4683 ρ’ωἶπσνίθτυ
2297 4629 2458 4683 tentia
2483 4626 2508 4680 ?
2533 4625 2640 4683 Sed
2684 4626 2803 4696 quis
2832 4602 2995 4681 etiam
3039 4624 3359 4680 difﬁtebitur
3396 4602 3558 4695 longe
3598 4606 3897 4679 mirabilius

599 4701 1005 4759 Tertullianns:
1042 4699 1155 4755 Nec
1178 4699 1325 4763 ista,
1355 4698 1568 4768 inquit,
1602 4710 1770 4752 sacra:
1812 4698 2010 4753 litterae
2056 4713 2191 4752 nunc

596 4795 755 4849 latent
781 4792 989 4865 (Ibid).
1026 4792 1199 4864 Atque
1246 4791 1316 4845 ita
1356 4789 1572 4869 quidem
1615 4789 1666 4843 in
1708 4784 1924 4859 uiganu
1995 4788 2190 4844 editio-

598 4904 685 4944 ne.
728 4890 799 4943 At
845 4888 899 4942 in
942 4885 1337 4955 antiquioribus
1384 4882 1572 4949 editis,
1628 4892 1683 4937 et
1738 4883 1791 4938 in
1836 4884 2038 4939 nostris
2075 4896 2192 4938 ma-

593 4979 884 5053 nuscriptis
913 4977 1190 5034 codicibus
1220 4974 1533 5031 adverbium
1574 4991 1710 5029 nunc
1737 4973 1908 5030 abest.
1939 4974 2050 5030 Nec
2069 4976 2192 5046 jure

592 5071 810 5145 quidem
839 5084 1058 5143 prorsus
1098 5067 1390 5123 immerito.
1424 5066 1786 5121 Tertullianns
1813 5067 2079 5137 siquidem
2106 5069 2184 5121 si-

591 5164 811 5237 gniﬁcat
850 5163 974 5219 illas
1015 5176 1125 5216 non
1154 5176 1183 5214 a
1212 5174 1310 5215 suo
1350 5158 1609 5214 duntaxat
1633 5201 1647 5224 ,
1674 5159 1773 5215 sed
1801 5160 1871 5215 ab
1895 5160 2011 5231 ipso
2036 5148 2182 5216 Grae-

589 5270 777 5313 eorum
799 5297 813 5323 ,
848 5255 924 5309 uti
970 5253 1211 5309 diximus
1232 5294 1245 5319 ,
1280 5251 1634 5321 interpretum
1684 5259 1927 5322 tempore
1969 5264 2079 5307 non
2104 5254 2183 5308 la-

584 5349 758 5406 tuisse
781 5346 1031 5419 amplius.

638 5454 887 5532 ~Quando
916 5470 1094 5517 autem
1122 5469 1179 5516 et
1204 5457 1475 5532 quomodo
1522 5458 1637 5515 haec
1682 5472 1855 5531 graeca
1901 5474 2181 5518 sacrorum

584 5557 844 5613 librorum
896 5553 1265 5625 interpretatio
1295 5553 1361 5609 ab
1402 5552 1465 5609 iis
1505 5550 1763 5609 adornata
1806 5552 2003 5621 fuerit,
2033 5554 2176 5611 hunc

583 5650 673 5706 ille
714 5649 946 5719 explicat
990 5647 1045 5702 in
1088 5645 1353 5703 modum:
1388 5644 1519 5701 Cum
1570 5646 1933 5713 Ptolemrcus,
1979 5662 2178 5720 cogno-

583 5747 768 5797 mento
811 5736 1226 5807 Philadelphus,
1260 5736 1639 5793 bibliothecam
1671 5753 1824 5794 suam
1867 5739 2011 5794 omni
2039 5750 2169 5811 quo-

584 5841 919 5898 rumcunque
939 5829 1203 5887 librorum
1256 5830 1590 5900 supellectile
1635 5830 1965 5904 locupletare
1994 5834 2173 5904 vellet,

2297 4719 2536 4775 divinam
2595 4718 2981 4789 providentiam
3030 4717 3327 4781 relnxis‘se,
3362 4716 3406 4770 si
3438 4715 3493 4770 bl
3520 4730 3551 4770 a
3577 4729 3640 4770 sc
3666 4713 3894 4769 invicem

2296 4815 2528 4885 separati
2558 4813 3051 4883 interpretationem
3084 4824 3235 4868 suam
3263 4810 3668 4883 composuerint
3691 4811 3716 4863 ‘t

2367 4904 2595 4961 instabis
2635 4905 2794 4962 hasce
2829 4904 3099 4975 sejunctas
3139 4904 3493 4974 interpretum
3531 4902 3754 4958 cellulas
3780 4914 3893 4958 non

2294 4996 2541 5057 obscuris
2568 5004 2772 5055 tantum
2800 4997 2979 5055 verbis
3006 4997 3253 5054 denotari
3278 5040 3293 5065 ,
3321 4997 3419 5053 sed
3460 5004 3650 5052 testem
3676 5009 3895 5066 quoque

2293 5094 2445 5149 citari
2469 5094 2751 5159 Aristeam,
2791 5091 2879 5163 qui
2906 5090 3111 5146 nullum
3140 5089 3206 5146 de
3228 5090 3335 5145 illis
3357 5088 3538 5144 habuit
3557 5101 3892 5143 sermonem.

2288 5182 2397 5242 Sed
2439 5182 2749 5255 responderi
2794 5183 2991 5255 poterit
3030 5182 3345 5239 Tertulliani
3378 5181 3539 5238 verba
3576 5180 3705 5236 satis
3739 5180 3889 5237 clara

2287 5278 2452 5334 fuisse
2481 5278 2653 5334 mtatis
2678 5292 2791 5333 sua:
2818 5276 3127 5333 hominibus
3150 5320 3164 5345 ,
3195 5291 3470 5347 unumque
3495 5275 3685 5331 vadem
3712 5275 3782 5332 ab
3818 5288 3889 5334 eo

2286 5372 2501 5441 datum;
2533 5373 2653 5445 quia
2684 5382 2809 5427 tunc
2835 5371 3137 5427 communis
3157 5412 3172 5436 ,
3196 5378 3257 5443 et
3302 5370 3457 5442 quasi
3479 5369 3701 5425 minime
3724 5368 3887 5427 dubia

2284 5479 2401 5527 erat
2447 5466 2561 5524 lucc
2601 5466 2670 5524 de
2710 5465 2981 5522 distinctis
3024 5460 3236 5521 illorum
3279 5465 3632 5535 interpretum
3676 5462 3885 5519 cellulis

2284 5560 2486 5632 Opinio.
2516 5559 2649 5629 Quis
2679 5559 2839 5615 etiam
2876 5557 3199 5614 iuticiabitur
3226 5556 3378 5628 plura
3404 5556 3475 5612 ab
3502 5556 3601 5611 illo
3630 5554 3839 5611 narrari
3865 5595 3881 5622 ,

2282 5668 2441 5725 quam
2497 5653 2549 5707 in
2612 5652 2839 5709 Aristeas
2903 5652 3210 5707 narratione
3259 5650 3643 5721 continentur?
3692 5648 3883 5706 Utrum

2282 5753 2461 5799 autem
2500 5743 2616 5800 haec
2642 5759 2767 5800 vera
2798 5734 2960 5801 fuerit
2988 5740 3305 5800 Tertulliani
3335 5743 3599 5799 sententia
3621 5782 3637 5807 ,
3672 5750 3728 5798 te
3753 5753 3881 5813 pro-

2282 5837 2613 5894 nuntiantem
2665 5836 2896 5893 ﬁbenter
2947 5835 3250 5895 audiemus.
3312 5834 3391 5895 De
3440 5837 3671 5894 Aristeas
3722 5842 3885 5909 porro
