4240 6262
422 234 537 296 789

1575 224 2032 308 nisssarmo
2071 229 2135 289 ι).
2176 224 2266 290 LE
2304 226 2611 292 NOURRY.

3624 223 3815 311 790‘

426 355 649 413 historia
677 350 1015 424 diversisque
1051 348 1383 408 eruditorum
1410 349 1483 408 de
1521 350 1613 408 illa
1638 351 1983 422 opinionibus
2003 396 2020 422 ,
2057 354 2103 417 Α
2127 370 2431 427 commune
2465 354 2698 430 (Viti-ue.
2726 372 2941 432 prooem.
2972 358 3062 419 lib.
3085 363 3179 421 VII
3206 366 3251 439 ).
3274 364 3379 425 Sed
3414 368 3466 425 in
3497 370 3602 428 hoc
3641 371 3732 431 ille

426 464 491 508 ac
538 449 609 506 de
645 446 965 505 Menedemo
1003 443 1131 500 alibi
1175 444 1568 516 disputavimus
1607 442 1800 514 (idem,
1840 448 1931 502 tib.
1979 447 2022 503 Ι.

429 545 629 601 dissert.
658 543 716 609 2,
741 555 856 613 cap.
892 540 946 605 1,
977 550 1099 611 pag.
1125 537 1235 593 2‘33
1278 553 1339 592 ac
1366 552 1501 610 seqq.
1517 546 1568 592 et
1591 537 1681 593 lib.
1708 536 1799 593 III.
1821 539 2021 595 dissert.

427 636 481 706 2,
515 651 629 708 cap.
661 634 716 700 '5,
741 626 927 699 art.'5,
959 647 1080 702 pag.
1120 629 1272 701 922).

501 725 882 795 Philadelphus
925 738 1089 795 porro
1113 765 1128 791 ,
1164 723 1254 794 qui
1280 736 1509 795 grmcam
1540 732 1708 779 sacrae
1735 721 2027 796 Scriptura!

427 821 919 894 interpretationem
946 817 1276 890 procuravit,
1305 831 1336 872 a
1368 817 1700 873 Tertulliano
1724 817 2027 888 appellatur

426 931 532 973 non
569 915 743 971 solum
779 911 1153 968 eruditissimus
1172 951 1187 974 ,
1218 908 1317 965 sed
1343 909 1513 964 omnis
1538 908 1702 964 etiam
1725 909 2027 965 litteratum

425 1008 787 1082 sagacissimis
806 1048 821 1074 ,
854 1003 945 1060 ubi
989 1012 1141 1059 certe
1165 1000 1483 1058 subauditur
1507 1000 1899 1056 Substan'tivum
1925 1013 2026 1056 no-

424 1114 549 1157 men
572 1142 587 1167 ,
619 1098 763 1171 quod
813 1096 939 1153 huic
981 1094 1250 1167 adjective
1293 1092 1659 1166 sagacissimus
1698 1091 2025 1163 respondeat

424 1193 773 1269 (Tertullian.
846 1187 1116 1262 Apologet.
1197 1203 1315 1258 cap.
1384 1184 1516 1258 18).
1585 1186 1654 1242 At
1704 1198 1811 1241 non
1877 1184 2026 1241 aliud

423 1300 545 1344 esse
563 1285 796 1352 videtur,
819 1296 979 1354 quam
999 1279 1295 1353 indagator,
1313 1277 1398 1335 vel
1416 1278 1725 1349 explorator.
1748 1277 2028 1349 Sagaeita-s

422 1379 567 1436 enim
610 1376 679 1433 ad
721 1372 1102 1431 inveniendum
1140 1380 1230 1426 aut
1258 1370 1644 1442 explorandum
1687 1370 1906 1426 dicitur.
1948 1362 2024 1425 Ea

420 1486 591 1545 porro
648 1466 983 1538 Philadelphi
1026 1465 1289 1536 sagacitas
1332 1473 1448 1519 erat
1483 1464 1648 1518 annuis
1686 1463 2020 1531 litteratum,

419 1566 478 1623 id
526 1573 609 1621 est
676 1563 932 1619 librorum
1002 1559 1240 1614 omnium
1311 1570 1629 1628 quacunque
1676 1557 1749 1613 de
1798 1557 2021 1612 materia

420 1644 778 1728 scriptorum,
808 1650 1217 1723 diligentissima
1246 1650 1441 1721 ubique
1470 1648 1764 1720 inquisitio.
1798 1649 2039 1715 Summo.

2134 449 2336 506 erroris
2360 448 2429 504 ab
2452 450 2571 506 aliis
2598 452 2856 521 arguitur.
2883 452 3018 509 Nam
3048 455 3419 528 Alexandrini,
3454 460 3726 535 inquiunt,

2127 560 2285 617 reges
2318 541 2563 602 Attalicis
2593 546 2922 619 antiquiores
2967 556 3140 609 erant.
3181 552 3251 608 At
3280 554 3412 611 nihil
3444 558 3568 615 inde
3593 574 3728 617 con-

2128 636 2277 696 cludi
2305 648 2482 711 petest
2505 639 2763 699 adversus
2795 638 3115 701 Tertulliani
3145 649 3313 705 nostri
3338 650 3727 722 conjecturam.

2128 729 2440 789 Pisistratus
2481 731 2626 789 enim
2650 742 2705 790 et
2729 732 2819 790 alii
2864 736 3048 806 plures
3072 779 3086 804 ,
3118 738 3187 793 ah
3226 732 3486 797 Athenaeo
3512 751 3564 799 et
3596 741 3729 814 Epi-

2126 821 2326 894 phanio
2352 819 2571 888 laudati,
2594 822 2946 882 bibliothecas
2974 826 3357 898 instruxerant,
3386 846 3521 903 quos
3550 832 3730 893 Phila.

2126 913 2356 985 delphus
2382 914 2555 986 potuit
2580 915 2777 972 imitari
2800 917 3005 988 (Athon.
3031 918 3119 974 lib.
3150 920 3190 975 l.
3225 918 3471 994 Deipnos.
3517 943 3638 998 pag.
3668 928 3725 984 5.

2130 1002 2395 1078 Epiphan.
2417 1007 2480 1062 de
2506 1006 2679 1064 Pond.
2711 1016 2757 1064 et
2781 1026 3005 1067 mensur.
3039 1020 3159 1086 pag.
3193 1014 3343 1087 166).

2196 1098 2486 1168 Czcterum,
2506 1100 2750 1171 quamvis
2792 1111 2935 1158 certa
2966 1114 3111 1160 esset
3150 1104 3465 1163 Tertulliani
3504 1110 3686 1182 opinio
3709 1154 3726 1181 ,

2125 1207 2156 1247 a
2184 1189 2461 1263 Scaligero
2492 1201 2669 1249 tamen
2699 1208 2765 1250 eo
2794 1194 3011 1264 vapulat
3034 1236 3049 1259 ,
3082 1197 3225 1267 quod
3254 1213 3361 1253 non
3389 1198 3494 1255 alio
3523 1202 3725 1258 Deme-

2128 1287 2286 1343 trium
2326 1287 2645 1343 Phalereum
2691 1286 2844 1345 titulo
2872 1291 3236 1359 exornaverit,
3265 1306 3423 1364 quam
3453 1292 3727 1351 Gramma-

2126 1379 2340 1434 ticorum
2372 1379 2730 1447 probatissimi.
2766 1380 3054 1437 Enimvero
3077 1424 3092 1450 ,
3136 1398 3340 1453 parum,
3371 1385 3562 1456 inquit,
3591 1396 3728 1443 nota:

2129 1469 2445 1527 Tertulliano
2501 1471 2747 1526 Demetrii
2793 1472 2933 1527 dotes
2972 1472 3183 1542 fuerunt
3239 1472 3461 1549 (Scalig.
3511 1486 3617 1533 not.
3671 1478 3729 1535 in

2127 1564 2318 1620 Chron.
2346 1561 2534 1619 Euseb.
2576 1563 2647 1619 ad
2683 1582 2807 1619 ann.
2842 1564 3003 1620 1724.
3050 1583 3170 1638 pag.
3200 1568 3346 1635 155).
3390 1567 3499 1624 Cur
3524 1568 3730 1642 igitur?

2126 1656 2393 1728 Numquid
2438 1655 2759 1728 quibusdam
2798 1656 3054 1713 Demetrii
3101 1657 3315 1714 dotibus
3368 1662 3723 1730 memoratis,

419 1758 601 1805 autem
626 1747 750 1802 illos
774 1741 1127 1802 conservandi
1150 1741 1331 1797 studio
1349 1741 1721 1810 bibliothecam,
1743 1743 1816 1798 ait
1836 1753 2023 1798 auctor
2051 1760 2099 1820 Β
2126 1749 2258 1805 alias
2288 1748 2547 1821 negavit?
2573 1747 2705 1816 Quis
2732 1748 2892 1803 etiam
2916 1748 3123 1819 jumnti
3150 1744 3421 1821 scaligem
3438 1750 3605 1807 ﬁdem
3634 1752 3731 1807 ha-

422 1848 625 1906 noster,
649 1845 705 1894 et
730 1836 894 1892 simili
922 1834 1082 1890 modo
1099 1833 1365 1889 Eusebius
1393 1833 1449 1888 in
1474 1833 1766 1901 Chronico,
1795 1850 1860 1890 ea:
1883 1836 2023 1907 omni

421 1946 605 2003 genere
645 1929 944 2007 litteratum
988 1934 1373 1996 comparaverat
1431 1923 1644 1998 (Chron.
1705 1925 1895 1982 Euseb.
1954 1927 2024 1982 ad

420 2040 546 2080 auri.
574 2019 757 2094 1751).
781 2020 993 2090 Quanto
1017 2027 1199 2074 autem
1221 2018 1482 2074 librorum
1514 2032 1742 2075 numero
1764 2020 2021 2076 instructa

422 2118 587 2175 fuerit
614 2117 666 2172 in
707 2115 952 2187 sequenti
995 2104 1223 2169 articulo
1263 2111 1629 2168 ostendemus.
1666 2112 1721 2168 Si
1750 2112 1871 2182 quis
1896 2126 2024 2169 vero

423 2211 657 2280 postulet
679 2210 800 2278 quis
823 2208 891 2263 sit
921 2205 1267 2271 Pisistratus,
1290 2204 1444 2275 cujus
1475 2206 1574 2259 hac
1605 2205 1661 2258 in
1691 2217 1751 2259 re
1785 2204 2021 2259 studium

422 2302 705 2358 aemulatus
732 2296 1118 2369 Philadelphus
1142 2310 1171 2351 a
1203 2294 1536 2352 Tertulliano
1575 2295 1833 2350 asseritur
1851 2336 1866 2362 ,
1893 2293 2021 2350 illud

424 2394 636 2450 discere
663 2390 947 2463 poteritex
974 2387 1058 2443 his
1082 2388 1147 2442 A.
1179 2385 1336 2444 Gellii
1368 2385 1583 2442 verbis:
1610 2384 1799 2442 Libros
1812 2385 2024 2444 Athenis

422 2486 811 2555 disciplinarum
855 2481 1141 2537 liberalium
1185 2479 1383 2551 publice
1424 2480 1494 2533 ad
1525 2478 1763 2550 legendos
1797 2479 2055 2549 posuisse.

421 2580 608 2635 dicitur
656 2576 964 2633 Pisistratus
1004 2584 1271 2647 tyrannus.
1310 2570 1507 2628 Verum
1544 2570 1613 2627 de
1652 2571 1915 2627 Pisistrati
1942 2580 2022 2645 ty-

421 2671 667 2738 rannide,
695 2684 856 2741 quam
882 2676 985 2736 ter,
1011 2675 1071 2722 ut
1096 2672 1282 2721 narrat
1304 2662 1630 2747 Herodotus,
1657 2664 2019 2735 recuperavit,

420 2766 677 2837 frequens
721 2761 861 2834 apud
906 2761 1087 2815 varios
1114 2758 1444 2829 Scriptores,
1472 2754 1748 2812 Laertium
1773 2797 1789 2823 ,
1818 2755 2020 2811 Pausa-

421 2862 584 2927 niam,
628 2856 1026 2930 Thucydidem,
1072 2851 1376 2916 Elianum,
1408 2849 1681 2921 Valerium
1709 2847 2019 2915 Maximum,

324 2976 331 2977 ί
421 2966 474 3011 et
498 2954 632 3009 alios
660 2950 889 3007 mentio.
915 2948 1027 3003 Nos
1050 2960 1182 3002 vero
1206 2944 1273 3000 de
1301 2947 1406 2999 hac
1432 2943 1697 2998 Pisistrati
1737 2940 2021 3013 tyrannide

422 3047 479 3103 in
506 3044 783 3117 superiore
809 3043 1111 3112 Apparatus
1131 3038 1299 3093 nostri
1327 3046 1473 3092 tome
1497 3035 1724 3107 egimus.
1749 3033 2019 3105 Scriptum

2128 1840 2338 1896 biturus
2384 1839 2511 1896 est?
2554 1836 2744 1895 Nonne
2772 1837 3061 1895 Suetonius
3101 1855 3201 1897 nos
3231 1841 3424 1897 alicubi
3451 1842 3730 1899 admonuit

2124 1931 2489 2004 grammaticis
2533 1928 2717 1985 datum
2748 1929 2901 1986 initio
2940 1945 3137 1986 nomen
3181 1931 3573 1999 litteratorum,
3602 1936 3730 2004 quia

2124 2023 2322 2096 aliquid
2349 2030 2504 2079 acute
2528 2023 2868 2094 scienterque
2896 2030 3146 2096 poterant
3168 2023 3352 2082 dicere
3375 2032 3467 2080 aut
3494 2026 3729 2096 probare

2125 2115 2368 2187 (Sueton.
2400 2115 2467 2171 de
2504 2115 2669 2171 illast.
2703 2124 2974 2189 grammat.
3004 2115 3032 2189 ᾗ
3071 2116 3125 2172 4.
3171 2134 3291 2190 pag.
3319 2116 3492 2190 82M)?
3529 2120 3599 2174 At
3624 2118 3731 2175 hoc

2123 2209 2464 2282 putissimum
2511 2208 2733 2265 nomine
2770 2209 3133 2265 Tertullinus
3170 2209 3503 2266 Demetrium
3541 2210 3731 2267 lauda-

2126 2303 2199 2359 vit
2220 2345 2235 2370 ,
2267 2302 2524 2374 quoniam
2550 2300 2623 2357 de
2654 2300 2993 2357 bibliOtheczc
3032 2301 3355 2373 praefectura
3394 2304 3496 2375 ipsi
3524 2314 3559 2358 a
3597 2300 3729 2360 Phi-

2123 2394 2375 2465 ladelpho
2401 2394 2699 2451 comitiissa
2724 2393 3049 2449 disserebat.
3071 2393 3172 2450 Cui
3201 2403 3379 2450 autem
3409 2394 3603 2451 melius
3629 2394 3730 2451 de-

2125 2487 2368 2543 Mandari
2398 2488 2595 2557 patuit,-
2614 2498 2777 2558 quam
2801 2487 3278 2558 grammaticorum
3305 2488 3689 2558 probatissimo
3708 2531 3725 2554 ,

2124 2580 2179 2636 id
2194 2588 2296 2647 est,
2320 2579 2440 2634 tiro
2458 2572 2601 2633 varia
2623 2576 2931 2634 eruditione
2951 2577 3195 2649 praedito,
3220 2578 3313 2649 qui
3331 2577 3499 2633 libros
3516 2588 3726 2645 «nues,

2124 2678 2420 2744 eorumque
2446 2672 2677 2743 pretium
2705 2672 2951 2741 apprime
2978 2671 3239 2727 noverat?
3310 2712 3323 2721 .

2740 2776 3037 2823 ARTICULUS
3075 2778 3149 2822 111.

2125 2861 2243 2930 Qua
2270 2860 2324 2917 in
2352 2859 2689 2930 Philadelphi
2714 2858 3015 2913 bibliotheca
3049 2857 3166 2912 libri
3191 2870 3456 2913 sacrarum
3488 2854 3729 2930 Scriptu-

2194 2966 2370 3010 rarum
2398 2952 2624 3023 repositi,
2648 2949 2736 3005 ubi
2759 2967 2820 3005 ea
2846 2949 3146 3005 bibliotheca
3174 2959 3487 3018 constructa,
3510 2958 3731 3018 quantus

2196 3047 2248 3101 in
2265 3046 2357 3100 illa
2381 3045 2623 3100 librorum
2652 3052 2913 3109 numerus,
2938 3058 3005 3096 an
3023 3051 3128 3097 tota
3150 3042 3384 3097 inccndio
3404 3050 3727 3113 consumpta,

420 3148 681 3212 praeterea
727 3155 759 3194 a
803 3136 968 3192 citato
1001 3132 1263 3190 Pausania
1313 3130 1541 3202 legimus
1584 3126 1840 3200 ὐὶεεῑραὶιι
1893 3128 2019 3184 Olim
2046 3150 2093 3213 ς
2196 3136 2449 3211 quomodo
2474 3135 2611 3189 sacri
2628 3133 2827 3188 codices
2850 3133 2919 3186 ad
2946 3132 3264 3189 Christianos
3285 3134 3601 3204 peruenerint
3664 3148 3730 3189 ac

424 3230 592 3286 fuisse
622 3228 836 3285 Homeri
861 3227 1120 3295 carmina,
1153 3233 1313 3295 atque
1338 3237 1406 3279 ex
1436 3222 1543 3277 illis
1576 3236 1607 3278 a
1636 3220 1937 3289 Pisistrato,
1965 3229 2024 3277 ut

426 3322 502 3377 ait
539 3320 823 3386 Elianus,
863 3318 1102 3375 collectis
1141 3315 1443 3373 conlectam
1485 3314 1707 3371 Iliadem
1759 3322 1813 3370 et
1850 3312 2022 3387 Odyss

428 3430 600 3473 seum.
632 3413 740 3470 Sed
769 3420 983 3484 praestat
1027 3411 1344 3467 Ciceronem
1375 3406 1598 3464 audire:
1630 3406 1758 3473 Quis
1787 3406 1983 3461 doctior
2004 3448 2020 3475 ,

428 3507 642 3580 inquit,
672 3506 849 3562 iisdem
894 3502 1205 3575 teniporibus
1239 3511 1333 3556 aut
1357 3502 1505 3572 cujus
1535 3499 1820 3571 eloquentia
1845 3499 2024 3554 litteris

424 3601 737 3667 instructior,
754 3614 905 3673 quant
930 3597 1236 3654 Pisistrati?
1264 3596 1365 3664 Qui
1389 3595 1582 3667 primus
1615 3592 1825 3649 Homeri
1846 3593 2022 3661 libros,

424 3695 667 3766 confusos
691 3702 842 3749 antea
867 3735 883 3762 ,
909 3693 984 3747 sic
1011 3690 1326 3762 disposuisse
1351 3689 1540 3744 dicitur
1579 3695 1635 3743 ut
1674 3703 1811 3742 nunc
1868 3687 2022 3741 Imbe-

425 3789 558 3843 inus.
608 3784 729 3842 Non
773 3785 873 3858 fuit
916 3784 1007 3840 ille
1042 3783 1245 3854 quidem
1284 3781 1472 3835 civibus
1500 3780 1606 3835 suis
1631 3780 1807 3848 utilis‘,
1838 3779 1928 3834 sed
1953 3780 2027 3834 ita

427 3880 713 3950 eloquentia
766 3878 943 3948 ﬂoruit
964 3920 980 3943 ,
1042 3886 1096 3930 ut
1156 3875 1337 3929 litteris
1385 3873 1718 3945 doctrinaque
1764 3880 2026 3945 prtcstaret

430 3971 614 4042 (Gcll.,
640 3970 729 4026 lib.
764 3970 855 4040 Vl,
889 3969 1045 4025 Noct.
1083 3967 1209 4023 Atti.
1242 3982 1358 4040 cap.
1393 3968 1482 4032 17,
1511 3984 1564 4038 p.
1599 3967 1704 4023 595
1726 3964 2025 4035 {Heroden

429 4063 520 4119 lib.
548 4062 618 4131 II,
674 4063 703 4136 ᾗ
734 4061 807 4119 59
833 4069 882 4117 et
920 4074 1059 4134 seqq.
1082 4079 1103 4129 ,-
1129 4060 1302 4115 Locri.
1341 4061 1397 4114 in
1432 4058 1547 4114 Vita
1587 4057 1829 4131 Solon.§
1869 4059 1941 4115 53
1982 4067 2029 4112 et

428 4171 565 4226 seqq.
615 4154 688 4211 65
724 4163 773 4209 et
814 4168 996 4225 seqq.;
1036 4151 1265 4207 Pausan.
1318 4149 1405 4204 lib.
1461 4150 1505 4218 I,
1559 4166 1679 4223 pag.
1739 4150 1775 4207 5
1828 4158 1876 4204 et
1915 4148 2024 4217 2!;

429 4245 665 4318 Thucyd.
709 4245 798 4301 lib.
836 4243 968 4301 VIII.
1018 4243 1157 4300 Hist.
1187 4263 1239 4316 p.
1273 4244 1410 4311 446;
1441 4241 1648 4298 Elian.
1681 4257 1790 4297 var.
1825 4241 2026 4298 Hister.

430 4340 519 4396 lib.
554 4339 690 4408 VIII,
717 4354 765 4394 c.
796 4340 901 4405 15;
945 4336 1058 4394 Val.
1092 4338 1237 4393 Max.
1264 4337 1352 4394 lib.
1384 4336 1425 4405 I,
1461 4337 1490 4411 ᾗ
1518 4338 1571 4394 2.
1600 4337 1689 4393 lib.
1717 4336 1918 4395 VIII.c.
1953 4336 2027 4403 9;

432 4432 614 4489 Exter.
643 4433 672 4505 ᾗ
697 4433 769 4497 2;
795 4443 918 4490 tom.
948 4431 990 4488 I.
1034 4432 1286 4504 Apparet.
1312 4446 1432 4504 pag.
1469 4430 1647 4496 H76;
1677 4429 1909 4485 Pausaa.
1938 4430 2028 4485 lib.

2197 3233 2261 3287 de
2304 3227 2540 3302 vectigali
2579 3227 2881 3282 Judtcorum
2935 3225 3006 3280 ad
3055 3241 3140 3282 eos
3186 3226 3386 3298 publica
3430 3222 3732 3282 lectitandos

2199 3324 2444 3379 libertate.

2197 3416 2486 3487 Postquam
2507 3411 2867 3470 Tertullianus
2886 3410 3032 3467 illam
3051 3424 3268 3468 omnem
3289 3411 3535 3467 codicum
3560 3422 3732 3468 sacrae

2124 3510 2437 3581 Scriptum,
2464 3520 2561 3562 seu
2584 3503 2860 3573 hebraica,
2889 3516 2987 3560 seu
3010 3517 3187 3576 graeca
3212 3502 3391 3575 lingua
3419 3502 3728 3574 deserlptze,

2127 3602 2491 3660 narrationem
2534 3597 2854 3664 contexuit,
2886 3603 2998 3650 tum
3047 3595 3302 3651 continuo
3350 3601 3603 3659 enarrat,
3642 3593 3733 3649 ubi

2130 3694 2307 3753 cuncti
2335 3694 2410 3749 illi
2432 3692 2648 3748 codices
2677 3690 3131 3746 asscrvahantur:
3158 3688 3351 3755 Hodie,
3374 3687 3566 3759 inquit,
3591 3687 3734 3759 apud

2130 3787 2431 3858 Scrapteum
2460 3781 2730 3838 Ptolemtei
2756 3781 3197 3853 bibliothecarum
3220 3780 3346 3851 ipsis
3375 3779 3625 3835 hcbraicis
3650 3780 3738 3834 lit-

2129 3882 2247 3936 teris
2289 3877 2587 3935 exhibentur
2637 3872 2965 3947 (Tertullian.
3010 3872 3281 3947 Apologet.
3320 3889 3437 3945 cap.
3470 3872 3567 3930 18.
3610 3888 3735 3947 pag.

2133 3972 2244 4045 19).
2286 3971 2494 4040 Quibus
2521 3982 2652 4024 sane
2679 3966 2859 4023 verbis
2888 3968 3124 4024 declarat
3152 3964 3252 4022 hos
3282 3965 3565 4024 hebraicos
3593 3981 3735 4039 grac-

2131 4076 2329 4135 cosque
2358 4061 2572 4118 Veteris
2615 4058 2949 4116 Testamenti
2978 4058 3144 4114 libros
3171 4059 3439 4131 repositos
3479 4058 3645 4117 luisse
3679 4059 3741 4119 in

2129 4153 2403 4225 Serapmo,
2432 4152 2536 4208 hoc
2557 4158 2661 4216 est,
2690 4149 2965 4220 Serapidis
2985 4146 3208 4219 templo,
3235 4149 3379 4219 quod
3398 4148 3741 4208 Alexandriae

2133 4255 2463 4304 exstructum
2510 4242 2704 4299 luerat.
2734 4240 2867 4296 Nam
2909 4240 3333 4313 Chrysostomus
3374 4242 3577 4299 diserte
3614 4257 3744 4314 pro-

2135 4340 2344 4396 nuntiat
2370 4337 2493 4392 illos
2518 4324 2588 4391 ab
2612 4334 2715 4389 hoc
2744 4332 3041 4390 Ptolemaeo
3066 4332 3421 4404 Philadelpho
3444 4334 3739 4391 collocatos
3812 4392 3837 4405 ,

2134 4431 2322 4499 fuisse,
2353 4435 2419 4490 sic
2445 4435 2506 4485 τὸ
2532 4432 2621 4483 τσῦ
2647 4429 2908 4498 Seps/mbo:
2939 4433 3077 4499 ἱερὸν,
3121 4426 3175 4481 in
3201 4425 3470 4495 Serapidis
3496 4424 3744 4495 templum

436 4523 548 4591 VII,
599 4541 650 4594 ρ.
687 4525 831 4590 235;
864 4524 1071 4580 rEliau.
1121 4540 1230 4581 var.
1256 4523 1458 4579 Hister.
1485 4524 1574 4579 lib.
1610 4522 1750 4578 XIII.
1778 4538 1895 4596 cap.
1925 4523 1995 4580 14
2013 4542 2029 4592 ;
2056 4546 2111 4607 ῃ
2138 4523 2427 4596 (Chrysost.
2457 4520 2604 4575 Orat.
2634 4519 2689 4574 1.
2723 4519 2841 4574 adv.
2865 4517 3039 4573 ludis.
3072 4526 3195 4572 tom.
3225 4517 3268 4571 I.
3299 4533 3419 4589 pag.
3449 4514 3576 4573 594.
3610 4516 3737 4572 edit.

433 4615 597 4674 Cicer.
625 4618 710 4674 lib.
742 4617 827 4674 III.
852 4618 916 4672 de
938 4617 1084 4674 Orat.
1118 4635 1174 4690 p.
1208 4617 1333 4682 194,
1363 4618 1459 4673 lin.
1487 4616 1599 4689 57).

503 4708 666 4766 Certo
708 4718 887 4766 tamen
927 4709 1294 4767 Tertullianus
1334 4709 1684 4781 pronuntiare
1725 4722 1832 4763 non
1870 4708 2036 4765 audet

432 4812 614 4870 utrum
647 4802 1030 4873 Philadelphus
1056 4802 1214 4873 hujus
1245 4803 1296 4857 in
1325 4802 1634 4858 instruenda
1663 4800 1923 4856 ditissima
1955 4801 2034 4858 bi-

436 4895 706 4953 bliotheca
730 4895 973 4952 studium
1012 4909 1199 4953 revera
1239 4893 1522 4951 aemulatus
1549 4883 1710 4950 fuerit
1735 4912 1749 4949 :
1778 4891 1875 4951 sed
1900 4893 2035 4950 dixit

433 4996 639 5045 tantum
668 4990 911 5060 :opiuor,
942 4989 996 5045 id
1020 4998 1102 5046 est
1138 4996 1197 5044 ut
1234 4988 1333 5060 ipsi
1362 4988 1703 5045 verisimilius
1728 4988 2032 5046 videbatur.

431 5080 682 5140 Vitruvio
710 5091 913 5150 autem,
943 5083 1033 5154 qui
1059 5082 1282 5153 Augusﬁ
1311 5079 1541 5138 Caesaris
1569 5090 1729 5139 aetate
1754 5082 1957 5151 ﬂoruit,
1988 5083 2035 5139 si

433 5174 645 5241 credas,
678 5174 1013 5233 Prolemteus
1039 5173 1424 5246 Philadelphus
1448 5174 1619 5231 hocce
1646 5174 1828 5231 studio
1857 5175 2032 5229 imita-

435 5269 643 5325 tus’est
692 5284 849 5341 reges
890 5270 1172 5327 Attalicas.
1196 5269 1409 5340 Audias
1456 5270 1615 5325 velim
1660 5269 1802 5324 illius
1827 5268 2032 5326 verba:

435 5359 603 5435 Reges
631 5362 841 5419 Attalici
874 5366 1075 5436 magnis
1099 5364 1395 5437 philologia:
1423 5363 1776 5419 dulcedinibus
1799 5364 2033 5433 inducti,

436 5474 552 5513 cum
580 5461 836 5532 egregiam
872 5459 1221 5515 bibliothecam
1251 5457 1491 5531 Pergami
1516 5458 1585 5511 ad
1612 5473 1927 5513 communem
1957 5459 2042 5514 de-

437 5549 758 5607 lectationem
794 5552 1181 5619 instruxissent,
1211 5560 1329 5606 tunc
1357 5551 1475 5604 item
1506 5547 1815 5604 Ptolemaeus
1838 5549 2039 5621 inﬁnito

438 5644 548 5699 zelo
577 5644 973 5718 cupiditatisque
1005 5645 1247 5700 incitatus
1284 5642 1457 5699 studio
1484 5684 1500 5710 ,
1529 5657 1631 5697 non
1659 5642 1937 5698 minoribus
1961 5644 2041 5699 in-

443 5733 654 5794 dustriis
701 5737 771 5794 ad
812 5739 1049 5796 eumdem
1092 5736 1298 5794 modum
1348 5733 1675 5793 contenderat
1718 5728 2044 5795 Alexandria:

2138 4618 2367 4693 Morel.)
2409 4620 2478 4674 At
2505 4619 2557 4674 in
2587 4631 2672 4684 eo,
2699 4617 2842 4688 quod
2872 4613 3264 4686 magniﬁcentia
3286 4625 3380 4667 sua
3410 4611 3513 4668 soli
3536 4653 3551 4680 ,
3582 4610 3743 4668 sicuti

2137 4713 2341 4772 Gellius
2370 4720 2424 4768 et
2452 4710 2770 4767 Ammianus
2798 4706 3139 4763 Marcellinus
3180 4703 3488 4777 perhibent,
3526 4701 3749 4776 Capito-

2135 4811 2208 4866 lio
2234 4808 2493 4874 cedebat,
2519 4806 2672 4878 plura
2710 4802 2898 4875 procul
2944 4800 3106 4856 dubio
3151 4807 3306 4856 erant
3334 4809 3582 4870 separata
3619 4812 3651 4853 a
3678 4813 3742 4855 se

2136 4902 2370 4960 invicem
2396 4896 2621 4956 aedilicia
2648 4895 2804 4968 (Gell.
2830 4893 2920 4949 lib.
2947 4890 3038 4948 Vl.
3070 4890 3227 4947 Noct.
3256 4898 3346 4946 att.
3397 4906 3442 4944 c.
3502 4890 3649 4962 ult.).
3680 4888 3744 4946 In

2138 5010 2325 5053 eorum
2378 5002 2559 5048 autem
2618 4990 2801 5061 aliquo
2851 5002 2956 5043 una
3009 4993 3101 5041 aut
3146 4984 3347 5055 duplex
3399 4978 3742 5054 Philadelphi

2136 5087 2463 5145 bibliotheca
2491 5082 2725 5155 reposita
2752 5079 2872 5136 fuit.
2904 5078 3199 5135 Plurimum
3229 5074 3507 5132 enimvero
3537 5074 3742 5129 Auctor

2138 5190 2323 5237 noster
2366 5177 2547 5237 verbis
2591 5174 2838 5247 proxime
2878 5171 3054 5227 citatis
3084 5168 3360 5233 meminit;
3389 5165 3742 5237 quemadmo-

2139 5275 2266 5330 dum
2317 5271 2632 5329 Ammianus
2682 5266 3062 5332 Marcellinus,
3108 5262 3200 5333 qui
3248 5269 3372 5332 post
3413 5260 3744 5331 descriptam

2136 5366 2372 5439 Serapmi
2419 5361 2876 5428 muniﬁcentiam,
2927 5360 3004 5431 sic
3067 5358 3411 5429 prosequitur
3455 5374 3471 5411 ι
3523 5355 3591 5409 in
3644 5368 3745 5425 quo

2141 5460 2449 5518 bibliothecis
2474 5462 2683 5531 {uerunt
2703 5454 3077 5511 inaestimabiles
3097 5470 3118 5520 ;
3139 5461 3186 5507 et
3211 5451 3430 5520 loquitur
3451 5460 3751 5505 monumen-

2145 5565 2310 5611 torum
2362 5561 2585 5609 ueterum
2629 5550 2898 5606 concinens
2939 5549 3067 5621 ﬁdes
3087 5590 3102 5613 ,
3134 5546 3449 5619 septingenta
3493 5545 3753 5600 volumina

2144 5647 2308 5703 millia
2333 5688 2348 5712 ,
2376 5643 2674 5701 Ptolemais
2710 5642 2909 5716 regibus
2956 5642 3140 5716 vigiliis
3182 5641 3391 5696 intentis
3428 5640 3752 5710 composita,

2146 5739 2279 5799 bello
2325 5738 2675 5798 Alexandrino
2705 5733 2826 5794 dum
2871 5737 3114 5813 diripitur
3142 5736 3350 5809 civitas,
3380 5736 3471 5795 sub
3508 5734 3756 5794 dictatore
