4240 6262
473 224 581 282 ’191

1558 213 1629 270 1N
1667 208 2135 269 TERTULLIANI
2172 206 2704 273 APOLOCETICUM

3682 211 3798 276 792

478 338 682 398 Cresam
722 341 1068 411 conﬂagrasse
1131 332 1416 404 (Antmian.
1478 326 1719 384 Marce“.
1747 327 1865 383 libr.
1918 324 2088 382 XX".
2116 325 2171 388 Α
2197 329 2443 397 thecam,
2472 346 2592 402 qua:
2622 331 2676 387 in
2701 344 2763 387 ea
2802 330 3142 388 Alexandria:
3183 329 3334 387 urbis
3372 336 3492 387 erat
3525 329 3749 401 regione
3773 372 3791 398 ,

479 448 600 505 cap.
630 433 717 489 16.
752 449 873 504 pag.
902 429 1052 501 345).

553 524 724 581 Unam
745 531 922 577 autem
954 527 1159 575 tantum
1183 527 1448 575 memorat
1474 514 1785 580 Athenaeus,
1817 513 1910 586 qui
1937 520 2088 586 post-

479 631 641 687 quam
672 616 814 670 viros
842 612 1127 684 quosdam,
1158 608 1539 667 coacervandis
1565 608 1719 663 libris
1750 606 1979 674 nobiles,
2001 621 2088 662 re-

480 707 694 766 censuit
739 722 755 759 :
802 703 1010 770 Omnes,
1068 705 1281 776 inquit,
1337 711 1589 759 mercatus
1635 700 1945 756 Ptolemazus
1995 715 2090 755 rex

479 809 704 865 nostras,
730 799 1029 870 cognomine
1061 796 1458 866 Philadelphus,
1485 810 1598 850 cum
1628 794 1692 849 iis
1720 809 1847 864 quos
1876 791 2089 846 Athenis

483 900 535 947 et
582 889 755 944 Rhodi
798 897 1007 953 emerat,
1039 893 1107 950 sic
1146 898 1237 945 τὶν
1275 896 1424 943 saliat
1450 881 1785 956 Ᾰλεξάνδρυιιν
1817 896 2088 953 (enim;

480 984 537 1038 in
564 982 833 1054 pulchram
844 981 1241 1036 Alexandrinam
1256 977 1634 1036 bibliothecam
1656 975 1919 1047 transferri
1943 990 2093 1028 cura-

483 1077 556 1130 vit
605 1074 813 1142 (Athen.
843 1073 930 1128 lib.
966 1073 1008 1129 l.
1057 1071 1305 1145 Deipnos.
1355 1086 1472 1141 pag.
1503 1070 1584 1140 '5).
1615 1067 1874 1123 Similiter
1920 1066 2091 1122 Euse-

484 1169 633 1225 biani
661 1165 914 1222 Chronici
964 1174 1150 1221 auctor
1178 1181 1191 1219 :
1223 1162 1557 1229 Ptolemteus,
1600 1162 1792 1232 inquit,
1826 1158 2095 1213 Philadela

489 1262 623 1332 phus
653 1261 859 1315 divinas
893 1258 1191 1329 Scripturas
1233 1259 1287 1312 in
1316 1272 1533 1329 grazcam
1563 1271 1734 1310 vocem
1772 1271 1832 1309 ea:
1862 1253 2096 1307 hebraica

491 1357 670 1426 lingua
696 1371 788 1425 per
815 1352 986 1408 LXX.
1016 1354 1315 1423 interpretes
1343 1349 1621 1418 transferre
1644 1348 1858 1414 curavit,
1889 1362 2014 1416 quas
2041 1347 2096 1400 in

489 1447 840 1504 Alexandrina
864 1445 1161 1500 bibliotheca
1190 1445 1550 1514 habuit,quam
1583 1441 1678 1495 sibi
1705 1457 1770 1495 ea;
1796 1441 1933 1493 omni
1949 1455 2099 1510 gene-

490 1560 546 1599 re
566 1543 887 1598 littteratura:
904 1547 1282 1610 comparaverat
1304 1535 1453 1609 (Eus.
1470 1534 1661 1591 Chron.
1677 1533 1745 1587 ad
1770 1550 1893 1587 ann.
1910 1529 2097 1602 1754).

568 1639 640 1692 At
668 1634 1024 1707 Epiphanius,
1049 1634 1147 1687 etsi
1180 1631 1314 1685 duas
1351 1629 1598 1699 designet
1640 1626 2015 1690 bibliothecas,
2046 1624 2098 1679 in

2191 439 2353 497 quam
2422 424 2709 482 Bruchium
2762 433 2995 490 vocant,
3053 423 3322 480 desertam
3383 438 3486 480 suo
3551 431 3795 494 tempore

2192 518 2362 574 fuisse
2389 517 2680 592 (Epiphan.
2709 518 2773 572 de
2810 517 2983 573 Pond.
3026 526 3074 572 et
3104 516 3335 572 Mensur.
3371 517 3401 591 ᾗ
3436 517 3526 573 10.
3554 534 3611 587 p.
3638 516 3790 589 l66).

2190 610 2261 665 At
2304 609 2356 665 in
2395 624 2457 665 ea
2488 611 2774 681 repositos,
2805 610 2882 664 uti
2910 608 3163 677 vidimus,
3190 608 3400 664 dixerat
3442 623 3612 664 sacra:
3648 608 3797 665 Seri-

2194 710 2368 772 pturte
2396 702 2630 758 codices.
2660 701 2823 772 Atqui
2849 701 2893 757 si
2925 700 3040 757 lucc
3065 700 3387 757 bibliotheca
3416 700 3630 757 deserta
3657 700 3789 769 fuit,

2194 803 2357 865 atque
2398 795 2568 851 multo
2615 795 2785 865 magis
2826 794 2872 849 si
2913 793 3292 850 Alexandrina:
3314 780 3659 850 bibliothecai
3678 794 3795 867 jam

2194 887 2308 958 ipsa
2335 886 2567 943 Caesaris
2602 894 2764 943 relate
2798 885 3095 943 combustae
3138 896 3285 952 sunt,
3324 901 3451 958 qua,
3494 887 3688 942 amabo
3716 895 3793 953 te,

2195 978 2405 1034 ratione
2429 978 2792 1034 Tertullianus
2816 978 2999 1034 dicere
3024 977 3197 1050 potuit
3228 995 3242 1031 :
3278 976 3452 1033 Hodie
3477 979 3619 1045 apud
3639 977 3799 1035 Sera-

2199 1088 2388 1147 pteum,
2414 1071 2682 1128 Ptolenuri
2704 1071 3020 1128 bibliotheca!
3040 1086 3155 1125 cum
3182 1072 3310 1144 ipsis
3335 1072 3589 1128 hebraicis
3616 1072 3798 1129 litteris

2197 1167 2497 1222 exhibentur
2519 1208 2534 1233 ,
2594 1177 2643 1223 et
2694 1165 2867 1222 ,ιιιάωί
2919 1165 3093 1236 palam
3166 1167 3394 1221 lectitant
3460 1164 3794 1236 (Tertullian.

2200 1258 2468 1331 Apologct.
2541 1274 2657 1329 cap.
2732 1259 2802 1315 18
2831 1257 2897 1332 )?
2964 1257 3310 1329 Respondent
3400 1257 3558 1330 aliqui
3657 1259 3797 1315 duas

2201 1353 2391 1409 saltem
2439 1354 2490 1407 in
2532 1368 2597 1407 eo
2644 1351 2808 1407 luisse
2851 1350 3226 1407 bibliothecas.
3274 1351 3344 1405 At
3374 1366 3497 1416 una,
3529 1350 3795 1422 inquiunt,

2202 1447 2412 1503 incendi
2460 1446 2672 1518 potuit,
2705 1454 2760 1501 et
2806 1446 2972 1501 altera
3000 1487 3015 1511 ,
3045 1444 3095 1499 in
3138 1458 3239 1515 qua
3287 1443 3408 1513 libri
3454 1443 3532 1498 illi
3580 1443 3801 1514 repositi

2203 1550 2377 1607 erant,
2410 1541 2613 1612 integra
2643 1554 2859 1610 prorsus
2892 1553 3190 1593 remanere.
3216 1537 3413 1593 Verum
3436 1553 3497 1592 ea
3524 1537 3805 1608 responsio

2204 1633 2520 1688 adversatur
2569 1632 2725 1702 plane
2762 1630 2976 1703 ipsimet
3006 1629 3324 1701 Epiphanio,
3356 1631 3620 1686 asserenti
3666 1629 3806 1686 hanc

492 1728 599 1785 hoc
627 1738 804 1783 tamen
837 1742 865 1779 a
893 1724 1222 1780 Tertulliano
1255 1731 1440 1778 nostro
1476 1730 1530 1775 cl
1558 1719 1842 1775 Ammiano
1873 1716 2100 1772 Ματθει-
2131 1722 2179 1782 Β
2208 1724 2587 1780 bibliothecam
2611 1764 2627 1789 ,
2658 1724 2710 1778 in
2742 1738 2846 1793 qua
2876 1723 2927 1776 hi
2967 1723 3087 1778 libri
3120 1722 3383 1778 reconditi
3424 1721 3639 1779 fuerant
3660 1763 3676 1788 ,
3704 1737 3806 1777 suo

492 1822 607 1879 lino
622 1820 893 1885 dissentit,
915 1818 1059 1889 quod
1080 1832 1247 1873 sacrae
1263 1815 1555 1885 Scriptura:
1576 1813 1744 1868 libros
1765 1812 1818 1867 in
1840 1809 2095 1876 Bruchio,

494 1922 551 1970 et
600 1912 830 1984 Aquilae,
875 1910 1218 1984 Symmachi,
1259 1918 1314 1963 et
1350 1905 1738 1963 Theodotionis
1783 1905 2101 1972 interpreta-

494 2006 674 2063 tiones
692 2007 746 2061 in
765 2005 972 2060 minore
992 2003 1247 2071 Serapmo
1267 2001 1473 2072 positos
1498 2000 1664 2055 fuisse
1688 2005 1915 2053 asserat.
1936 1997 2100 2052 Suam

496 2097 698 2154 etenim
723 2097 793 2153 de
820 2110 991 2165 grmca
1024 2095 1238 2149 illorum
1269 2091 1711 2161 interpretatione
1736 2089 2100 2144 narrationem

497 2191 587 2249 his
609 2189 790 2247 verbis
816 2187 1042 2242 absolvit
1069 2194 1162 2242 :Ai
1189 2195 1348 2257 βίϐλοι
1376 2189 1442 2246 εἰς
1469 2186 1685 2245 Ill-triviae.
1708 2185 1967 2237 ἐκταθεῖσα
1991 2182 2106 2233 ἀπε·-

498 2291 700 2344 τὲθησαν
742 2287 787 2336 ἂν
820 2295 885 2353 τῇ
911 2288 1076 2352 πρώτῃ
1107 2285 1391 2350 prensans.)
1419 2291 1481 2347 τῇ
1513 2283 1558 2331 ἐν
1590 2289 1654 2348 τῇ
1683 2275 2105 2347 βρουχίῳόὶιιοδο-

500 2381 726 2447 [urgericf
777 2381 850 2428 ἔτι
899 2373 939 2425 δ’
990 2377 1177 2442 ὕστερον
1225 2372 1308 2423 καὶ
1364 2376 1504 2440 ivi-ipa.
1570 2374 1771 2439 inium
1818 2371 2103 2436 βιϐλιοθήκῃ

506 2476 554 2524 ἓν
580 2486 650 2541 τῷ
678 2476 912 2539 Septimio),
944 2473 1205 2535 μικροτέρα.
1231 2477 1320 2526 τῆς
1362 2470 1572 2534 πρώτης,
1615 2470 1723 2521 ἥτις
1761 2462 1847 2513 sui
1894 2463 2102 2528 θυγάτηρ

500 2566 775 2629 (immitem
801 2563 969 2621 αὐτῆς,
999 2562 1093 2629 ἕνῇ
1116 2559 1413 2616 nimione“
1452 2561 1497 2608 oi
1531 2560 1619 2610 τοῦ
1645 2543 1825 2616 Ᾱιΰλι,
1855 2554 1937 2605 nisi
1981 2558 2108 2616 Συμ-

501 2660 688 2722 μᾶνχου,
736 2656 820 2707 xci
860 2654 1184 2714 Θιοδοτίωνος,
1211 2652 1295 2702 καὶ
1338 2664 1432 2702 τῶν
1474 2656 1647 2703 λοιπῶν
1687 2648 1953 2716 ἑρμηνεῖαι,
1979 2647 2108 2711 μετὰ

501 2749 828 2801 ὂιαιιιοσιοςτὸν
853 2747 935 2796 nisi
964 2750 1275 2803 πεντηκοστὸν
1322 2747 1443 2802 toros.
1484 2737 1626 2793 Libri
1658 2737 1757 2802 illi,
1788 2737 1843 2790 in
1885 2749 2108 2806 grwcum

502 2835 759 2901 translati,
798 2835 851 2888 in
892 2834 1060 2903 priore
1100 2833 1421 2899 bibliotheca,
1470 2844 1585 2900 qua:
1623 2830 1676 2883 in
1722 2826 1949 2882 Bruchio
1982 2830 2109 2898 fun-

501 2927 625 2982 data
663 2936 736 2981 est
760 2968 775 2991 ,
801 2926 1015 2997 repositi
1053 2934 1191 2980 sunt.
1245 2923 1371 2979 Post
1399 2924 1507 2978 hare
1549 2922 1656 2976 alia
1684 2937 1863 2977 rursus
1902 2922 1956 2975 in
2002 2920 2107 2976 Se-

502 3020 651 3092 rapio
677 3017 979 3073 bibliotheca
1006 3005 1280 3072 constituta‘
1303 3027 1377 3072 est
1400 3057 1416 3083 ,
1448 3018 1599 3086 longe
1648 3014 1741 3069 illa
1787 3014 1973 3082 minor,
1995 3029 2111 3080 qum

2201 1834 2308 1875 non
2339 1804 2610 1875 exstitisse
2638 1817 2872 1889 aliiplius
2905 1826 3184 1887 tempore:
3217 1827 3546 1887 quapropter
3569 1814 3659 1870 alii
3689 1830 3806 1872 res-

2204 1912 2466 1984 pendent,
2501 1912 2711 1968 etiamsi
2769 1912 2884 1966 haec
2945 1910 3171 1979 olimque
3221 1924 3411 1965 omnes
3466 1909 3807 1967 bibliotheca:

2202 2004 2578 2061 Alexandriam
2625 2006 2746 2075 igne
2788 2003 3083 2060 combusta:
3129 2003 3493 2069 lnerint,non
3540 2012 3807 2061 crematos

2206 2109 2383 2153 tamen
2433 2112 2624 2153 omnes
2667 2098 2853 2165 libros,
2888 2106 3048 2173 atque
3074 2097 3141 2153 ab
3169 2096 3272 2153 hoc
3309 2097 3562 2153 incendio
3588 2106 3806 2168 ereptos

2205 2205 2374 2247 sacrae
2400 2190 2693 2259 Scriptura:
2722 2189 3002 2245 hcbraicos
3028 2203 3341 2259 grmcosque
3364 2188 3601 2245 codices.

2281 2281 2336 2337 In
2377 2281 2536 2351 hujus
2564 2290 2741 2335 autem
2775 2281 3042 2351 opinionis
3069 2280 3535 2337 conﬁrmationem
3582 2281 3806 2359 proferri

2206 2385 2387 2448 potest
2417 2374 2641 2432 Senecm
2661 2416 2678 2443 ,
2711 2390 2774 2432 ac
2804 2385 2922 2446 post
2962 2375 3134 2445 ipsum
3168 2374 3316 2431 Pauli
3348 2375 3524 2431 Orosii
3565 2377 3809 2430 testimoo

2210 2469 2390 2534 nium,
2446 2468 2537 2538 qui
2594 2466 2981 2539 quadringenta
3037 2466 3297 2522 duntaxat
3334 2467 3587 2523 librorum
3638 2466 3807 2522 millia

2209 2569 2320 2616 tum
2366 2569 2683 2630 consumpta
2725 2568 3026 2615 memorant
3060 2558 3267 2630 (Senec.
3308 2560 3393 2615 tib.
3439 2560 3503 2613 de
3548 2559 3795 2629 tranquil.

2207 2654 2368 2709 anim.
2399 2669 2514 2725 cap.
2543 2654 2595 2710 9.
2628 2671 2748 2726 pag.
2768 2653 2894 2709 665.
2930 2651 3080 2708 Oros.
3112 2652 3198 2708 lib.
3225 2652 3332 2709 VII.
3364 2668 3478 2723 cap.
3512 2651 3626 2723 15).
3645 2653 3803 2722 Atqui

2210 2744 2254 2799 si
2298 2743 2607 2799 Marcellino
2644 2753 2698 2799 et
2731 2743 2999 2815 Gellio,,a
3028 2742 3183 2798 nobis
3224 2732 3378 2798 antea
3409 2743 3586 2797 citatis
3618 2741 3802 2799 credi-

2210 2852 2361 2902 mus,
2391 2836 2444 2892 in
2474 2836 2566 2892 illa
2607 2835 2929 2891 bibliotheca
2960 2835 3295 2907 septingenta
3340 2834 3505 2890 millia
3547 2834 3804 2889 librorum

2211 2928 2424 2985 condita
2465 2929 2692 2984 luerunt.
2726 2927 2988 2983 Trecenta
3030 2926 3191 2998 igitur
3230 2926 3392 2981 millia
3423 2924 3651 2980 ﬂammis
3680 2925 3811 2980 sub-

2211 3023 2372 3078 ducta
2417 3030 2560 3080 sunt.
2609 3021 2688 3077 Ex
2742 3021 2934 3076 horum
2976 3021 3152 3091 itaque
3190 3034 3420 3075 numero
3466 3018 3603 3074 haud
3648 3017 3809 3073 dubie

502 3112 661 3182 hujus
705 3111 818 3180 ﬁlia
856 3109 1152 3176 dicebatur,
1196 3109 1253 3163 in
1299 3124 1453 3177 quam
1498 3106 1730 3178 Aquilia,
1787 3105 2105 3178 Symmachi,
2134 3111 2180 3175 C
2213 3122 2368 3170 erant
2411 3114 2546 3181 bmc,
2582 3114 2694 3169 Deo
2736 3113 2808 3169 ita
2853 3112 3167 3184 providente
3199 3154 3215 3178 ,
3261 3110 3809 3182 hebraicagrrecaque

506 3203 887 3269 Theodotionis,
910 3213 958 3259 et
1004 3204 1226 3258 aliorum
1263 3202 1507 3258 editiones
1545 3208 1797 3272 congesta:
1834 3209 1954 3255 sunt
2003 3209 2115 3269 post

505 3312 671 3351 annos
698 3294 846 3351 CCL.
872 3294 1162 3367 (Epiphan.
1193 3294 1309 3349 libr.
1332 3294 1396 3349 de
1427 3293 1597 3349 Pond.
1626 3292 1935 3348 eLMensur.
1970 3293 2110 3365 §l‘l.

506 3405 629 3460 pag.
660 3387 836 3459 168).
865 3388 1030 3444 Vides
1076 3403 1208 3442 sane
1251 3387 1398 3442 illum
1437 3387 1493 3442 in
1534 3387 1636 3443 hoc
1661 3402 1785 3441 cum
1826 3387 1946 3442 aliis
1984 3401 2115 3442 con-

503 3481 709 3537 sentire
738 3521 755 3544 ,
797 3480 943 3551 quod
990 3480 1259 3551 duplicem
1302 3490 1509 3536 asserat
1569 3480 1734 3536 fuisse
1797 3481 2118 3538 Alexandri-

505 3585 635 3625 nam
697 3570 1109 3637 bibliothecam;
1164 3571 1218 3626 in
1264 3585 1333 3627 eo
1388 3582 1565 3626 autem
1634 3571 1931 3640 dissidere,
1971 3573 2114 3644 quod

507 3678 672 3719 unam
703 3663 758 3718 in
783 3664 1020 3719 Brucbio
1043 3704 1057 3729 ,
1085 3665 1313 3718 alteram
1352 3664 1620 3719 minorem
1646 3665 1697 3718 in
1730 3663 1956 3735 Serapio
1979 3680 2112 3721 cou-

508 3756 679 3810 ditam
704 3769 826 3811 esse
853 3755 1005 3811 velit.
1039 3755 1228 3812 Utrum
1260 3770 1388 3810 vero
1416 3756 1532 3811 haec
1563 3756 1706 3811 illius
1732 3757 1901 3813 solius
1932 3758 2114 3828 opinio

507 3847 630 3903 aliis
658 3846 900 3917 praeferri
927 3845 1142 3912 debeat,
1172 3854 1321 3901 tuum
1350 3856 1468 3902 esto
1487 3846 1772 3917 judicium.

583 3939 669 3995 Ab
695 3939 796 3993 hac
821 3953 985 4011 porro
1008 3937 1323 3994 difﬁcultate
1365 3940 1409 3994 si
1441 3948 1493 3995 te
1519 3939 1855 4011 expedieris,
1887 3943 1939 3996 in
1980 3942 2115 3998 alte-

512 4047 630 4089 ram
670 4031 830 4103 longe
870 4033 1131 4103 majorem
1162 4032 1447 4089 confestim
1490 4033 1716 4088 incides.
1747 4033 1878 4089 Nam
1904 4033 2115 4091 Tertul-

512 4125 688 4180 lianus
715 4123 783 4179 de
810 4124 1023 4181 Veteris
1061 4125 1390 4181 Testamenti
1417 4126 1608 4195 graccis
1637 4126 1916 4183 codicibus
1945 4128 2116 4199 loqui-

514 4224 605 4272 tur
653 4225 905 4288 tanquam
953 4217 1006 4272 in
1072 4218 1165 4273 illa
1206 4217 1566 4273 Alexandrina
1615 4217 1939 4274 bibliotheca
2015 4234 2115 4276 suo

509 4308 690 4368 adhuc
716 4318 959 4381 tempore
988 4311 1295 4377 asservatis,
1331 4321 1495 4383 atque
1535 4311 1888 4368 exstantibus.
1914 4311 2115 4369 Contra

512 4418 647 4460 vero
692 4404 1008 4459 Ammianus
1075 4403 1448 4471 Marcellinus,
1493 4413 1552 4460 ut
1604 4404 1868 4468 vidimus.
1915 4405 2116 4461 diserte

2216 3204 2506 3276 Scriptum
2530 3219 2699 3261 sacrm
2726 3204 3018 3259 volumina.

2218 3343 2225 3350 .
2287 3296 2424 3364 Quid
2450 3311 2600 3364 vero,
2631 3296 2773 3368 quod
2804 3297 3221 3368 Chrysostomus
3251 3302 3561 3351 eorrstanter
3587 3307 3810 3350 asseve-

2219 3400 2301 3448 rat
2318 3405 2546 3463 grmcam
2573 3389 3006 3461 prophetieorum
3033 3389 3291 3444 librorum
3315 3388 3813 3458 interpretationem
3911 3456 3919 3466 _

2217 3483 2283 3537 ad
2332 3498 2486 3538 suum
2534 3498 2702 3553 usque
2752 3494 2963 3552 tempus
3015 3482 3067 3536 in
3108 3481 3384 3552 Serapmo,
3433 3482 3546 3536 sive
3591 3489 3650 3535 ut
3698 3480 3816 3548 ipse

2217 3575 2453 3647 loquitur
2474 3617 2499 3642 ,
2518 3575 2794 3646 Serapidis
2821 3575 3024 3646 templo
3051 3583 3451 3630 conservatam.
3482 3571 3607 3627 Hcce
3631 3581 3810 3626 autem

2217 3680 2343 3724 sunt
2368 3685 2542 3740 grrcca
2576 3670 2717 3725 illius
2746 3669 2911 3724 verba
2942 3687 2955 3724 :
2987 3672 3089 3723 Καὶ
3128 3676 3273 3739 μέχρι
3298 3674 3374 3722 νῦν
3397 3670 3494 3722 tu?
3510 3682 3604 3722 τῶν
3625 3688 3811 3735 προρηο

2214 3780 2307 3818 τῶν
2332 3770 2387 3817 ei
2414 3766 2761 3834 ἐρμηνευθεῖσειι
2777 3769 2938 3832 βίϐλθι
2954 3758 3436 3831 μενουσιαῖἡνυεοιι.
3454 3755 3601 3810 Orat.
3624 3757 3671 3810 ί.
3687 3754 3808 3810 adv.

2215 3853 2389 3909 .ludte.
2421 3872 2543 3926 pag.
2572 3854 2700 3920 595,
2728 3864 2851 3908 tom.
2879 3853 2946 3923 1).

2287 3945 2582 4013 Craterum,
2612 3960 2917 4016 quanquam
2964 3944 3156 4015 aliquis
3197 3950 3383 3998 contra
3412 3940 3551 3997 hanc
3580 3939 3819 4012 Chryso-

2217 4041 2377 4097 stomi
2424 4039 2759 4109 aliorumque
2811 4037 3133 4096 sententiam
3189 4037 3470 4092 evidenter
3512 4032 3818 4106 probaverit

2215 4140 2435 4188 exustos
2464 4130 2632 4187 fuisse
2662 4130 2761 4186 hos
2789 4130 3008 4186 codices
3030 4171 3045 4195 ,
3082 4136 3281 4199 litigare
3313 4136 3493 4183 tamen
3523 4140 3629 4181 non
3661 4136 3816 4197 pote-

2215 4224 2287 4281 rit
2326 4232 2450 4278 ante
2491 4221 2624 4279 illud
2669 4221 2978 4277 incendium
3017 4218 3372 4289 multiplicata
3401 4217 3570 4272 fuisse
3598 4217 3815 4272 illorum

2196 4317 2565 4388 exemplaria,
2596 4330 2662 4372 ac
2690 4316 2840 4386 plura
2874 4303 3126 4371 hebraica
3155 4329 3183 4366 a
3209 4312 3435 4379 iudicis,
3464 4323 3520 4368 et
3547 4326 3718 4383 graeca
3748 4312 3817 4367 ab

2217 4412 2336 4467 aliis
2363 4410 2633 4481 descripta
2651 4450 2666 4476 ,
2700 4425 2818 4479 quae
2844 4408 3131 4479 diligenter
3157 4412 3477 4464 conservata
3504 4414 3649 4461 sunt.
3682 4404 3816 4460 Nul-

512 4497 712 4554 asserit
760 4496 963 4553 hancce
1006 4498 1292 4568 ipsammet
1319 4497 1697 4554 bibliothecam
1723 4496 1856 4553 bello
1883 4498 2111 4553 Alexan-
2136 4500 2190 4560 D
2218 4502 2300 4557 lus
2325 4503 2600 4559 enimvero
2625 4498 2905 4556 dubitandi
2934 4500 3086 4554 locus
3111 4508 3216 4565 est,
3243 4497 3372 4569 quin
3406 4497 3571 4554 multa
3598 4497 3813 4569 quidem

519 4590 670 4643 drino
698 4589 793 4644 sub
819 4591 1067 4645 dictatore
1093 4589 1293 4645 Cresam
1323 4590 1669 4662 conﬂagrasse
1697 4589 1958 4663 (Marcell.
1992 4591 2109 4647 libr.

514 4682 685 4739 XXII.
713 4700 830 4753 cap.
858 4685 942 4740 16.
976 4703 1028 4755 p.
1061 4685 1210 4756 5M).
1238 4686 1407 4741 Aulus
1429 4685 1589 4741 etiam
1620 4686 1826 4743 Gellius
1856 4695 2111 4743 testatum

513 4774 645 4830 facit
679 4775 896 4830 incensa
926 4786 1034 4830 tum
1070 4776 1234 4831 fuisse
1263 4777 1330 4832 ab
1358 4777 1655 4833 auxiliariis
1692 4778 1952 4833 militibus
1986 4792 2113 4848 scp-

527 4870 764 4941 tingenta
815 4871 983 4927 lenne
1011 4873 1343 4928 voluminum
1389 4873 1554 4928 millia
1583 4872 1742 4945 (Gell.
1771 4875 1808 4929 ι.
1833 4873 1922 4928 Vl.
1951 4872 2109 4931 Noct.

518 4960 646 5015 Atti.
695 4978 812 5032 cap.
860 4965 948 5018 l7.
1007 4980 1127 5035 pag.
1179 4963 1330 5036 594).
1376 4964 1603 5034 Utrique
1649 4965 1784 5021 Dion
1828 4965 2112 5038 sul‘lragari

516 5058 752 5127 videtur,
783 5060 871 5129 qui
903 5060 977 5115 ait
1008 5060 1271 5116 Achillam
1299 5070 1443 5116 recta
1473 5061 1684 5116 venisse
1708 5060 2131 5127 Alexandriam,

516 5161 680 5224 atque
714 5152 782 5208 ab
816 5168 883 5209 eo
921 5153 1207 5208 commissa
1246 5169 1367 5208 cum
1397 5152 1612 5209 Caesare
1661 5153 1924 5209 dictatore
1967 5153 2111 5209 varia

510 5246 720 5317 prtelia,
753 5247 1025 5317 multaque
1054 5247 1188 5303 facta
1220 5246 1484 5302 incendia.
1530 5252 1632 5308 Tag
1667 5252 1717 5301 δὲ
1754 5250 2001 5310 ἀποθνξκις
2028 5250 2115 5301 αἱ

506 5345 596 5393 τοῦ
625 5350 776 5405 σίτου,
798 5349 880 5393 καὶ
905 5357 995 5396 τῶν
1018 5349 1189 5410 βίϐλων
1205 5350 1430 5395 πλείστων
1452 5343 1512 5393 δαὶ
1530 5348 1613 5394 καὶ
1638 5342 1856 5411 ἀρίστων,
1888 5347 1948 5402 ὥς
1973 5363 2110 5410 φασι,

509 5438 760 5500 γινομένων
785 5437 1036 5494 attenditur,
1081 5440 1128 5484 et
1158 5430 1429 5500 apothecas
1463 5429 1577 5486 sive
1609 5432 1773 5486 cellas
1794 5430 2037 5499 frumenti
2063 5439 2112 5485 et

460 5511 471 5521 ’
514 5518 757 5574 (brorum
784 5519 1121 5588 plurimorum
1145 5530 1191 5574 et
1220 5522 1529 5590 optimorum
1553 5564 1567 5588 ,
1595 5532 1651 5577 ut
1693 5522 1884 5593 fertur,
1914 5522 2111 5591 con/la-

509 5624 685 5682 grasse
712 5610 891 5686 (Dion.
919 5611 1009 5666 lib.
1034 5612 1206 5689 .XLll.
1234 5611 1387 5669 llam.
1421 5614 1540 5668 hist.
1565 5631 1687 5686 pag.
1719 5613 1871 5685 228).

396 5710 405 5717 ‘
512 5746 527 5766 ,
582 5701 724 5766 Quin
753 5701 915 5757 etiam
953 5702 1289 5774 Epiphanius
1314 5705 1592 5763 memoriae
1639 5706 1874 5777 prodidit
1914 5705 2107 5763 biblio-

2216 4595 2281 4649 ad
2312 4582 2647 4651 Christianos
2675 4591 3039 4664 pervenerint.
3071 4591 3186 4646 Non
3221 4604 3388 4661 pauca
3416 4589 3614 4646 etenim
3643 4603 3817 4660 grtcca

2217 4689 2521 4746 testimonia
2568 4690 2621 4743 in
2665 4686 2802 4743 Novi
2847 4686 3179 4741 Testamenti
3249 4683 3402 4740 libris
3444 4684 3611 4739 citata
3658 4698 3817 4754 repe-

2214 4783 2445 4838 riuntur.

2289 4875 2555 4932 Praeterea
2584 4874 2725 4941 ;vero
2772 4871 3027 4929 hebraica
3056 4869 3359 4944 apograpba
3405 4865 3818 4941 diligentissime

2214 4970 2284 5026 ab
2310 4970 2498 5027 iisdem
2529 4968 2730 5025 Iudaeis
2755 4967 3187 5023 asservabantur.
3219 4966 3295 5021 De
3325 4964 3391 5019 iis
3438 4976 3687 5032 namque,
3719 4960 3814 5031 qui

2215 5075 2317 5116 suo
2369 5070 2610 5130 tempore
2659 5058 2948 5129 vivebant,
3000 5057 3135 5112 dixit
3177 5054 3535 5111 Tertullianns
3577 5060 3762 5107 noster
3794 5071 3812 5108 :

2215 5152 2390 5207 Jndcei
2420 5152 2592 5224 palam
2619 5151 2846 5206 lectitant
2871 5164 2890 5203 :
2909 5149 3168 5220 vectigalis
3197 5148 3401 5203 libertas
3424 5162 3443 5200 :
3462 5145 3611 5217 vulgo
3640 5143 3814 5197 aditur

2218 5244 2438 5300 sabbatis
2464 5244 2718 5299 omnibus.
2751 5241 2990 5298 Andisne
3013 5254 3173 5313 quam
3206 5240 3502 5296 luculenter
3530 5238 3619 5293 ille
3666 5236 3817 5291 altic—

2219 5348 2330 5395 met
2353 5338 2589 5403 Judreos,
2614 5336 2837 5408 singulis
2866 5335 3167 5407 quibusque
3195 5333 3433 5389 sabbatis
3457 5332 3510 5388 in
3531 5329 3818 5402 synagogis

2212 5430 2328 5485 suis
2380 5439 2775 5501 congregatos,
2805 5426 2980 5498 palam
3031 5435 3089 5482 et
3137 5423 3485 5481 audientibus
3539 5422 3813 5487 omnibus,

2214 5520 2486 5576 lectitasse
2531 5523 2630 5576 bos
2670 5532 2855 5574 sacros
2894 5516 3146 5583 codices,
3173 5514 3472 5571 vernacula
3501 5526 3599 5568 sua
3638 5512 3817 5582 lingua

2212 5614 2565 5685 conscriptos.
2604 5612 2764 5684 Atqui
2821 5625 2938 5666 mos
2970 5610 3062 5666 ille
3100 5618 3228 5664 ante
3283 5616 3339 5662 et
3380 5614 3504 5677 post
3541 5602 3817 5660 Christum

2215 5705 2498 5763 Dominum
2520 5746 2535 5771 ,
2564 5712 2725 5777 atque
2750 5703 2819 5760 ab
2852 5701 3089 5773 antiquis
3124 5697 3459 5770 temporibus
3495 5696 3812 5753 inoleverat.
