4240 6262
376 220 499 290 περ

1492 218 1951 279 DlSSEB’l‘ATlO
1982 217 2048 278 ι).
2089 219 2181 280 LE'
2211 219 2521 283 NOURRY.

3579 227 3697 293 79‘

384 344 466 406 De
488 344 660 401 Paulo
687 339 949 414 siquidem
978 340 1201 413 ejusque
1226 337 1390 396 sociis
1422 336 1477 395 in
1509 338 1730 396 Actibus
1754 339 1986 409 Aposto-
2010 339 2065 401 A
2090 349 2360 397 mentatur
2380 359 2393 397 :
2415 341 2587 398 Codex
2604 341 2657 397 in
2671 357 2771 415 quo
2787 341 2895 397 [nec
2914 340 3103 413 scripta
3119 342 3374 414 leguntur,
3395 342 3449 400 iu
3468 346 3697 401 armario

387 436 568 495 lorum
600 434 880 492 memoria:
916 433 1189 504 proditum
1219 440 1302 488 est
1330 448 1346 487 :
1382 431 1472 487 llli
1498 448 1614 487 vero
1642 441 1993 501 pertranseat:-

390 543 465 589 tes
496 531 720 603 Pergen,
742 536 1076 600 peruenerunt
1096 523 1683 597 AntiochiamPisidiaz,
1708 533 1755 578 et
1780 524 1996 595 ingressi

393 626 725 699 Synagogam
767 622 850 677 die
886 620 1233 686 sabbatorum,
1260 618 1520 673 sederunt.
1557 616 1686 671 Post
1731 617 1997 671 lectionem

389 726 559 772 autem
586 713 735 785 Legis
761 722 810 768 et
836 710 1220 783 Prophetarum
1245 708 1445 763 Paulus
1481 707 1783 763 Judworum
1810 715 1995 777 rogatu

390 824 670 865 sermonem
702 804 772 860 ad
801 820 886 860 eos
925 803 1101 857 habuit
1151 801 1289 875 (Act.
1343 801 1525 873 Apost.
1579 818 1696 871 cap.
1726 799 1869 855 Xlll.
1901 800 1992 856 ii.

392 908 440 955 et
464 898 649 971 seqq.).
672 898 804 954 Post
832 894 949 952 haec
975 908 1131 960 vero,
1149 894 1265 948 hzec
1295 892 1492 947 ibidem
1524 891 1716 946 litteris
1743 890 1994 946 mandata

392 992 631 1048 invenies
654 1009 669 1047 :
691 989 899 1062 Moyses
922 1005 955 1042 a
983 984 1294 1058 temporibus
1322 985 1548 1056 antiquis
1576 984 1721 1039 habet
1747 984 1801 1038 in
1825 985 1997 1055 singu-

393 1083 458 1139 lis
485 1083 790 1151 ciuitatibus,
817 1081 908 1150 qui
934 1093 1050 1135 eum
1076 1078 1351 1151 praedicent
1382 1079 1438 1133 in
1465 1078 1761 1151 sgnagogis,
1790 1076 1877 1132 ubi
1905 1093 1995 1148 per

391 1192 540 1231 omne
580 1174 845 1230 sabbatum
889 1173 1075 1244 legitur
1102 1169 1265 1242 (Ibid.
1308 1186 1424 1242 cap.
1467 1169 1589 1226 XV.
1642 1170 1761 1241 21).
1808 1172 1878 1225 At
1940 1168 1994 1225 id

390 1276 541 1323 certe
572 1266 693 1322 fieri
735 1279 842 1320 non
874 1263 1081 1334 potuit,
1112 1266 1241 1335 quin
1278 1270 1435 1317 antea
1483 1262 1660 1318 Jndrci
1706 1261 1994 1318 habuerint

390 1357 494 1415 bos
521 1358 762 1424 codices,
798 1365 856 1412 et
879 1357 1168 1412 maximam
1198 1356 1250 1411 in
1279 1356 1342 1410 iis
1368 1355 1693 1424 incorruptis
1722 1364 1883 1427 atque
1912 1356 1995 1411 in-

387 1450 701 1522 tegerrimis
728 1447 1115 1506 conservandis
1142 1462 1332 1503 curam
1360 1447 1741 1518 impenderim.

464 1541 604 1609 Quid
649 1555 778 1597 vero
819 1539 962 1607 sibi,
994 1539 1222 1610 inquies,
1270 1538 1385 1593 vult
1425 1538 1785 1595 Tertullianus
1811 1583 1827 1608 ,
1873 1556 1996 1596 cum

393 1634 533 1690 dixit
577 1635 777 1690 Judteis
819 1633 1131 1703 vec1igalem
1178 1631 1345 1701 fuisse
1387 1644 1559 1688 cretus
1601 1648 1730 1688 suos
1771 1633 1997 1705 singulis

393 1726 634 1783 sabbatis
662 1726 875 1796 agendi,
896 1734 953 1781 et
976 1725 1140 1780 libros
1160 1739 1286 1780 suos
1307 1725 1375 1780 ibi
1399 1725 1632 1797 legendi,
1663 1726 1997 1783 libertatem?

394 1821 621 1892 Quidam
653 1831 832 1876 autem
862 1820 1172 1875 existimant
1200 1818 1284 1875 his
1312 1819 1495 1876 verbis
1524 1820 1792 1892 designari
1825 1820 1997 1876 facul-

398 1924 560 1971 tatem
603 1913 681 1970 eis
724 1928 754 1968 a
786 1911 1135 1982 Philadelpho
1176 1926 1488 1968 concessam
1514 1953 1530 1977 ,
1560 1912 1721 1968 modo
1762 1929 2000 1968 annuum

394 2006 620 2074 vectigal
650 2003 917 2061 modicum
947 2003 1241 2060 solverent.
1276 2002 1386 2061 Sed
1406 2019 1514 2075 quo
1540 2014 1857 2075 argumento
1877 2019 2003 2077 pro-

395 2099 609 2156 babitur
658 2096 788 2152 illud
838 2095 1065 2167 vectigal
1119 2106 1367 2152 exactum
1415 2112 1444 2150 a
1496 2095 2003 2169 Philadelpho,qui

399 2192 531 2248 tanti
583 2190 813 2271 faciebat
851 2204 1037 2245 sacros
1080 2189 1296 2245 Veteris
1342 2188 1674 2245 Testamenti
1703 2189 1906 2255 libros,
1939 2204 2003 2246 ac

395 2284 610 2342 illorum
682 2285 1005 2355 interpretes
1040 2281 1228 2341 ,donis
1293 2284 1544 2339 maximis
1601 2283 2003 2339 cumulaverat?

403 2378 569 2450 longe
606 2377 782 2449 itaque
826 2376 1169 2433 verisimilius
1197 2376 1317 2432 aliis
1363 2376 1574 2432 videtur
1614 2391 1644 2431 a
1673 2375 2005 2433 Tertulliano

399 2470 646 2526 denotari
676 2469 931 2526 tributum
952 2512 968 2538 ,
999 2469 1142 2540 quod
1169 2469 1400 2524 Romani
1430 2471 1781 2542 imperatores
1803 2469 2004 2528 Judaeis

399 2561 704 2619 indixerant
725 2603 741 2628 ,
768 2569 827 2616 ut
851 2562 931 2617 eis
973 2576 1125 2618 more
1148 2561 1306 2617 solito
1330 2561 1554 2633 singulis
1591 2562 1830 2618 sabbatis
1868 2577 2003 2617 con-

396 2653 608 2726 gregari
649 2654 853 2710 liceret.
885 2651 1113 2722 Quidam
1156 2667 1287 2709 vero
1318 2662 1505 2724 putant
1549 2653 1617 2708 de
1658 2653 1763 2710 hoc
1805 2653 2004 2711 tributo

400 2743 744 2816 intelligenda
766 2759 886 2801 esse
932 2745 1081 2800 istazc
1132 2742 1395 2808 Suetonii,
1417 2742 1485 2799 de
1512 2743 1815 2799 Domitiano
1834 2745 2006 2815 impe-

404 2847 586 2895 ratore
608 2837 818 2908 agentis
838 2877 853 2901 ,
882 2836 1046 2892 verba
1070 2853 1083 2889 :
1113 2834 1312 2890 Praeter
1339 2845 1546 2890 crateras
1572 2833 1824 2901 Judaicus
1849 2836 2005 2905 ﬁscus

400 2930 715 2987 acerbissime
734 2938 876 2983 actus
896 2938 991 2998 est,
1022 2928 1090 2983 ad
1109 2944 1257 3000 quem
1282 2926 1661 3000 deferebantur,
1683 2927 1788 2999 qui,
1820 2927 1899 2982 vel
1927 2930 2006 2983 uti

401 3023 621 3096 professi
668 3020 947 3077 Judaicam
973 3021 1112 3075 intra
1140 3021 1313 3075 urbem
1339 3021 1558 3075 viverent
1581 3021 1759 3087 vitam,
1789 3019 1866 3074 vel
1895 3020 2005 3075 dis-

407 3117 648 3172 simulata
673 3116 871 3189 origine
892 3156 908 3179 ,
940 3115 1182 3186 imposita
1218 3114 1354 3186 genti
1384 3113 1571 3169 tributa
1600 3130 1703 3168 non
1734 3113 2005 3186 pependis-
2032 3120 2077 3184 α

402 3222 513 3287 seu}
538 3209 774 3281 (Sueten.
798 3209 888 3265 lib.
918 3206 1055 3264 Vill.
1101 3209 1156 3262 in
1205 3206 1323 3263 Vita
1346 3207 1542 3262 Domit.
1581 3206 1609 3279 ᾗ
1643 3207 1758 3276 12).
1811 3209 1881 3262 At
1930 3207 2005 3263 ibi

407 3301 676 3372 significat
698 3301 923 3368 Judzeis,
955 3309 1012 3355 ut
1039 3299 1265 3356 liberam
1291 3307 1455 3355 sectae
1476 3314 1589 3354 sua:
1615 3297 2002 3370 professionem

405 3392 732 3448 redimerent
755 3436 770 3462 ,
795 3393 1109 3450 solvendum
1152 3392 1366 3463 quidem
1410 3394 1666 3449 tributum
1693 3435 1710 3460 ,
1734 3392 1830 3449 sed
1860 3391 2003 3463 quod

405 3493 622 3541 auctum
663 3493 787 3541 tunc
829 3486 1003 3556 potius
1030 3485 1242 3549 fuerat,
1274 3498 1435 3553 qnam
1466 3484 1642 3554 primo
1671 3483 2002 3554 impositum.

404 3577 550 3642 Nam
571 3579 625 3633 in
656 3578 839 3634 Dionis
870 3579 1119 3649 Epitome
1148 3576 1456 3648 Xiphilinus
1478 3586 1663 3633 narrat
1694 3576 1874 3631 Titum
1903 3577 2004 3631 im-

403 3680 709 3743 peratorem
767 3679 888 3743 post
929 3679 1139 3741 captam
1192 3669 1619 3741 Hierosolymam
1669 3668 1897 3740 iussisse
1947 3678 2007 3725 ut

406 3764 614 3831 Judaei,
669 3764 760 3836 qui
807 3764 1006 3835 patrias
1055 3765 1200 3835 leges
1247 3763 1673 3835 proﬁtebantur,
1720 3766 2006 3836 quotannis

406 3857 738 3928 di'dragmam
784 3856 900 3912 .lnvi
929 3856 1234 3925 Capitolino
1278 3856 1576 3927 penderent
1599 3855 1829 3927 (Xiphil.
1860 3856 2003 3929 Epit.

404 3948 561 4005 Dion.
616 3951 669 4004 in
733 3949 832 4003 Vit.
893 3948 1191 4019 Vespasian.
1243 3965 1363 4020 pag.
1411 3949 1562 4021 518).
1614 3949 1781 4005 Visne
1832 3965 2007 4019 εἴωθα

399 4040 545 4097 illius
569 4042 730 4097 verba
757 4041 980 4096 audire?
1015 4040 1092 4095 En
1121 4042 1232 4111 ipsa
1282 4050 1408 4097 stunt
1433 4058 1449 4095 :
1482 4044 1584 4095 Καιὶ
1626 4043 1710 4097 ἀπ’
1736 4050 1906 4097 ἐκείνου
1937 4047 2008 4098 δί-

405 4139 605 4207 δρειγμου
643 4142 823 4205 ἐτάχθη
861 4144 971 4197 τοὺς
1011 4142 1079 4191 erit
1116 4144 1304 4207 «ai/rpite
1345 4140 1500 4192 ιιῦτῶν
1515 4144 1596 4197 ἔθη
1627 4146 2008 4209 περιστέλλοντας

324 4264 327 4279 .
402 4240 472 4298 τῷ
494 4235 787 4299 Κιπιτωλίῳ
813 4238 894 4282 Διῒ
914 4229 1024 4283 κάτ’
1059 4236 1161 4289 (re;
1186 4230 1456 4299 ἀποφέρειν.

476 4319 558 4374 Ad
585 4318 714 4374 illud
746 4335 905 4391 porro
936 4319 1194 4375 tributum
1226 4327 1413 4390 putant
1457 4318 1540 4375 his
1567 4318 1879 4377 Iuvenalem
1922 4320 2006 4376 al-

403 4409 598 4465 lusisse
623 4411 870 4466 versibus
895 4429 910 4468 :

557 4522 841 4589 lfuncgsacri
858 4525 1004 4578 fontis
1026 4540 1218 4589 nemus,
1242 4531 1295 4577 et
1309 4526 1513 4578 delubra
1538 4527 1759 4581 locantur

558 4583 760 4655 ludatis,
784 4601 989 4655 quorum
1007 4583 1244 4655 cophinus
1264 4590 1546 4655 fmnuutque
1568 4592 1816 4655 supellex.

562 4648 733 4716 Omnis
750 4648 878 4701 enim
906 4648 1085 4714 pepulo
1105 4654 1391 4716 intercedem
1416 4648 1642 4716 pendere
1658 4655 1792 4715 jussa
1817 4659 1897 4706 est

561 4711 740 4773 Arbor,
757 4720 810 4763 et
831 4711 1013 4777 ejectis,
1024 4715 1270 4777 mendicat
1290 4711 1431 4777 sylva
1443 4711 1694 4766 catnmnis.

995 4775 1244 4841 (Juvenal.
1269 4775 1407 4829 satir.
1434 4779 1481 4828 5.
1510 4790 1555 4828 υ.
1593 4779 1669 4830 i3.
1694 4785 1740 4831 et
1760 4779 1918 4847 seqq.)

404 4877 575 4937 Recte
613 4895 744 4953 ergo
786 4881 903 4938 haec
945 4897 976 4938 a
1005 4881 1336 4941 Tertulliano
1384 4884 1685 4955 appellatur
1750 4886 2013 4959 uectigalis

405 4971 632 5036 libertas,
665 4974 790 5045 quia
815 4989 920 5029 non
946 4985 1221 5046 poterant,
1252 4977 1354 5032 nisi
1383 4977 1561 5033 soluto
1592 4978 1741 5049 prius
1766 4979 1971 5034 tributo
1990 5019 2007 5046 ,

405 5080 597 5137 cogere
643 5081 770 5123 suas
811 5083 1042 5140 synaxes
1067 5110 1082 5133 ,
1109 5078 1164 5124 ct
1202 5069 1255 5124 in
1300 5072 1586 5143 synagogis
1629 5071 1782 5136 suis,
1812 5071 2011 5143 ubique

404 5158 663 5230 dispersis
686 5202 703 5229 ,
729 5162 1137 5218 accuratissime
1167 5174 1513 5219 conservatos
1542 5179 1724 5220 sacros
1760 5179 1890 5220 suos
1914 5179 2008 5219 co-

406 5249 555 5308 dices
580 5253 753 5322 palam
783 5254 1043 5311 lectitare.
1072 5254 1157 5310 Ab
1180 5255 1265 5309 his
1298 5256 1476 5327 itaque
1503 5256 1705 5311 Judaeis
1725 5297 1739 5321 ,
1764 5256 2012 5311 infensis-

406 5345 557 5401 simis
579 5346 694 5403 suis
717 5347 979 5414 hostibus,
995 5347 1285 5404 Christiani
1313 5359 1631 5418 acceperant
1654 5348 1773 5404 illos
1798 5346 2006 5404 Veteris

406 5436 735 5494 Testamenti
772 5436 1021 5504 codices,
1055 5439 1124 5495 de
1165 5454 1393 5511 quorum
1440 5440 1663 5496 veritate
1695 5449 1748 5495 et
1788 5439 2008 5511 integri-

405 5536 515 5586 tate
541 5544 704 5586 uemo
731 5531 847 5586 sani
874 5532 1064 5602 capitis
1091 5530 1257 5585 homo
1278 5544 1510 5601 unquam
1538 5529 1822 5587 dubitabit.
1846 5530 2003 5595 Nam,

403 5629 463 5676 ut
491 5622 745 5694 antiquus
770 5623 892 5679 libri
922 5634 1102 5679 contra
1141 5625 1359 5695 quinque
1384 5623 1598 5677 hwreses
1618 5662 1636 5686 ,
1667 5622 1797 5678 olim
1823 5624 2008 5693 Augu-

407 5711 549 5769 stino
576 5715 855 5787 adscripti,
883 5727 1071 5773 auctor
1109 5726 1257 5774 recte
1296 5714 1550 5772 adversus
1574 5713 1824 5771 ethnicos
1857 5730 2009 5787 argu-

2025 1734 2074 1795 B

2094 430 2271 487 Judaei
2303 433 2508 489 habent.
2547 432 2796 489 Inimicus
2820 449 2960 490 meus
2987 435 3127 489 testis
3148 444 3243 491 est.
3265 436 3340 490 Ab
3368 437 3480 507 ipso
3499 453 3689 506 qurere,

2093 527 2259 597 aperi,
2286 528 2415 599 lege,
2437 527 2585 582 crede
2620 527 2918 601 (Augustin.
2957 526 3193 599 Append.
3241 537 3365 582 tom.
3398 528 3532 584 VIII.
3571 529 3690 585 libr.

2093 630 2256 674 contr.
2281 622 2455 691 quinq.
2484 620 2666 678 lateres.
2692 637 2737 674 c.
2771 620 2825 674 7.
2850 637 2902 689 p.
2934 619 3016 691 9).
3047 618 3208 675 Tales
3230 634 3360 689 ergo
3398 620 3497 676 hos
3525 620 3694 679 libros

2095 712 2387 769 Christiani
2418 713 2739 778 habuerunt,
2773 712 2957 783 quales
2980 711 3084 766 sibi
3111 726 3139 765 a
3164 709 3364 766 Judaeis
3391 712 3693 769 transmissi

2096 805 2328 861 fuerant.
2359 804 2500 860 Nihil
2530 805 2673 860 enim
2705 805 2756 859 in
2782 818 2968 860 eorum
2994 812 3141 859 textu
3169 802 3459 874 quidquam
3500 803 3696 859 immu-

2096 907 2213 954 tare
2233 906 2499 968 poterant,
2522 898 2650 968 quin
2672 912 2701 952 a
2720 895 2920 953 Judasis
2942 938 2958 964 ,
3004 895 3220 950 illorum
3247 895 3495 959 inimicis,
3520 903 3575 950 et
3599 910 3695 952 eos

2095 989 2335 1061 quotidie
2378 989 2678 1061 legentibus
2703 1029 2717 1055 ,
2748 988 2862 1044 falsi
2894 986 3179 1044 confestim
3225 988 3693 1045 convincerentur.

2096 1084 2228 1150 Quae
2256 1090 2437 1137 autem
2460 1091 2727 1153 quantave
2755 1081 2826 1135 sit
2853 1080 3065 1135 illorum
3088 1080 3411 1147 auctoritas,
3433 1079 3544 1150 jam
3571 1095 3693 1137 cum

2097 1174 2428 1231 Tertulliano
2455 1184 2639 1230 nostro
2664 1174 3064 1245 investigemus.

2688 1304 2979 1345 ABTICULUS
3016 1305 3090 1344 IV.

2100 1409 2366 1478 Quomodo
2393 1411 2737 1467 Tertullianus
2767 1411 2929 1467 sacrm
2950 1412 3235 1483 Scriptura:
3261 1413 3609 1493 auctoritatem
3637 1430 3699 1470 ea;

2170 1504 2396 1560 maxima
2435 1506 2549 1576 ejus
2577 1505 2880 1573 antiquitate
2913 1506 3221 1560 demonstret
3246 1545 3262 1572 ,
3290 1521 3407 1573 qua:
3434 1506 3536 1560 sint
3579 1506 3701 1561 sub-

2168 1598 2370 1653 stantia:
2397 1608 2444 1651 et
2474 1598 2698 1653 materia:
2723 1598 2943 1652 veterani
2967 1599 3105 1670 styli,
3131 1599 3278 1654 urbes
3298 1599 3518 1671 insignes
3543 1599 3701 1655 histo-

2171 1692 2389 1757 riarum,
2421 1701 2470 1747 et
2498 1692 2615 1746 cani
2639 1692 3020 1746 memoriarum.

2175 1824 2449 1881 Summam
2491 1840 2660 1880 sacrae
2686 1824 2980 1896 Scriptura:
3005 1824 3381 1881 auctoritatem
3407 1825 3699 1883 Tcrtullia-
3798 1830 3805 1837 ‘

2103 1933 2202 1972 nus
2213 1918 2408 1989 duplici
2431 1928 2745 1989 argumento
2765 1927 2950 1988 aperte
2984 1906 3498 1974 vindicat.‘Primum
3519 1928 3700 1975 autem

2104 2009 2236 2081 petit
2259 2024 2327 2065 ex
2360 2010 2591 2065 maxima
2630 2010 2747 2080 ejus
2776 2009 3118 2079 antiquitate,
3146 2009 3216 2066 de
3246 2024 3350 2081 qua
3379 2025 3477 2067 nos
3505 2012 3703 2080 sapius

2102 2106 2156 2158 in
2184 2103 2446 2173 superiori
2492 2110 2778 2174 apparatus
2817 2105 2985 2160 nostri
3027 2103 3532 2159 tomozsecundum
3575 2118 3703 2160 vero

2103 2211 2169 2250 ex
2217 2195 2358 2251 illius
2394 2194 2698 2261 divinitate,
2757 2195 2875 2250 sive
2925 2212 2991 2252 ex
3038 2195 3223 2251 divino
3263 2195 3501 2266 Spiritu,
3548 2194 3703 2266 cujus

2104 2286 2288 2342 alliam
2311 2302 2499 2343 omnes
2522 2287 2639 2357 ejus
2666 2287 2789 2343 libri
2815 2287 3006 2343 litteris
3026 2287 3258 2343 mandati
3289 2288 3521 2343 fuerunt.
3548 2287 3704 2343 Prius

2105 2390 2283 2437 autem
2323 2390 2695 2453 argumentum
2738 2397 2804 2436 eo
2849 2382 3117 2438 lubentius
3157 2382 3416 2437 adversus
3457 2380 3705 2437 ethnicos

2105 2483 2279 2545 urget,
2307 2474 2472 2545 quod,
2505 2473 2647 2529 illius
2680 2476 2788 2529 vim
2825 2482 2881 2529 et
2920 2474 3128 2545 pondus
3169 2482 3555 2543 agnoscentes,
3580 2470 3706 2528 inde

2105 2566 2420 2637 religionem
2450 2581 2633 2632 suam,
2670 2565 3039 2636 quamtumvis
3068 2564 3256 2619 falsam
3277 2606 3294 2630 ,
3325 2565 3459 2619 tueri
3484 2579 3548 2619 ac
3576 2579 3706 2619 con-

2107 2656 2325 2714 firmare
2350 2658 2700 2714 conabantur.
2731 2657 2839 2712 Eos
2862 2657 3006 2713 enim
3033 2671 3221 2710 omnes
3244 2655 3328 2710 his
3350 2655 3441 2711 ille
3464 2655 3705 2724 compel-

2109 2750 2186 2806 lat
2232 2750 2411 2806 verbis
2446 2749 2639 2820 :Apud
2687 2765 2775 2803 vos
2817 2748 3078 2818 religionis
3125 2755 3198 2800 est
3247 2747 3410 2838 instqr
3451 2745 3606 2815 ﬁdem
3642 2745 3708 2800 de

2108 2842 2419 2913 temporibus
2464 2842 2701 2897 adserere
2748 2840 3078 2914 (Tertullian.
3108 2835 3523 2911 Apologethap.
3576 2835 3703 2907 19).

2109 2935 2161 2990 id
2204 2945 2330 3001 est,
2377 2934 2690 3005 religionem
2751 2941 3018 2997 vestram,
3059 2931 3426 3003 falsorumque
3481 2931 3706 2987 deorum
3800 3008 3801 3011 η

2107 3025 2308 3081 cultum
2343 3025 2462 3096 ejus
2516 3025 2832 3095 antiquitate
2859 3039 3195 3096 propugnare
3223 3025 3570 3081 contenditis.

2181 3117 2343 3188 Atqui
2380 3118 2425 3172 si
2454 3117 2710 3173 momenti
2750 3116 2974 3186 alicujus
3015 3117 3087 3172 sit
3124 3116 3241 3171 hac
3278 3116 3445 3182 ratio,
3475 3130 3583 3170 non
3612 3129 3708 3184 po-

2108 3209 2259 3265 testis
2283 3208 2574 3280 Scripturis
2612 3209 2811 3263 nostris
2852 3207 3113 3278 derogare
3153 3206 3332 3262 fidem.
3367 3206 3499 3263 Nam
3529 3208 3702 3271 unius,

2107 3302 2279 3373 inquit
2303 3300 2682 3366 Tertullianus,
2715 3300 2979 3371 prepheta:
3002 3300 3248 3354 scrinium
3272 3299 3403 3369 (hoc
3451 3307 3553 3364 est,
3584 3298 3707 3354 libri

2106 3394 2330 3467 Moysis)
2362 3394 2565 3449 saeculis
2590 3394 2745 3448 uincit
2773 3411 2945 3449 omnes
2974 3393 3282 3448 substantias
3319 3402 3367 3447 et
3396 3392 3704 3448 materias...

2106 3488 2350 3558 cujusque
2375 3487 2597 3540 ueterani
2619 3486 2742 3557 styli
2762 3486 2910 3540 vestri
2932 3483 3141 3557 (lbid.),
3160 3500 3254 3540 seu
3277 3499 3466 3541 omnes
3485 3483 3708 3540 omnino

2106 3580 2592 3636 commentationes
2616 3588 2823 3633 vestras
2840 3620 2854 3646 ,
2882 3592 3176 3649 earumque
3202 3586 3537 3649 argumenta.
3567 3578 3708 3645 Quin

2105 3672 2270 3727 etiam
2297 3680 2513 3741 superat
2560 3670 2800 3740 origines,
2840 3670 3030 3739 inquit,
3059 3670 3172 3725 sive
3207 3669 3352 3724 initia
3382 3678 3437 3725 et
3462 3684 3704 3737 caussas,

2108 3764 2311 3820 ordines
2350 3773 2399 3818 et
2435 3779 2620 3828 venas,
2650 3764 2764 3819 sive
2806 3772 3015 3818 meatus
3039 3772 3095 3818 et
3123 3762 3338 3818 canales
3362 3803 3378 3829 ,
3406 3762 3602 3833 quibus
3640 3761 3709 3818 ad

2108 3871 2206 3912 VOS
2233 3873 2403 3929 usque
2430 3865 2807 3928 pervenerunt.

2182 3951 2449 4008 Praeterea
2494 3960 2761 4007 vetustate
2803 3966 2898 4006 sua
2939 3951 3263 4006 antecedunt
3288 3959 3474 4021 gentes
3500 3951 3706 4020 pleras-

2111 4059 2252 4115 que,
2285 4060 2405 4114 que:
2452 4053 2634 4115 postea
2677 4052 2813 4098 orta:
2852 4055 3015 4111 sunt,
3049 4053 3094 4098 et
3118 4044 3264 4098 urbes
3291 4044 3512 4114 insignes
3551 4042 3710 4096 histo-

2108 4140 2326 4207 riarum,
2359 4147 2405 4193 et
2430 4127 2584 4193 canas
2611 4137 2993 4192 memoriarum.
3020 4136 3095 4191 Ita
3129 4136 3180 4190 in
3206 4136 3404 4191 nostris
3433 4134 3709 4191 codicibus

2110 4230 2489 4300 manuscriptis
2515 4237 2571 4284 et
2604 4227 2993 4298 antiquioribus
3020 4227 3345 4283 editionibns
3372 4269 3388 4294 ,
3420 4227 3519 4282 nisi
3564 4226 3709 4298 quod

2111 4336 2209 4391 pro
2239 4338 2394 4376 canas
2422 4320 2476 4375 in
2517 4321 2597 4376 eis
2637 4320 2896 4390 scriptum
2931 4327 3015 4374 est
3043 4335 3245 4375 causas.
3275 4320 3537 4392 Rigaltins
3580 4336 3711 4375 vero

2110 4429 2267 4485 quem
2331 4414 2421 4468 alii
2485 4412 2739 4481 deinceps
2795 4412 2965 4467 secuti
3002 4421 3160 4479 sunt,
3218 4413 3434 4467 retinuit
3492 4411 3707 4482 quidem

2029 4510 2084 4572 D
2112 4522 2306 4563 nomen
2331 4523 2512 4573 cauas,
2538 4505 2632 4571 sed
2661 4505 2984 4561 antecedens
3014 4505 3341 4560 historiarum
3369 4505 3603 4575 propria,
3632 4504 3709 4559 uti

2113 4600 2343 4665 videtur,
2371 4599 2570 4656 delevit
2594 4599 2930 4655 auctoritate.
2959 4598 3166 4653 Nullam
3193 4599 3336 4654 enim
3364 4614 3463 4654 nec
3492 4597 3581 4654 ille
3611 4612 3711 4653 nec

2114 4694 2203 4748 alii
2229 4692 2494 4748 dederunt
2529 4691 2688 4762 hujus
2714 4690 3023 4745 omissionis
3052 4689 3334 4746 rationem.
3375 4689 3483 4746 Sed
3514 4691 3566 4745 in
3594 4690 3712 4744 ani-

2117 4802 2263 4841 mum
2311 4785 2449 4841 haud
2491 4784 2652 4840 dubie
2691 4783 3018 4839 induxerunt
3065 4782 3133 4837 ibi
3173 4783 3546 4852 gravissimum
3590 4800 3711 4840 esse

2122 4878 2379 4934 adversus
2427 4878 2793 4949 grammaticae
2832 4878 3044 4947 regulas
3098 4883 3410 4948 ἀμὶρτημι,
3467 4878 3559 4932 ubi
3586 4878 3712 4932 sub-

2117 4974 2403 5029 stantivnm
2451 4987 2646 5028 nomen
2694 4987 2792 5043 pro
2826 4971 3119 5042 adjective,
3150 4981 3206 5028 et
3247 4970 3566 5043 adjectivum
3614 4984 3712 5041 pro

2114 5064 2450 5120 substantive
2489 5064 2723 5134 ponitur.
2770 5062 2875 5119 Sed
2920 5078 3098 5121 nonne
3135 5063 3448 5136 grtccismus
3483 5070 3566 5118 est
3605 5076 3711 5117 non

2115 5157 2279 5214 semel
2323 5171 2355 5211 a
2404 5156 2647 5213 melioris
2690 5156 2972 5212 latinitatis
3018 5154 3328 5211 auctoribus
3378 5153 3712 5225 usurpatos?

2066 5244 2073 5257 ’
2112 5252 2303 5309 Nonne
2351 5253 2495 5310 enim
2535 5252 2785 5308 Horatius
2812 5251 2948 5321 dixit
2978 5267 2992 5305 :
3023 5248 3232 5321 Integer
3259 5250 3376 5302 vita:
3412 5248 3715 5318 scelerisque

2112 5362 2290 5417 purus.
2316 5344 2518 5401 Sensus
2538 5345 2713 5413 itaque
2724 5341 2977 5413 Auctoris
3000 5341 3172 5396 nostri
3194 5349 3295 5404 est,
3318 5337 3574 5395 Hebraeos
3594 5350 3714 5391 esse

2110 5440 2435 5495 vetustiores
2462 5435 2685 5491 urbibus
2708 5475 2723 5502 ,
2748 5450 2867 5505 qua:
2908 5434 3145 5506 insignes
3181 5439 3337 5488 erant
3380 5428 3714 5484 historiarum

2110 5531 2493 5593 monumentis,
2520 5539 2573 5584 ct
2594 5528 2744 5583 canis
2768 5529 3064 5593 memoriis,
3092 5526 3144 5583 id
3159 5535 3264 5593 est,
3286 5519 3709 5585 commentariis,

2110 5641 2230 5692 quae
2258 5623 2451 5679 canitie
2479 5635 2575 5676 sua
2601 5628 2656 5676 et
2686 5627 2951 5676 vetustate
2978 5618 3236 5689 originem
3278 5614 3491 5670 emteris
3537 5609 3714 5665 omni-

2109 5717 2210 5773 bus
2231 5713 2584 5786 antiquiorem
2604 5727 2715 5785 pra:
2727 5727 2788 5769 se
2806 5709 3072 5769 ferebant.
3094 5706 3187 5766 Sic
3197 5708 3358 5765 etiam
3380 5702 3714 5778 Theophilus
