4240 6262
499 211 612 275 795

1584 209 1653 268 IN
1689 203 2152 267 TERTULLIANI
2188 204 2725 268 APOLOGETICUM

3703 205 3816 279 796

502 327 874 390 Antiochenus
930 325 1145 384 dixerat
1183 322 1417 382 "eosdem
1476 323 1738 383 Hebraeos
1779 323 2112 394 antiquiores
2137 321 2190 385 Α
2216 321 2452 396 Moysem
2480 323 2678 381 Inacho
2700 323 2862 383 fuisse
2887 339 3149 386 coaevum.
3182 331 3250 387 At
3285 331 3337 388 in
3362 331 3542 403 priore
3565 329 3810 405 Apparao

509 440 630 484 esse
653 423 899 488 urbibus,
927 435 1047 491 mite
1073 429 1227 475 erant
1251 418 1396 490 apud
1425 418 1710 492 Egyptios
1734 417 2106 474 famosissima:

507 506 764 591 (Theoplr.
811 515 927 570 libr.
962 513 1046 568 lli.
1075 513 1146 568 ad
1195 513 1430 584 Autolyc.
1461 530 1582 585 pag.
1616 511 1765 586 150).
1803 511 1920 569 Non
1951 510 2109 568 dissi—

507 611 830 670 mulabimus
872 615 1053 662 tamen
1122 606 1174 661 in
1219 604 1324 661 alio
1374 604 1686 662 Tertulliani
1744 604 1881 662 libro
1936 604 2107 674 scrip-

511 712 624 760 tum
675 719 689 756 :
747 699 848 766 Qui
897 698 1260 771 antiquitatum
1297 713 1452 752 canos
1504 697 1812 769 collegerunt
1865 693 2106 768 (Tertull.

513 796 601 852 lib.
661 792 728 850 II.
768 792 837 846 ad
891 790 1020 846 Nat.
1070 808 1189 862 cap.
1240 791 1355 862 i2).
1406 790 1535 857 Sed;
1564 790 1723 861 hujus
1772 789 1890 844 libri
1920 791 2110 845 unicus

513 884 887 944 tantummodo
918 893 1168 956 superest
1190 883 1365 940 codex
1397 882 1817 952 manuscriptus,
1845 883 2112 954 Apologe—

513 981 605 1037 tici
633 994 764 1035 vero
793 979 1159 1050 quamplures.
1190 975 1459 1047 Quidquid
1497 984 1674 1032 autem
1705 984 1906 1030 statuas
1927 1017 1942 1042 ,
1970 975 2110 1030 idem

513 1089 729 1145 semper
759 1073 860 1128 erit
891 1086 1102 1128 sensus.
1143 1071 1314 1127 Porro
1344 1078 1522 1125 autem
1565 1069 1634 1124 ab
1663 1070 1898 1125 Auctore
1926 1078 2114 1124 nostro

517 1181 714 1222 nomen
753 1165 1109 1220 memoriarum
1153 1168 1440 1232 usurpatur
1467 1175 1564 1231 pro
1598 1167 2070 1215 monumentorum
2095 1198 2111 1226 ,

516 1257 968 1333 quemadmodum
996 1272 1062 1312 ex
1095 1254 1390 1326 Augustino
1418 1252 1574 1308 facile
1603 1251 1912 1308 conﬁrmari
1939 1259 2116 1321 potest

520 1353 760 1428 (August.
790 1351 878 1405 lib.
913 1350 976 1403 de
1000 1348 1124 1403 Cur.
1157 1363 1250 1419 pro
1279 1356 1429 1400 mort.
1460 1346 1643 1416 agend.
1671 1361 1788 1414 cap.
1816 1343 1872 1397 4.
1905 1362 1957 1415 p.
1986 1342 2113 1399 519.

521 1455 558 1500 t.
585 1445 697 1516 Vl).
722 1441 925 1498 Eadem
953 1455 1145 1496 rursus
1180 1437 1566 1509 signiﬁcatione
1592 1434 1708 1506 ipse
1729 1433 2113 1503 Tertullianus,

521 1537 660 1592 libro
707 1549 826 1590 mox
875 1534 1059 1599 citato,
1084 1530 1218 1586 dixit
1248 1548 1260 1585 :
1289 1529 1544 1585 Saturnus
1593 1528 1646 1581 in
1696 1527 1842 1581 terris
1884 1525 2120 1581 humana:

521 1629 782 1698 qualitatis
825 1626 966 1696 apud
1009 1635 1197 1680 veteres
1240 1622 1510 1677 memorias
1554 1628 1838 1676 recensetur
1875 1615 2115 1693 (Tertull.

529 1725 618 1779 lib.
643 1721 707 1776 ll.
731 1722 800 1775 ad
826 1719 955 1774 Nat.
987 1719 1083 1773 loc.
1117 1717 1252 1787 cit.).

597 1816 734 1873 Tum
773 1812 969 1870 deinde
1010 1812 1068 1877 in
1099 1810 1449 1882 Apologetico
1487 1807 1686 1878 adjecit
1720 1806 1888 1863 libros
1925 1804 2121 1877 Moysis

533 1918 692 1966 aetate
718 1906 894 1962 adhuc
920 1920 1015 1961 sua
1043 1904 1250 1961 anteire
1292 1905 1433 1975 ipsas
1463 1903 1647 1974 efﬁgies
1677 1901 1960 1956 litterarum
1987 1899 2123 1954 indi-

525 2021 629 2072 ces,
680 2002 1005 2072 custodesque
1051 2015 1220 2055 rerum
1273 1997 1464 2071 (Idem,
1516 1997 1785 2068 Apologet.
1840 2010 1958 2064 cap.
2004 1991 2120 2064 19),

528 2098 634 2153 hoc
683 2104 802 2162 est,
872 2094 1102 2164 scriptos
1161 2105 1284 2148 esse
1343 2088 1744 2146 cliaracteribus
1809 2095 1866 2142 et
1930 2085 2124 2141 litteris

531 2197 850 2246 cacterorum
881 2186 1121 2242 omnium
1157 2185 1316 2255 plane
1353 2180 1761 2252 antiquissimis.
1791 2177 1925 2233 Nam
1964 2176 2125 2248 paulo

529 2289 656 2336 ante
683 2280 974 2349 scripserat
998 2291 1094 2334 eos
1117 2285 1365 2332 exaratos
1407 2272 1570 2329 fuisse
1598 2271 1792 2326 litteris
1818 2267 2082 2325 hebraicis
2106 2305 2124 2337 ,

529 2385 662 2443 quas
705 2369 922 2441 quidem
967 2368 1086 2422 aliis
1127 2364 1455 2437 quibuslibet
1503 2363 1824 2418 vetustiores
1867 2376 1988 2417 esse
2028 2374 2126 2431 pro

531 2471 682 2519 certo
711 2460 962 2516 habebat.
991 2457 1155 2514 Addit
1183 2467 1361 2512 autem
1395 2457 1602 2512 litteras
1627 2469 1747 2511 esse
1783 2455 2017 2509 custodes
2041 2470 2127 2508 re-

533 2572 670 2620 rum,
698 2562 754 2608 ut
785 2563 908 2625 pote
933 2567 1052 2623 quae
1081 2566 1168 2606 res
1210 2551 1353 2620 ipsas
1373 2591 1389 2619 ,
1416 2563 1711 2619 earumque
1749 2547 2030 2603 historiam
2059 2547 2128 2603 ab

532 2648 752 2706 interitu
779 2646 1076 2701 vindicant.
1105 2643 1214 2701 Sed
1259 2644 1374 2698 haec
1411 2642 1584 2698 fusius
1612 2640 1945 2712 explicantur
1974 2655 2004 2694 a
2030 2639 2128 2695 Joc

533 2743 724 2813 sepho,
756 2741 910 2810 cujus
933 2739 1120 2805 verba,
1141 2737 1304 2808 paulo
1330 2736 1621 2806 prolixiora
1647 2748 1804 2805 quam
1833 2743 1891 2788 ut
1923 2731 2009 2788 hic
2039 2747 2129 2788 re-

532 2837 797 2902 ferantur,
817 2835 868 2888 in
902 2833 1043 2889 illi-us
1073 2831 1210 2886 libro
1242 2838 1294 2885 te
1322 2828 1516 2899 legisse
1537 2842 1644 2882 non
1664 2827 1839 2898 pigeat
1865 2823 2128 2896 (Ioseph,

534 2929 648 2984 iuit.
697 2927 786 2981 lib.
818 2925 863 2981 Ι.
896 2935 1061 2980 contr.
1092 2925 1228 2996 App.
1260 2940 1382 2994 pag.
1416 2921 1576 2977 1054.
1609 2931 1654 2976 et
1685 2919 1872 2992 scqq.).

607 3023 886 3076 Postremo
927 3019 1202 3089 subjunxit
1248 3016 1608 3072 Tertullianus
1634 3030 1648 3069 ε
1676 3013 1745 3068 Ει
1790 3022 1936 3084 puto,
1963 3012 2132 3066 adhuc

2211 424 2293 470 tus
2323 417 2492 472 nostri
2533 426 2678 474 torno
2713 420 3046 479 ostendimus
3085 424 3225 480 hanc
3259 439 3602 482 communem
3648 413 3831 486 fuisse"

2209 517 2449 570 veterum
2480 511 2800 582 scriptorum
2844 512 2910 571 ad
2951 515 3236 573 Eusebium
3261 533 3430 591 usque
3461 523 3805 590 sententiam,

2211 615 2370 672 quam
2419 603 2662 658 nonnulli
2709 605 2874 661 etiam
2924 607 3028 664 hoc
3077 610 3276 666 saeculo
3327 627 3666 683 propugnare
3710 614 3815 672 nisi

2215 704 2341 749 sunt
2367 694 2515 766 (tom.
2541 696 2582 750 Ι.
2615 696 2867 768 Apparet.
2898 716 3019 773 pag.
3060 702 3188 769 585,
3230 704 3353 768 551,
3411 703 3541 773 856,
3607 705 3714 763 909
3765 713 3818 762 el

2213 789 2396 863 151⁸2).
2440 790 2827 850 Asseveranter
2859 810 2988 852 vero
3013 797 3219 853 Auctor
3245 808 3428 856 noster
3450 799 3710 857 adfirmat
3753 803 3820 860 se

2213 884 2482 954 opinionis
2510 901 2622 942 sua:
2645 887 2831 959 plures
2853 890 3106 949 habuisse
3131 907 3426 964 sponsores
3449 904 3504 951 et
3533 904 3811 966 patronos.

2213 975 2292 1031 Ne
2331 977 2453 1047 quis
2482 987 2659 1035 autem
2691 992 2898 1052 putaret
2929 984 3057 1040 illud
3094 984 3162 1041 ab
3198 1001 3263 1042 eo
3290 988 3456 1058 gratis
3500 988 3810 1058 adsertam,

2216 1068 2316 1126 hos
2363 1069 2510 1141 ipsos
2533 1114 2548 1140 ,
2577 1081 2634 1128 ut
2675 1076 2834 1146 paulo
2883 1085 3004 1149 post
3056 1077 3354 1136 videbimus
3378 1121 3394 1150 ,
3427 1075 3734 1156 singillatim
3760 1089 3819 1140 et

2216 1163 2433 1219 nomine
2458 1179 2558 1222 suo
2586 1168 2841 1239 appellat.

2288 1254 2555 1314 Praeterea
2587 1259 2845 1317 horumce
2896 1263 3223 1334 scriptorum
3263 1265 3579 1324 auctoritate
3608 1267 3773 1324 fultus
3798 1311 3816 1337 ,

2218 1359 2492 1406 asseverat
2519 1349 2738 1425 Moysen
2766 1354 2874 1413 595
2911 1358 3066 1414 anuis
3091 1362 3433 1429 prtevertisse
3465 1362 3720 1417 Danaum.
3749 1359 3824 1418 At

2220 1443 2498 1511 animum,
2527 1461 2710 1517 quaeso
2739 1491 2754 1516 ,
2798 1449 3018 1506 adverte
3067 1450 3244 1508 mrum
3294 1451 3410 1510 haec
3455 1451 3821 1511 Tertullianus

2221 1536 2541 1594 delibaverit
2572 1555 2636 1596 ex
2668 1537 2929 1612 Josepbo,
2959 1545 3048 1615 qui
3076 1543 3273 1602 ibidem
3304 1545 3372 1601 ab
3400 1547 3518 1618 ipso
3545 1557 3666 1618 post
3689 1547 3825 1602 alios

2221 1627 2523 1698 Scriptores
2560 1631 2778 1688 citatur.
2809 1634 3104 1692 Enimvero
3132 1647 3316 1708 postea
3355 1654 3518 1710 quam
3559 1637 3825 1710 Iosephus

2145 1722 2195 1782 B
2222 1721 2418 1778 editam
2445 1738 2476 1778 a
2516 1723 2834 1781 Manethone
2865 1725 3240 1798 Egyptiorum
3285 1730 3689 1802 chronologiam
3731 1745 3824 1787 re-

2224 1817 2454 1882 censuit,
2482 1831 2604 1873 eam
2635 1817 2718 1873 bis
2743 1818 2976 1875 absolvit
3000 1821 3180 1877 verbis
3211 1840 3226 1878 :
3257 1831 3320 1878 Οἳ
3347 1830 3626 1894 καλούμενοι
3653 1832 3829 1895 ποιμὲ·

2224 1931 2293 1968 νος
2323 1915 2542 1981 ἡμέτεροι
2567 1914 2782 1982 πρόγονοι
2808 1935 2862 1984 ηρ
2875 1917 2938 1966 rei
2973 1917 3058 1966 uti
3095 1920 3386 1977 ὸνενῆκοντει
3421 1920 3506 1970 καὶ
3537 1927 3830 1988 τριακοσίοις

2223 2005 2419 2072 πρόσθεν
2443 2011 2616 2069 ἔτεσιν,
2671 2012 2720 2059 ιιι
2758 2019 2844 2076 τῆς
2873 2008 3112 2078 Αἰγύπτου
3150 2009 3517 2080 ἀπιλλαιγὲνντες,
3552 2021 3638 2065 eis
3677 2020 3830 2082 χώραν

2225 2097 2405 2156 ταύτην
2446 2101 2692 2165 ἱπῴκησιιν
2721 2137 2736 2164 ,
2794 2104 2824 2158 ἦ
2869 2106 3052 2152 Astraba
3109 2104 3175 2160 ei:
3229 2088 3379 2172 Ᾰργος
3431 2104 3704 2172 ἀφικέσθαι,
3745 2105 3830 2155 ui

2224 2207 2305 2241 tros
2375 2193 2545 2242 τοῦτον
2598 2189 2920 2260 ἀρχαιότατον
2983 2186 3171 2262 Aueiae
3223 2198 3483 2261 νομίζουσι.
3531 2193 3634 2258 Qui
3684 2207 3835 2248 roca-

2229 2276 2415 2332 bantur
2444 2287 2688 2347 pastores,
2715 2279 2769 2334 id
2798 2287 2873 2334 est
2916 2282 3078 2335 nostri
3106 2283 3474 2352 progenitores,
3508 2299 3571 2337 ea:
3597 2281 3833 2354 [Egypto

2229 2369 2430 2424 liberati
2477 2378 2594 2425 ante
2638 2379 2738 2426 tres
2785 2381 2833 2426 et
2901 2373 3184 2444 nonaginta
3233 2382 3386 2444 atque
3437 2381 3688 2430 trecentos
3734 2390 3834 2429 an-

2230 2478 2322 2518 nos
2373 2463 2506 2517 hanc
2556 2464 2868 2534 provinciam
2917 2464 3263 2520 inhabitavere
3311 2481 3464 2537 quam
3502 2465 3718 2521 Danaus
3764 2467 3835 2520 ad

2233 2556 2396 2628 Argos
2421 2556 2680 2612 accederet
2704 2599 2718 2624 ,
2753 2556 2867 2611 licet
2895 2558 3029 2612 hunc
3053 2558 3460 2630 antiquissimum
3483 2560 3662 2632 Argivi
3699 2572 3832 2615 cane

2232 2648 2397 2717 ﬁdunt
2424 2648 2662 2720 (Joseplt.
2702 2650 2787 2704 lib.
2823 2649 2864 2705 Ι.
2892 2661 3058 2706 contr.
3077 2652 3314 2726 _Appion.
3345 2669 3465 2725 pag.
3521 2653 3706 2726 1041).
3768 2651 3831 2710 In

2233 2739 2520 2811 Theophili
2549 2741 2730 2812 itaque
2761 2731 3115 2810 Antiocheni,
3149 2745 3241 2816 qui
3269 2745 3517 2801 eumdem
3547 2747 3676 2800 citat
3721 2743 3837 2802 Ma-

2235 2832 2526 2888 nethonem
2548 2877 2562 2901 ,
2595 2842 2744 2889 textu
2793 2835 3152 2891 describendo
3180 2852 3394 2893 errasse
3433 2837 3625 2908 procul
3672 2836 3837 2894 dubio

2232 2923 2446 2980 videtur
2501 2925 2792 2993 librarius,
2843 2927 2934 2997 qui
2979 2927 3196 3000 scripsit
3250 2941 3499 3000 egressos
3548 2928 3713 2986 fuisse
3770 2939 3838 2987 ex

2234 3013 2470 3089 Egypto
2499 3017 2773 3085 Hebraeos,
2807 3027 2895 3090 πρὸ
2933 3027 3045 3076 ἐτῶν
3085 3032 3377 3093 «praetulere
3403 3026 3675 3095 δαιτριῶν,
3719 3031 3837 3077 ante

536 3116 705 3170 ntinus
731 3114 968 3178 dicimus,
1000 3113 1161 3183 ipsos,
1194 3112 1426 3182 inquom,
1456 3110 1578 3164 deos
1618 3117 1831 3175 vestros,
1867 3108 1981 3177 ipsa
2005 3115 2132 3160 tettt-
2156 3115 2202 3181 ο
2235 3119 2479 3166 trecentos
2503 3119 2550 3165 et
2575 3111 2813 3166 tredecim
2839 3127 3000 3166 annos
3026 3111 3387 3185 (TheophJib.
3405 3112 3495 3170 Ill.
3513 3115 3582 3169 ad
3598 3114 3836 3185 Aatolyc.

539 3209 666 3278 plu,
745 3218 790 3261 et
862 3205 1114 3274 oracula,
1164 3212 1210 3258 et
1284 3219 1436 3257 sacra
1520 3199 1760 3272 (Tertull.
1812 3199 1912 3254 loc.
1972 3198 2057 3252 cit.
2088 3198 2130 3269 ),

536 3301 589 3355 id
619 3308 723 3368 est,
755 3299 924 3354 libros
947 3297 1142 3368 Moysis
1162 3296 1440 3367 gentilium
1462 3295 1590 3360 diis,
1615 3292 1849 3364 templis,
1878 3290 2132 3360 oraculis,

540 3403 596 3450 et
624 3394 795 3449 sacris
837 3408 960 3448 esse
1004 3393 1162 3462 longe
1196 3391 1538 3445 vetustiores.
1586 3387 1816 3442 Deorum
1861 3386 2136 3442 enimvero

544 3489 826 3560 originem,
857 3489 998 3557 sicut
1026 3486 1162 3541 infra
1185 3485 1449 3552 dicemus,
1472 3500 1503 3539 a
1532 3482 1765 3540 Saturno
1788 3479 2136 3551 repetendam

543 3599 666 3643 esse
696 3586 970 3656 Opinatur.
1002 3583 1119 3640 Non
1144 3583 1336 3638 mirum
1381 3583 1560 3650 itaque
1605 3580 1650 3634 si
1695 3579 1794 3633 hos
1831 3577 1965 3632 deos
1989 3573 2140 3630 libris

544 3678 744 3751 Moysis
797 3677 1123 3749 posteriores
1171 3687 1294 3730 esse
1337 3671 1588 3728 afﬁrmet.
1639 3671 1837 3726 Verum
1890 3669 1978 3724 his
2037 3669 2141 3724 illis

538 3773 720 3832 verbis
747 3812 764 3842 ,
820 3769 990 3824 adhuc
1035 3769 1204 3823 minus
1261 3767 1512 3833 dicimus,
1571 3763 1804 3821 ethnicis
1844 3763 2142 3835 exprobare

543 3871 754 3928 videtur
780 3869 923 3942 quod
951 3868 1080 3925 deos
1107 3880 1235 3925 suos
1259 3880 1553 3935 eorumque
1579 3865 1781 3921 cultum
1810 3863 1962 3920 libris
1991 3863 2140 3933 Moyc

545 3967 624 4024 sis
652 3965 972 4022 vetustiores
996 3977 1136 4031 esse,
1167 3969 1276 4018 tam
1306 3960 1551 4032 imperite
1581 3974 1740 4031 quam
1771 3959 1928 4028 falso,
1955 3957 2143 4014 vendi-

544 4067 740 4116 tarent.

1053 4271 1056 4274 ἢ
1161 4208 1450 4252 narremus
1478 4209 1533 4249 v.

549 4341 720 4409 Quam
763 4342 1046 4399 luculenter
1078 4341 1428 4399 Tertullianus
1473 4341 1759 4415 probaverit
1799 4343 2153 4416 antiquitatem

624 4437 870 4492 librorum
900 4435 1097 4508 Moysis
1122 4453 1186 4490 ex
1217 4437 1326 4508 ejus
1349 4445 1518 4502 (etate,
1547 4436 1634 4501 qui
1669 4451 1868 4492 cowvus
1893 4435 1990 4505 fuit
2017 4433 2152 4490 Ina-

2236 3221 2358 3276 pag.
2417 3204 2568 3276 151),
2635 3219 2792 3275 quam
2839 3206 3049 3260 Danaus
3097 3207 3150 3261 in
3193 3205 3460 3264 Grmciam
3515 3208 3838 3281 pervenerit.

2237 3295 2453 3352 Etenim
2498 3292 2829 3367 Theophilus
2852 3339 2867 3365 ,
2901 3306 2959 3352 ut
3004 3312 3072 3352 ex
3097 3297 3253 3353 dictis
3281 3306 3426 3369 patet
3453 3341 3467 3366 ,
3509 3298 3652 3355 haud
3683 3298 3842 3356 dubie

2237 3393 2546 3464 scripserat,-
2573 3403 2862 3464 τριακοσίοις
2898 3403 2982 3446 ιιειί
3029 3399 3324 3455 ἑδνεντξκοντιι
3361 3398 3509 3466 τρισὶ,
3541 3396 3777 3449 trecentis
3796 3399 3845 3448 et

2244 3490 2525 3560 nonaginta
2554 3488 2730 3543 tribus.
2755 3487 2862 3544 Sed
2894 3503 2999 3543 non
3031 3488 3162 3544 satis
3188 3491 3362 3561 perito
3388 3491 3577 3546 scriba:
3604 3490 3845 3562 proclive

2241 3578 2342 3635 luit
2391 3594 2491 3650 pro
2546 3589 2839 3644 ἐννενήκοντα.
2891 3580 3128 3636 scribere
3174 3585 3308 3635 seu.
3367 3583 3442 3636 De
3496 3581 3596 3637 hac
3642 3581 3843 3636 nihilo-

2242 3677 2420 3732 minus
2438 3676 2744 3747 conjectura
2767 3674 3023 3746 judicium
3044 3676 3270 3731 aliortu-u
3298 3675 3744 3746 eXSpectabimus.
3768 3673 3842 3729 At

2243 3777 2392 3824 certe
2433 3783 2501 3824 ex
2547 3769 2632 3824 bis
2673 3767 2956 3839 TheOphili
3004 3767 3184 3824 verbis
3229 3767 3380 3823 facile
3430 3781 3691 3838 agnosces
3743 3779 3844 3823 cur

2249 3862 2618 3919 Tertullianus
2663 3859 2906 3918 Danaum
2950 3861 3091 3932 apud
3135 3861 3378 3917 ethnicos
3419 3861 3846 3917 vetustissimum

2247 3955 2463 4013 dixerit.

2318 4049 2456 4105 Tum
2499 4049 2593 4104 ille
2631 4056 2816 4118 postea
2861 4065 2874 4101 :
2921 4047 3130 4120 Moyses
3175 4047 3353 4116 mille,
3397 4047 3603 4117 inquit,
3650 4046 3849 4102 circiter

2251 4143 2410 4199 anuis
2456 4141 2656 4196 cladem
2699 4139 2924 4206 Priami,
2980 4139 3032 4195 id
3080 4151 3184 4206 est,
3232 4139 3525 4210 Trojanum
3583 4138 3848 4194 excidium

2251 4235 2500 4291 antecedit
2553 4233 2882 4305 (Tertullian.
2941 4233 3211 4303 Apologet.
3264 4245 3380 4302 cap.
3448 4230 3559 4301 19).
3612 4230 3690 4287 lbi
3751 4245 3850 4285 au-

2253 4338 2363 4387 tem
2403 4343 2586 4384 rursus
2633 4326 2855 4398 vestigia
2895 4325 3091 4398 premit
3129 4323 3352 4395 Josephi
3381 4365 3396 4392 ,
3447 4325 3535 4396 qui
3579 4330 3854 4379 asseverat

2255 4425 2390 4481 adeo
2413 4424 2688 4494 antiquum
2711 4437 2833 4479 esse
2847 4420 3194 4476 Hebraeorum
3217 4434 3282 4474 ex
3300 4405 3536 4490 Egypt-0
3553 4431 3851 4488 egressum,

620 4532 736 4599 cito,
761 4539 808 4584 et
829 4530 1056 4600 pluribus
1079 4529 1279 4584 saeculis
1307 4527 1510 4595 Danao,
1540 4527 1783 4600 Trojante
1804 4527 1940 4582 cladi
1965 4534 2010 4582 et
2038 4525 2130 4581 Ho-

2253 4525 2312 4581 ὡς
2344 4522 2473 4590 init;
2496 4541 2591 4572 που
2629 4523 2858 4588 προτέρω
2901 4517 3054 4567 αὐτὴν
3118 4527 3212 4566 τῶν
3258 4510 3454 4566 litua»
3503 4519 3628 4566 ἔτεσι
3663 4519 3852 4578 χιλίοις,

619 4637 756 4676 mero
785 4621 1001 4692 prteiuit,
1031 4620 1118 4676 ubi
1145 4620 1208 4674 de
1236 4618 1567 4688 Manethane,
1600 4618 1808 4687 Beroso,
1838 4616 2032 4685 Iromo,
2062 4633 2150 4673 seu

623 4713 936 4785 Hieronymo
961 4755 974 4780 ,
1006 4722 1053 4768 et
1103 4711 1354 4784 Josepho.

621 4895 792 4953 Nemo
821 4904 966 4954 certe
997 4896 1314 4952 diliitebitur
1357 4896 1615 4952 librorum
1648 4895 1846 4970 Moysis
1874 4895 2151 4968 antiquita-

551 4996 662 5046 tem
714 5002 820 5043 non
875 5003 1034 5059 posse
1061 4988 1281 5053 clarius,
1313 5001 1471 5058 quam
1515 5002 1583 5043 ex
1632 4987 1773 5044 illius
1817 4996 1975 5045 actate
2021 5002 2151 5058 pro-

549 5081 686 5138 bari.
721 5081 1079 5149 Quamobrem
1133 5079 1494 5136 Tertullianus
1536 5090 1776 5138 veterum
1831 5082 2152 5153 scriptorum

551 5171 863 5228 testimonio
907 5172 1074 5227 fretus
1103 5214 1115 5237 ,
1156 5186 1262 5242 quo
1309 5171 1398 5227 ille
1450 5180 1691 5242 tempore
1716 5215 1729 5236 ,
1760 5180 1814 5228 et
1854 5182 1979 5228 ante
2020 5186 2156 5243 quos

551 5267 774 5335 vixerit,
803 5266 952 5321 hisce
976 5265 1216 5336 explicat
1245 5265 1424 5320 verbis
1449 5282 1461 5318 :
1489 5265 1697 5337 Argivo,
1731 5266 1918 5335 inquit,
1955 5264 2156 5320 Inacho

553 5360 746 5431 pariter
798 5365 948 5412 atate
994 5355 1514 5428 est:quadringentis
1555 5374 1684 5427 pene
1727 5359 1876 5412 annis
1921 5357 2066 5431 (nam
2109 5367 2159 5412 et

550 5463 740 5525 septem
761 5450 952 5525 minus)
973 5451 1211 5507 Danaum
1236 5461 1283 5507 et
1309 5453 1478 5524 ipsum
1497 5453 1638 5525 apud
1658 5469 1744 5509 vos
1765 5454 2159 5510 vetustissimum

552 5547 794 5617 prtevenit
817 5587 832 5613 ,
863 5545 1004 5600 mille
1030 5546 1232 5600 circiter
1255 5545 1451 5601 cladem
1483 5547 1683 5602 Priami
1711 5549 2003 5611 antecedit;
2034 5563 2161 5620 pos-

553 5655 659 5692 sem
741 5639 894 5693 etiam
979 5639 1146 5694 dicere
1234 5640 1519 5712 quingentis
1579 5643 1801 5712 amplius
1883 5641 2164 5698 Homerum

556 5728 804 5801 (Tertull.
858 5729 1125 5802 Apologet.
1180 5746 1294 5800 cap.
1344 5729 1455 5802 19).
1499 5731 1737 5791 Primum
1789 5715 1973 5806 itaque
2009 5733 2165 5794 docet

2253 4625 2308 4670 ut
2345 4614 2492 4669 annis
2519 4627 2646 4684 pene
2684 4609 2825 4664 mille
2853 4607 3074 4662 Iliacum
3118 4605 3306 4660 bellum
3334 4604 3588 4675 praecedat
3615 4602 3856 4676 (Joseph.

2255 4709 2344 4764 lib.
2368 4706 2410 4763 Ι.
2433 4716 2597 4760 contr.
2633 4702 2856 4774 Appian.
2891 4715 3012 4770 pag.
3042 4695 3228 4767 1042).
3258 4694 3495 4767 Uterque
3522 4709 3650 4751 vero
3670 4693 3860 4748 adver-

2255 4799 2402 4856 bium
2455 4795 2650 4867 adjecit
2707 4793 2948 4856 circiter;
2999 4804 3098 4845 nec
3155 4788 3427 4843 immerito
3479 4801 3631 4841 sane.
3674 4785 3864 4855 Magna

2255 4891 2517 4962 siquidem
2545 4895 2627 4944 est
2655 4885 2722 4941 de
2750 4888 2852 4940 hoc
2878 4881 3135 4953 temporis
3162 4879 3465 4944 intervallo,
3500 4887 3556 4934 ut
3582 4877 3706 4933 alibi
3729 4875 3866 4931 vidi-
3966 4942 3977 4950 _

2255 4997 2411 5049 mus,
2441 4979 2826 5038 sententiarum
2874 4975 3125 5030 varietas.
3165 4974 3256 5039 At,
3290 4985 3622 5042 qumcunque
3662 4971 3705 5023 a'
3732 4980 3864 5024 vero

2257 5078 2478 5150 prepius
2524 5072 2668 5132 absit
2687 5112 2704 5140 ,
2731 5078 2887 5128 certo
2912 5069 3112 5127 certius
3146 5076 3230 5124 est
3257 5067 3495 5139 Moysem
3520 5063 3690 5120 Iliacis
3720 5071 3866 5118 tem-

2259 5170 2478 5242 poribus
2519 5170 2678 5238 longe
2722 5178 2844 5222 esse
2891 5161 3250 5233 antiquiorem
3308 5159 3481 5232 (tom.
3513 5157 3553 5213 l.
3614 5156 3870 5227 Apparet.

2260 5279 2382 5336 pag.
2413 5261 2574 5329 1545,
2605 5259 2743 5316 1547
2772 5268 2817 5314 et
2842 5257 2999 5329 scq.).
3437 5335 3442 5338 ξ

2332 5352 2499 5425 Major
2527 5351 2703 5409 adhuc
2725 5358 2811 5408 est
2848 5347 3117 5405 dissensio
3139 5345 3208 5403 de
3234 5343 3457 5402 Homeri
3483 5351 3641 5400 mune
3663 5384 3679 5410 ,
3707 5356 3871 5414 quem

2263 5449 2418 5505 annis
2462 5455 2586 5519 post
2625 5443 2876 5502 eamdem
2937 5439 3147 5498 cladem
3195 5438 3415 5495 lliaeam
3461 5437 3769 5509 quingentis
3819 5443 3877 5490 et

2267 5540 2518 5613 amplius,
2550 5546 2710 5609 atque
2737 5535 2941 5592 idcirco
2984 5533 3125 5591 i500
3162 5547 3224 5588 ac
3263 5530 3508 5602 pluribus
3559 5530 3718 5584 anuis
3754 5535 3877 5600 post

2265 5635 2502 5708 Moysem
2529 5630 2777 5686 ﬂoruisse
2806 5629 3006 5684 Auctor
3048 5635 3235 5683 noster
3258 5623 3590 5697 pronuntiat.
3628 5620 3875 5676 Diversas

2272 5739 2451 5789 autem
2477 5727 2638 5786 hasce
2681 5723 3005 5796 scriptorum
3037 5721 3319 5795 opiniones
3345 5725 3591 5776 recenset
3616 5713 3878 5772 Tatianus
