4240 6262
420 299 532 359 797

1577 285 2035 350 DISSERTATIO
2068 285 2133 349 D.
2172 291 2262 349 LE
2293 285 2600 352 NOURRY.

3623 287 3733 356 798

422 412 653 486 (.Tatian.
686 417 821 466 orat.
873 417 1011 464 cont.
1059 409 1226 466 (ἕνα.
1285 423 1406 481 pag.
1437 404 1540 464 l66
1571 417 1619 464 et
1653 425 1756 479 seq.
1787 408 1829 480 ),
1864 416 1918 463 et
1943 407 2032 480 qui
2058 411 2112 473 Α
2139 411 2384 480 exposuit
2409 427 2422 466 :
2452 411 2582 466 item
2608 408 2958 466 Menandrum
3006 410 3298 482 Ephesium
3324 451 3339 480 ,
3369 427 3400 468 a
3427 428 3534 485 quo
3578 421 3734 473 actus

420 503 586 560 verba
633 503 751 574 ejus
791 501 977 558 retulit
1021 501 1283 558 Eusebius
1330 499 1544 571 (Euseb.
1571 499 1658 555 tib.
1685 500 1754 555 Χ.
1786 498 2022 566 Ρνωρητ.

425 598 674 670 Evanget.
696 614 745 650 τ.
771 597 860 651 11.
888 614 946 667 p.
975 594 1105 652 492.
1134 605 1180 649 et
1208 594 1392 666 seqq),
1422 608 1524 651 nec
1573 607 1682 649 non
1720 593 1882 649 etiam
1907 593 2028 648 Cle-

424 705 580 749 mens
605 689 994 746 Alcxaudrinus
1025 688 1204 760 (Clem.
1223 686 1370 742 Alex.
1391 687 1480 742 tib.
1515 687 1556 742 1.
1591 687 1732 743 Stro.
1762 703 1818 759 p.
1851 686 1956 743 526
1984 695 2031 741 ct

425 802 559 856 seqq.
583 783 624 857 ),
655 783 852 854 aliique
876 792 932 839 et
960 783 1160 854 antiqui
1195 790 1250 838 et
1286 781 1633 846 recentiores,
1663 781 1752 852 qui
1782 781 1850 837 de
1877 789 2028 836 vete-

425 881 576 936 ribus
602 876 956 948 scriptoribus
977 917 991 939 ,
1031 885 1121 931 aut
1151 875 1217 931 de
1246 875 1586 946 chronologis
1627 883 1682 930 et
1727 874 1917 944 poetis,
1965 875 2029 929 ac

425 972 741 1031 nominatim
769 971 838 1028 de
877 971 1116 1043 ejusdem
1171 971 1389 1028 Homeri
1415 974 1522 1028 vita
1546 970 1631 1026 vel
1660 977 1822 1026 aetate
1845 970 2030 1041 dispu-

427 1067 680 1132 tationes,
708 1065 823 1121 sive
850 1063 973 1119 data
1000 1079 1186 1135 opera,
1214 1064 1330 1122 sive
1355 1064 1502 1120 aliud
1522 1071 1764 1137 agentes,
1787 1063 2030 1120 institue-

435 1167 580 1215 runt.
631 1156 742 1212 Nos
787 1169 999 1226 quoque
1045 1156 1112 1212 de
1160 1155 1245 1210 his
1301 1163 1578 1212 auctorum
1623 1153 1859 1211 dissidiis
1899 1153 2032 1210 alibi

409 1249 782 1306 disseruimus
836 1246 1018 1320 (Tant.
1053 1247 1090 1301 I.
1123 1247 1376 1319 Apparet.
1427 1261 1547 1320 pag.
1596 1245 1758 1316 1278,
1805 1247 1944 1304 1547
1983 1253 2028 1300 et

425 1340 592 1412 seu)

500 1432 768 1487 Caeterum
796 1443 1012 1501 quoque
1045 1439 1286 1500 tempore
1311 1429 1554 1486 floruerit
1573 1429 1871 1497 Homerus,
1909 1430 2028 1501 pla-

429 1539 500 1581 ne
524 1533 737 1581 constat
763 1564 778 1589 ,
808 1525 884 1579 uti
927 1522 1193 1593 Iosephus
1217 1531 1365 1578 recte
1395 1523 1568 1593 arguit
1593 1563 1608 1588 ,
1650 1523 1852 1599 nullam
1888 1523 2029 1594 apud

426 1617 650 1692 Graecos
675 1630 795 1671 esse
817 1615 1270 1684 conscriptioncm
1301 1655 1315 1681 ,
1337 1627 1458 1684 qua:
1479 1615 1644 1685 hujus
1673 1623 1849 1685 poeta:
1895 1627 2030 1685 ope-

425 1712 577 1769 ribus
601 1711 672 1765 sit
697 1709 955 1784 vetustior
1003 1707 1240 1780 (Ioseph.
1266 1707 1354 1762 tib.
1390 1706 1430 1762 1.
1453 1716 1617 1762 contr.
1660 1707 1883 1778 Appian.
1908 1722 2028 1779 pag.

2133 511 2188 559 et
2234 503 2510 559 historiam
2562 519 2748 575 regum
2777 504 2902 574 Tyri
2954 507 3255 576 conscripta
3302 521 3422 562 esse
3462 506 3730 578 Iosephus

2133 592 2478 665 (Joseph.lib.
2506 594 2546 650 Ι.
2581 604 2745 649 contr.
2776 595 2998 664 Appian.
3029 612 3081 665 p.
3116 595 3301 668 1042.)
3323 605 3375 651 et
3399 597 3732 669 Theophilus

2133 687 2499 742 Antiochenus
2545 687 2830 757 perhibent
2862 686 2880 761 (
2913 686 3141 758 TlteOph.
3172 689 3260 744 lib.
3290 687 3468 744 111.αά
3494 691 3730 764 Autolyc.

2132 797 2251 851 pag.
2298 779 2450 849 152).
2476 779 2568 834 His
2589 780 2830 849 adjungit
2852 781 3174 837 Demetrium
3206 782 3520 838 Phalereum
3547 825 3560 849 ,
3588 799 3618 839 a
3641 785 3732 842 Jo-

2131 872 2308 941 sepho
2345 870 2521 926 adhuc
2549 872 2770 927 citatum
2792 913 2806 938 ,
2843 882 3058 943 tresque
3082 874 3217 928 alios
3242 917 3257 940 ,
3285 889 3468 946 regem
3512 875 3730 944 Iubam,

2130 965 2430 1035 Appionem
2483 973 2537 1020 et
2582 964 2873 1032 Thallum,
2926 965 2994 1021 de
3037 966 3231 1036 quibus
3275 973 3396 1034 nos,
3453 967 3504 1022 in
3559 969 3732 1038 primo

2130 1059 2434 1128 Apparatus
2465 1056 2637 1114 nostri
2687 1067 2833 1113 tomo
2875 1067 2929 1114 et
2972 1058 3026 1114 in
3057 1060 3429 1142 superioribus
3470 1060 3732 1119 disserta-

2131 1151 2387 1218 tionibus,
2419 1150 2835 1222 disputavimus.

2204 1243 2444 1312 Denique
2469 1260 2482 1297 :
2511 1241 2580 1296 Et
2605 1243 2692 1314 qui
2721 1244 2868 1308 istos,
2891 1242 2966 1298 ait
2996 1242 3359 1298 Tertullianus
3402 1242 3730 1313 (Tertullian.

2133 1338 2230 1392 loc.
2255 1337 2368 1408 cit.)
2399 1337 2578 1406 probat
2602 1345 2690 1389 aut
2715 1336 2940 1400 revincit,
2969 1336 3178 1408 judaaus
3199 1335 3476 1407 Iosephus,
3502 1337 3736 1408 Antiqui-

2133 1440 2294 1485 tatum
2320 1428 2662 1484 Iudaicarum
2689 1429 2907 1496 vindex,
2951 1430 3002 1482 in
3048 1428 3440 1498 Antiquitatum
3481 1429 3737 1486 videlicet

2131 1524 2476 1581 Iudaicarum
2505 1523 2658 1580 libris
2680 1566 2696 1592 ,
2729 1522 2820 1594 qui
2851 1524 3146 1579 etiamnum
3179 1523 3231 1577 in
3289 1522 3529 1578 omnium
3562 1525 3736 1579 mani-

2132 1615 2234 1672 bus
2261 1625 2566 1673 versantur.
2600 1617 2989 1672 Verumtamen
3015 1617 3105 1672 illc
3133 1633 3238 1672 non
3284 1617 3368 1671 his
3411 1625 3621 1673 tantum
3667 1618 3735 1672 li-

2136 1711 2250 1766 bris
2301 1715 2463 1777 istos,
2517 1721 2576 1765 ut
2624 1711 2861 1781 loquitur
2909 1713 3110 1766 Auctor
3160 1720 3344 1766 noster
3386 1753 3400 1777 ,
3445 1711 3736 1779 scriptores

431 1801 622 1873 1054).
653 1800 792 1870 Quin
823 1799 983 1855 etiam
1011 1801 1055 1854 si
1078 1800 1252 1855 cidem
1273 1798 1510 1869 Iosepho
1530 1798 1723 1855 credas
1747 1840 1760 1864 ,
1785 1808 2028 1869 poemata
2059 1803 2107 1871 Β
2135 1803 2317 1875 probat
2343 1808 2434 1857 aut
2472 1803 2682 1858 revincit
2711 1802 2886 1874 (ibid.)
2912 1819 2926 1868 ;
2958 1802 3052 1858 sed
3079 1803 3131 1857 in
3177 1802 3296 1857 aliis
3318 1803 3480 1858 etiam
3506 1843 3520 1868 ,
3549 1812 3735 1858 contra

426 1895 572 1951 illius
593 1908 702 1948 non
729 1892 922 1947 litteris
950 1892 1260 1962 consignata
1286 1900 1444 1960 sunt,
1472 1892 1568 1948 sed
1598 1902 1758 1948 cantu
1781 1893 2026 1957 recitata,

425 2002 548 2059 quae
571 1987 641 2042 ab
661 1986 783 2041 aliis
803 2000 924 2040 cum
957 1987 1272 2042 memoriter
1317 1995 1520 2041 tantum
1552 1983 1776 2042 collecta
1801 1983 2027 2054 fuerint,

428 2081 593 2137 multa
625 2080 678 2135 in
703 2080 784 2136 eis
810 2079 1138 2134 dissonantia
1164 2080 1588 2149 comperiuntur.
1615 2079 1695 2133 Ad
1727 2077 1842 2133 haec
1865 2092 1994 2134 vero
2013 2120 2026 2144 ,

433 2175 529 2231 ille
581 2175 747 2246 paulo
793 2182 918 2229 ante
945 2173 1159 2228 dixerat
1197 2174 1330 2229 alias
1375 2173 1620 2229 nationes
1656 2173 1870 2242 gloriari
1914 2187 1974 2228 se
2001 2186 2030 2227 a

431 2267 777 2324 Phtenicibus
799 2275 853 2322 et
897 2264 1123 2332 Cadmo,
1171 2275 1227 2320 ut
1252 2265 1378 2320 alibi
1427 2266 1587 2320 etiam
1616 2265 1986 2321 adnotavimus
2013 2306 2028 2332 ,

433 2359 683 2416 habuisse
714 2343 1160 2430 antiquissimum
1219 2359 1514 2414 litterarum
1568 2372 1720 2413 usum
1767 2357 1926 2431 (tom.
1985 2356 2026 2411 i.

435 2452 685 2524 Apparet.
718 2470 838 2523 pag.
871 2452 998 2508 585.
1020 2462 1068 2506 et
1095 2452 1290 2522 seqq).-
1315 2452 1382 2506 At
1415 2450 1591 2505 nullus
1623 2459 1833 2516 tamen,
1859 2451 2032 2522 pergit

433 2544 702 2614 Iosephus
736 2585 751 2612 ,
800 2545 1175 2599 demonstrare
1221 2543 1418 2612 poterit
1472 2543 1690 2614 aliquod
1736 2544 2030 2614 scriptum,

433 2633 574 2709 quod
602 2652 636 2693 a
690 2639 868 2709 prisco
898 2637 991 2692 illo
1021 2647 1294 2706 tempore,
1329 2635 1412 2690 vel
1460 2636 1516 2691 in
1558 2637 1769 2707 templis
1797 2677 1811 2702 ,
1855 2638 1939 2692 vel
1978 2639 2032 2693 in

432 2730 664 2801 publicis
702 2728 1138 2785 anathematihus
1164 2735 1434 2785 servatum
1465 2727 1623 2784 fuerit
1648 2747 1661 2783 :
1685 2728 1883 2801 Moysis
1905 2744 2034 2801 ergo

445 2823 566 2878 libri
595 2832 832 2878 crateres
858 2835 1046 2878 omnes
1075 2820 1234 2892 longo
1291 2820 1581 2892 temporis,
1624 2820 1734 2877 imo
1777 2831 1832 2878 et
1859 2837 2030 2879 stuen-

438 2914 614 2970 lorum
657 2915 940 2970 intervallo
966 2922 1418 2969 antecesseruntx

507 3007 648 3063 Nihil
674 3019 875 3072 autem,
910 3006 986 3062 ait
1015 3009 1215 3063 Auctor
1242 3016 1426 3063 noster
1450 3049 1464 3074 ,
1492 3006 1716 3077 probatu
1745 3011 1862 3062 erat
1908 3006 2035 3063 faci-

431 3101 534 3156 lius
581 3099 913 3172 (Tertttflian.
960 3099 1226 3171 Apologet.
1275 3117 1391 3171 cap.
1447 3099 1562 3169 19).
1614 3098 1718 3154 Sed
1770 3099 1892 3168 quia
1933 3098 2034 3154 hoc

2135 1898 2436 1968 Appionem
2463 1896 2615 1951 libris
2642 1911 2776 1967 quos
2819 1896 2928 1965 jam
2961 1895 3246 1951 citavimus
3286 1894 3521 1966 (Ioseph.
3555 1895 3643 1965 tib.
3689 1895 3732 1949 Ι.

2137 2000 2315 2045 contra
2337 1989 2560 2062 Appiou.
2584 2006 2704 2061 pag.
2736 1988 2894 2044 1059.
2928 2000 2973 2042 ct
3003 2005 3140 2059 seqq.
3165 2004 3284 2059 pag.
3314 1987 3473 2043 1045.
3493 1985 3732 2059 etseqq.).

2135 2083 2195 2139 In
2224 2083 2309 2137 his
2348 2081 2612 2152 siquidem
2635 2081 2783 2152 plura
2804 2080 2988 2135 retulit
3009 2097 3074 2135 ex
3098 2079 3247 2135 libris
3269 2078 3732 2157 Egy’ptiacorum,

2135 2175 2343 2231 scilicet
2370 2173 2710 2244 Manethonis
2733 2171 2970 2245 ngyptii
2999 2215 3012 2240 ,
3046 2187 3109 2226 ac
3142 2172 3328 2226 Berosi
3359 2170 3597 2225 Chaldaei
3629 2211 3643 2237 ,
3669 2186 3736 2226 ex

2135 2282 2243 2338 quo
2272 2264 2588 2337 prodierunt
2615 2264 2682 2320 de
2709 2264 3050 2324 astronomia?
3069 2272 3123 2319 et
3147 2262 3517 2318 Chaldzcorum
3558 2263 3734 2334 philo-

2135 2357 2326 2429 sophia
2352 2356 2855 2412 commentationes.

2209 2450 2378 2521 Major
2408 2451 2586 2521 itaque
2607 2449 2896 2504 difficultas
2925 2456 3008 2504 est
3034 2448 3101 2504 de
3131 2448 3288 2503 tertio
3316 2447 3584 2518 scriptore
3600 2475 3619 2515 ,-
3645 2448 3736 2516 qui

2135 2559 2166 2599 a
2194 2543 2524 2599 'l'ertulliauo
2550 2542 2961 2613 cognominatur
2989 2539 3198 2594 [ramus
3224 2539 3446 2594 Phoenix
3475 2539 3602 2610 Tyri
3622 2555 3732 2594 rex.

2134 2635 2271 2692 Nam
2295 2636 2350 2691 in
2376 2634 2576 2690 nostris
2599 2632 2982 2703 manuscriptis
3006 2631 3284 2687 codicibus
3308 2672 3324 2696 ,
3371 2640 3427 2686 et
3468 2631 3736 2701 antiquio-

2135 2727 2287 2784 ribus
2330 2727 2632 2798 Rigaltiana
2702 2725 3029 2781 editionibus
3115 2724 3311 2795 legitur
3343 2739 3358 2777 :
3390 2722 3736 2792 Hieronymus

2135 2821 2361 2878 Phoenix
2408 2819 2531 2891 Tyri
2561 2836 2671 2874 rex.
2722 2819 2827 2875 Sed
2857 2819 2980 2890 quia
3021 2817 3226 2872 nullum
3269 2816 3436 2872 fuisse
3479 2816 3737 2886 putabant

2137 2902 2265 2986 Tyri
2296 2929 2478 2985 regem
2510 2912 2728 2968 nomine
2759 2913 3144 2982 Hieronymum
3167 2954 3181 2978 ,
3215 2910 3268 2965 in
3309 2918 3462 2965 textu
3517 2908 3734 2964 Tertul-

2138 3007 2264 3062 liani
2313 3005 2476 3061 scribi
2527 3003 2836 3059 maluerunt
2862 3003 3088 3058 lromus.
3144 3002 3510 3058 Correctionis
3558 3011 3735 3058 tamen

2143 3099 2306 3169 hujus
2331 3098 2530 3152 nullam
2563 3097 2828 3152 rationem
2854 3096 3117 3154 dederunt
3145 3137 3161 3162 ,
3195 3097 3295 3151 nisi
3327 3095 3570 3166 quaedam
3615 3111 3736 3151 ver-

431 3194 640 3265 longius
667 3201 782 3248 erat
804 3235 819 3260 ,
868 3207 968 3248 nec
997 3202 1206 3264 poterat
1259 3193 1374 3248 sine
1415 3192 1646 3246 maxima
1695 3207 1726 3246 a
1757 3192 2032 3262 proposito
2057 3203 2101 3268 ρ
2146 3195 2214 3250 ba
2244 3235 2258 3259 ,
2284 3209 2351 3250 ex
2380 3193 2693 3265 fragmentis
2720 3191 3030 3256 Menandri,
3063 3205 3093 3245 a
3128 3190 3401 3261 Scaligero
3427 3189 3606 3256 editis,
3635 3187 3734 3245 de-

434 3299 534 3340 suo
577 3285 906 3355 digressioue
955 3285 1110 3351 ﬂeri,
1161 3283 1282 3339 ideo
1326 3284 1534 3340 censuit
1583 3297 1706 3340 esse
1775 3282 2030 3339 differen-

436 3378 586 3433 dum.
634 3380 715 3432 An
757 3393 890 3434 vero
917 3378 1000 3433 his
1038 3378 1218 3435 verbis
1260 3378 1417 3434 aliam
1461 3393 1526 3434 ea
1561 3377 1633 3433 de
1670 3393 1728 3433 rc
1754 3392 2031 3433 commen-

446 3471 702 3525 tationem
725 3470 1016 3540 promittat,
1045 3485 1108 3525 ac
1152 3470 1432 3540 promissis
1475 3469 1704 3536 steterit,
1727 3468 1849 3540 quis
1883 3477 2032 3524 certo

441 3575 757 3618 asseverare
784 3563 1032 3618 audebit?
1056 3562 1133 3619 Nc
1156 3564 1276 3634 quis
1299 3571 1476 3619 tamen
1501 3562 1628 3618 illud
1649 3564 1718 3618 ab
1740 3576 1806 3618 eo
1830 3570 2031 3619 temere

433 3655 701 3726 prolatum
725 3656 931 3711 diceret
956 3697 971 3722 ,
1007 3655 1180 3726 palam
1209 3654 1460 3711 omnibus
1488 3655 1604 3726 ipse
1626 3655 1770 3723 facit,
1797 3654 1938 3710 unde
1977 3663 2032 3710 et

430 3763 462 3802 a
487 3747 684 3818 quibus
707 3749 1024 3803 nominatim
1049 3747 1405 3817 scriptoribus
1441 3748 1722 3803 evidenter
1752 3745 2026 3818 probetur.

433 3840 680 3897 Primum
734 3841 1014 3896 enimvero
1051 3842 1180 3895 citat
1204 3840 1573 3912 antiquissima
1602 3840 1979 3914 Egyptiorum
2011 3882 2028 3909 ,

429 3931 844 4002 Chaldaeorum,
891 3932 1207 3989 Phoenicum
1258 3934 1499 4002 archiva,
1543 3935 1657 3990 sive
1698 3936 1930 4004 scrinia,
1975 3936 2030 3991 in

429 4029 625 4100 quibus
669 4029 950 4099 scripturae
975 4070 990 4095 ,
1033 4029 1151 4083 sive
1197 4028 1340 4094 libri,
1373 4043 1558 4084 eorum
1611 4030 2024 4099 reponebantur.

436 4121 634 4179 Gentes
661 4131 844 4178 autem
873 4123 1006 4177 istas
1029 4120 1150 4176 ideo
1177 4121 1488 4176 nominibus
1527 4122 1640 4176 suis
1667 4133 1822 4178 vocat
1841 4164 1856 4187 ,
1906 4122 2028 4193 quia

437 4215 610 4272 Graeci
635 4258 650 4282 ,
673 4224 812 4272 teste
837 4214 1076 4284 Iosepho
1103 4213 1341 4286 (Ioseph.
1364 4213 1518 4285 ibid.)
1542 4257 1556 4281 ,
1590 4214 1890 4270 fatebantur
1928 4230 2028 4270 an-

431 4308 786 4378 tiquissimam
818 4322 998 4363 rerum
1029 4306 1372 4362 traditionem
1405 4307 1546 4376 apud
1572 4321 1666 4362 eos
1695 4307 1902 4362 haberi.
1933 4309 2026 4375 At,

431 4402 556 4472 quia
584 4401 700 4455 hac
725 4401 1066 4470 investigatio
1093 4400 1404 4456 difficillima
1434 4399 1608 4455 adhuc
1640 4401 1812 4456 videri
1864 4411 2030 4470 pote—

431 4499 548 4550 rat:
578 4493 864 4548 advocandi
889 4501 1027 4562 sunt,
1063 4494 1252 4566 inquit,
1273 4495 1552 4562 municipes
1580 4507 1773 4556 eorum,
1796 4505 1885 4564 per
1905 4508 2030 4564 quos

2136 3286 2317 3343 libata.
2351 3285 2456 3342 Sed
2487 3286 2646 3357 longe
2669 3287 2863 3356 potiori
2887 3287 3010 3355 jure
3035 3286 3200 3340 citare
3243 3284 3513 3340 debebant
3559 3284 3734 3340 Theo-

2135 3379 2346 3450 philum
2369 3379 2765 3434 Antiochenam
2788 3419 2803 3446 ,
2844 3393 2873 3432 a
2899 3393 3006 3448 quo
3032 3392 3141 3432 non
3181 3378 3354 3432 solum
3403 3375 3592 3432 eadem
3645 3375 3734 3430 illa

2134 3487 2306 3543 grteca
2355 3473 2518 3528 verba
2549 3473 2784 3527 citantur
2821 3470 3118 3543 (Theophit.
3153 3471 3239 3524 tib.
3282 3469 3373 3526 111.
3405 3469 3473 3522 ad
3496 3469 3732 3540 Autolyc.

2135 3567 2364 3637 pagJSl
2388 3575 2434 3620 et
2450 3564 2639 3638 seqq),
2668 3565 2762 3620 sed
2790 3573 3009 3620 vocatur
3027 3565 3186 3619 etiam
3217 3554 3416 3635 ἱέρωμος
3441 3569 3622 3633 Τυρίων
3635 3573 3736 3633 βει-
3799 3593 3816 3608 .

2133 3669 2301 3727 σιλεὺς,
2327 3659 2622 3724 Hieromus,
2648 3658 2922 3729 Tyriorum
2961 3645 3077 3712 rex:
3101 3656 3238 3712 Eum
3270 3664 3444 3711 autem
3489 3669 3608 3710 esse
3631 3663 3740 3709 tes-

2135 3763 2276 3808 tatur
2295 3793 2308 3818 ,
2337 3753 2427 3823 qui
2455 3752 2638 3822 plures
2660 3751 2728 3805 ad
2759 3751 3110 3806 Saiomoucm
3135 3789 3150 3814 ,
3207 3757 3261 3804 et
3290 3747 3527 3803 vicissim
3581 3746 3735 3802 Saloo

2131 3861 2260 3902 mon
2291 3846 2358 3901 ad
2385 3862 2508 3902 eum
2561 3847 2852 3916 scripserat
2905 3844 3114 3899 litteras
3139 3881 3154 3909 ,
3207 3857 3325 3914 quae
3355 3840 3495 3912 apud
3544 3839 3736 3925 Typios

2132 3941 2338 3999 Servari
2380 3941 2712 3997 ferebantur.
2746 3939 2862 3995 Non
2892 3939 3018 3995 inde
3073 3949 3250 3993 tamen
3304 3935 3498 3992 confici
3559 3943 3738 4004 potest

2133 4035 2276 4091 hunc
2296 4051 2475 4107 regem
2518 4033 2717 4107 aliquid
2745 4033 2814 4089 de
2841 4032 3159 4104 antiquitate
3186 4030 3535 4086 Hebraeorum
3598 4027 3742 4082 scri-»

2134 4139 2227 4200 pto
2259 4116 2578 4183 tradidisse.

2203 4222 2394 4278 Nonne
2423 4221 2587 4277 etiam
2635 4219 2690 4273 in
2718 4216 3041 4273 Tertulliani
3083 4223 3232 4270 textu
3279 4215 3564 4286 legendum
3615 4227 3738 4271 esse

2134 4313 2444 4384 Hieronymi
2505 4323 2700 4367 nomen
2747 4309 2877 4364 hinc
2931 4309 3108 4379 colligi
3140 4317 3353 4379 potest,
3403 4308 3546 4378 quod
3583 4307 3737 4365 Iose-

2133 4408 2270 4479 phus
2294 4408 2346 4462 in
2375 4406 2552 4477 primo
2577 4401 2966 4472 Antiquitatum
2995 4401 3336 4458 Iudaicarum
3367 4402 3526 4466 libro,
3549 4401 3640 4455 ubi
3669 4399 3737 4456 de

2133 4502 2290 4571 longa
2319 4499 2611 4569 primorum
2642 4493 3066 4566 patriarcharum
3096 4496 3200 4550 vita
3229 4495 3480 4560 disserit,
3513 4493 3585 4548 ibi
3615 4504 3740 4564 post

434 4588 619 4641 uotiua
693 4587 1074 4642 subministrata
1146 4598 1224 4643 est
1291 4587 1622 4662 (Tertullum.
1681 4587 1851 4657 ibid.).
1914 4588 2024 4645 hinc
2049 4601 2103 4662 1)
2131 4600 2455 4649 memoratus
2486 4603 2514 4642 a
2560 4604 2639 4656 se,
2664 4588 3116 4658 quemadmodum
3157 4589 3224 4643 ab
3257 4589 3489 4642 Auctore
3527 4596 3735 4655 nostro,

435 4681 640 4750 nicipes
668 4690 849 4738 autem
869 4683 903 4737 ii
937 4683 1158 4753 proprie
1177 4681 1425 4752 appellati
1452 4690 1577 4735 sunt
1601 4721 1614 4746 ,
1639 4681 1728 4751 qui
1759 4682 1814 4736 in
1838 4681 2026 4738 civita-

433 4781 548 4828 tem
585 4787 862 4829 romanam
888 4775 1130 4844 recepti,
1156 4773 1470 4829 muneribus
1494 4787 1840 4828 romanorum
1888 4773 2031 4832 frue-

429 4865 647 4921 bantur.
675 4865 781 4923 Sed
806 4867 897 4922 ille
922 4880 994 4922 eo
1009 4867 1228 4923 nomine
1247 4867 1471 4924 abusive
1494 4867 1760 4939 significat
1787 4867 2029 4939 ejusdem

431 4957 664 5027 regionis
691 4957 916 5014 incolas.
940 4958 1096 5025 Nam,
1120 4968 1173 5014 et
1191 4967 1402 5030 gentes,
1429 4968 1483 5016 et
1506 4961 1798 5032 scriptores
1851 4962 2030 5017 nomi-

421 5049 597 5105 natim
623 5058 812 5119 vocat,
841 5065 910 5107 ex
939 5050 1213 5122 Egyptiis
1238 5051 1615 5109 Manethonem
1637 5097 1651 5121 ,
1677 5055 1934 5111 Berosum
1963 5071 2031 5111 ex

426 5142 696 5200 Chaldaeis
717 5188 732 5214 ,
765 5161 795 5200 a
822 5143 1058 5216 Iosepho
1077 5188 1092 5214 ,
1117 5153 1177 5200 ut
1203 5148 1365 5216 paulo
1392 5154 1514 5217 post
1543 5148 1866 5215 notabimus,
1899 5149 2030 5203 cita-

429 5245 549 5305 tos;
577 5247 737 5310 atque
763 5255 827 5296 ex
860 5239 1207 5296 Phoenicibus
1256 5239 1491 5296 lromum
1532 5239 1658 5313 Tyri
1704 5257 1882 5313 regem
1913 5283 1928 5309 ,
1962 5243 2030 5298 de

431 5347 540 5403 quo
565 5344 750 5404 postea
781 5335 950 5392 fusius
975 5335 1265 5402 agendum.
1295 5333 1352 5390 Si
1384 5350 1512 5391 vero
1565 5335 1617 5389 hi
1642 5353 1748 5391 non
1794 5335 2028 5393 sufficie-

428 5425 562 5482 bant
584 5469 599 5494 ,
624 5427 810 5498 adjicit
838 5428 1079 5498 ipsorum
1104 5435 1404 5484 sectatores
1430 5427 1778 5482 Ptolemaeum
1809 5428 2028 5486 Mende-

427 5517 567 5573 sium
588 5561 602 5584 ,
635 5519 728 5590 qui
756 5520 1009 5576 sacerdos
1034 5563 1049 5588 ,
1081 5518 1254 5590 inquit
1281 5518 1538 5575 Clemens
1579 5518 1985 5577 Alexandrinus
2010 5563 2024 5589 ,

432 5610 709 5681 (Clemens
761 5612 1039 5668 Alexandra
1086 5613 1173 5668 tib.
1221 5611 1265 5667 Ι.
1317 5611 1512 5667 Strom.
1545 5611 1564 5682 )
1595 5625 1659 5667 ac
1707 5621 1827 5682 post
1850 5613 2026 5684 ipsum

428 5702 697 5762 Eusebius
723 5706 936 5777 (Euseb.
983 5707 1070 5761 tib.
1125 5705 1194 5764 Χ.
1230 5721 1453 5778 ρνωραν.
1506 5704 1704 5778 Evang.
1770 5720 1884 5775 cap.
1935 5705 2022 5761 l2.

428 5812 550 5868 pag.
603 5797 756 5871 £97),
795 5813 982 5874 regum
1027 5799 1246 5874 ,Ἐπριὶ
1297 5814 1386 5858 res
1439 5807 1637 5875 gestas
1675 5800 1842 5857 tribus
1881 5799 2030 5857 iihris

2134 4686 2510 4743 Manethonem
2544 4692 2598 4738 et
2649 4683 2930 4748 Berosum,
2960 4683 3075 4736 haec
3123 4681 3340 4752 scripsit
3385 4699 3399 4734 :

2129 4767 2382 4839 Ῑξστηιῖος,
2410 4779 2493 4830 καὶ
2518 4784 2634 4848 πρός
2660 4779 2824 4836 αἰετοῖς
2845 4780 2870 4828 ὁ
2903 4779 3152 4847 abiuneta;
3179 4768 3448 4848 ἱερώνυμος,
3475 4783 3519 4831 οἱ
3536 4783 3603 4832 τὸ.
3625 4799 3739 4849 φοι·

3448 4689 3626 4753 Μώχος
3653 4686 3737 4737 καὶ

2135 4878 2246 4928 vinei
2293 4877 2654 4939 συνταξάμενοι,
2699 4875 2996 4938 somniabat
3023 4873 3128 4931 τοῖς
3175 4869 3255 4924 ὕπ’
3295 4875 3412 4938 ἕμοῧ
3457 4873 3734 4944 λεγόμενοις.

2137 4965 2389 5032 Μοεὴαε,
2453 4962 2749 5027 Hestiteus,
2798 4970 2847 5016 et
2918 4959 3266 5033 Hieronymus
3313 4964 3598 5034 aegyptios,
3651 4963 3740 5031 qui

2137 5060 2442 5116 thnicum
2489 5073 2571 5112 res
2637 5057 2890 5126 prosecuti
2951 5065 3103 5124 sunt,
3149 5056 3410 5112 nobiscum
3456 5063 3739 5110 consonant

2137 5153 2375 5225 (Ioseph.
2428 5149 2516 5205 h’b.
2571 5148 2610 5202 l.
2665 5148 2915 5220 Antiquit.
2967 5164 3083 5218 cap.
3143 5150 3195 5203 4.
3253 5164 3374 5219 pag.
3433 5146 3541 5220 11).
3587 5146 3739 5204 Hunc

2134 5258 2310 5305 autem
2366 5247 2754 5317 Hieronymum
2825 5244 2878 5298 in
2949 5258 3135 5299 eorum
3208 5257 3433 5298 numero
3493 5241 3736 5312 posuit,

2132 5342 2224 5412 qui
2279 5340 2346 5396 de
2396 5337 2623 5410 longiori
2651 5336 2764 5392 Noe
2823 5345 2878 5392 et
2922 5336 3260 5406 superiorum
3309 5333 3737 5406 patriarcharum

2134 5434 2240 5487 vita
2272 5432 2528 5502 scriptum
2555 5427 2757 5500 aliquid
2778 5428 3128 5499 reliquerant.
3157 5427 3216 5481 In
3247 5427 3421 5497 primo
3443 5434 3617 5481 tamen
3644 5424 3737 5481 ad-

2139 5542 2330 5583 versus
2355 5525 2657 5595 Appionem
2681 5523 2820 5578 libro
2848 5523 3100 5579 observat
3125 5521 3508 5592 Hieronymum
3551 5533 3620 5576 ex
3671 5518 3739 5576 iis

2135 5617 2482 5690 scriptoribus
2519 5631 2682 5672 unum
2729 5630 2850 5672 esse
2872 5657 2888 5683 ,
2911 5615 3001 5685 qui
3043 5613 3292 5671 historias
3332 5610 3616 5670 scribendo
3641 5610 3739 5667 Ju-

2135 5712 2304 5770 daicae
2352 5711 2528 5782 gentis
2572 5725 2680 5767 non
2716 5709 2960 5767 meminit
2989 5709 3183 5782 (Idem,
3218 5707 3307 5763 tib.
3337 5707 3379 5764 l.
3427 5715 3591 5762 contr.
3624 5705 3738 5776 Ap-

2136 5806 2275 5877 pion.
2306 5821 2428 5877 pag.
2462 5802 2628 5878 1050)
2656 5821 2670 5860 :
2701 5810 2961 5877 ἱερώνυμοι
2987 5809 3073 5877 γὲρ
3100 5803 3310 5872 σῦδιμοῦ
3352 5803 3484 5857 κατὰ
3505 5801 3593 5854 ἢν
3622 5804 3747 5856 ιστο-
