4240 6262
489 265 599 330 799

1527 265 1596 322 IN
1629 205 2098 323 TEllTULLlANl
2126 257 2662 322 APOLOGETICUM

3692 265 3804 331 800

492 401 597 465 plus
640 393 966 461 ἐμνημόνευσε,
989 395 1072 442 καί
1095 409 1174 442 τοι
1199 386 1360 454 σχεδὸν
1381 386 1425 438 ἓν
1449 386 1551 445 τοῖς
1575 386 1739 443 aberat;
1769 386 2097 452 δυνητριφὼς.

2274 379 2539 463 Josephus
2563 394 2694 438 vero
2714 380 2782 439 de
2805 379 3185 440 historicorum
3211 389 3371 442 :etate
3398 383 3541 442 hunc
3565 383 3804 456 loquitur

495 483 843 554 Hieronymus
862 481 995 534 enim
1023 492 1341 548 nequaquam
1372 475 1534 529 nostri
1558 476 1612 528 in
1637 473 1880 529 ohistaria
1920 473 2097 527 memi-

494 579 604 643 nit,
633 578 746 631 licet
773 590 898 647 pene
948 570 1073 643 ipsis
1101 570 1223 625 locis
1251 569 1473 624 nutritus
1498 577 1643 622 esset.
1679 567 1896 622 Fatetur
1919 565 2097 636 itaque

495 669 881 739 Hieronymum
909 664 960 718 in
1011 663 1110 718 hac
1156 661 1524 718 lucubratione
1572 661 1764 716 missas
1793 658 1983 715 iecisse
2008 673 2098 714 res

496 761 805 818 Iudaeorum
833 801 847 825 ,
879 758 1090 814 tametsi
1139 757 1422 828 incognitae
1453 755 1529 810 illi
1575 769 1685 810 non
1741 754 1959 810 fuerint.
1991 753 2098 810 Sed

498 853 570 910 ibi
601 867 724 908 eum
748 850 1002 907 llecatzeo
1030 849 1255 920 opponit
1275 891 1290 913 ,
1319 863 1348 902 a
1377 863 1483 918 quo
1505 846 1781 902 historiam
1805 847 1872 902 de
1898 847 2098 902 Judieis

497 947 702 1004 editam
728 944 894 1000 fuisse
927 943 1262 1000 testiﬁcatur.
1295 943 1475 999 Potuit
1501 942 1662 1012 igitur
1688 943 1738 996 in
1784 941 1954 997 aliena
1984 941 2098 996 his-

498 1040 634 1096 toria
679 1049 771 1094 aut
800 1038 1279 1102 commentatione,
1307 1035 1464 1093 sicuti
1491 1036 1558 1092 de
1586 1035 1876 1106 longaevis,
1912 1035 1980 1089 ita
2030 1033 2100 1090 de

499 1133 604 1188 vita
630 1133 840 1187 illorum
871 1130 1158 1203 quemdam
1191 1130 1565 1185 intermiscere
1585 1144 1916 1185 sermonem.

573 1229 643 1281 At
671 1225 914 1297 quamvis
962 1223 1317 1296 Hieronymus
1351 1232 1442 1277 aut
1469 1238 1634 1293 pauca
1662 1265 1675 1286 ,
1730 1231 1821 1277 aut
1851 1222 1998 1292 plura
2031 1223 2100 1280 de

501 1317 683 1390 Moyse
711 1328 764 1372 et
791 1317 990 1371 Judmis
1017 1318 1206 1388 quovis
1251 1317 1301 1370 in
1330 1315 1466 1370 libro
1516 1315 1832 1381 tradiderit,
1865 1331 1969 1385 qua
2010 1333 2101 1371 ra-

501 1411 647 1466 tione
683 1409 894 1480 probari
922 1418 1096 1476 potest
1143 1407 1290 1462 illum
1320 1407 1482 1461 luisse
1507 1407 1631 1479 'l‘yri
1666 1408 1891 1477 regem?
1935 1407 2098 1462 Num-

501 1504 628 1575 quid
660 1519 786 1574 ergo
811 1503 1174 1578 Tegtullianus
1207 1501 1424 1555 humani
1457 1501 1653 1571 aliquid
1680 1501 1752 1556 ibi
1781 1516 1968 1572 passus
1992 1512 2095 1569 est,

502 1603 596 1651 aut
619 1611 646 1649 a
670 1595 904 1650 librariis
936 1593 1094 1648 verba
1137 1593 1254 1662 ejus
1283 1593 1569 1664 depravata
1601 1601 1766 1658 sunt,
1797 1602 1887 1647 aut
1913 1592 1979 1648 dc
2010 1610 2099 1650 re-

501 1689 584 1759 gis
625 1687 771 1760 Tyrii
821 1687 886 1742 ad
917 1685 1260 1741 Salomonem
1316 1683 1594 1754 epistolis,
1650 1685 2098 1754 quemadmodum

2200 473 2252 527 in
2280 473 2496 529 modum
2516 472 2752 546 (Ioseph.
2780 475 2868 530 lib.
2887 476 2929 532 Ι.
2953 486 3116 531 contr.
3140 477 3392 550 Appian.,
3417 496 3540 551 pag.
3571 479 3758 551 1034.)
3784 497 3805 537 :

2199 573 2261 619 Οἱ
2287 574 2371 634 μέν
2397 590 2476 621 τοι
2499 572 2585 627 τὰς
2614 575 2819 638 ἱστορίαις
2857 575 3239 640 ἓπιχειρτήντες
3265 577 3538 643 «mpiger
3571 573 3688 643 παρ’
3709 577 3800 628 αὖ·

2198 662 2320 722 τοῖς,
2344 667 2458 728 λέγω
2495 662 2545 712 δὲ
2583 666 2689 720 τοὺς
2717 664 2824 730 περὶ
2866 663 3064 729 Κέδμόν
3101 685 3153 716 τε
3191 669 3274 716 τὸν
3303 670 3564 730 Μιλῆσιον,
3597 667 3682 718 uti
3720 676 3808 721 eis

2200 743 2389 820 Ᾰργεῖον
2411 745 2718 818 Ᾱκουσίλειον,
2744 756 2829 805 uti
2868 757 2995 821 μετὰ.
3020 760 3185 809 τοῦτον
3212 759 3256 810 εἴ
3279 779 3402 816 τινες
3427 762 3561 812 ἄλλοι
3587 762 3803 827 Hymnus

2199 851 2431 910 γενεσθαι,
2463 854 2626 916 βριχῖ)
2664 861 2750 906 τῖς
2794 853 2974 917 Περσῶν
3003 850 3081 901 ἐπὶ
3122 857 3210 902 τὶν
3240 852 3412 902 ἑλλάδι
3455 859 3707 919 "parcis;
3735 861 3802 920 τῷ

2202 939 2345 1005 χρόνῳ
2374 945 2666 1007 «potius»:
2697 937 2797 1004 Qui
2816 947 2985 992 autem
3003 938 3240 993 historias
3274 937 3414 1008 apud
3437 955 3522 994 eos
3535 938 3799 1013 (Graecos)

2201 1029 2514 1083 conscribere
2537 1037 2805 1095 tenlauere,
2837 1031 2892 1084 id
2917 1041 3010 1095 est,
3027 1029 3251 1087 Cadmus
3274 1032 3506 1089 Milesius
3527 1043 3573 1088 et
3618 1036 3799 1090 Acusi-

2204 1123 2317 1177 laus
2340 1123 2554 1195 Argivus
2573 1165 2589 1190 ,
2646 1133 2692 1177 et
2734 1133 2844 1194 past
2871 1125 3004 1178 hunc
3029 1125 3314 1196 quicunque
3337 1126 3430 1180 alii
3453 1125 3610 1196 fuisse
3634 1128 3803 1197 [erun-

2204 1223 2308 1288 tur,
2323 1215 2535 1283 paulum
2561 1213 2834 1270 Persarum
2854 1215 3000 1288 (Cyri
3019 1225 3072 1271 et
3092 1214 3259 1288 Darii)
3275 1218 3636 1287 expeditionem
3664 1235 3796 1288 pra:-

2202 1314 2393 1359 eessere
2420 1304 2506 1374 (T.
2537 1306 2578 1362 Ι.
2613 1307 2865 1377 Apparet.
2893 1326 3012 1379 pag.
3046 1309 3186 1364 1165
3216 1321 3262 1363 et
3287 1326 3423 1380 seqq.
3447 1327 3566 1382 pag.
3591 1313 3729 1370 1555
3750 1321 3800 1368 et

2200 1396 2386 1469 seqq.).
2410 1397 2519 1452 Nos
2531 1414 2663 1454 vero
2679 1400 2747 1455 de
2768 1399 2992 1455 Grtecize
3012 1400 3343 1471 sapientibus
3359 1410 3413 1457 et
3439 1418 3620 1458 eorum
3642 1414 3801 1461 astate

2204 1491 2256 1546 in
2298 1493 2472 1562 primo
2515 1493 2821 1563 Apparatus
2875 1494 3045 1548 nostri
3092 1503 3239 1550 tomo
3267 1495 3678 1566 disputavimus.
3727 1499 3804 1556 De

2202 1586 2399 1659 Moysis
2421 1601 2582 1657 porro
2603 1596 2656 1642 et
2679 1588 2907 1642 aliorum
2930 1587 3313 1658 prophetarum
3331 1599 3574 1661 tempore
3595 1590 3803 1665 egimus

2205 1699 2308 1738 non
2348 1683 2526 1738 solum
2578 1683 2630 1738 in
2657 1682 2845 1738 eodem
2876 1683 3027 1738 cimti
3073 1685 3377 1754 Apparatus
3423 1685 3594 1740 nostri
3639 1685 3801 1754 loco,

503 1779 837 1848 Theophilus
865 1778 1251 1841 Autiochenus,
1280 1777 1659 1847 intelligendus
1687 1779 1812 1833 est?
1838 1777 1973 1834 Vide
1999 1780 2098 1850 igi-
2129 1777 2177 1838 B
2205 1775 2296 1832 sed
2329 1775 2380 1829 in
2412 1775 2676 1845 superiori
2707 1776 2870 1830 etiam
2905 1775 2971 1830 de
3019 1775 3281 1830 Lactantii
3313 1775 3568 1846 operibus
3597 1775 3803 1831 disser-

505 1881 592 1927 tur
618 1870 745 1942 quid
770 1869 865 1924 tibi
887 1870 1131 1926 videatur
1158 1869 1516 1941 probabilius,
1548 1877 1638 1924 aut
1669 1869 1862 1925 melius
1891 1869 2101 1926 inveni-

503 1980 565 2022 re
592 1981 776 2038 queas.

1118 2097 1405 2138 ARTICULUS
1444 2098 1515 2138 Vl.

505 2198 585 2255 De
631 2198 849 2254 aliarum
883 2205 999 2269 post
1047 2195 1279 2268 Moyscm
1316 2213 1576 2251 sacrarunt
1617 2207 1788 2252 vatum
1834 2207 2015 2264 (etate,
2056 2207 2106 2252 et

581 2292 910 2363 supputariis
964 2291 1252 2363 digitorum
1311 2291 1626 2361 gesticulis,
1677 2300 1722 2346 et
1765 2291 2106 2347 censualibus

577 2384 938 2441 conferendis.

578 2521 656 2578 De
675 2522 899 2578 aliorum
932 2530 1052 2592 post
1103 2521 1301 2593 Moysis
1344 2531 1572 2578 mortem
1618 2535 1898 2577 sacrorum
1924 2529 2104 2576 vatum

508 2622 815 2668 nostrorum
855 2621 1014 2668 aetate
1069 2613 1431 2668 Tertullianus
1464 2612 1792 2686 (Tertullian.
1837 2613 2104 2684 Apologet.

506 2725 624 2778 cap.
659 2707 748 2779 19)
798 2709 876 2762 sic
921 2707 1178 2762 adversus
1219 2707 1465 2763 ethnicos
1507 2707 1814 2778 pronuntiat
1862 2729 1876 2765 :
1926 2707 2109 2763 Ca'teri

508 2802 768 2870 propheta:
811 2804 905 2854 etsi
927 2798 1097 2870 Moysi
1135 2799 1458 2870 pasthumant
1482 2842 1496 2866 ,
1534 2800 1888 2854 extremissimi
1939 2809 2108 2855 tamen

509 2907 681 2944 eorum
705 2907 806 2944 non
823 2893 1115 2946 retrosiores
1138 2892 1588 2960 deprehenduntur
1609 2892 1916 2963 primoribus
1931 2894 2108 2947 vestris

508 2982 839 3049 sapientibus,
862 2991 908 3036 ct
938 2981 1182 3053 legiferis,
1206 2993 1252 3036 et
1277 2983 1548 3038 historicis.
1577 2983 1736 3038 Atilii
1769 2984 1948 3054 plures
1977 2999 2109 3040 sane

508 3072 729 3128 adhibet
767 3073 1087 3144 improprios
1138 3073 1386 3146 loquendi
1415 3076 1600 3130 modos
1651 3073 1789 3147 (Lib.
1831 3075 1894 3130 de
1917 3092 2104 3130 resurr.

511 3165 697 3220 Christ.
732 3182 778 3221 c.
804 3167 893 3222 45.
922 3167 1050 3220 libro
1075 3165 1194 3221 ade.
1231 3165 1485 3222 Valentia.
1509 3185 1557 3222 c.
1587 3168 1700 3235 55).
1733 3168 1913 3222 Primo
1936 3167 2103 3238 siqui-
2131 3171 2178 3235 C

511 3257 633 3313 dem
687 3257 821 3314 dixit
850 3260 1196 3330 pasthumant,
1253 3260 1304 3315 id
1357 3271 1458 3325 est,
1503 3272 1622 3331 post
1651 3259 1846 3333 Moysis
1875 3271 2106 3317 mortem

511 3355 902 3423 vixerunt;quo
920 3369 1082 3410 sensu
1111 3354 1238 3409 alibi
1259 3354 1473 3423 scripsit
1499 3354 1880 3425 pasthumat,et
1898 3357 2109 3424 posthu-

511 3455 722 3499 matum.
739 3446 1087 3516 Secundoqui
1113 3445 1201 3500 hic
1229 3446 1641 3511 extremissimas,
1664 3446 1788 3500 alibi
1813 3447 2108 3516 postremis-

410 3582 430 3598 .
511 3538 666 3592 simas
691 3540 913 3592 omnium
930 3555 949 3593 :
977 3540 1132 3593 tertio
1163 3539 1476 3603 retrosiores,
1503 3537 1554 3591 id
1581 3539 2031 3608 est,‘pos1eriores
2048 3554 2110 3594 ac

512 3629 842 3685 recentiores
858 3629 1395 3700 adpellavitNerum,
1426 3629 1636 3684 etiamsi
1665 3630 1747 3683 his
1765 3629 2020 3685 obsoletis
2047 3644 2111 3685 ac

516 3722 760 3777 barbaris
788 3724 1008 3778 vocibus
1039 3734 1218 3778 utatur
1245 3766 1260 3790 ,
1294 3732 1514 3793 apertus
1561 3733 1738 3779 tamen
1788 3736 1871 3778 est
1913 3724 1999 3780 hic
2048 3726 2109 3780 ilo

515 3813 619 3869 lius
649 3829 843 3869 sensus
873 3815 1096 3870 :Ca-teri
1129 3815 1404 3886 propheta:
1433 3815 1602 3870 nostri
1635 3826 1755 3886 post
1779 3816 1979 3887 Moysis
2002 3819 2112 3889 qui-

515 3907 638 3963 dem
666 3909 868 3963 obitum
891 3907 1136 3963 vixerunt
1160 3926 1175 3973 ;
1205 3910 1298 3964 sed
1327 3925 1511 3964 eorum
1539 3911 1777 3964 omnium
1799 3911 1972 3966 ultimi
2003 3928 2108 3968 non

517 4010 643 4056 sunt
670 4001 998 4072 posteriores
1025 4001 1217 4072 graecis
1239 4001 1569 4072 sapientibus
1601 4045 1617 4070 ,
1645 4003 1880 4074 legiferis
1907 4015 1959 4060 et
1994 4005 2110 4061 his-

518 4094 723 4149 toricis.

587 4183 751 4241 Suam
780 4201 944 4256 porro
973 4187 1294 4243 sententiam
1325 4203 1432 4243 non
1465 4188 1572 4244 alio
1604 4191 1795 4261 probat
1823 4209 2111 4266 argnmen-
2131 4168 2148 4186 Χ

519 4284 574 4333 to
601 4320 614 4344 ,
640 4278 740 4334 nisi
769 4279 990 4349 prolatis
1015 4280 1248 4350 plurium
1297 4291 1574 4336 auctorum
1628 4284 1934 4342 nominibus
1965 4305 1977 4342 :
2027 4288 2113 4343 vel

517 4370 640 4440 quia
669 4369 894 4440 gentiles
922 4371 1150 4440 publica:
1177 4387 1366 4427 eorum
1395 4376 1698 4430 auctoritati
1732 4392 2033 4447 repugnare
2059 4389 2115 4435 et

517 4464 769 4520 resistere
814 4471 918 4519 nan
962 4469 1353 4534 poterant;vel
1384 4471 1505 4539 quia
1530 4471 1736 4542 longius
1784 4474 2112 4531 luissetsin-

2206 1869 2425 1924 talione.
2456 1867 2755 1939 (Dissertat.
2783 1870 2835 1924 in
2859 1868 3096 1924 Lactant.
3117 1885 3236 1940 cap.
3263 1869 3329 1924 ll.
3353 1877 3452 1924 art.
3479 1869 3532 1926 1.
3555 1869 3705 1939 e12.)

2278 1961 2520 2032 Denique
2545 1961 2906 2016 Tertullianus
2933 1963 3193 2018 certiores
3247 1978 3345 2017 nos
3376 1962 3502 2017 facit
3542 1962 3610 2018 ad
3653 1970 3803 2019 recte

2206 2052 2537 2124 designanda
2568 2053 2780 2108 illorum
2809 2055 3049 2109 omnium
3081 2062 3136 2110 et
3167 2054 3551 2124 prophetarum
3603 2065 3658 2111 et
3684 2055 3804 2112 eth—

2205 2147 2449 2202 nicorum
2498 2147 2820 2217 scriptorum
2873 2155 3115 2218 tempora
3168 2145 3501 2219 (Tertullian.
3531 2149 3801 2222 Apologet.

2205 2255 2321 2308 cap.
2388 2237 2539 2311 19),
2580 2237 2753 2293 multis
2822 2239 3208 2306 instrumentis,
3264 2238 3369 2294 hoc
3421 2249 3506 2296 est
3560 2241 3711 2297 libris
3750 2251 3806 2297 et

2205 2331 2603 2402 chronologiis,
2657 2348 2775 2386 cum
2832 2331 3106 2403 digitorum
3163 2331 3481 2402 supputariis
3546 2332 3805 2404 gesticulis

2207 2425 2535 2479 assidendum
2563 2439 2704 2480 esse.
2742 2423 2847 2479 Sed
2888 2438 3008 2494 qua:
3039 2432 3201 2489 sunt,
3235 2424 3446 2494 rogabit
3491 2425 3684 2496 aliquis
3708 2468 3722 2490 ,
3751 2433 3806 2481 et

2207 2531 2464 2580 quorsum
2487 2524 2732 2586 spectant
2753 2515 2839 2570 illa
2863 2516 3175 2586 supputaria
3201 2515 3487 2586 digitorum
3514 2517 3800 2586 gesticula?

2208 2610 2674 2681 ReSpoudehimus
2701 2610 2879 2678 itaque
2900 2624 2960 2664 ea
2991 2607 3123 2662 nihil
3153 2609 3298 2663 aliud
3343 2623 3466 2665 esse
3494 2650 3510 2676 ,
3557 2607 3663 2664 nisi
3712 2607 3800 2663 di-

2208 2707 2439 2777 gitorum
2489 2715 2675 2776 gestus
2705 2718 2767 2759 ac
2817 2713 3031 2768 motus,
3066 2702 3263 2773 quibus
3304 2701 3508 2772 antiqui
3553 2701 3805 2756 solebant

2209 2814 2379 2855 annos
2408 2813 2564 2855 resve
2607 2798 2742 2853 alias
2783 2812 3088 2852 numerare.
3137 2797 3212 2852 De
3262 2795 3493 2867 longaevi
3537 2794 3803 2864 siquidem

2209 2891 2449 2948 Nestoris
2478 2891 2633 2947 annis
2675 2890 2868 2946 cecinit
2896 2888 3174 2946 iuvenalis
3201 2889 3468 2960 (Juvenal.
3519 2898 3682 2960 satyr.
3714 2887 3804 2945 1ο.

2208 2983 2482 3056 υ.210);
3262 2984 3272 2994 ’

2363 3097 2506 3149 Felix
2533 3099 2780 3158 nimirum,
2799 3097 2882 3160 qui
2901 3109 2987 3160 per
3005 3101 3080 3146 tot
3102 3095 3279 3147 saecula
3295 3104 3507 3146 mortem

2367 3160 2588 3221 Distulit,
2612 3170 2760 3224 atque
2782 3174 2898 3210 suos
2922 3161 3022 3222 jam
3043 3160 3220 3209 dextra
3241 3165 3492 3223 computat
3511 3171 3681 3208 annos.

2211 3265 2415 3321 Plinius
2445 3281 2573 3321 vero
2602 3274 2784 3320 narrat
2835 3264 3179 3320 simulacrum
3227 3264 3344 3319 Jani
3379 3263 3578 3320 factum
3631 3263 3796 3321 fuisse

2209 3357 2470 3427 digitiseo
2498 3356 2657 3411 modo
2676 3357 2936 3428 ﬁguratis,
2993 3371 3100 3426 quo
3156 3356 3262 3412 565
3309 3355 3518 3412 dierum
3553 3369 3809 3411 numerus

2212 3449 2547 3505 indicabatur
2599 3447 2766 3518 (Plin.
2815 3449 2904 3503 lib.
2954 3447 3195 3504 XXXIV.
3244 3447 3378 3502 Hist.
3408 3459 3581 3504 natur.
3610 3466 3726 3521 cap.
3751 3449 3806 3504 7.

2213 3559 2333 3613 pag.
2379 3539 2523 3613 182).
2578 3540 2845 3610 Scriptum
2880 3555 3092 3612 quoque
3118 3540 3186 3594 ab
3212 3540 3539 3613 Hieronymo
3578 3541 3808 3612 legimus

2211 3635 2580 3708 (Hieronymo.
2615 3635 2703 3689 lib.
2728 3635 2769 3689 l.
2798 3635 2913 3688 adv.
2943 3635 3118 3690 Jovin.
3147 3651 3268 3706 pag.
3304 3634 3427 3704 146)
3458 3653 3470 3689 :
3495 3632 3804 3690 Centesimus

2213 3745 2458 3782 numerus
2485 3728 2548 3782 de
2568 3728 2771 3784 sinistra
2803 3731 3110 3799 transfertur
3131 3727 3199 3780 ad
3225 3727 3481 3782 dexteram
3505 3769 3520 3791 ,
3548 3737 3597 3780 et
3621 3726 3802 3780 iisdem

2212 3820 2413 3892 quidem
2443 3820 2618 3892 digitis
2643 3860 2659 3885 ,
2687 3820 2776 3873 sed
2803 3836 2903 3872 non
2934 3818 3110 3872 eadem
3151 3835 3336 3884 manu,
3381 3817 3556 3888 quibus
3597 3819 3650 3872 in
3676 3818 3806 3873 lteva

2213 3923 2387 3982 nuptm
2412 3912 2767 3982 signiﬁcantur
2806 3921 2855 3964 et
2884 3910 3050 3965 vidua:
3073 3953 3088 3976 ,
3128 3911 3373 3964 circulum
3419 3912 3610 3983 faciens
3637 3911 3810 3980 expri-

2214 4008 2303 4060 mit
2330 4004 2632 4076 virginitatis
2659 4021 2920 4059 coronam.
2941 4007 3008 4059 At
3035 4005 3191 4073 longe
3221 4013 3378 4058 antea
3409 4004 3688 4075 Apuleius,
3717 4006 3810 4061 ubi

2213 4100 2282 4155 de
2327 4097 2636 4154 Pudentilla:
2689 4107 2848 4152 mlale
2923 4097 3158 4167 disputat
3208 4097 3386 4169 (Apul.
3436 4098 3705 4170 Apologet.
3751 4100 3808 4155 2.

2216 4201 2328 4262 post
2357 4190 2490 4243 med.
2528 4206 2647 4260 pag.
2679 4189 2808 4261 575)
2850 4207 2864 4243 :
2899 4187 2960 4244 Si
2991 4190 3196 4260 triginta
3234 4206 3430 4254 annos,
3480 4191 3689 4260 inquit,
3718 4208 3811 4261 pro

2216 4284 2386 4337 decem
2412 4281 2625 4335 dixisses
2646 4321 2658 4344 ,
2713 4298 2883 4351 posses
2910 4281 3068 4335 videri
3119 4298 3209 4351 pro
3238 4282 3631 4352 computationis
3669 4291 3809 4354 gestu

2216 4392 2412 4433 errasse
2435 4418 2450 4442 ,
2473 4391 2600 4446 quas
2629 4374 2880 4429 circulare
2910 4375 3142 4430 debueris
3167 4374 3355 4445 digitos
3375 4377 3658 4446 aperuisse.
3679 4377 3808 4433 Cum

2216 4485 2331 4524 vero
2356 4467 2696 4540 quadraginta
2723 4482 2836 4537 quin
2874 4467 3081 4539 facilius
3133 4467 3330 4521 cceteris
3359 4477 3593 4538 porrecta
3640 4468 3810 4538 palma

516 4557 638 4626 gula
667 4557 878 4612 illorum
913 4560 1214 4614 testimonia
1247 4561 1350 4616 hoc
1398 4565 1448 4616 in
1494 4563 1634 4618 libro
1663 4565 1974 4624 describere
2000 4611 2014 4632 ,
2056 4572 2107 4624 in

2218 4563 2591 4634 significantur,
2614 4577 2672 4615 ea
2697 4559 3037 4631 quadraginta
3065 4569 3118 4612 tu
3140 4559 3352 4614 dimidia
3376 4576 3552 4632 auges,
3584 4577 3687 4616 nan
3717 4577 3814 4632 pa-

516 4665 624 4720 quo
654 4649 899 4706 brevitati
926 4654 1230 4708 consultum
1257 4670 1377 4709 esse
1402 4655 1634 4712 volebat.
1675 4658 1728 4714 Si
1758 4660 1878 4728 quis
1932 4669 2110 4716 tamen

518 4742 648 4796 illud
681 4743 996 4813 quibusdam
1020 4747 1210 4800 saltem
1239 4747 1548 4804 confirmari
1579 4751 1834 4820 postulet,
1866 4753 1911 4807 is
1935 4754 2113 4809 audiat

517 4834 871 4906 Theophilum
908 4837 1204 4909 (Theaphil.
1233 4840 1470 4896 Antioch.
1519 4843 1634 4898 libr.
1665 4843 1750 4898 ΙΙΙ.
1774 4845 1841 4898 ad
1868 4845 2109 4919 Autolyc.

517 4945 639 4999 pag.
668 4929 770 4984 152
800 4937 846 4983 et
869 4948 1006 5003 seqq.
1039 4933 1057 5003 )
1092 4934 1483 4989 Autiochenum
1511 4937 1588 4991 sic
1609 4947 2071 5008 argumentantem
2095 4960 2108 4995 :

518 5021 748 5076 Ultimus
771 5063 786 5087 ,
834 5024 1005 5094 inquit
1034 5065 1049 5087 ,
1083 5025 1468 5095 Prophetarum
1495 5028 1782 5084 Zacharias
1811 5041 2063 5087 censetur
2095 5075 2112 5100 ,

515 5111 606 5180 qui
642 5119 890 5182 tempora
915 5114 1056 5168 Darii
1097 5116 1238 5184 regis
1259 5117 1454 5186 attigit.
1489 5118 1657 5173 Solon
1705 5129 1884 5175 autem
1936 5121 2113 5177 Athe-

514 5203 720 5258 niensis
750 5205 1156 5274 antiquissimus
1182 5207 1459 5278 legislator
1485 5217 1728 5279 tempore
1770 5226 1956 5282 regum
1982 5213 2111 5285 Cyri

513 5304 570 5350 et
614 5295 754 5350 Darii
797 5296 996 5352 vixisse
1043 5297 1374 5368 perhibetur.
1417 5298 1610 5355 Caeteri
1658 5316 1786 5373 ergo
1835 5303 2112 5374 propheta:

512 5387 634 5444 aliis
657 5388 1056 5458 legislatoribus
1078 5391 1398 5447 vetustiores
1425 5401 1553 5448 sunt
1579 5433 1595 5459 ,
1627 5401 1681 5448 et
1723 5397 1893 5450 multo
1940 5397 2110 5468 magis

508 5481 752 5553 Moyses,
794 5483 884 5553 qui
924 5494 1050 5540 ante
1087 5484 1275 5541 Jovem
1321 5485 1638 5544 Cretensem
1686 5498 1844 5560 atque
1883 5491 2057 5560 ipsum
2090 5531 2105 5556 ,

509 5586 568 5629 ut
591 5576 826 5632 diximus
851 5617 866 5640 ,
895 5577 1183 5646 Trojanum
1227 5579 1422 5634 bellum
1453 5579 1650 5635 ﬂoruit.
1692 5581 1803 5637 Nec
1830 5583 1879 5636 id
1906 5584 2108 5642 dixisse

506 5667 636 5720 satis
658 5668 961 5736 Theophila
979 5669 1094 5736 fuit,
1120 5670 1213 5724 sed
1232 5672 1470 5728 exhibita
1493 5674 1565 5730 ibi
1598 5676 1916 5732 brevissima
1941 5678 2105 5734 chro-

507 5755 720 5826 nologia
749 5758 1124 5816 demonstrare
1152 5762 1367 5819 uititutr.

2221 4664 2292 4708 tes
2322 4654 2596 4724 digitorum
2618 4662 2760 4723 gestu
2788 4667 2984 4706 errasse
3006 4693 3021 4717 ,
3046 4650 3146 4704 nisi
3167 4652 3298 4722 forte
3327 4651 3536 4722 triginta
3561 4668 3812 4706 annorum

2226 4744 2572 4801 Pudentillam
2594 4754 2735 4798 ratus
2759 4786 2775 4812 ,
2805 4745 2948 4798 binas
2997 4745 3243 4816 cujusque
3280 4745 3404 4798 anni
3458 4747 3693 4801 consules
3718 4760 3814 4799 nu-

2218 4839 2442 4892 merasti.
2469 4837 2832 4892 Tertullianus
2858 4837 3037 4906 itaque
3087 4837 3354 4908 signiticat
3377 4851 3514 4908 opus
3558 4852 3680 4892 esse
3710 4852 3816 4892 ma-

2213 4933 2316 5004 jori
2347 4933 2459 4987 otio
2482 4973 2496 4997 ,
2529 4941 2584 4986 et
2610 4931 2834 5001 longiori
2857 4931 2926 4984 ab
2955 4931 3197 4985 instituto
3219 4929 3668 5000 snodigrcssione
3691 4972 3704 4995 ,
3754 4936 3812 4983 ut

2217 5026 2324 5078 illis
2348 5023 2635 5094 digitorum
2666 5023 2906 5091 gesﬁbus
2931 5032 3061 5076 mtas
3117 5031 3196 5076 tot
3242 5023 3564 5093 scriptorum
3589 5036 3651 5076 ac
3682 5036 3811 5093 pro-

2219 5115 2501 5187 pltetarum
2538 5122 2900 5184 computetur.

2290 5211 2378 5274 At,
2408 5216 2604 5278 przeter
2632 5207 2769 5262 hanc
2787 5207 3028 5276 aliasque
3068 5223 3240 5264 annos
3277 5207 3650 5266 dinumerandi
3673 5207 3814 5264 dim-

2216 5301 2442 5358 cultates
2498 5299 2854 5372 (Tertullian.
2899 5299 3164 5371 Apologet.
3223 5317 3340 5372 cap.
3390 5303 3456 5358 19
3489 5302 3507 5373 )
3537 5344 3551 5367 ,
3603 5300 3818 5356 σπερο-

2216 5411 2330 5448 rum
2373 5395 2560 5457 etiam,
2595 5393 2671 5446 ait
2707 5391 2816 5459 ille,
2845 5392 3105 5447 censuales
3147 5395 3461 5465 conferendi.
3488 5395 3658 5451 Nemo
3687 5409 3818 5450 sane

2217 5502 2323 5541 non
2375 5484 2518 5540 videt
2560 5483 2630 5539 ibi
2687 5499 2884 5540 nomen
2951 5484 3069 5538 libri
3125 5485 3209 5539 vel
3255 5488 3451 5541 codices
3517 5486 3817 5542 subaudiri.

2215 5581 2504 5636 Censuales
2553 5588 2731 5634 autem
2759 5592 2853 5633 eos
2905 5587 3062 5634 vocat
3099 5578 3303 5643 libros,
3356 5581 3408 5634 in
3455 5582 3652 5651 quibus
3697 5591 3814 5638 acta

2212 5683 2266 5728 et
2311 5689 2490 5728 rerum
2537 5682 2807 5743 gestarum
2863 5673 3084 5728 annales
3142 5687 3172 5726 a
3246 5673 3440 5728 scribis
3489 5684 3545 5730 et
3594 5675 3819 5730 notariis

2214 5768 2441 5840 publicis
2464 5811 2479 5838 ,
2513 5769 2598 5825 vel
2635 5768 2756 5826 aliis
2783 5769 3049 5842 descripta
3069 5777 3241 5836 erant.
3281 5769 3390 5826 Nos
3439 5784 3570 5826 vero
3595 5769 3696 5825 bos
3747 5768 3819 5822 li-
