  <div class='ocr_page' id='page_1' title='image "/cluster/home/n/w/nwhite01/storage/ocr_20150623/1/hvd.32044054128335/422.png"; bbox 0 0 4240 6262; ppageno 0'>
   <div class='ocr_carea' id='block_1_1' title="bbox 409 236 522 299">
    <p class='ocr_par' dir='ltr' id='par_1_1' title="bbox 409 236 522 299">
     <span class='ocr_line' id='line_1_1' title="bbox 409 236 522 299; baseline 0.018 -3"><span class='ocrx_word' id='word_1_1' title='bbox 409 236 522 299; x_wconf 73' lang='lat'><strong>80!</strong></span> 
     </span>
    </p>
   </div>
   <div class='ocr_carea' id='block_1_2' title="bbox 1546 235 2578 300">
    <p class='ocr_par' dir='ltr' id='par_1_2' title="bbox 1546 235 2578 300">
     <span class='ocr_line' id='line_1_2' title="bbox 1546 235 2578 300; baseline 0.006 -5"><span class='ocrx_word' id='word_1_2' title='bbox 1546 235 2001 297; x_wconf 80' lang='lat' dir='ltr'><strong>DlSSERTATlO</strong></span> <span class='ocrx_word' id='word_1_3' title='bbox 2037 237 2101 295; x_wconf 91' lang='lat' dir='ltr'><strong>D.</strong></span> <span class='ocrx_word' id='word_1_4' title='bbox 2141 238 2230 296; x_wconf 88' lang='lat' dir='ltr'><strong>LE</strong></span> <span class='ocrx_word' id='word_1_5' title='bbox 2269 239 2578 300; x_wconf 78' lang='lat' dir='ltr'><strong>NOURRY.</strong></span> 
     </span>
    </p>
   </div>
   <div class='ocr_carea' id='block_1_3' title="bbox 3617 252 3731 316">
    <p class='ocr_par' dir='ltr' id='par_1_3' title="bbox 3617 252 3731 316">
     <span class='ocr_line' id='line_1_3' title="bbox 3617 252 3731 316; baseline 0.053 -6"><span class='ocrx_word' id='word_1_6' title='bbox 3617 252 3731 316; x_wconf 61' lang='lat'><strong>802</strong></span> 
     </span>
    </p>
   </div>
   <div class='ocr_carea' id='block_1_4' title="bbox 413 354 3723 435">
    <p class='ocr_par' dir='ltr' id='par_1_4' title="bbox 413 354 3723 435">
     <span class='ocr_line' id='line_1_4' title="bbox 413 354 3723 435; baseline 0.004 -23"><span class='ocrx_word' id='word_1_7' title='bbox 413 356 542 413; x_wconf 85' lang='lat' dir='ltr'><strong>hros</strong></span> <span class='ocrx_word' id='word_1_8' title='bbox 565 397 582 423; x_wconf 89' lang='lat'><strong>,</strong></span> <span class='ocrx_word' id='word_1_9' title='bbox 623 355 781 423; x_wconf 89' lang='lat' dir='ltr'><strong>diari,</strong></span> <span class='ocrx_word' id='word_1_10' title='bbox 814 362 902 411; x_wconf 90' lang='lat' dir='ltr'><strong>eta</strong></span> <span class='ocrx_word' id='word_1_11' title='bbox 928 355 1099 426; x_wconf 84' lang='lat' dir='ltr'><strong>magis</strong></span> <span class='ocrx_word' id='word_1_12' title='bbox 1127 354 1334 428; x_wconf 83' lang='lat' dir='ltr'><strong>vulgari</strong></span> <span class='ocrx_word' id='word_1_13' title='bbox 1364 355 1585 413; x_wconf 87' lang='lat' dir='ltr'><strong>nomine</strong></span> <span class='ocrx_word' id='word_1_14' title='bbox 1634 355 1844 429; x_wconf 87' lang='lat' dir='ltr'><strong>publica</strong></span> <span class='ocrx_word' id='word_1_15' title='bbox 1875 355 2012 411; x_wconf 87' lang='lat' dir='ltr'><strong>scri-</strong></span> <span class='ocrx_word' id='word_1_16' title='bbox 2039 358 2094 418; x_wconf 83' lang='grc' dir='ltr'><strong>Λ</strong></span> <span class='ocrx_word' id='word_1_17' title='bbox 2119 356 2357 414; x_wconf 75' lang='lat' dir='ltr'><strong>motibus</strong></span> <span class='ocrx_word' id='word_1_18' title='bbox 2397 369 2452 414; x_wconf 90' lang='lat' dir='ltr'><strong>et</strong></span> <span class='ocrx_word' id='word_1_19' title='bbox 2495 359 2727 417; x_wconf 76' lang='lat' dir='ltr'><strong>hiatibus</strong></span> <span class='ocrx_word' id='word_1_20' title='bbox 2769 361 2929 418; x_wconf 90' lang='lat' dir='ltr'><strong>urbes</strong></span> <span class='ocrx_word' id='word_1_21' title='bbox 2972 362 3242 435; x_wconf 64' lang='lat' dir='ltr'><strong>absorpta</strong></span> <span class='ocrx_word' id='word_1_22' title='bbox 3269 379 3333 422; x_wconf 93' lang='lat' dir='ltr'><strong>ac</strong></span> <span class='ocrx_word' id='word_1_23' title='bbox 3359 376 3562 424; x_wconf 73' lang='lat' dir='ltr'><strong>voratae</strong></span> <span class='ocrx_word' id='word_1_24' title='bbox 3592 377 3723 426; x_wconf 90' lang='lat' dir='ltr'><strong>sunt</strong></span> 
     </span>
    </p>
   </div>
   <div class='ocr_carea' id='block_1_5' title="bbox 411 450 1282 520">
    <p class='ocr_par' dir='ltr' id='par_1_5' title="bbox 411 450 1282 520">
     <span class='ocr_line' id='line_1_5' title="bbox 411 450 1282 520; baseline -0.002 -14"><span class='ocrx_word' id='word_1_25' title='bbox 411 450 602 506; x_wconf 83' lang='lat' dir='ltr'><strong>barum</strong></span> <span class='ocrx_word' id='word_1_26' title='bbox 631 450 858 520; x_wconf 89' lang='lat' dir='ltr'><strong>registra</strong></span> <span class='ocrx_word' id='word_1_27' title='bbox 888 464 1282 518; x_wconf 83' lang='lat' dir='ltr'><strong>nuncupanuts.</strong></span> 
     </span>
    </p>
   </div>
   <div class='ocr_carea' id='block_1_6' title="bbox 483 539 2012 612">
    <p class='ocr_par' dir='ltr' id='par_1_6' title="bbox 483 539 2012 612">
     <span class='ocr_line' id='line_1_6' title="bbox 483 539 2012 612; baseline 0.002 -18"><span class='ocrx_word' id='word_1_28' title='bbox 483 539 771 606; x_wconf 67' lang='lat' dir='ltr'><strong>Craterum,</strong></span> <span class='ocrx_word' id='word_1_29' title='bbox 801 543 1013 596; x_wconf 80' lang='lat' dir='ltr'><strong>tametsi</strong></span> <span class='ocrx_word' id='word_1_30' title='bbox 1041 540 1400 597; x_wconf 89' lang='lat' dir='ltr'><strong>Tertulliauus</strong></span> <span class='ocrx_word' id='word_1_31' title='bbox 1451 550 1530 598; x_wconf 88' lang='lat' dir='ltr'><strong>tot</strong></span> <span class='ocrx_word' id='word_1_32' title='bbox 1558 540 1624 598; x_wconf 88' lang='lat' dir='ltr'><strong>ad</strong></span> <span class='ocrx_word' id='word_1_33' title='bbox 1678 540 2012 612; x_wconf 89' lang='lat' dir='ltr'><strong>probandam</strong></span> 
     </span>
    </p>
   </div>
   <div class='ocr_carea' id='block_1_7' title="bbox 411 631 2015 705">
    <p class='ocr_par' dir='ltr' id='par_1_7' title="bbox 411 631 2015 705">
     <span class='ocr_line' id='line_1_7' title="bbox 411 631 2015 705; baseline 0.002 -17"><span class='ocrx_word' id='word_1_34' title='bbox 411 646 581 688; x_wconf 72' lang='lat' dir='ltr'><strong>sacra:</strong></span> <span class='ocrx_word' id='word_1_35' title='bbox 602 631 894 703; x_wconf 84' lang='lat' dir='ltr'><strong>Scripturae</strong></span> <span class='ocrx_word' id='word_1_36' title='bbox 915 634 1286 704; x_wconf 91' lang='lat' dir='ltr'><strong>antiquitatem</strong></span> <span class='ocrx_word' id='word_1_37' title='bbox 1313 645 1628 705; x_wconf 84' lang='lat' dir='ltr'><strong>argumenta</strong></span> <span class='ocrx_word' id='word_1_38' title='bbox 1656 636 1892 691; x_wconf 87' lang='lat' dir='ltr'><strong>breviter</strong></span> <span class='ocrx_word' id='word_1_39' title='bbox 1921 651 2015 691; x_wconf 81' lang='lat' dir='ltr'><strong>ex-</strong></span> 
     </span>
    </p>
   </div>
   <div class='ocr_carea' id='block_1_8' title="bbox 415 725 2014 797">
    <p class='ocr_par' dir='ltr' id='par_1_8' title="bbox 415 725 2014 797">
     <span class='ocr_line' id='line_1_8' title="bbox 415 725 2014 797; baseline 0.002 -17"><span class='ocrx_word' id='word_1_40' title='bbox 415 725 686 795; x_wconf 90' lang='lat' dir='ltr'><strong>posuerit,</strong></span> <span class='ocrx_word' id='word_1_41' title='bbox 718 725 960 795; x_wconf 76' lang='lat' dir='ltr'><strong>quisquis</strong></span> <span class='ocrx_word' id='word_1_42' title='bbox 987 734 1165 782; x_wconf 89' lang='lat' dir='ltr'><strong>tamen</strong></span> <span class='ocrx_word' id='word_1_43' title='bbox 1199 726 1414 781; x_wconf 90' lang='lat' dir='ltr'><strong>illorum</strong></span> <span class='ocrx_word' id='word_1_44' title='bbox 1442 727 1651 797; x_wconf 91' lang='lat' dir='ltr'><strong>pondus</strong></span> <span class='ocrx_word' id='word_1_45' title='bbox 1675 736 1731 783; x_wconf 93' lang='lat' dir='ltr'><strong>et</strong></span> <span class='ocrx_word' id='word_1_46' title='bbox 1762 727 1927 782; x_wconf 90' lang='lat' dir='ltr'><strong>robur</strong></span> <span class='ocrx_word' id='word_1_47' title='bbox 1953 742 2014 783; x_wconf 86' lang='lat' dir='ltr'><strong>se</strong></span> 
     </span>
    </p>
   </div>
   <div class='ocr_carea' id='block_1_9' title="bbox 415 815 2014 890">
    <p class='ocr_par' dir='ltr' id='par_1_9' title="bbox 415 815 2014 890">
     <span class='ocr_line' id='line_1_9' title="bbox 415 815 2014 890; baseline 0.004 -20"><span class='ocrx_word' id='word_1_48' title='bbox 415 815 714 888; x_wconf 90' lang='lat' dir='ltr'><strong>intelligere</strong></span> <span class='ocrx_word' id='word_1_49' title='bbox 742 827 942 888; x_wconf 88' lang='lat' dir='ltr'><strong>negat,</strong></span> <span class='ocrx_word' id='word_1_50' title='bbox 973 819 1018 873; x_wconf 92' lang='lat' dir='ltr'><strong>is</strong></span> <span class='ocrx_word' id='word_1_51' title='bbox 1048 834 1110 873; x_wconf 91' lang='lat' dir='ltr'><strong>se</strong></span> <span class='ocrx_word' id='word_1_52' title='bbox 1131 819 1308 890; x_wconf 90' lang='lat' dir='ltr'><strong>ipsum</strong></span> <span class='ocrx_word' id='word_1_53' title='bbox 1352 834 1626 876; x_wconf 70' lang='lat' dir='ltr'><strong>occatcare</strong></span> <span class='ocrx_word' id='word_1_54' title='bbox 1658 820 1894 877; x_wconf 90' lang='lat' dir='ltr'><strong>voluisse</strong></span> <span class='ocrx_word' id='word_1_55' title='bbox 1935 822 2014 876; x_wconf 90' lang='lat' dir='ltr'><strong>vi-</strong></span> 
     </span>
    </p>
   </div>
   <div class='ocr_carea' id='block_1_10' title="bbox 412 907 2012 984">
    <p class='ocr_par' dir='ltr' id='par_1_10' title="bbox 412 907 2012 984">
     <span class='ocr_line' id='line_1_10' title="bbox 412 907 2012 984; baseline 0.004 -21"><span class='ocrx_word' id='word_1_56' title='bbox 412 907 588 964; x_wconf 92' lang='lat' dir='ltr'><strong>detur.</strong></span> <span class='ocrx_word' id='word_1_57' title='bbox 624 909 964 981; x_wconf 83' lang='lat' dir='ltr'><strong>Quapropter</strong></span> <span class='ocrx_word' id='word_1_58' title='bbox 995 920 1160 966; x_wconf 91' lang='lat' dir='ltr'><strong>totam</strong></span> <span class='ocrx_word' id='word_1_59' title='bbox 1203 913 1343 968; x_wconf 91' lang='lat' dir='ltr'><strong>hanc</strong></span> <span class='ocrx_word' id='word_1_60' title='bbox 1369 911 1786 984; x_wconf 84' lang='lat' dir='ltr'><strong>disputationem</strong></span> <span class='ocrx_word' id='word_1_61' title='bbox 1819 914 2012 970; x_wconf 88' lang='lat' dir='ltr'><strong>melius</strong></span> 
     </span>
    </p>
   </div>
   <div class='ocr_carea' id='block_1_11' title="bbox 411 1001 2012 1076">
    <p class='ocr_par' dir='ltr' id='par_1_11' title="bbox 411 1001 2012 1076">
     <span class='ocr_line' id='line_1_11' title="bbox 411 1001 2012 1076; baseline 0.002 -19"><span class='ocrx_word' id='word_1_62' title='bbox 411 1001 689 1058; x_wconf 83' lang='lat' dir='ltr'><strong>absolvere</strong></span> <span class='ocrx_word' id='word_1_63' title='bbox 716 1018 822 1058; x_wconf 92' lang='lat' dir='ltr'><strong>non</strong></span> <span class='ocrx_word' id='word_1_64' title='bbox 855 1017 1140 1074; x_wconf 88' lang='lat' dir='ltr'><strong>possumus</strong></span> <span class='ocrx_word' id='word_1_65' title='bbox 1167 1046 1180 1069; x_wconf 91' lang='lat'><strong>,</strong></span> <span class='ocrx_word' id='word_1_66' title='bbox 1204 1020 1366 1074; x_wconf 90' lang='lat' dir='ltr'><strong>quam</strong></span> <span class='ocrx_word' id='word_1_67' title='bbox 1394 1005 1477 1059; x_wconf 92' lang='lat' dir='ltr'><strong>his</strong></span> <span class='ocrx_word' id='word_1_68' title='bbox 1507 1005 1673 1075; x_wconf 90' lang='lat' dir='ltr'><strong>ipsius</strong></span> <span class='ocrx_word' id='word_1_69' title='bbox 1699 1005 1763 1060; x_wconf 88' lang='lat' dir='ltr'><strong>ad</strong></span> <span class='ocrx_word' id='word_1_70' title='bbox 1783 1005 2012 1076; x_wconf 82' lang='lat' dir='ltr'><strong>gentiles</strong></span> 
     </span>
    </p>
   </div>
   <div class='ocr_carea' id='block_1_12' title="bbox 409 1077 2007 1167">
    <p class='ocr_par' dir='ltr' id='par_1_12' title="bbox 409 1077 2007 1167">
     <span class='ocr_line' id='line_1_12' title="bbox 409 1077 2007 1167; baseline 0.002 -17"><span class='ocrx_word' id='word_1_71' title='bbox 409 1093 516 1150; x_wconf 88' lang='lat' dir='ltr'><strong>alio</strong></span> <span class='ocrx_word' id='word_1_72' title='bbox 545 1095 598 1149; x_wconf 91' lang='lat' dir='ltr'><strong>in</strong></span> <span class='ocrx_word' id='word_1_73' title='bbox 648 1093 786 1150; x_wconf 90' lang='lat' dir='ltr'><strong>libro</strong></span> <span class='ocrx_word' id='word_1_74' title='bbox 813 1095 992 1151; x_wconf 81' lang='lat' dir='ltr'><strong>verbis</strong></span> <span class='ocrx_word' id='word_1_75' title='bbox 1045 1094 1288 1167; x_wconf 78' lang='lat' dir='ltr'><strong>(Tertull.</strong></span> <span class='ocrx_word' id='word_1_76' title='bbox 1346 1095 1435 1150; x_wconf 87' lang='lat' dir='ltr'><strong>lib.</strong></span> <span class='ocrx_word' id='word_1_77' title='bbox 1483 1098 1548 1152; x_wconf 89' lang='lat' dir='ltr'><strong>de</strong></span> <span class='ocrx_word' id='word_1_78' title='bbox 1590 1077 1795 1152; x_wconf 67' lang='lat' dir='ltr'><strong>Testim.</strong></span> <span class='ocrx_word' id='word_1_79' title='bbox 1844 1098 2007 1154; x_wconf 87' lang='lat' dir='ltr'><strong>anim.</strong></span> 
     </span>
    </p>
   </div>
   <div class='ocr_carea' id='block_1_13' title="bbox 408 1193 2011 1266">
    <p class='ocr_par' dir='ltr' id='par_1_13' title="bbox 408 1193 2011 1266">
     <span class='ocr_line' id='line_1_13' title="bbox 408 1193 2011 1266; baseline -0.001 -16"><span class='ocrx_word' id='word_1_80' title='bbox 408 1211 526 1260; x_wconf 85' lang='lat' dir='ltr'><strong>cap.</strong></span> <span class='ocrx_word' id='word_1_81' title='bbox 587 1193 669 1265; x_wconf 91' lang='lat'><strong>5)</strong></span> <span class='ocrx_word' id='word_1_82' title='bbox 725 1212 740 1250; x_wconf 86' lang='lat'>:</span> <span class='ocrx_word' id='word_1_83' title='bbox 790 1195 855 1248; x_wconf 83' lang='lat' dir='ltr'><strong>At</strong></span> <span class='ocrx_word' id='word_1_84' title='bbox 901 1201 1036 1249; x_wconf 77' lang='lat' dir='ltr'><strong>enim</strong></span> <span class='ocrx_word' id='word_1_85' title='bbox 1104 1211 1221 1248; x_wconf 90' lang='lat' dir='ltr'><strong>cum</strong></span> <span class='ocrx_word' id='word_1_86' title='bbox 1278 1194 1464 1250; x_wconf 78' lang='lat' dir='ltr'><strong>divina:</strong></span> <span class='ocrx_word' id='word_1_87' title='bbox 1515 1195 1827 1266; x_wconf 74' lang='lat' dir='ltr'><strong>Scriptum,</strong></span> <span class='ocrx_word' id='word_1_88' title='bbox 1896 1211 2011 1265; x_wconf 80' lang='lat' dir='ltr'><strong>qua:</strong></span> 
     </span>
    </p>
   </div>
   <div class='ocr_carea' id='block_1_14' title="bbox 409 1287 2009 1359">
    <p class='ocr_par' dir='ltr' id='par_1_14' title="bbox 409 1287 2009 1359">
     <span class='ocr_line' id='line_1_14' title="bbox 409 1287 2009 1359; baseline 0.001 -16"><span class='ocrx_word' id='word_1_89' title='bbox 409 1304 560 1358; x_wconf 84' lang='lat' dir='ltr'><strong>penes</strong></span> <span class='ocrx_word' id='word_1_90' title='bbox 581 1304 703 1357; x_wconf 88' lang='lat' dir='ltr'><strong>nos,</strong></span> <span class='ocrx_word' id='word_1_91' title='bbox 734 1288 814 1343; x_wconf 90' lang='lat' dir='ltr'><strong>vel</strong></span> <span class='ocrx_word' id='word_1_92' title='bbox 836 1287 1049 1343; x_wconf 68' lang='lat' dir='ltr'><strong>Iudaeos</strong></span> <span class='ocrx_word' id='word_1_93' title='bbox 1077 1299 1194 1343; x_wconf 90' lang='lat' dir='ltr'><strong>sunt</strong></span> <span class='ocrx_word' id='word_1_94' title='bbox 1221 1330 1236 1352; x_wconf 93' lang='lat'><strong>,</strong></span> <span class='ocrx_word' id='word_1_95' title='bbox 1268 1289 1322 1343; x_wconf 88' lang='lat' dir='ltr'><strong>in</strong></span> <span class='ocrx_word' id='word_1_96' title='bbox 1342 1305 1556 1359; x_wconf 89' lang='lat' dir='ltr'><strong>quorum</strong></span> <span class='ocrx_word' id='word_1_97' title='bbox 1584 1289 1696 1344; x_wconf 88' lang='lat' dir='ltr'><strong>olea</strong></span> <span class='ocrx_word' id='word_1_98' title='bbox 1717 1301 1764 1344; x_wconf 90' lang='lat' dir='ltr'><strong>et</strong></span> <span class='ocrx_word' id='word_1_99' title='bbox 1790 1290 2009 1345; x_wconf 77' lang='lat' dir='ltr'><strong>oleastro</strong></span> 
     </span>
    </p>
   </div>
   <div class='ocr_carea' id='block_1_15' title="bbox 405 1369 2009 1447">
    <p class='ocr_par' dir='ltr' id='par_1_15' title="bbox 405 1369 2009 1447">
     <span class='ocr_line' id='line_1_15' title="bbox 405 1369 2009 1447; baseline 0.001 -12"><span class='ocrx_word' id='word_1_100' title='bbox 405 1379 546 1436; x_wconf 84' lang='lat' dir='ltr'><strong>insiti</strong></span> <span class='ocrx_word' id='word_1_101' title='bbox 566 1396 782 1447; x_wconf 87' lang='lat' dir='ltr'><strong>sumus,</strong></span> <span class='ocrx_word' id='word_1_102' title='bbox 834 1382 995 1436; x_wconf 88' lang='lat' dir='ltr'><strong>multo</strong></span> <span class='ocrx_word' id='word_1_103' title='bbox 1041 1381 1372 1436; x_wconf 76' lang='lat' dir='ltr'><strong>stecularibns</strong></span> <span class='ocrx_word' id='word_1_104' title='bbox 1423 1369 1610 1436; x_wconf 77' lang='lat' dir='ltr'><strong>litteris</strong></span> <span class='ocrx_word' id='word_1_105' title='bbox 1651 1398 1754 1436; x_wconf 88' lang='lat' dir='ltr'><strong>non</strong></span> <span class='ocrx_word' id='word_1_106' title='bbox 1805 1381 2009 1437; x_wconf 89' lang='lat' dir='ltr'><strong>ntodica</strong></span> 
     </span>
    </p>
   </div>
   <div class='ocr_carea' id='block_1_16' title="bbox 407 1475 2008 1546">
    <p class='ocr_par' dir='ltr' id='par_1_16' title="bbox 407 1475 2008 1546">
     <span class='ocr_line' id='line_1_16' title="bbox 407 1475 2008 1546; baseline -0.001 -14"><span class='ocrx_word' id='word_1_107' title='bbox 407 1484 608 1532; x_wconf 85' lang='lat' dir='ltr'><strong>tantum</strong></span> <span class='ocrx_word' id='word_1_108' title='bbox 632 1485 782 1532; x_wconf 77' lang='lat' dir='ltr'><strong>a&#39;tate</strong></span> <span class='ocrx_word' id='word_1_109' title='bbox 800 1475 975 1546; x_wconf 86' lang='lat' dir='ltr'><strong>aliqua</strong></span> <span class='ocrx_word' id='word_1_110' title='bbox 1000 1475 1301 1530; x_wconf 88' lang='lat' dir='ltr'><strong>antecedant</strong></span> <span class='ocrx_word' id='word_1_111' title='bbox 1326 1517 1340 1542; x_wconf 94' lang='lat'><strong>,</strong></span> <span class='ocrx_word' id='word_1_112' title='bbox 1370 1484 1426 1532; x_wconf 89' lang='lat' dir='ltr'><strong>ut</strong></span> <span class='ocrx_word' id='word_1_113' title='bbox 1465 1476 1575 1530; x_wconf 91' lang='lat' dir='ltr'><strong>loco</strong></span> <span class='ocrx_word' id='word_1_114' title='bbox 1601 1492 1692 1530; x_wconf 88' lang='lat' dir='ltr'><strong>suo</strong></span> <span class='ocrx_word' id='word_1_115' title='bbox 1713 1476 2008 1531; x_wconf 89' lang='lat' dir='ltr'><strong>edocuimus</strong></span> 
     </span>
    </p>
   </div>
   <div class='ocr_carea' id='block_1_17' title="bbox 405 1567 2005 1638">
    <p class='ocr_par' dir='ltr' id='par_1_17' title="bbox 405 1567 2005 1638">
     <span class='ocr_line' id='line_1_17' title="bbox 405 1567 2005 1638; baseline 0 -16"><span class='ocrx_word' id='word_1_116' title='bbox 405 1569 478 1622; x_wconf 89' lang='lat' dir='ltr'><strong>ad</strong></span> <span class='ocrx_word' id='word_1_117' title='bbox 497 1569 653 1638; x_wconf 80' lang='lat' dir='ltr'><strong>ﬁdem</strong></span> <span class='ocrx_word' id='word_1_118' title='bbox 700 1585 877 1623; x_wconf 89' lang='lat' dir='ltr'><strong>earum</strong></span> <span class='ocrx_word' id='word_1_119' title='bbox 903 1567 1353 1622; x_wconf 88' lang='lat' dir='ltr'><strong>demonstrandam</strong></span> <span class='ocrx_word' id='word_1_120' title='bbox 1383 1584 1404 1622; x_wconf 90' lang='lat'><strong><em>:</em></strong></span> <span class='ocrx_word' id='word_1_121' title='bbox 1430 1567 1523 1621; x_wconf 90' lang='lat' dir='ltr'><strong>etsi</strong></span> <span class='ocrx_word' id='word_1_122' title='bbox 1563 1568 1672 1621; x_wconf 76' lang='lat' dir='ltr'><strong>[nec</strong></span> <span class='ocrx_word' id='word_1_123' title='bbox 1709 1567 1911 1636; x_wconf 88' lang='lat' dir='ltr'><strong>eloquia</strong></span> <span class='ocrx_word' id='word_1_124' title='bbox 1941 1568 2005 1622; x_wconf 90' lang='lat' dir='ltr'><strong>de</strong></span> 
     </span>
    </p>
   </div>
   <div class='ocr_carea' id='block_1_18' title="bbox 404 1660 2004 1732">
    <p class='ocr_par' dir='ltr' id='par_1_18' title="bbox 404 1660 2004 1732">
     <span class='ocr_line' id='line_1_18' title="bbox 404 1660 2004 1732; baseline 0.001 -18"><span class='ocrx_word' id='word_1_125' title='bbox 404 1661 590 1715; x_wconf 89' lang='lat' dir='ltr'><strong>litteris</strong></span> <span class='ocrx_word' id='word_1_126' title='bbox 610 1662 874 1732; x_wconf 86' lang='lat' dir='ltr'><strong>usurpavit</strong></span> <span class='ocrx_word' id='word_1_127' title='bbox 919 1661 1094 1714; x_wconf 86' lang='lat' dir='ltr'><strong>anima</strong></span> <span class='ocrx_word' id='word_1_128' title='bbox 1119 1700 1133 1722; x_wconf 89' lang='lat'><strong>,</strong></span> <span class='ocrx_word' id='word_1_129' title='bbox 1166 1660 1338 1731; x_wconf 82' lang='lat' dir='ltr'><strong>utique</strong></span> <span class='ocrx_word' id='word_1_130' title='bbox 1362 1660 1425 1714; x_wconf 90' lang='lat' dir='ltr'><strong>de</strong></span> <span class='ocrx_word' id='word_1_131' title='bbox 1464 1660 1652 1715; x_wconf 75' lang='lat' dir='ltr'><strong>nostris</strong></span> <span class='ocrx_word' id='word_1_132' title='bbox 1697 1661 2004 1715; x_wconf 88' lang='lat' dir='ltr'><strong>credendum</strong></span> 
     </span>
    </p>
   </div>
   <div class='ocr_carea' id='block_1_19' title="bbox 2119 445 3724 528">
    <p class='ocr_par' dir='ltr' id='par_1_19' title="bbox 2119 445 3724 528">
     <span class='ocr_line' id='line_1_19' title="bbox 2119 445 3724 528; baseline 0.011 -28"><span class='ocrx_word' id='word_1_133' title='bbox 2119 445 2172 518; x_wconf 88' lang='grc'><strong>(1</strong></span> <span class='ocrx_word' id='word_1_134' title='bbox 2179 447 2328 520; x_wconf 85' lang='lat' dir='ltr'><strong>bid.).</strong></span> <span class='ocrx_word' id='word_1_135' title='bbox 2347 449 2548 506; x_wconf 87' lang='lat' dir='ltr'><strong>Deinde</strong></span> <span class='ocrx_word' id='word_1_136' title='bbox 2571 470 2585 508; x_wconf 88' lang='lat'><strong>:</strong></span> <span class='ocrx_word' id='word_1_137' title='bbox 2605 451 2816 509; x_wconf 86' lang='lat' dir='ltr'><strong>Insulas</strong></span> <span class='ocrx_word' id='word_1_138' title='bbox 2837 455 2998 508; x_wconf 88' lang='lat' dir='ltr'><strong>maria</strong></span> <span class='ocrx_word' id='word_1_139' title='bbox 3025 457 3447 528; x_wconf 78' lang='lat' dir='ltr'><strong>fraudant,quas</strong></span> <span class='ocrx_word' id='word_1_140' title='bbox 3471 459 3724 518; x_wconf 73' lang='lat' dir='ltr'><strong>videlicet</strong></span> 
     </span>
    </p>
   </div>
   <div class='ocr_carea' id='block_1_20' title="bbox 2119 542 3721 617">
    <p class='ocr_par' dir='ltr' id='par_1_20' title="bbox 2119 542 3721 617">
     <span class='ocr_line' id='line_1_20' title="bbox 2119 542 3721 617; baseline 0.009 -21"><span class='ocrx_word' id='word_1_141' title='bbox 2119 542 2282 598; x_wconf 90' lang='lat' dir='ltr'><strong>maris</strong></span> <span class='ocrx_word' id='word_1_142' title='bbox 2321 542 2570 600; x_wconf 83' lang='lat' dir='ltr'><strong>ﬂuctibus</strong></span> <span class='ocrx_word' id='word_1_143' title='bbox 2607 560 2670 600; x_wconf 91' lang='lat' dir='ltr'><strong>ac</strong></span> <span class='ocrx_word' id='word_1_144' title='bbox 2709 547 3116 617; x_wconf 85' lang='lat' dir='ltr'><strong>tempestatibus</strong></span> <span class='ocrx_word' id='word_1_145' title='bbox 3147 548 3447 607; x_wconf 79' lang='lat' dir='ltr'><strong>exhaustas</strong></span> <span class='ocrx_word' id='word_1_146' title='bbox 3477 553 3721 610; x_wconf 73' lang='lat' dir='ltr'><strong>videmus</strong></span> 
     </span>
    </p>
   </div>
   <div class='ocr_carea' id='block_1_21' title="bbox 2119 631 3721 711">
    <p class='ocr_par' dir='ltr' id='par_1_21' title="bbox 2119 631 3721 711">
     <span class='ocr_line' id='line_1_21' title="bbox 2119 631 3721 711; baseline 0.008 -25"><span class='ocrx_word' id='word_1_147' title='bbox 2119 631 2353 706; x_wconf 91' lang='lat' dir='ltr'><strong>(Ibid.</strong></span> <span class='ocrx_word' id='word_1_148' title='bbox 2389 635 2471 690; x_wconf 90' lang='lat' dir='ltr'><strong>Ad</strong></span> <span class='ocrx_word' id='word_1_149' title='bbox 2503 638 2616 692; x_wconf 72' lang='lat' dir='ltr'><strong>haec</strong></span> <span class='ocrx_word' id='word_1_150' title='bbox 2647 654 2774 693; x_wconf 86' lang='lat' dir='ltr'><strong>vero</strong></span> <span class='ocrx_word' id='word_1_151' title='bbox 2799 650 3056 706; x_wconf 67' lang='lat' dir='ltr'><strong>:eatterna,</strong></span> <span class='ocrx_word' id='word_1_152' title='bbox 3084 651 3236 711; x_wconf 91' lang='lat' dir='ltr'><strong>atque</strong></span> <span class='ocrx_word' id='word_1_153' title='bbox 3259 642 3457 696; x_wconf 89' lang='lat' dir='ltr'><strong>interna</strong></span> <span class='ocrx_word' id='word_1_154' title='bbox 3482 643 3614 699; x_wconf 89' lang='lat' dir='ltr'><strong>bella</strong></span> <span class='ocrx_word' id='word_1_155' title='bbox 3639 645 3721 700; x_wconf 83' lang='lat' dir='ltr'><strong>di-</strong></span> 
     </span>
    </p>
   </div>
   <div class='ocr_carea' id='block_1_22' title="bbox 2116 725 3715 802">
    <p class='ocr_par' dir='ltr' id='par_1_22' title="bbox 2116 725 3715 802">
     <span class='ocr_line' id='line_1_22' title="bbox 2116 725 3715 802; baseline 0.008 -22"><span class='ocrx_word' id='word_1_156' title='bbox 2116 725 2333 792; x_wconf 84' lang='lat' dir='ltr'><strong>laniant,</strong></span> <span class='ocrx_word' id='word_1_157' title='bbox 2361 730 2527 798; x_wconf 82' lang='lat' dir='ltr'><strong>regnis</strong></span> <span class='ocrx_word' id='word_1_158' title='bbox 2551 747 2706 800; x_wconf 87' lang='lat' dir='ltr'><strong>regna</strong></span> <span class='ocrx_word' id='word_1_159' title='bbox 2727 734 3071 802; x_wconf 79' lang='lat' dir='ltr'><strong>compulsam,</strong></span> <span class='ocrx_word' id='word_1_160' title='bbox 3121 732 3222 788; x_wconf 90' lang='lat' dir='ltr'><strong>hoc</strong></span> <span class='ocrx_word' id='word_1_161' title='bbox 3248 742 3352 800; x_wconf 84' lang='lat' dir='ltr'><strong>est,</strong></span> <span class='ocrx_word' id='word_1_162' title='bbox 3383 735 3519 790; x_wconf 83' lang='lat' dir='ltr'><strong>bella</strong></span> <span class='ocrx_word' id='word_1_163' title='bbox 3548 735 3599 791; x_wconf 87' lang='lat' dir='ltr'><strong>itt</strong></span> <span class='ocrx_word' id='word_1_164' title='bbox 3629 736 3715 792; x_wconf 89' lang='lat' dir='ltr'><strong>di-</strong></span> 
     </span>
    </p>
   </div>
   <div class='ocr_carea' id='block_1_23' title="bbox 2118 822 3718 897">
    <p class='ocr_par' dir='ltr' id='par_1_23' title="bbox 2118 822 3718 897">
     <span class='ocr_line' id='line_1_23' title="bbox 2118 822 3718 897; baseline 0.008 -26"><span class='ocrx_word' id='word_1_165' title='bbox 2118 831 2298 872; x_wconf 87' lang='lat' dir='ltr'><strong>versas</strong></span> <span class='ocrx_word' id='word_1_166' title='bbox 2330 829 2508 888; x_wconf 90' lang='lat' dir='ltr'><strong>partes</strong></span> <span class='ocrx_word' id='word_1_167' title='bbox 2538 822 2791 876; x_wconf 89' lang='lat' dir='ltr'><strong>scindunt</strong></span> <span class='ocrx_word' id='word_1_168' title='bbox 2819 838 2924 877; x_wconf 92' lang='lat' dir='ltr'><strong>non</strong></span> <span class='ocrx_word' id='word_1_169' title='bbox 2955 823 3129 878; x_wconf 90' lang='lat' dir='ltr'><strong>solum</strong></span> <span class='ocrx_word' id='word_1_170' title='bbox 3175 840 3338 894; x_wconf 86' lang='lat' dir='ltr'><strong>regna</strong></span> <span class='ocrx_word' id='word_1_171' title='bbox 3359 866 3375 892; x_wconf 93' lang='lat'><strong>,</strong></span> <span class='ocrx_word' id='word_1_172' title='bbox 3415 826 3718 897; x_wconf 84' lang='lat' dir='ltr'><strong>provincias</strong></span> 
     </span>
    </p>
   </div>
   <div class='ocr_carea' id='block_1_24' title="bbox 2115 909 3716 991">
    <p class='ocr_par' dir='ltr' id='par_1_24' title="bbox 2115 909 3716 991">
     <span class='ocr_line' id='line_1_24' title="bbox 2115 909 3716 991; baseline 0.009 -29"><span class='ocrx_word' id='word_1_173' title='bbox 2115 916 2171 963; x_wconf 92' lang='lat' dir='ltr'><strong>et</strong></span> <span class='ocrx_word' id='word_1_174' title='bbox 2194 909 2380 977; x_wconf 90' lang='lat' dir='ltr'><strong>urbes,</strong></span> <span class='ocrx_word' id='word_1_175' title='bbox 2412 911 2508 966; x_wconf 84' lang='lat' dir='ltr'><strong>sed</strong></span> <span class='ocrx_word' id='word_1_176' title='bbox 2535 912 2680 969; x_wconf 90' lang='lat' dir='ltr'><strong>cives</strong></span> <span class='ocrx_word' id='word_1_177' title='bbox 2707 914 2891 981; x_wconf 89' lang='lat' dir='ltr'><strong>etiam,</strong></span> <span class='ocrx_word' id='word_1_178' title='bbox 2933 927 3094 986; x_wconf 90' lang='lat' dir='ltr'><strong>atque</strong></span> <span class='ocrx_word' id='word_1_179' title='bbox 3121 915 3333 985; x_wconf 82' lang='lat' dir='ltr'><strong>afﬁnes,</strong></span> <span class='ocrx_word' id='word_1_180' title='bbox 3376 929 3430 974; x_wconf 91' lang='lat' dir='ltr'><strong>et</strong></span> <span class='ocrx_word' id='word_1_181' title='bbox 3457 921 3716 991; x_wconf 85' lang='lat' dir='ltr'><strong>sanguine</strong></span> 
     </span>
    </p>
   </div>
   <div class='ocr_carea' id='block_1_25' title="bbox 2113 1001 3716 1080">
    <p class='ocr_par' dir='ltr' id='par_1_25' title="bbox 2113 1001 3716 1080">
     <span class='ocr_line' id='line_1_25' title="bbox 2113 1001 3716 1080; baseline 0.009 -25"><span class='ocrx_word' id='word_1_182' title='bbox 2113 1001 2428 1071; x_wconf 74' lang='lat' dir='ltr'><strong>coniunctos</strong></span> <span class='ocrx_word' id='word_1_183' title='bbox 2451 1002 2470 1077; x_wconf 97' lang='lat'><strong>(</strong></span> <span class='ocrx_word' id='word_1_184' title='bbox 2494 1003 2674 1078; x_wconf 88' lang='lat' dir='ltr'><strong>Ibid.).</strong></span> <span class='ocrx_word' id='word_1_185' title='bbox 2708 1007 2973 1063; x_wconf 60' lang='lat' dir='ltr'><strong>Praeterea</strong></span> <span class='ocrx_word' id='word_1_186' title='bbox 3003 1027 3015 1062; x_wconf 92' lang='lat'>:</span> <span class='ocrx_word' id='word_1_187' title='bbox 3041 1013 3222 1080; x_wconf 79' lang='lat' dir='ltr'><strong>fames,</strong></span> <span class='ocrx_word' id='word_1_188' title='bbox 3245 1021 3292 1064; x_wconf 91' lang='lat' dir='ltr'><strong>et</strong></span> <span class='ocrx_word' id='word_1_189' title='bbox 3313 1011 3440 1077; x_wconf 87' lang='lat' dir='ltr'><strong>lues,</strong></span> <span class='ocrx_word' id='word_1_190' title='bbox 3463 1022 3510 1066; x_wconf 90' lang='lat' dir='ltr'><strong>et</strong></span> <span class='ocrx_word' id='word_1_191' title='bbox 3530 1013 3716 1070; x_wconf 81' lang='lat' dir='ltr'><strong>locales</strong></span> 
     </span>
    </p>
   </div>
   <div class='ocr_carea' id='block_1_26' title="bbox 2112 1095 3712 1171">
    <p class='ocr_par' dir='ltr' id='par_1_26' title="bbox 2112 1095 3712 1171">
     <span class='ocr_line' id='line_1_26' title="bbox 2112 1095 3712 1171; baseline 0.008 -24"><span class='ocrx_word' id='word_1_192' title='bbox 2112 1110 2324 1165; x_wconf 66' lang='lat' dir='ltr'><strong>qumque</strong></span> <span class='ocrx_word' id='word_1_193' title='bbox 2347 1095 2538 1164; x_wconf 85' lang='lat' dir='ltr'><strong>clades,</strong></span> <span class='ocrx_word' id='word_1_194' title='bbox 2569 1108 2615 1152; x_wconf 91' lang='lat' dir='ltr'><strong>et</strong></span> <span class='ocrx_word' id='word_1_195' title='bbox 2643 1100 2940 1170; x_wconf 76' lang='lat' dir='ltr'><strong>frequentia:</strong></span> <span class='ocrx_word' id='word_1_196' title='bbox 2964 1100 3200 1171; x_wconf 87' lang='lat' dir='ltr'><strong>pleraque</strong></span> <span class='ocrx_word' id='word_1_197' title='bbox 3224 1103 3472 1156; x_wconf 87' lang='lat' dir='ltr'><strong>montium</strong></span> <span class='ocrx_word' id='word_1_198' title='bbox 3491 1115 3712 1160; x_wconf 89' lang='lat' dir='ltr'><strong>vastant.</strong></span> 
     </span>
    </p>
   </div>
   <div class='ocr_carea' id='block_1_27' title="bbox 2110 1183 3710 1264">
    <p class='ocr_par' dir='ltr' id='par_1_27' title="bbox 2110 1183 3710 1264">
     <span class='ocr_line' id='line_1_27' title="bbox 2110 1183 3710 1264; baseline 0.009 -25"><span class='ocrx_word' id='word_1_199' title='bbox 2110 1183 2300 1240; x_wconf 85' lang='lat' dir='ltr'><strong>Melius</strong></span> <span class='ocrx_word' id='word_1_200' title='bbox 2327 1187 2379 1241; x_wconf 92' lang='lat' dir='ltr'><strong>in</strong></span> <span class='ocrx_word' id='word_1_201' title='bbox 2398 1189 2793 1260; x_wconf 79' lang='lat' dir='ltr'><strong>exemplaribus</strong></span> <span class='ocrx_word' id='word_1_202' title='bbox 2816 1193 3014 1248; x_wconf 85' lang='lat' dir='ltr'><strong>nostris</strong></span> <span class='ocrx_word' id='word_1_203' title='bbox 3042 1202 3095 1248; x_wconf 90' lang='lat' dir='ltr'><strong>et</strong></span> <span class='ocrx_word' id='word_1_204' title='bbox 3112 1195 3346 1264; x_wconf 89' lang='lat' dir='ltr'><strong>antiquis</strong></span> <span class='ocrx_word' id='word_1_205' title='bbox 3365 1194 3710 1264; x_wconf 87' lang='lat' dir='ltr'><strong>editionibus,</strong></span> 
     </span>
    </p>
   </div>
   <div class='ocr_carea' id='block_1_28' title="bbox 2111 1277 3710 1362">
    <p class='ocr_par' dir='ltr' id='par_1_28' title="bbox 2111 1277 3710 1362">
     <span class='ocr_line' id='line_1_28' title="bbox 2111 1277 3710 1362; baseline 0.009 -31"><span class='ocrx_word' id='word_1_206' title='bbox 2111 1277 2410 1352; x_wconf 88' lang='lat' dir='ltr'><strong>plerumque</strong></span> <span class='ocrx_word' id='word_1_207' title='bbox 2432 1282 2669 1336; x_wconf 88' lang='lat' dir='ltr'><strong>mortium</strong></span> <span class='ocrx_word' id='word_1_208' title='bbox 2698 1295 2894 1338; x_wconf 88' lang='lat' dir='ltr'><strong>vastant</strong></span> <span class='ocrx_word' id='word_1_209' title='bbox 2923 1284 2972 1357; x_wconf 90' lang='grc' dir='ltr'><strong>(Ι</strong></span> <span class='ocrx_word' id='word_1_210' title='bbox 2982 1285 3133 1356; x_wconf 85' lang='lat' dir='ltr'><strong>bid.).</strong></span> <span class='ocrx_word' id='word_1_211' title='bbox 3154 1283 3373 1342; x_wconf 79' lang='lat' dir='ltr'><strong>Frustra</strong></span> <span class='ocrx_word' id='word_1_212' title='bbox 3387 1287 3527 1342; x_wconf 92' lang='lat' dir='ltr'><strong>enim</strong></span> <span class='ocrx_word' id='word_1_213' title='bbox 3545 1290 3710 1362; x_wconf 86' lang='lat' dir='ltr'><strong>aliqui</strong></span> 
     </span>
    </p>
   </div>
   <div class='ocr_carea' id='block_1_29' title="bbox 2110 1371 3709 1452">
    <p class='ocr_par' dir='ltr' id='par_1_29' title="bbox 2110 1371 3709 1452">
     <span class='ocr_line' id='line_1_29' title="bbox 2110 1371 3709 1452; baseline 0.008 -29"><span class='ocrx_word' id='word_1_214' title='bbox 2110 1371 2178 1424; x_wconf 89' lang='lat' dir='ltr'><strong>ad</strong></span> <span class='ocrx_word' id='word_1_215' title='bbox 2197 1387 2382 1428; x_wconf 89' lang='lat' dir='ltr'><strong>vocem</strong></span> <span class='ocrx_word' id='word_1_216' title='bbox 2404 1375 2651 1428; x_wconf 86' lang='lat' dir='ltr'><strong>montium</strong></span> <span class='ocrx_word' id='word_1_217' title='bbox 2669 1378 3088 1432; x_wconf 82' lang='lat' dir='ltr'><strong>conﬁrmandam</strong></span> <span class='ocrx_word' id='word_1_218' title='bbox 3111 1379 3442 1434; x_wconf 89' lang='lat' dir='ltr'><strong>contendunt</strong></span> <span class='ocrx_word' id='word_1_219' title='bbox 3462 1395 3524 1436; x_wconf 89' lang='lat' dir='ltr'><strong>ea</strong></span> <span class='ocrx_word' id='word_1_220' title='bbox 3543 1382 3709 1452; x_wconf 88' lang='lat' dir='ltr'><strong>signi-</strong></span> 
     </span>
    </p>
   </div>
   <div class='ocr_carea' id='block_1_30' title="bbox 2109 1463 3773 1544">
    <p class='ocr_par' dir='ltr' id='par_1_30' title="bbox 2109 1463 3773 1544">
     <span class='ocr_line' id='line_1_30' title="bbox 2109 1463 3773 1544; baseline 0.007 -25"><span class='ocrx_word' id='word_1_221' title='bbox 2109 1463 2257 1520; x_wconf 80' lang='lat' dir='ltr'><strong>ﬁcari</strong></span> <span class='ocrx_word' id='word_1_222' title='bbox 2285 1466 2489 1535; x_wconf 90' lang='lat' dir='ltr'><strong>leones,</strong></span> <span class='ocrx_word' id='word_1_223' title='bbox 2519 1484 2695 1536; x_wconf 87' lang='lat' dir='ltr'><strong>ursos,</strong></span> <span class='ocrx_word' id='word_1_224' title='bbox 2728 1470 2968 1541; x_wconf 88' lang='lat' dir='ltr'><strong>aliasque</strong></span> <span class='ocrx_word' id='word_1_225' title='bbox 2996 1470 3047 1525; x_wconf 90' lang='lat' dir='ltr'><strong>id</strong></span> <span class='ocrx_word' id='word_1_226' title='bbox 3074 1487 3240 1542; x_wconf 83' lang='lat' dir='ltr'><strong>genus</strong></span> <span class='ocrx_word' id='word_1_227' title='bbox 3264 1472 3489 1540; x_wconf 84' lang='lat' dir='ltr'><strong>belluas,</strong></span> <span class='ocrx_word' id='word_1_228' title='bbox 3515 1474 3708 1544; x_wconf 90' lang='lat' dir='ltr'><strong>quibus</strong></span> <span class='ocrx_word' id='word_1_229' title='bbox 3765 1501 3773 1507; x_wconf 52' lang='grc' dir='ltr'><em>κ</em></span> 
     </span>
    </p>
   </div>
   <div class='ocr_carea' id='block_1_31' title="bbox 2109 1557 3708 1636">
    <p class='ocr_par' dir='ltr' id='par_1_31' title="bbox 2109 1557 3708 1636">
     <span class='ocr_line' id='line_1_31' title="bbox 2109 1557 3708 1636; baseline 0.008 -24"><span class='ocrx_word' id='word_1_230' title='bbox 2109 1567 2320 1614; x_wconf 79' lang='lat' dir='ltr'><strong>mentes</strong></span> <span class='ocrx_word' id='word_1_231' title='bbox 2360 1557 2790 1631; x_wconf 75' lang='lat' dir='ltr'><strong>frequentantur,</strong></span> <span class='ocrx_word' id='word_1_232' title='bbox 2833 1572 3214 1634; x_wconf 83' lang='lat' dir='ltr'><strong>vastanturque</strong></span> <span class='ocrx_word' id='word_1_233' title='bbox 3243 1567 3439 1636; x_wconf 89' lang='lat' dir='ltr'><strong>campi.</strong></span> <span class='ocrx_word' id='word_1_234' title='bbox 3477 1565 3609 1622; x_wconf 82' lang='lat' dir='ltr'><strong>Nam</strong></span> <span class='ocrx_word' id='word_1_235' title='bbox 3639 1567 3708 1624; x_wconf 90' lang='lat' dir='ltr'><strong>de</strong></span> 
     </span>
    </p>
   </div>
   <div class='ocr_carea' id='block_1_32' title="bbox 2107 1647 3702 1729">
    <p class='ocr_par' dir='ltr' id='par_1_32' title="bbox 2107 1647 3702 1729">
     <span class='ocr_line' id='line_1_32' title="bbox 2107 1647 3702 1729; baseline 0.007 -25"><span class='ocrx_word' id='word_1_236' title='bbox 2107 1647 2386 1706; x_wconf 85' lang='lat' dir='ltr'><strong>hominum</strong></span> <span class='ocrx_word' id='word_1_237' title='bbox 2414 1655 2617 1708; x_wconf 82' lang='lat' dir='ltr'><strong>Auctor</strong></span> <span class='ocrx_word' id='word_1_238' title='bbox 2643 1663 2826 1709; x_wconf 89' lang='lat' dir='ltr'><strong>uoster</strong></span> <span class='ocrx_word' id='word_1_239' title='bbox 2859 1654 3094 1725; x_wconf 87' lang='lat' dir='ltr'><strong>loquitur</strong></span> <span class='ocrx_word' id='word_1_240' title='bbox 3129 1655 3412 1725; x_wconf 90' lang='lat' dir='ltr'><strong>mortibus,</strong></span> <span class='ocrx_word' id='word_1_241' title='bbox 3445 1675 3562 1728; x_wconf 73' lang='lat' dir='ltr'><strong>qua:</strong></span> <span class='ocrx_word' id='word_1_242' title='bbox 3594 1660 3702 1729; x_wconf 90' lang='lat' dir='ltr'><strong>lue,</strong></span> 
     </span>
    </p>
   </div>
   <div class='ocr_carea' id='block_1_33' title="bbox 403 1743 3705 1824">
    <p class='ocr_par' dir='ltr' id='par_1_33' title="bbox 403 1743 3705 1824">
     <span class='ocr_line' id='line_1_33' title="bbox 403 1743 3705 1824; baseline 0.005 -27"><span class='ocrx_word' id='word_1_243' title='bbox 403 1753 520 1819; x_wconf 63' lang='lat' dir='ltr'><strong>erit,</strong></span> <span class='ocrx_word' id='word_1_244' title='bbox 545 1769 648 1806; x_wconf 81' lang='lat' dir='ltr'><strong>non</strong></span> <span class='ocrx_word' id='word_1_245' title='bbox 675 1753 739 1806; x_wconf 84' lang='lat' dir='ltr'><strong>de</strong></span> <span class='ocrx_word' id='word_1_246' title='bbox 779 1753 954 1806; x_wconf 67' lang='lat' dir='ltr'><strong>vestris</strong></span> <span class='ocrx_word' id='word_1_247' title='bbox 981 1768 996 1818; x_wconf 84' lang='grc'><strong>;</strong></span> <span class='ocrx_word' id='word_1_248' title='bbox 1025 1753 1144 1824; x_wconf 77' lang='lat' dir='ltr'><strong>quia</strong></span> <span class='ocrx_word' id='word_1_249' title='bbox 1166 1753 1366 1824; x_wconf 76' lang='lat' dir='ltr'><strong>potiora</strong></span> <span class='ocrx_word' id='word_1_250' title='bbox 1400 1762 1518 1808; x_wconf 71' lang='lat' dir='ltr'><strong>sunt</strong></span> <span class='ocrx_word' id='word_1_251' title='bbox 1561 1752 1630 1806; x_wconf 83' lang='lat' dir='ltr'><strong>ad</strong></span> <span class='ocrx_word' id='word_1_252' title='bbox 1653 1753 2001 1808; x_wconf 64' lang='lat' dir='ltr'><strong>instruendam</strong></span> <span class='ocrx_word' id='word_1_253' title='bbox 2030 1757 2078 1818; x_wconf 87' lang='lat' dir='ltr'><strong>B</strong></span> <span class='ocrx_word' id='word_1_254' title='bbox 2107 1743 2276 1814; x_wconf 79' lang='lat' dir='ltr'><strong>fame,</strong></span> <span class='ocrx_word' id='word_1_255' title='bbox 2309 1746 2536 1818; x_wconf 90' lang='lat' dir='ltr'><strong>aliisque</strong></span> <span class='ocrx_word' id='word_1_256' title='bbox 2576 1747 2947 1820; x_wconf 85' lang='lat' dir='ltr'><strong>hujuscemodi</strong></span> <span class='ocrx_word' id='word_1_257' title='bbox 2987 1749 3227 1808; x_wconf 74' lang='lat' dir='ltr'><strong>Cladibus</strong></span> <span class='ocrx_word' id='word_1_258' title='bbox 3269 1750 3705 1824; x_wconf 82' lang='lat' dir='ltr'><strong>frequentissime</strong></span> 
     </span>
    </p>
   </div>
   <div class='ocr_carea' id='block_1_34' title="bbox 403 1844 2002 1918">
    <p class='ocr_par' dir='ltr' id='par_1_34' title="bbox 403 1844 2002 1918">
     <span class='ocr_line' id='line_1_34' title="bbox 403 1844 2002 1918; baseline 0.003 -20"><span class='ocrx_word' id='word_1_259' title='bbox 403 1844 626 1898; x_wconf 89' lang='lat' dir='ltr'><strong>animam</strong></span> <span class='ocrx_word' id='word_1_260' title='bbox 648 1844 822 1916; x_wconf 83' lang='lat' dir='ltr'><strong>priora</strong></span> <span class='ocrx_word' id='word_1_261' title='bbox 843 1887 857 1911; x_wconf 93' lang='lat'><strong>,</strong></span> <span class='ocrx_word' id='word_1_262' title='bbox 900 1861 1056 1916; x_wconf 85' lang='lat' dir='ltr'><strong>quant</strong></span> <span class='ocrx_word' id='word_1_263' title='bbox 1087 1855 1288 1916; x_wconf 87' lang='lat' dir='ltr'><strong>postera</strong></span> <span class='ocrx_word' id='word_1_264' title='bbox 1315 1889 1331 1910; x_wconf 88' lang='lat'><strong>,</strong></span> <span class='ocrx_word' id='word_1_265' title='bbox 1377 1863 1489 1917; x_wconf 79' lang='lat' dir='ltr'><strong>qua:</strong></span> <span class='ocrx_word' id='word_1_266' title='bbox 1518 1855 1562 1900; x_wconf 91' lang='lat' dir='ltr'><strong>et</strong></span> <span class='ocrx_word' id='word_1_267' title='bbox 1591 1847 1708 1918; x_wconf 81' lang='lat' dir='ltr'><strong>ipsa</strong></span> <span class='ocrx_word' id='word_1_268' title='bbox 1756 1864 1789 1900; x_wconf 94' lang='lat' dir='ltr'><strong>a</strong></span> <span class='ocrx_word' id='word_1_269' title='bbox 1813 1846 2002 1918; x_wconf 88' lang='lat' dir='ltr'><strong>priori-</strong></span> 
     </span>
    </p>
   </div>
   <div class='ocr_carea' id='block_1_35' title="bbox 405 1937 2002 2007">
    <p class='ocr_par' dir='ltr' id='par_1_35' title="bbox 405 1937 2002 2007">
     <span class='ocr_line' id='line_1_35' title="bbox 405 1937 2002 2007; baseline 0.003 -16"><span class='ocrx_word' id='word_1_270' title='bbox 405 1937 496 1991; x_wconf 87' lang='lat' dir='ltr'><strong>bus</strong></span> <span class='ocrx_word' id='word_1_271' title='bbox 535 1938 722 1992; x_wconf 85' lang='lat' dir='ltr'><strong>instrui</strong></span> <span class='ocrx_word' id='word_1_272' title='bbox 744 1939 1056 1994; x_wconf 84' lang='lat' dir='ltr'><strong>sustinebant</strong></span> <span class='ocrx_word' id='word_1_273' title='bbox 1079 1981 1095 2007; x_wconf 96' lang='lat'><strong>,</strong></span> <span class='ocrx_word' id='word_1_274' title='bbox 1126 1956 1242 1994; x_wconf 90' lang='lat' dir='ltr'><strong>cum</strong></span> <span class='ocrx_word' id='word_1_275' title='bbox 1290 1943 1382 1996; x_wconf 84' lang='lat' dir='ltr'><strong>etsi</strong></span> <span class='ocrx_word' id='word_1_276' title='bbox 1413 1941 1478 1994; x_wconf 90' lang='lat' dir='ltr'><strong>de</strong></span> <span class='ocrx_word' id='word_1_277' title='bbox 1502 1942 1680 1996; x_wconf 86' lang='lat' dir='ltr'><strong>vestris</strong></span> <span class='ocrx_word' id='word_1_278' title='bbox 1704 1942 2002 1997; x_wconf 88' lang='lat' dir='ltr'><strong>instructam</strong></span> 
     </span>
    </p>
   </div>
   <div class='ocr_carea' id='block_1_36' title="bbox 402 2031 2002 2120">
    <p class='ocr_par' dir='ltr' id='par_1_36' title="bbox 402 2031 2002 2120">
     <span class='ocr_line' id='line_1_36' title="bbox 402 2031 2002 2120; baseline 0.002 -35"><span class='ocrx_word' id='word_1_279' title='bbox 402 2031 738 2087; x_wconf 87' lang='lat' dir='ltr'><strong>concedamus</strong></span> <span class='ocrx_word' id='word_1_280' title='bbox 761 2074 775 2101; x_wconf 92' lang='lat'><strong>,</strong></span> <span class='ocrx_word' id='word_1_281' title='bbox 814 2033 885 2087; x_wconf 91' lang='lat' dir='ltr'><strong>ad</strong></span> <span class='ocrx_word' id='word_1_282' title='bbox 931 2034 1180 2105; x_wconf 83' lang='lat' dir='ltr'><strong>originem</strong></span> <span class='ocrx_word' id='word_1_283' title='bbox 1207 2045 1377 2088; x_wconf 89' lang='lat' dir='ltr'><strong>tanten</strong></span> <span class='ocrx_word' id='word_1_284' title='bbox 1420 2033 1757 2120; x_wconf 69' lang='lat' dir='ltr'><strong>principalem</strong></span> <span class='ocrx_word' id='word_1_285' title='bbox 1795 2035 2002 2088; x_wconf 87' lang='lat' dir='ltr'><strong>traditio</strong></span> 
     </span>
    </p>
   </div>
   <div class='ocr_carea' id='block_1_37' title="bbox 404 2124 2003 2199">
    <p class='ocr_par' dir='ltr' id='par_1_37' title="bbox 404 2124 2003 2199">
     <span class='ocr_line' id='line_1_37' title="bbox 404 2124 2003 2199; baseline 0.003 -22"><span class='ocrx_word' id='word_1_286' title='bbox 404 2124 684 2195; x_wconf 79' lang='lat' dir='ltr'><strong>pertineat,</strong></span> <span class='ocrx_word' id='word_1_287' title='bbox 743 2135 1074 2196; x_wconf 88' lang='lat' dir='ltr'><strong>nostrumque</strong></span> <span class='ocrx_word' id='word_1_288' title='bbox 1122 2126 1330 2180; x_wconf 87' lang='lat' dir='ltr'><strong>omnino</strong></span> <span class='ocrx_word' id='word_1_289' title='bbox 1401 2128 1504 2194; x_wconf 88' lang='lat' dir='ltr'><strong>sit,</strong></span> <span class='ocrx_word' id='word_1_290' title='bbox 1557 2127 1893 2199; x_wconf 85' lang='lat' dir='ltr'><strong>quodcunque</strong></span> <span class='ocrx_word' id='word_1_291' title='bbox 1939 2128 2003 2181; x_wconf 89' lang='lat' dir='ltr'><strong>de</strong></span> 
     </span>
    </p>
   </div>
   <div class='ocr_carea' id='block_1_38' title="bbox 404 2216 2000 2290">
    <p class='ocr_par' dir='ltr' id='par_1_38' title="bbox 404 2216 2000 2290">
     <span class='ocr_line' id='line_1_38' title="bbox 404 2216 2000 2290; baseline 0.005 -22"><span class='ocrx_word' id='word_1_292' title='bbox 404 2216 587 2269; x_wconf 88' lang='lat' dir='ltr'><strong>nostris</strong></span> <span class='ocrx_word' id='word_1_293' title='bbox 613 2217 891 2287; x_wconf 80' lang='lat' dir='ltr'><strong>sumpsisse</strong></span> <span class='ocrx_word' id='word_1_294' title='bbox 916 2227 962 2272; x_wconf 90' lang='lat' dir='ltr'><strong>et</strong></span> <span class='ocrx_word' id='word_1_295' title='bbox 990 2218 1265 2273; x_wconf 87' lang='lat' dir='ltr'><strong>tradidisse</strong></span> <span class='ocrx_word' id='word_1_296' title='bbox 1288 2220 1498 2290; x_wconf 87' lang='lat' dir='ltr'><strong>contigit</strong></span> <span class='ocrx_word' id='word_1_297' title='bbox 1516 2219 1672 2274; x_wconf 84' lang='lat' dir='ltr'><strong>vobis.</strong></span> <span class='ocrx_word' id='word_1_298' title='bbox 1693 2219 1918 2274; x_wconf 88' lang='lat' dir='ltr'><strong>Demutn</strong></span> <span class='ocrx_word' id='word_1_299' title='bbox 1946 2221 2000 2276; x_wconf 91' lang='lat' dir='ltr'><strong>in</strong></span> 
     </span>
    </p>
   </div>
   <div class='ocr_carea' id='block_1_39' title="bbox 403 2306 2002 2382">
    <p class='ocr_par' dir='ltr' id='par_1_39' title="bbox 403 2306 2002 2382">
     <span class='ocr_line' id='line_1_39' title="bbox 403 2306 2002 2382; baseline 0.004 -21"><span class='ocrx_word' id='word_1_300' title='bbox 403 2306 749 2378; x_wconf 79' lang='lat' dir='ltr'><strong>Apologetico</strong></span> <span class='ocrx_word' id='word_1_301' title='bbox 775 2308 997 2366; x_wconf 90' lang='lat' dir='ltr'><strong>eosdem</strong></span> <span class='ocrx_word' id='word_1_302' title='bbox 1039 2308 1217 2364; x_wconf 88' lang='lat' dir='ltr'><strong>adhuc</strong></span> <span class='ocrx_word' id='word_1_303' title='bbox 1263 2309 1508 2364; x_wconf 86' lang='lat' dir='ltr'><strong>ethnicos</strong></span> <span class='ocrx_word' id='word_1_304' title='bbox 1571 2311 1650 2366; x_wconf 92' lang='lat' dir='ltr'><strong>sic</strong></span> <span class='ocrx_word' id='word_1_305' title='bbox 1712 2312 2002 2382; x_wconf 89' lang='lat' dir='ltr'><strong>alloquitur</strong></span> 
     </span>
    </p>
   </div>
   <div class='ocr_carea' id='block_1_40' title="bbox 408 2397 1998 2476">
    <p class='ocr_par' dir='ltr' id='par_1_40' title="bbox 408 2397 1998 2476">
     <span class='ocr_line' id='line_1_40' title="bbox 408 2397 1998 2476; baseline 0.005 -25"><span class='ocrx_word' id='word_1_306' title='bbox 408 2397 600 2471; x_wconf 74' lang='lat' dir='ltr'><strong>(Idem,</strong></span> <span class='ocrx_word' id='word_1_307' title='bbox 621 2399 865 2472; x_wconf 84' lang='lat' dir='ltr'><strong>Apolog.,</strong></span> <span class='ocrx_word' id='word_1_308' title='bbox 893 2418 1007 2473; x_wconf 91' lang='lat' dir='ltr'><strong>cap.</strong></span> <span class='ocrx_word' id='word_1_309' title='bbox 1033 2401 1130 2470; x_wconf 66' lang='lat'><strong>45,</strong></span> <span class='ocrx_word' id='word_1_310' title='bbox 1157 2419 1278 2474; x_wconf 86' lang='lat' dir='ltr'><strong>pag.</strong></span> <span class='ocrx_word' id='word_1_311' title='bbox 1298 2402 1460 2472; x_wconf 72' lang='lat'><strong>499):</strong></span> <span class='ocrx_word' id='word_1_312' title='bbox 1495 2402 1685 2459; x_wconf 85' lang='lat' dir='ltr'><strong>Sciatis</strong></span> <span class='ocrx_word' id='word_1_313' title='bbox 1713 2404 1852 2475; x_wconf 88' lang='lat' dir='ltr'><strong>ipsas</strong></span> <span class='ocrx_word' id='word_1_314' title='bbox 1869 2418 1998 2476; x_wconf 91' lang='lat' dir='ltr'><strong>quo—</strong></span> 
     </span>
    </p>
   </div>
   <div class='ocr_carea' id='block_1_41' title="bbox 404 2491 2001 2570">
    <p class='ocr_par' dir='ltr' id='par_1_41' title="bbox 404 2491 2001 2570">
     <span class='ocr_line' id='line_1_41' title="bbox 404 2491 2001 2570; baseline 0.006 -26"><span class='ocrx_word' id='word_1_315' title='bbox 404 2507 499 2562; x_wconf 88' lang='lat' dir='ltr'><strong>que</strong></span> <span class='ocrx_word' id='word_1_316' title='bbox 518 2491 648 2563; x_wconf 81' lang='lat' dir='ltr'><strong>leges</strong></span> <span class='ocrx_word' id='word_1_317' title='bbox 678 2504 868 2548; x_wconf 85' lang='lat' dir='ltr'><strong>vestras</strong></span> <span class='ocrx_word' id='word_1_318' title='bbox 895 2536 911 2563; x_wconf 96' lang='lat'><strong>,</strong></span> <span class='ocrx_word' id='word_1_319' title='bbox 943 2511 1057 2564; x_wconf 77' lang='lat' dir='ltr'><strong>qua:</strong></span> <span class='ocrx_word' id='word_1_320' title='bbox 1086 2494 1319 2550; x_wconf 88' lang='lat' dir='ltr'><strong>videntur</strong></span> <span class='ocrx_word' id='word_1_321' title='bbox 1341 2497 1410 2550; x_wconf 92' lang='lat' dir='ltr'><strong>ad</strong></span> <span class='ocrx_word' id='word_1_322' title='bbox 1429 2497 1771 2552; x_wconf 89' lang='lat' dir='ltr'><strong>innocentiam</strong></span> <span class='ocrx_word' id='word_1_323' title='bbox 1823 2515 2001 2570; x_wconf 87' lang='lat' dir='ltr'><strong>perge-</strong></span> 
     </span>
    </p>
   </div>
   <div class='ocr_carea' id='block_1_42' title="bbox 400 2583 1997 2659">
    <p class='ocr_par' dir='ltr' id='par_1_42' title="bbox 400 2583 1997 2659">
     <span class='ocr_line' id='line_1_42' title="bbox 400 2583 1997 2659; baseline 0.006 -21"><span class='ocrx_word' id='word_1_324' title='bbox 400 2599 456 2638; x_wconf 90' lang='lat' dir='ltr'><strong>re</strong></span> <span class='ocrx_word' id='word_1_325' title='bbox 478 2625 492 2648; x_wconf 92' lang='lat'><strong>,</strong></span> <span class='ocrx_word' id='word_1_326' title='bbox 525 2583 588 2637; x_wconf 87' lang='lat' dir='ltr'><strong>de</strong></span> <span class='ocrx_word' id='word_1_327' title='bbox 622 2583 794 2638; x_wconf 87' lang='lat' dir='ltr'><strong>divina</strong></span> <span class='ocrx_word' id='word_1_328' title='bbox 820 2585 928 2654; x_wconf 88' lang='lat' dir='ltr'><strong>lege</strong></span> <span class='ocrx_word' id='word_1_329' title='bbox 951 2627 966 2651; x_wconf 92' lang='lat'><strong>,</strong></span> <span class='ocrx_word' id='word_1_330' title='bbox 1015 2596 1070 2640; x_wconf 91' lang='lat' dir='ltr'><strong>ut</strong></span> <span class='ocrx_word' id='word_1_331' title='bbox 1116 2587 1406 2655; x_wconf 87' lang='lat' dir='ltr'><strong>antiquiore</strong></span> <span class='ocrx_word' id='word_1_332' title='bbox 1427 2629 1443 2653; x_wconf 91' lang='lat'><strong>,</strong></span> <span class='ocrx_word' id='word_1_333' title='bbox 1475 2589 1692 2659; x_wconf 81' lang='lat' dir='ltr'><strong>formam</strong></span> <span class='ocrx_word' id='word_1_334' title='bbox 1717 2598 1997 2647; x_wconf 87' lang='lat' dir='ltr'><strong>mutuatas.</strong></span> 
     </span>
    </p>
   </div>
   <div class='ocr_carea' id='block_1_43' title="bbox 399 2673 2000 2737">
    <p class='ocr_par' dir='ltr' id='par_1_43' title="bbox 399 2673 2000 2737">
     <span class='ocr_line' id='line_1_43' title="bbox 399 2673 2000 2737; baseline 0.004 -7"><span class='ocrx_word' id='word_1_335' title='bbox 399 2673 471 2730; x_wconf 83' lang='lat' dir='ltr'><strong>Et</strong></span> <span class='ocrx_word' id='word_1_336' title='bbox 494 2685 643 2732; x_wconf 91' lang='lat' dir='ltr'><strong>certe</strong></span> <span class='ocrx_word' id='word_1_337' title='bbox 685 2677 737 2730; x_wconf 90' lang='lat' dir='ltr'><strong>in</strong></span> <span class='ocrx_word' id='word_1_338' title='bbox 764 2677 885 2732; x_wconf 90' lang='lat' dir='ltr'><strong>aliis</strong></span> <span class='ocrx_word' id='word_1_339' title='bbox 927 2677 1126 2734; x_wconf 90' lang='lat' dir='ltr'><strong>nostris</strong></span> <span class='ocrx_word' id='word_1_340' title='bbox 1155 2677 1625 2736; x_wconf 86' lang='lat' dir='ltr'><strong>dissertationibus</strong></span> <span class='ocrx_word' id='word_1_341' title='bbox 1666 2679 1879 2736; x_wconf 82' lang='lat' dir='ltr'><strong>abunde</strong></span> <span class='ocrx_word' id='word_1_342' title='bbox 1909 2697 2000 2737; x_wconf 84' lang='lat' dir='ltr'><strong>os-</strong></span> 
     </span>
    </p>
   </div>
   <div class='ocr_carea' id='block_1_44' title="bbox 400 2767 1998 2840">
    <p class='ocr_par' dir='ltr' id='par_1_44' title="bbox 400 2767 1998 2840">
     <span class='ocr_line' id='line_1_44' title="bbox 400 2767 1998 2840; baseline 0.004 -16"><span class='ocrx_word' id='word_1_343' title='bbox 400 2767 670 2824; x_wconf 87' lang='lat' dir='ltr'><strong>tendimus</strong></span> <span class='ocrx_word' id='word_1_344' title='bbox 713 2769 1006 2840; x_wconf 90' lang='lat' dir='ltr'><strong>scriptores</strong></span> <span class='ocrx_word' id='word_1_345' title='bbox 1030 2770 1279 2826; x_wconf 90' lang='lat' dir='ltr'><strong>ethuicos</strong></span> <span class='ocrx_word' id='word_1_346' title='bbox 1307 2786 1372 2826; x_wconf 82' lang='lat' dir='ltr'><strong>ex</strong></span> <span class='ocrx_word' id='word_1_347' title='bbox 1401 2771 1574 2827; x_wconf 88' lang='lat' dir='ltr'><strong>sacris</strong></span> <span class='ocrx_word' id='word_1_348' title='bbox 1598 2773 1799 2828; x_wconf 82' lang='lat' dir='ltr'><strong>nostris</strong></span> <span class='ocrx_word' id='word_1_349' title='bbox 1842 2773 1998 2830; x_wconf 87' lang='lat' dir='ltr'><strong>libris</strong></span> 
     </span>
    </p>
   </div>
   <div class='ocr_carea' id='block_1_45' title="bbox 398 2861 1997 2936">
    <p class='ocr_par' dir='ltr' id='par_1_45' title="bbox 398 2861 1997 2936">
     <span class='ocr_line' id='line_1_45' title="bbox 398 2861 1997 2936; baseline 0.004 -20"><span class='ocrx_word' id='word_1_350' title='bbox 398 2861 550 2932; x_wconf 89' lang='lat' dir='ltr'><strong>plura</strong></span> <span class='ocrx_word' id='word_1_351' title='bbox 571 2861 837 2918; x_wconf 88' lang='lat' dir='ltr'><strong>delibasse</strong></span> <span class='ocrx_word' id='word_1_352' title='bbox 857 2902 872 2928; x_wconf 94' lang='lat'><strong>,</strong></span> <span class='ocrx_word' id='word_1_353' title='bbox 904 2879 1023 2933; x_wconf 82' lang='lat' dir='ltr'><strong>quae</strong></span> <span class='ocrx_word' id='word_1_354' title='bbox 1045 2863 1119 2918; x_wconf 91' lang='lat' dir='ltr'><strong>illi</strong></span> <span class='ocrx_word' id='word_1_355' title='bbox 1151 2865 1331 2934; x_wconf 83' lang='lat' dir='ltr'><strong>pravis</strong></span> <span class='ocrx_word' id='word_1_356' title='bbox 1377 2865 1652 2920; x_wconf 91' lang='lat' dir='ltr'><strong>erroribus</strong></span> <span class='ocrx_word' id='word_1_357' title='bbox 1699 2867 1811 2922; x_wconf 89' lang='lat' dir='ltr'><strong>suis</strong></span> <span class='ocrx_word' id='word_1_358' title='bbox 1839 2867 1997 2936; x_wconf 90' lang='lat' dir='ltr'><strong>plane</strong></span> 
     </span>
    </p>
   </div>
   <div class='ocr_carea' id='block_1_46' title="bbox 397 2956 1996 3026">
    <p class='ocr_par' dir='ltr' id='par_1_46' title="bbox 397 2956 1996 3026">
     <span class='ocr_line' id='line_1_46' title="bbox 397 2956 1996 3026; baseline 0.004 -19"><span class='ocrx_word' id='word_1_359' title='bbox 397 2963 776 3022; x_wconf 88' lang='lat' dir='ltr'><strong>corruperunt.</strong></span> <span class='ocrx_word' id='word_1_360' title='bbox 805 2956 875 3008; x_wconf 86' lang='lat' dir='ltr'><strong>At</strong></span> <span class='ocrx_word' id='word_1_361' title='bbox 901 2970 1062 3011; x_wconf 89' lang='lat' dir='ltr'><strong>nemo</strong></span> <span class='ocrx_word' id='word_1_362' title='bbox 1114 2966 1198 3012; x_wconf 87' lang='lat' dir='ltr'><strong>est</strong></span> <span class='ocrx_word' id='word_1_363' title='bbox 1263 2957 1352 3026; x_wconf 90' lang='lat' dir='ltr'><strong>qui</strong></span> <span class='ocrx_word' id='word_1_364' title='bbox 1394 2971 1461 3012; x_wconf 80' lang='lat' dir='ltr'><strong>ex</strong></span> <span class='ocrx_word' id='word_1_365' title='bbox 1485 2957 1643 3012; x_wconf 89' lang='lat' dir='ltr'><strong>dictis</strong></span> <span class='ocrx_word' id='word_1_366' title='bbox 1690 2974 1796 3013; x_wconf 90' lang='lat' dir='ltr'><strong>non</strong></span> <span class='ocrx_word' id='word_1_367' title='bbox 1838 2957 1996 3014; x_wconf 82' lang='lat' dir='ltr'><strong>facile</strong></span> 
     </span>
    </p>
   </div>
   <div class='ocr_carea' id='block_1_47' title="bbox 399 3044 1992 3120">
    <p class='ocr_par' dir='ltr' id='par_1_47' title="bbox 399 3044 1992 3120">
     <span class='ocr_line' id='line_1_47' title="bbox 399 3044 1992 3120; baseline 0.004 -20"><span class='ocrx_word' id='word_1_368' title='bbox 399 3044 660 3116; x_wconf 80' lang='lat' dir='ltr'><strong>intelligat</strong></span> <span class='ocrx_word' id='word_1_369' title='bbox 697 3062 860 3116; x_wconf 85' lang='lat' dir='ltr'><strong>quam</strong></span> <span class='ocrx_word' id='word_1_370' title='bbox 888 3056 1035 3102; x_wconf 92' lang='lat' dir='ltr'><strong>recte</strong></span> <span class='ocrx_word' id='word_1_371' title='bbox 1084 3063 1112 3101; x_wconf 93' lang='lat' dir='ltr'><strong>a</strong></span> <span class='ocrx_word' id='word_1_372' title='bbox 1167 3047 1496 3104; x_wconf 90' lang='lat' dir='ltr'><strong>Tertulliauo</strong></span> <span class='ocrx_word' id='word_1_373' title='bbox 1529 3058 1715 3105; x_wconf 88' lang='lat' dir='ltr'><strong>nostro</strong></span> <span class='ocrx_word' id='word_1_374' title='bbox 1767 3051 1992 3120; x_wconf 87' lang='lat' dir='ltr'><strong>probata</strong></span> 
     </span>
    </p>
   </div>
   <div class='ocr_carea' id='block_1_48' title="bbox 2105 1836 2380 1893">
    <p class='ocr_par' dir='ltr' id='par_1_48' title="bbox 2105 1836 2380 1893">
     <span class='ocr_line' id='line_1_48' title="bbox 2105 1836 2380 1893; baseline 0.011 -3"><span class='ocrx_word' id='word_1_375' title='bbox 2105 1836 2380 1893; x_wconf 88' lang='lat' dir='ltr'><strong>accidunt.</strong></span> 
     </span>
    </p>
   </div>
   <div class='ocr_carea' id='block_1_49' title="bbox 2177 1930 3704 2006">
    <p class='ocr_par' dir='ltr' id='par_1_49' title="bbox 2177 1930 3704 2006">
     <span class='ocr_line' id='line_1_49' title="bbox 2177 1930 3704 2006; baseline 0.006 -20"><span class='ocrx_word' id='word_1_376' title='bbox 2177 1930 2554 2002; x_wconf 87' lang='lat' dir='ltr'><strong>Pergitautem</strong></span> <span class='ocrx_word' id='word_1_377' title='bbox 2579 1933 2669 1988; x_wconf 91' lang='lat' dir='ltr'><strong>ille</strong></span> <span class='ocrx_word' id='word_1_378' title='bbox 2695 1952 2707 1988; x_wconf 91' lang='lat'><strong>:</strong></span> <span class='ocrx_word' id='word_1_379' title='bbox 2738 1934 2915 2006; x_wconf 70' lang='lat' dir='ltr'><strong>Oﬂicia</strong></span> <span class='ocrx_word' id='word_1_380' title='bbox 2967 1946 3247 2006; x_wconf 86' lang='lat' dir='ltr'><strong>temporum</strong></span> <span class='ocrx_word' id='word_1_381' title='bbox 3277 1948 3323 1994; x_wconf 90' lang='lat' dir='ltr'><strong>et</strong></span> <span class='ocrx_word' id='word_1_382' title='bbox 3347 1941 3704 1996; x_wconf 86' lang='lat' dir='ltr'><strong>elementorum</strong></span> 
     </span>
    </p>
   </div>
   <div class='ocr_carea' id='block_1_50' title="bbox 2105 2024 3706 2102">
    <p class='ocr_par' dir='ltr' id='par_1_50' title="bbox 2105 2024 3706 2102">
     <span class='ocr_line' id='line_1_50' title="bbox 2105 2024 3706 2102; baseline 0.008 -27"><span class='ocrx_word' id='word_1_383' title='bbox 2105 2024 2280 2077; x_wconf 87' lang='lat' dir='ltr'><strong>ntunia</strong></span> <span class='ocrx_word' id='word_1_384' title='bbox 2308 2025 2592 2080; x_wconf 74' lang='lat' dir='ltr'><strong>exorbitant</strong></span> <span class='ocrx_word' id='word_1_385' title='bbox 2622 2025 2845 2098; x_wconf 89' lang='lat' dir='ltr'><strong>(Ibid.),</strong></span> <span class='ocrx_word' id='word_1_386' title='bbox 2873 2029 2926 2084; x_wconf 88' lang='lat' dir='ltr'><strong>id</strong></span> <span class='ocrx_word' id='word_1_387' title='bbox 2957 2039 3069 2097; x_wconf 88' lang='lat' dir='ltr'><strong>est,</strong></span> <span class='ocrx_word' id='word_1_388' title='bbox 3103 2030 3292 2086; x_wconf 90' lang='lat' dir='ltr'><strong>solitus</strong></span> <span class='ocrx_word' id='word_1_389' title='bbox 3321 2044 3549 2102; x_wconf 82' lang='lat' dir='ltr'><strong>quatuor</strong></span> <span class='ocrx_word' id='word_1_390' title='bbox 3575 2033 3706 2088; x_wconf 90' lang='lat' dir='ltr'><strong>anui</strong></span> 
     </span>
    </p>
   </div>
   <div class='ocr_carea' id='block_1_51' title="bbox 2107 2121 3702 2185">
    <p class='ocr_par' dir='ltr' id='par_1_51' title="bbox 2107 2121 3702 2185">
     <span class='ocr_line' id='line_1_51' title="bbox 2107 2121 3702 2185; baseline 0.008 -17"><span class='ocrx_word' id='word_1_391' title='bbox 2107 2121 2507 2185; x_wconf 87' lang='lat' dir='ltr'><strong>tempestatum,</strong></span> <span class='ocrx_word' id='word_1_392' title='bbox 2539 2133 2603 2174; x_wconf 91' lang='lat' dir='ltr'><strong>ac</strong></span> <span class='ocrx_word' id='word_1_393' title='bbox 2631 2128 2861 2176; x_wconf 88' lang='lat' dir='ltr'><strong>statutus</strong></span> <span class='ocrx_word' id='word_1_394' title='bbox 2888 2121 3281 2177; x_wconf 88' lang='lat' dir='ltr'><strong>elementorum</strong></span> <span class='ocrx_word' id='word_1_395' title='bbox 3313 2123 3447 2179; x_wconf 88' lang='lat' dir='ltr'><strong>ordo</strong></span> <span class='ocrx_word' id='word_1_396' title='bbox 3471 2126 3702 2180; x_wconf 85' lang='lat' dir='ltr'><strong>conluu-</strong></span> 
     </span>
    </p>
   </div>
   <div class='ocr_carea' id='block_1_52' title="bbox 2104 2203 3700 2282">
    <p class='ocr_par' dir='ltr' id='par_1_52' title="bbox 2104 2203 3700 2282">
     <span class='ocr_line' id='line_1_52' title="bbox 2104 2203 3700 2282; baseline 0.008 -22"><span class='ocrx_word' id='word_1_397' title='bbox 2104 2203 2267 2274; x_wconf 91' lang='lat' dir='ltr'><strong>ditur,</strong></span> <span class='ocrx_word' id='word_1_398' title='bbox 2313 2207 2456 2278; x_wconf 92' lang='lat' dir='ltr'><strong>quod</strong></span> <span class='ocrx_word' id='word_1_399' title='bbox 2503 2209 2798 2282; x_wconf 89' lang='lat' dir='ltr'><strong>improprio</strong></span> <span class='ocrx_word' id='word_1_400' title='bbox 2837 2211 2978 2267; x_wconf 79' lang='lat' dir='ltr'><strong>dixit</strong></span> <span class='ocrx_word' id='word_1_401' title='bbox 3017 2213 3182 2268; x_wconf 90' lang='lat' dir='ltr'><strong>verbo</strong></span> <span class='ocrx_word' id='word_1_402' title='bbox 3225 2214 3528 2272; x_wconf 73' lang='lat' dir='ltr'><strong>exorbitant.</strong></span> <span class='ocrx_word' id='word_1_403' title='bbox 3559 2216 3700 2282; x_wconf 87' lang='lat' dir='ltr'><strong>Quin</strong></span> 
     </span>
    </p>
   </div>
   <div class='ocr_carea' id='block_1_53' title="bbox 2104 2299 3698 2379">
    <p class='ocr_par' dir='ltr' id='par_1_53' title="bbox 2104 2299 3698 2379">
     <span class='ocr_line' id='line_1_53' title="bbox 2104 2299 3698 2379; baseline 0.011 -27"><span class='ocrx_word' id='word_1_404' title='bbox 2104 2299 2265 2354; x_wconf 90' lang='lat' dir='ltr'><strong>etiam</strong></span> <span class='ocrx_word' id='word_1_405' title='bbox 2297 2299 2541 2358; x_wconf 81' lang='lat' dir='ltr'><strong>Monstris</strong></span> <span class='ocrx_word' id='word_1_406' title='bbox 2567 2313 2612 2357; x_wconf 91' lang='lat' dir='ltr'><strong>et</strong></span> <span class='ocrx_word' id='word_1_407' title='bbox 2643 2306 2886 2375; x_wconf 84' lang='lat' dir='ltr'><strong>portentis</strong></span> <span class='ocrx_word' id='word_1_408' title='bbox 2916 2307 3228 2362; x_wconf 89' lang='lat' dir='ltr'><strong>naturalium</strong></span> <span class='ocrx_word' id='word_1_409' title='bbox 3252 2312 3418 2379; x_wconf 78' lang='lat' dir='ltr'><strong>forma</strong></span> <span class='ocrx_word' id='word_1_410' title='bbox 3443 2311 3698 2370; x_wconf 89' lang='lat' dir='ltr'><strong>turbatur.</strong></span> 
     </span>
    </p>
   </div>
   <div class='ocr_carea' id='block_1_54' title="bbox 2102 2391 3700 2476">
    <p class='ocr_par' dir='ltr' id='par_1_54' title="bbox 2102 2391 3700 2476">
     <span class='ocr_line' id='line_1_54' title="bbox 2102 2391 3700 2476; baseline 0.01 -31"><span class='ocrx_word' id='word_1_411' title='bbox 2102 2391 2328 2460; x_wconf 86' lang='lat' dir='ltr'><strong>Quidam</strong></span> <span class='ocrx_word' id='word_1_412' title='bbox 2372 2406 2552 2452; x_wconf 90' lang='lat' dir='ltr'><strong>autem</strong></span> <span class='ocrx_word' id='word_1_413' title='bbox 2597 2397 2671 2453; x_wconf 90' lang='lat' dir='ltr'><strong>ibi</strong></span> <span class='ocrx_word' id='word_1_414' title='bbox 2712 2409 2949 2455; x_wconf 88' lang='lat' dir='ltr'><strong>monstra</strong></span> <span class='ocrx_word' id='word_1_415' title='bbox 2987 2416 3018 2455; x_wconf 91' lang='lat' dir='ltr'><strong>a</strong></span> <span class='ocrx_word' id='word_1_416' title='bbox 3048 2403 3310 2471; x_wconf 89' lang='lat' dir='ltr'><strong>portentis</strong></span> <span class='ocrx_word' id='word_1_417' title='bbox 3341 2402 3418 2458; x_wconf 88' lang='lat' dir='ltr'><strong>sic</strong></span> <span class='ocrx_word' id='word_1_418' title='bbox 3447 2404 3700 2476; x_wconf 89' lang='lat' dir='ltr'><strong>distingui</strong></span> 
     </span>
    </p>
   </div>
   <div class='ocr_carea' id='block_1_55' title="bbox 2102 2485 3696 2564">
    <p class='ocr_par' dir='ltr' id='par_1_55' title="bbox 2102 2485 3696 2564">
     <span class='ocr_line' id='line_1_55' title="bbox 2102 2485 3696 2564; baseline 0.006 -24"><span class='ocrx_word' id='word_1_419' title='bbox 2102 2485 2308 2553; x_wconf 81' lang='lat' dir='ltr'><strong>volunt,</strong></span> <span class='ocrx_word' id='word_1_420' title='bbox 2349 2496 2407 2542; x_wconf 91' lang='lat' dir='ltr'><strong>ut</strong></span> <span class='ocrx_word' id='word_1_421' title='bbox 2431 2498 2672 2544; x_wconf 89' lang='lat' dir='ltr'><strong>monstra</strong></span> <span class='ocrx_word' id='word_1_422' title='bbox 2701 2490 2753 2545; x_wconf 92' lang='lat' dir='ltr'><strong>in</strong></span> <span class='ocrx_word' id='word_1_423' title='bbox 2781 2490 3090 2548; x_wconf 86' lang='lat' dir='ltr'><strong>hominibus</strong></span> <span class='ocrx_word' id='word_1_424' title='bbox 3115 2493 3542 2564; x_wconf 88' lang='lat' dir='ltr'><strong>animalibusque</strong></span> <span class='ocrx_word' id='word_1_425' title='bbox 3568 2498 3696 2562; x_wconf 89' lang='lat' dir='ltr'><strong>sint,</strong></span> 
     </span>
    </p>
   </div>
   <div class='ocr_carea' id='block_1_56' title="bbox 2099 2581 3698 2649">
    <p class='ocr_par' dir='ltr' id='par_1_56' title="bbox 2099 2581 3698 2649">
     <span class='ocr_line' id='line_1_56' title="bbox 2099 2581 3698 2649; baseline 0.007 -17"><span class='ocrx_word' id='word_1_426' title='bbox 2099 2587 2348 2649; x_wconf 88' lang='lat' dir='ltr'><strong>portenta</strong></span> <span class='ocrx_word' id='word_1_427' title='bbox 2377 2596 2506 2637; x_wconf 92' lang='lat' dir='ltr'><strong>vero</strong></span> <span class='ocrx_word' id='word_1_428' title='bbox 2534 2581 2587 2637; x_wconf 91' lang='lat' dir='ltr'><strong>in</strong></span> <span class='ocrx_word' id='word_1_429' title='bbox 2617 2582 2779 2639; x_wconf 88' lang='lat' dir='ltr'><strong>rebus</strong></span> <span class='ocrx_word' id='word_1_430' title='bbox 2816 2585 3138 2640; x_wconf 89' lang='lat' dir='ltr'><strong>inanimatis.</strong></span> <span class='ocrx_word' id='word_1_431' title='bbox 3189 2585 3295 2641; x_wconf 86' lang='lat' dir='ltr'><strong>Sed</strong></span> <span class='ocrx_word' id='word_1_432' title='bbox 3339 2585 3374 2640; x_wconf 92' lang='lat' dir='ltr'><strong>ii</strong></span> <span class='ocrx_word' id='word_1_433' title='bbox 3415 2603 3521 2641; x_wconf 92' lang='lat' dir='ltr'><strong>nou</strong></span> <span class='ocrx_word' id='word_1_434' title='bbox 3563 2589 3698 2644; x_wconf 89' lang='lat' dir='ltr'><strong>satis</strong></span> 
     </span>
    </p>
   </div>
   <div class='ocr_carea' id='block_1_57' title="bbox 2102 2673 3699 2750">
    <p class='ocr_par' dir='ltr' id='par_1_57' title="bbox 2102 2673 3699 2750">
     <span class='ocr_line' id='line_1_57' title="bbox 2102 2673 3699 2750; baseline 0.006 -22"><span class='ocrx_word' id='word_1_435' title='bbox 2102 2673 2290 2744; x_wconf 89' lang='lat' dir='ltr'><strong>procul</strong></span> <span class='ocrx_word' id='word_1_436' title='bbox 2319 2673 2482 2732; x_wconf 90' lang='lat' dir='ltr'><strong>dubio</strong></span> <span class='ocrx_word' id='word_1_437' title='bbox 2510 2675 2881 2745; x_wconf 84' lang='lat' dir='ltr'><strong>attentleruut,</strong></span> <span class='ocrx_word' id='word_1_438' title='bbox 2913 2682 3056 2750; x_wconf 92' lang='lat' dir='ltr'><strong>quod</strong></span> <span class='ocrx_word' id='word_1_439' title='bbox 3083 2679 3297 2749; x_wconf 89' lang='lat' dir='ltr'><strong>scripsit</strong></span> <span class='ocrx_word' id='word_1_440' title='bbox 3319 2680 3509 2736; x_wconf 87' lang='lat' dir='ltr'><strong>Cicero</strong></span> <span class='ocrx_word' id='word_1_441' title='bbox 3534 2680 3699 2737; x_wconf 79' lang='lat' dir='ltr'><strong>infor-</strong></span> 
     </span>
    </p>
   </div>
   <div class='ocr_carea' id='block_1_58' title="bbox 2099 2768 3698 2847">
    <p class='ocr_par' dir='ltr' id='par_1_58' title="bbox 2099 2768 3698 2847">
     <span class='ocr_line' id='line_1_58' title="bbox 2099 2768 3698 2847; baseline 0.004 -24"><span class='ocrx_word' id='word_1_442' title='bbox 2099 2775 2273 2824; x_wconf 87' lang='lat' dir='ltr'><strong>matas</strong></span> <span class='ocrx_word' id='word_1_443' title='bbox 2299 2768 2522 2826; x_wconf 85' lang='lat' dir='ltr'><strong>deorum</strong></span> <span class='ocrx_word' id='word_1_444' title='bbox 2548 2771 2798 2828; x_wconf 91' lang='lat' dir='ltr'><strong>notiones</strong></span> <span class='ocrx_word' id='word_1_445' title='bbox 2834 2784 3019 2843; x_wconf 67' lang='lat' dir='ltr'><strong>praeter</strong></span> <span class='ocrx_word' id='word_1_446' title='bbox 3039 2781 3275 2827; x_wconf 86' lang='lat' dir='ltr'><strong>naturam</strong></span> <span class='ocrx_word' id='word_1_447' title='bbox 3311 2774 3572 2829; x_wconf 81' lang='lat' dir='ltr'><strong>hominum</strong></span> <span class='ocrx_word' id='word_1_448' title='bbox 3610 2792 3698 2847; x_wconf 88' lang='lat' dir='ltr'><strong>pe-</strong></span> 
     </span>
    </p>
   </div>
   <div class='ocr_carea' id='block_1_59' title="bbox 2097 2860 3694 2939">
    <p class='ocr_par' dir='ltr' id='par_1_59' title="bbox 2097 2860 3694 2939">
     <span class='ocr_line' id='line_1_59' title="bbox 2097 2860 3694 2939; baseline 0.007 -27"><span class='ocrx_word' id='word_1_449' title='bbox 2097 2860 2382 2932; x_wconf 87' lang='lat' dir='ltr'><strong>cudumque</strong></span> <span class='ocrx_word' id='word_1_450' title='bbox 2398 2865 2638 2932; x_wconf 88' lang='lat' dir='ltr'><strong>portentis</strong></span> <span class='ocrx_word' id='word_1_451' title='bbox 2664 2863 2874 2938; x_wconf 85' lang='lat' dir='ltr'><strong>(Cicer.,</strong></span> <span class='ocrx_word' id='word_1_452' title='bbox 2904 2864 2994 2918; x_wconf 92' lang='lat' dir='ltr'><strong>lib.</strong></span> <span class='ocrx_word' id='word_1_453' title='bbox 3018 2863 3064 2919; x_wconf 91' lang='lat' dir='ltr'><strong>Il</strong></span> <span class='ocrx_word' id='word_1_454' title='bbox 3084 2865 3148 2919; x_wconf 87' lang='lat' dir='ltr'><strong>de</strong></span> <span class='ocrx_word' id='word_1_455' title='bbox 3171 2863 3364 2921; x_wconf 86' lang='lat' dir='ltr'><strong>Natur.</strong></span> <span class='ocrx_word' id='word_1_456' title='bbox 3397 2867 3542 2922; x_wconf 89' lang='lat' dir='ltr'><strong>deor.</strong></span> <span class='ocrx_word' id='word_1_457' title='bbox 3569 2884 3694 2939; x_wconf 88' lang='lat' dir='ltr'><strong>pag.</strong></span> 
     </span>
    </p>
   </div>
   <div class='ocr_carea' id='block_1_60' title="bbox 2096 2951 3698 3027">
    <p class='ocr_par' dir='ltr' id='par_1_60' title="bbox 2096 2951 3698 3027">
     <span class='ocr_line' id='line_1_60' title="bbox 2096 2951 3698 3027; baseline 0.004 -21"><span class='ocrx_word' id='word_1_458' title='bbox 2096 2951 2226 3018; x_wconf 74' lang='grc'><strong>215,</strong></span> <span class='ocrx_word' id='word_1_459' title='bbox 2256 2954 2347 3007; x_wconf 89' lang='lat' dir='ltr'><strong>lin.</strong></span> <span class='ocrx_word' id='word_1_460' title='bbox 2375 2954 2502 3024; x_wconf 69' lang='lat'><strong>45).</strong></span> <span class='ocrx_word' id='word_1_461' title='bbox 2551 2956 2620 3012; x_wconf 84' lang='lat' dir='ltr'><strong>Et</strong></span> <span class='ocrx_word' id='word_1_462' title='bbox 2665 2957 2790 3012; x_wconf 86' lang='lat' dir='ltr'><strong>alibi</strong></span> <span class='ocrx_word' id='word_1_463' title='bbox 2820 2974 2833 3011; x_wconf 90' lang='lat'><strong>:</strong></span> <span class='ocrx_word' id='word_1_464' title='bbox 2864 2958 2946 3012; x_wconf 85' lang='lat' dir='ltr'><strong>An</strong></span> <span class='ocrx_word' id='word_1_465' title='bbox 2981 2972 3096 3012; x_wconf 87' lang='lat' dir='ltr'><strong>vero</strong></span> <span class='ocrx_word' id='word_1_466' title='bbox 3132 2958 3222 3013; x_wconf 91' lang='lat' dir='ltr'><strong>illa</strong></span> <span class='ocrx_word' id='word_1_467' title='bbox 3256 2975 3351 3012; x_wconf 90' lang='lat' dir='ltr'><strong>nos</strong></span> <span class='ocrx_word' id='word_1_468' title='bbox 3391 2967 3606 3027; x_wconf 90' lang='lat' dir='ltr'><strong>terrent,</strong></span> <span class='ocrx_word' id='word_1_469' title='bbox 3651 2959 3698 3013; x_wconf 89' lang='lat' dir='ltr'><strong>si</strong></span> 
     </span>
    </p>
   </div>
   <div class='ocr_carea' id='block_1_61' title="bbox 2095 3044 3698 3120">
    <p class='ocr_par' dir='ltr' id='par_1_61' title="bbox 2095 3044 3698 3120">
     <span class='ocr_line' id='line_1_61' title="bbox 2095 3044 3698 3120; baseline 0.006 -24"><span class='ocrx_word' id='word_1_470' title='bbox 2095 3044 2302 3112; x_wconf 88' lang='lat' dir='ltr'><strong>quando</strong></span> <span class='ocrx_word' id='word_1_471' title='bbox 2331 3045 2502 3114; x_wconf 89' lang='lat' dir='ltr'><strong>aliqua</strong></span> <span class='ocrx_word' id='word_1_472' title='bbox 2530 3057 2820 3118; x_wconf 89' lang='lat' dir='ltr'><strong>portentosa</strong></span> <span class='ocrx_word' id='word_1_473' title='bbox 2845 3058 2932 3102; x_wconf 89' lang='lat' dir='ltr'><strong>aut</strong></span> <span class='ocrx_word' id='word_1_474' title='bbox 2959 3065 2992 3102; x_wconf 92' lang='lat' dir='ltr'><strong>a</strong></span> <span class='ocrx_word' id='word_1_475' title='bbox 3021 3050 3246 3120; x_wconf 87' lang='lat' dir='ltr'><strong>pecude,</strong></span> <span class='ocrx_word' id='word_1_476' title='bbox 3293 3059 3381 3103; x_wconf 88' lang='lat' dir='ltr'><strong>aut</strong></span> <span class='ocrx_word' id='word_1_477' title='bbox 3406 3067 3469 3104; x_wconf 80' lang='lat' dir='ltr'><strong>ea:</strong></span> <span class='ocrx_word' id='word_1_478' title='bbox 3493 3051 3698 3106; x_wconf 86' lang='lat' dir='ltr'><strong>ltomine</strong></span> 
     </span>
    </p>
   </div>
   <div class='ocr_carea' id='block_1_62' title="bbox 396 3138 1995 3214">
    <p class='ocr_par' dir='ltr' id='par_1_62' title="bbox 396 3138 1990 3210">
     <span class='ocr_line' id='line_1_62' title="bbox 396 3138 1990 3210; baseline 0.003 -16"><span class='ocrx_word' id='word_1_479' title='bbox 396 3138 468 3195; x_wconf 87' lang='lat' dir='ltr'><strong>sit</strong></span> <span class='ocrx_word' id='word_1_480' title='bbox 506 3139 716 3193; x_wconf 90' lang='lat' dir='ltr'><strong>illorum</strong></span> <span class='ocrx_word' id='word_1_481' title='bbox 760 3140 1067 3210; x_wconf 89' lang='lat' dir='ltr'><strong>antiquitas.</strong></span> <span class='ocrx_word' id='word_1_482' title='bbox 1097 3139 1180 3195; x_wconf 90' lang='lat' dir='ltr'><strong>Ad</strong></span> <span class='ocrx_word' id='word_1_483' title='bbox 1207 3155 1392 3196; x_wconf 92' lang='lat' dir='ltr'><strong>eorum</strong></span> <span class='ocrx_word' id='word_1_484' title='bbox 1436 3157 1565 3199; x_wconf 89' lang='lat' dir='ltr'><strong>vero</strong></span> <span class='ocrx_word' id='word_1_485' title='bbox 1616 3143 1990 3199; x_wconf 86' lang='lat' dir='ltr'><strong>auctoritatem</strong></span> 
     </span>
    </p>
   </div>
   <div class='ocr_carea' id='block_1_63' title="bbox 2098 3138 3695 3214">
    <p class='ocr_par' dir='ltr' id='par_1_63' title="bbox 2098 3138 3695 3214">
     <span class='ocr_line' id='line_1_63' title="bbox 2098 3138 3695 3214; baseline 0.004 -24"><span class='ocrx_word' id='word_1_486' title='bbox 2098 3148 2218 3191; x_wconf 85' lang='lat' dir='ltr'><strong>nata</strong></span> <span class='ocrx_word' id='word_1_487' title='bbox 2253 3138 2491 3194; x_wconf 88' lang='lat' dir='ltr'><strong>dicuntur</strong></span> <span class='ocrx_word' id='word_1_488' title='bbox 2542 3139 2691 3212; x_wconf 85' lang='lat' dir='ltr'><strong>(Lib.</strong></span> <span class='ocrx_word' id='word_1_489' title='bbox 2717 3140 2763 3197; x_wconf 85' lang='lat' dir='ltr'><strong>Il</strong></span> <span class='ocrx_word' id='word_1_490' title='bbox 2789 3144 2852 3196; x_wconf 90' lang='lat' dir='ltr'><strong>de</strong></span> <span class='ocrx_word' id='word_1_491' title='bbox 2882 3141 3097 3197; x_wconf 87' lang='lat' dir='ltr'><strong>Divinit.</strong></span> <span class='ocrx_word' id='word_1_492' title='bbox 3150 3160 3204 3208; x_wconf 88' lang='lat' dir='ltr'><strong>p.</strong></span> <span class='ocrx_word' id='word_1_493' title='bbox 3236 3143 3364 3210; x_wconf 73' lang='grc'>247,</span> <span class='ocrx_word' id='word_1_494' title='bbox 3407 3144 3504 3198; x_wconf 82' lang='lat' dir='ltr'><strong>litt.</strong></span> <span class='ocrx_word' id='word_1_495' title='bbox 3548 3143 3695 3214; x_wconf 72' lang='lat'><strong>16)?</strong></span> 
     </span>
    </p>
   </div>
   <div class='ocr_carea' id='block_1_64' title="bbox 397 3231 1266 3302">
    <p class='ocr_par' dir='ltr' id='par_1_64' title="bbox 397 3231 1266 3302">
     <span class='ocr_line' id='line_1_64' title="bbox 397 3231 1266 3302; baseline 0.005 -15"><span class='ocrx_word' id='word_1_496' title='bbox 397 3231 765 3302; x_wconf 77' lang='lat' dir='ltr'><strong>explicandam</strong></span> <span class='ocrx_word' id='word_1_497' title='bbox 795 3248 938 3289; x_wconf 90' lang='lat' dir='ltr'><strong>nunc</strong></span> <span class='ocrx_word' id='word_1_498' title='bbox 968 3233 1266 3291; x_wconf 79' lang='lat' dir='ltr'><strong>veniamus.</strong></span> 
     </span>
    </p>
   </div>
   <div class='ocr_carea' id='block_1_65' title="bbox 984 3361 1405 3405">
    <p class='ocr_par' dir='ltr' id='par_1_65' title="bbox 984 3361 1405 3405">
     <span class='ocr_line' id='line_1_65' title="bbox 984 3361 1405 3405; baseline 0.005 -2"><span class='ocrx_word' id='word_1_499' title='bbox 984 3361 1276 3405; x_wconf 73' lang='lat' dir='ltr'><strong>ARTICULUS</strong></span> <span class='ocrx_word' id='word_1_500' title='bbox 1316 3365 1405 3405; x_wconf 82' lang='grc' dir='ltr'><strong>νη.</strong></span> 
     </span>
    </p>
   </div>
   <div class='ocr_carea' id='block_1_66' title="bbox 405 3455 1995 3525">
    <p class='ocr_par' dir='ltr' id='par_1_66' title="bbox 405 3455 1995 3525">
     <span class='ocr_line' id='line_1_66' title="bbox 405 3455 1995 3525; baseline 0.006 -12"><span class='ocrx_word' id='word_1_501' title='bbox 405 3455 671 3525; x_wconf 82' lang='lat' dir='ltr'><strong>Quomodo</strong></span> <span class='ocrx_word' id='word_1_502' title='bbox 706 3459 1048 3518; x_wconf 86' lang='lat' dir='ltr'><strong>Tertullianus</strong></span> <span class='ocrx_word' id='word_1_503' title='bbox 1085 3464 1391 3519; x_wconf 88' lang='lat' dir='ltr'><strong>demonstret</strong></span> <span class='ocrx_word' id='word_1_504' title='bbox 1430 3465 1654 3519; x_wconf 88' lang='lat' dir='ltr'><strong>divinam</strong></span> <span class='ocrx_word' id='word_1_505' title='bbox 1683 3475 1790 3520; x_wconf 87' lang='lat' dir='ltr'><strong>esse</strong></span> <span class='ocrx_word' id='word_1_506' title='bbox 1833 3481 1995 3522; x_wconf 78' lang='lat' dir='ltr'><strong>sacrte</strong></span> 
     </span>
    </p>
   </div>
   <div class='ocr_carea' id='block_1_67' title="bbox 470 3554 1992 3629">
    <p class='ocr_par' dir='ltr' id='par_1_67' title="bbox 470 3554 1992 3629">
     <span class='ocr_line' id='line_1_67' title="bbox 470 3554 1992 3629; baseline 0.004 -21"><span class='ocrx_word' id='word_1_507' title='bbox 470 3554 758 3624; x_wconf 74' lang='lat' dir='ltr'><strong>Scriptum</strong></span> <span class='ocrx_word' id='word_1_508' title='bbox 793 3558 1175 3626; x_wconf 79' lang='lat' dir='ltr'><strong>auctoritatem,</strong></span> <span class='ocrx_word' id='word_1_509' title='bbox 1234 3574 1326 3613; x_wconf 87' lang='lat' dir='ltr'><strong>nec</strong></span> <span class='ocrx_word' id='word_1_510' title='bbox 1363 3559 1504 3614; x_wconf 86' lang='lat' dir='ltr'><strong>illius</strong></span> <span class='ocrx_word' id='word_1_511' title='bbox 1545 3559 1890 3629; x_wconf 85' lang='lat' dir='ltr'><strong>ignorantiam</strong></span> <span class='ocrx_word' id='word_1_512' title='bbox 1929 3561 1992 3614; x_wconf 90' lang='lat' dir='ltr'><strong>ab</strong></span> 
     </span>
    </p>
   </div>
   <div class='ocr_carea' id='block_1_68' title="bbox 465 3649 1051 3721">
    <p class='ocr_par' dir='ltr' id='par_1_68' title="bbox 465 3649 1051 3721">
     <span class='ocr_line' id='line_1_68' title="bbox 465 3649 1051 3721; baseline 0.003 -17"><span class='ocrx_word' id='word_1_513' title='bbox 465 3649 678 3705; x_wconf 81' lang='lat' dir='ltr'><strong>ethnicis</strong></span> <span class='ocrx_word' id='word_1_514' title='bbox 707 3666 852 3721; x_wconf 89' lang='lat' dir='ltr'><strong>posse</strong></span> <span class='ocrx_word' id='word_1_515' title='bbox 877 3651 1051 3721; x_wconf 88' lang='lat' dir='ltr'><strong>objici.</strong></span> 
     </span>
    </p>
   </div>
   <div class='ocr_carea' id='block_1_69' title="bbox 467 3785 1989 3859">
    <p class='ocr_par' dir='ltr' id='par_1_69' title="bbox 467 3785 1989 3859">
     <span class='ocr_line' id='line_1_69' title="bbox 467 3785 1989 3859; baseline 0.003 -19"><span class='ocrx_word' id='word_1_516' title='bbox 467 3785 614 3841; x_wconf 74' lang='lat' dir='ltr'><strong>Non.</strong></span> <span class='ocrx_word' id='word_1_517' title='bbox 638 3802 704 3842; x_wconf 82' lang='lat' dir='ltr'><strong>ex</strong></span> <span class='ocrx_word' id='word_1_518' title='bbox 762 3788 875 3843; x_wconf 85' lang='lat' dir='ltr'><strong>sola</strong></span> <span class='ocrx_word' id='word_1_519' title='bbox 940 3789 1255 3859; x_wconf 89' lang='lat' dir='ltr'><strong>antiquitate</strong></span> <span class='ocrx_word' id='word_1_520' title='bbox 1305 3787 1664 3845; x_wconf 87' lang='lat' dir='ltr'><strong>Tertullianus</strong></span> <span class='ocrx_word' id='word_1_521' title='bbox 1725 3803 1989 3846; x_wconf 89' lang='lat' dir='ltr'><strong>summam</strong></span> 
     </span>
    </p>
   </div>
   <div class='ocr_carea' id='block_1_70' title="bbox 393 3880 1990 3953">
    <p class='ocr_par' dir='ltr' id='par_1_70' title="bbox 393 3880 1990 3953">
     <span class='ocr_line' id='line_1_70' title="bbox 393 3880 1990 3953; baseline 0.003 -17"><span class='ocrx_word' id='word_1_522' title='bbox 393 3880 688 3951; x_wconf 64' lang='lat' dir='ltr'><strong>Scriptura:</strong></span> <span class='ocrx_word' id='word_1_523' title='bbox 715 3898 884 3938; x_wconf 69' lang='lat' dir='ltr'><strong>sacra:</strong></span> <span class='ocrx_word' id='word_1_524' title='bbox 909 3883 1284 3939; x_wconf 90' lang='lat' dir='ltr'><strong>auctoritatem</strong></span> <span class='ocrx_word' id='word_1_525' title='bbox 1316 3885 1530 3953; x_wconf 90' lang='lat' dir='ltr'><strong>repetit,</strong></span> <span class='ocrx_word' id='word_1_526' title='bbox 1556 3884 1649 3939; x_wconf 90' lang='lat' dir='ltr'><strong>sed</strong></span> <span class='ocrx_word' id='word_1_527' title='bbox 1672 3898 1737 3938; x_wconf 91' lang='lat' dir='ltr'><strong>eo</strong></span> <span class='ocrx_word' id='word_1_528' title='bbox 1759 3885 1990 3940; x_wconf 86' lang='lat' dir='ltr'><strong>maxime</strong></span> 
     </span>
    </p>
   </div>
   <div class='ocr_carea' id='block_1_71' title="bbox 391 3973 1988 4046">
    <p class='ocr_par' dir='ltr' id='par_1_71' title="bbox 391 3973 1988 4046">
     <span class='ocr_line' id='line_1_71' title="bbox 391 3973 1988 4046; baseline 0.003 -20"><span class='ocrx_word' id='word_1_529' title='bbox 391 3973 532 4044; x_wconf 88' lang='lat' dir='ltr'><strong>quod</strong></span> <span class='ocrx_word' id='word_1_530' title='bbox 562 3973 748 4028; x_wconf 85' lang='lat' dir='ltr'><strong>divina</strong></span> <span class='ocrx_word' id='word_1_531' title='bbox 777 3975 868 4043; x_wconf 90' lang='lat' dir='ltr'><strong>sit,</strong></span> <span class='ocrx_word' id='word_1_532' title='bbox 905 3991 1000 4031; x_wconf 92' lang='lat' dir='ltr'><strong>seu</strong></span> <span class='ocrx_word' id='word_1_533' title='bbox 1027 3975 1221 4031; x_wconf 89' lang='lat' dir='ltr'><strong>litteris</strong></span> <span class='ocrx_word' id='word_1_534' title='bbox 1249 3975 1438 4030; x_wconf 85' lang='lat' dir='ltr'><strong>tradita</strong></span> <span class='ocrx_word' id='word_1_535' title='bbox 1467 3977 1534 4030; x_wconf 90' lang='lat' dir='ltr'><strong>ab</strong></span> <span class='ocrx_word' id='word_1_536' title='bbox 1560 3975 1666 4030; x_wconf 86' lang='lat' dir='ltr'><strong>illis</strong></span> <span class='ocrx_word' id='word_1_537' title='bbox 1693 3977 1875 4046; x_wconf 91' lang='lat' dir='ltr'><strong>utique</strong></span> <span class='ocrx_word' id='word_1_538' title='bbox 1906 3977 1988 4031; x_wconf 88' lang='lat' dir='ltr'><strong>vi-</strong></span> 
     </span>
    </p>
   </div>
   <div class='ocr_carea' id='block_1_72' title="bbox 389 4069 1988 4140">
    <p class='ocr_par' dir='ltr' id='par_1_72' title="bbox 389 4069 1988 4140">
     <span class='ocr_line' id='line_1_72' title="bbox 389 4069 1988 4140; baseline 0.001 -18"><span class='ocrx_word' id='word_1_539' title='bbox 389 4069 463 4123; x_wconf 90' lang='lat' dir='ltr'><strong>ris</strong></span> <span class='ocrx_word' id='word_1_540' title='bbox 513 4069 603 4139; x_wconf 90' lang='lat' dir='ltr'><strong>qui</strong></span> <span class='ocrx_word' id='word_1_541' title='bbox 665 4079 821 4125; x_wconf 90' lang='lat' dir='ltr'><strong>erant</strong></span> <span class='ocrx_word' id='word_1_542' title='bbox 861 4070 1043 4124; x_wconf 85' lang='lat' dir='ltr'><strong>divino</strong></span> <span class='ocrx_word' id='word_1_543' title='bbox 1074 4069 1275 4140; x_wconf 90' lang='lat' dir='ltr'><strong>Spiritu</strong></span> <span class='ocrx_word' id='word_1_544' title='bbox 1305 4069 1492 4134; x_wconf 80' lang='lat' dir='ltr'><strong>afﬂati,</strong></span> <span class='ocrx_word' id='word_1_545' title='bbox 1531 4085 1595 4124; x_wconf 92' lang='lat' dir='ltr'><strong>ac</strong></span> <span class='ocrx_word' id='word_1_546' title='bbox 1635 4071 1808 4124; x_wconf 81' lang='lat' dir='ltr'><strong>futura</strong></span> <span class='ocrx_word' id='word_1_547' title='bbox 1839 4079 1988 4124; x_wconf 92' lang='lat' dir='ltr'><strong>certo</strong></span> 
     </span>
    </p>
   </div>
   <div class='ocr_carea' id='block_1_73' title="bbox 389 4161 1988 4236">
    <p class='ocr_par' dir='ltr' id='par_1_73' title="bbox 389 4161 1988 4236">
     <span class='ocr_line' id='line_1_73' title="bbox 389 4161 1988 4236; baseline 0.002 -21"><span class='ocrx_word' id='word_1_548' title='bbox 389 4161 751 4232; x_wconf 68' lang='lat' dir='ltr'><strong>pratdixerunt</strong></span> <span class='ocrx_word' id='word_1_549' title='bbox 805 4161 1043 4236; x_wconf 89' lang='lat' dir='ltr'><strong>(Ibid.,</strong></span> <span class='ocrx_word' id='word_1_550' title='bbox 1103 4180 1219 4235; x_wconf 87' lang='lat' dir='ltr'><strong>cap.</strong></span> <span class='ocrx_word' id='word_1_551' title='bbox 1267 4161 1425 4233; x_wconf 60' lang='lat'><strong>$20):</strong></span> <span class='ocrx_word' id='word_1_552' title='bbox 1486 4161 1732 4217; x_wconf 89' lang='lat' dir='ltr'><strong>Idoneum</strong></span> <span class='ocrx_word' id='word_1_553' title='bbox 1800 4165 1988 4234; x_wconf 87' lang='lat' dir='ltr'><strong>quippe</strong></span> 
     </span>
    </p>
   </div>
   <div class='ocr_carea' id='block_1_74' title="bbox 388 4255 1982 4325">
    <p class='ocr_par' dir='ltr' id='par_1_74' title="bbox 388 4255 1982 4325">
     <span class='ocr_line' id='line_1_74' title="bbox 388 4255 1982 4325; baseline 0.003 -19"><span class='ocrx_word' id='word_1_554' title='bbox 388 4255 731 4310; x_wconf 83' lang='lat' dir='ltr'><strong>testimonium</strong></span> <span class='ocrx_word' id='word_1_555' title='bbox 754 4255 1054 4325; x_wconf 87' lang='lat' dir='ltr'><strong>divinitatis,</strong></span> <span class='ocrx_word' id='word_1_556' title='bbox 1077 4257 1154 4311; x_wconf 88' lang='lat' dir='ltr'><strong>ait</strong></span> <span class='ocrx_word' id='word_1_557' title='bbox 1176 4257 1290 4323; x_wconf 90' lang='lat' dir='ltr'><strong>ille,</strong></span> <span class='ocrx_word' id='word_1_558' title='bbox 1313 4266 1386 4310; x_wconf 81' lang='lat' dir='ltr'><strong>est</strong></span> <span class='ocrx_word' id='word_1_559' title='bbox 1423 4257 1608 4310; x_wconf 83' lang='lat' dir='ltr'><strong>veritas</strong></span> <span class='ocrx_word' id='word_1_560' title='bbox 1631 4257 1982 4310; x_wconf 84' lang='lat' dir='ltr'><strong>divinationis.</strong></span> 
     </span>
    </p>
   </div>
   <div class='ocr_carea' id='block_1_75' title="bbox 387 4343 1983 4420">
    <p class='ocr_par' dir='ltr' id='par_1_75' title="bbox 387 4343 1983 4420">
     <span class='ocr_line' id='line_1_75' title="bbox 387 4343 1983 4420; baseline 0.003 -20"><span class='ocrx_word' id='word_1_561' title='bbox 387 4343 570 4416; x_wconf 80' lang='lat' dir='ltr'><strong>Neque</strong></span> <span class='ocrx_word' id='word_1_562' title='bbox 601 4348 651 4402; x_wconf 93' lang='lat' dir='ltr'><strong>id</strong></span> <span class='ocrx_word' id='word_1_563' title='bbox 681 4347 822 4402; x_wconf 92' lang='lat' dir='ltr'><strong>ullus</strong></span> <span class='ocrx_word' id='word_1_564' title='bbox 853 4363 1051 4418; x_wconf 86' lang='lat' dir='ltr'><strong>negare</strong></span> <span class='ocrx_word' id='word_1_565' title='bbox 1080 4356 1322 4417; x_wconf 88' lang='lat' dir='ltr'><strong>poterat,</strong></span> <span class='ocrx_word' id='word_1_566' title='bbox 1355 4362 1456 4402; x_wconf 90' lang='lat' dir='ltr'><strong>nec</strong></span> <span class='ocrx_word' id='word_1_567' title='bbox 1480 4348 1578 4418; x_wconf 88' lang='lat' dir='ltr'><strong>ipsi</strong></span> <span class='ocrx_word' id='word_1_568' title='bbox 1606 4349 1820 4418; x_wconf 89' lang='lat' dir='ltr'><strong>quidem</strong></span> <span class='ocrx_word' id='word_1_569' title='bbox 1848 4365 1983 4420; x_wconf 88' lang='lat' dir='ltr'><strong>geu-</strong></span> 
     </span>
    </p>
   </div>
   <div class='ocr_carea' id='block_1_76' title="bbox 387 4438 1982 4507">
    <p class='ocr_par' dir='ltr' id='par_1_76' title="bbox 387 4438 1982 4507">
     <span class='ocr_line' id='line_1_76' title="bbox 387 4438 1982 4507; baseline 0.003 -17"><span class='ocrx_word' id='word_1_570' title='bbox 387 4438 510 4492; x_wconf 86' lang='lat' dir='ltr'><strong>tiles</strong></span> <span class='ocrx_word' id='word_1_571' title='bbox 530 4477 545 4500; x_wconf 91' lang='lat'><strong>,</strong></span> <span class='ocrx_word' id='word_1_572' title='bbox 589 4439 677 4507; x_wconf 86' lang='lat' dir='ltr'><strong>qui</strong></span> <span class='ocrx_word' id='word_1_573' title='bbox 709 4447 864 4495; x_wconf 86' lang='lat' dir='ltr'><strong>veros</strong></span> <span class='ocrx_word' id='word_1_574' title='bbox 899 4455 1023 4496; x_wconf 86' lang='lat' dir='ltr'><strong>esse</strong></span> <span class='ocrx_word' id='word_1_575' title='bbox 1047 4439 1180 4495; x_wconf 91' lang='lat' dir='ltr'><strong>deos</strong></span> <span class='ocrx_word' id='word_1_576' title='bbox 1207 4456 1335 4496; x_wconf 89' lang='lat' dir='ltr'><strong>suos</strong></span> <span class='ocrx_word' id='word_1_577' title='bbox 1370 4439 1496 4495; x_wconf 91' lang='lat' dir='ltr'><strong>inde</strong></span> <span class='ocrx_word' id='word_1_578' title='bbox 1523 4440 1789 4496; x_wconf 84' lang='lat' dir='ltr'><strong>conﬁcere</strong></span> <span class='ocrx_word' id='word_1_579' title='bbox 1817 4455 1982 4496; x_wconf 85' lang='lat' dir='ltr'><strong>cona-</strong></span> 
     </span>
    </p>
   </div>
   <div class='ocr_carea' id='block_1_77' title="bbox 2099 3231 3694 3306">
    <p class='ocr_par' dir='ltr' id='par_1_77' title="bbox 2099 3231 3694 3306">
     <span class='ocr_line' id='line_1_77' title="bbox 2099 3231 3694 3306; baseline 0.003 -18"><span class='ocrx_word' id='word_1_580' title='bbox 2099 3231 2412 3289; x_wconf 88' lang='lat' dir='ltr'><strong>Portentum</strong></span> <span class='ocrx_word' id='word_1_581' title='bbox 2452 3234 2614 3306; x_wconf 83' lang='lat' dir='ltr'><strong>igitur</strong></span> <span class='ocrx_word' id='word_1_582' title='bbox 2642 3251 2745 3290; x_wconf 91' lang='lat' dir='ltr'><strong>non</strong></span> <span class='ocrx_word' id='word_1_583' title='bbox 2777 3236 2947 3306; x_wconf 84' lang='lat' dir='ltr'><strong>magis</strong></span> <span class='ocrx_word' id='word_1_584' title='bbox 2974 3236 3044 3292; x_wconf 88' lang='lat' dir='ltr'><strong>de</strong></span> <span class='ocrx_word' id='word_1_585' title='bbox 3087 3236 3392 3291; x_wconf 89' lang='lat' dir='ltr'><strong>iuauimatis</strong></span> <span class='ocrx_word' id='word_1_586' title='bbox 3420 3236 3584 3292; x_wconf 88' lang='lat' dir='ltr'><strong>rebus</strong></span> <span class='ocrx_word' id='word_1_587' title='bbox 3608 3236 3694 3292; x_wconf 88' lang='lat' dir='ltr'><strong>di-</strong></span> 
     </span>
    </p>
   </div>
   <div class='ocr_carea' id='block_1_78' title="bbox 2097 3326 3686 3398">
    <p class='ocr_par' dir='ltr' id='par_1_78' title="bbox 2097 3326 3686 3398">
     <span class='ocr_line' id='line_1_78' title="bbox 2097 3326 3686 3398; baseline 0.002 -18"><span class='ocrx_word' id='word_1_588' title='bbox 2097 3330 2256 3394; x_wconf 83' lang='lat' dir='ltr'><strong>citur,</strong></span> <span class='ocrx_word' id='word_1_589' title='bbox 2297 3341 2458 3398; x_wconf 88' lang='lat' dir='ltr'><strong>quam</strong></span> <span class='ocrx_word' id='word_1_590' title='bbox 2496 3327 2564 3382; x_wconf 89' lang='lat' dir='ltr'><strong>de</strong></span> <span class='ocrx_word' id='word_1_591' title='bbox 2603 3327 2909 3384; x_wconf 88' lang='lat' dir='ltr'><strong>hominibus</strong></span> <span class='ocrx_word' id='word_1_592' title='bbox 2957 3337 3013 3383; x_wconf 89' lang='lat' dir='ltr'><strong>et</strong></span> <span class='ocrx_word' id='word_1_593' title='bbox 3039 3326 3357 3398; x_wconf 88' lang='lat' dir='ltr'><strong>pecudibus,</strong></span> <span class='ocrx_word' id='word_1_594' title='bbox 3388 3327 3441 3382; x_wconf 91' lang='lat' dir='ltr'><strong>in</strong></span> <span class='ocrx_word' id='word_1_595' title='bbox 3487 3328 3686 3398; x_wconf 89' lang='lat' dir='ltr'><strong>quibus</strong></span> 
     </span>
    </p>
   </div>
   <div class='ocr_carea' id='block_1_79' title="bbox 2097 3420 3692 3493">
    <p class='ocr_par' dir='ltr' id='par_1_79' title="bbox 2097 3420 3692 3493">
     <span class='ocr_line' id='line_1_79' title="bbox 2097 3420 3692 3493; baseline -0.001 -17"><span class='ocrx_word' id='word_1_596' title='bbox 2097 3421 2398 3477; x_wconf 88' lang='lat' dir='ltr'><strong>membrum</strong></span> <span class='ocrx_word' id='word_1_597' title='bbox 2428 3421 2642 3493; x_wconf 87' lang='lat' dir='ltr'><strong>aliquod</strong></span> <span class='ocrx_word' id='word_1_598' title='bbox 2673 3429 2871 3492; x_wconf 60' lang='lat' dir='ltr'><strong>praeter</strong></span> <span class='ocrx_word' id='word_1_599' title='bbox 2895 3431 3140 3476; x_wconf 87' lang='lat' dir='ltr'><strong>naturam</strong></span> <span class='ocrx_word' id='word_1_600' title='bbox 3163 3420 3319 3491; x_wconf 89' lang='lat' dir='ltr'><strong>plane</strong></span> <span class='ocrx_word' id='word_1_601' title='bbox 3339 3420 3692 3489; x_wconf 80' lang='lat' dir='ltr'><strong>deformatur,</strong></span> 
     </span>
    </p>
   </div>
   <div class='ocr_carea' id='block_1_80' title="bbox 2095 3512 3694 3582">
    <p class='ocr_par' dir='ltr' id='par_1_80' title="bbox 2095 3512 3694 3582">
     <span class='ocr_line' id='line_1_80' title="bbox 2095 3512 3694 3582; baseline 0 -15"><span class='ocrx_word' id='word_1_602' title='bbox 2095 3521 2190 3568; x_wconf 92' lang='lat' dir='ltr'><strong>aut</strong></span> <span class='ocrx_word' id='word_1_603' title='bbox 2213 3512 2526 3582; x_wconf 50' lang='lat' dir='ltr'><strong>,redundat,</strong></span> <span class='ocrx_word' id='word_1_604' title='bbox 2572 3523 2664 3568; x_wconf 90' lang='lat' dir='ltr'><strong>aut</strong></span> <span class='ocrx_word' id='word_1_605' title='bbox 2701 3513 2900 3570; x_wconf 86' lang='lat' dir='ltr'><strong>delicit.</strong></span> <span class='ocrx_word' id='word_1_606' title='bbox 2931 3514 3245 3569; x_wconf 89' lang='lat' dir='ltr'><strong>Portentum</strong></span> <span class='ocrx_word' id='word_1_607' title='bbox 3275 3522 3452 3568; x_wconf 88' lang='lat' dir='ltr'><strong>tamen</strong></span> <span class='ocrx_word' id='word_1_608' title='bbox 3479 3529 3509 3568; x_wconf 94' lang='lat' dir='ltr'><strong>a</strong></span> <span class='ocrx_word' id='word_1_609' title='bbox 3533 3529 3694 3568; x_wconf 87' lang='lat' dir='ltr'><strong>mon-</strong></span> 
     </span>
    </p>
   </div>
   <div class='ocr_carea' id='block_1_81' title="bbox 2093 3593 3694 3675">
    <p class='ocr_par' dir='ltr' id='par_1_81' title="bbox 2093 3593 3694 3675">
     <span class='ocr_line' id='line_1_81' title="bbox 2093 3593 3694 3675; baseline 0.002 -16"><span class='ocrx_word' id='word_1_610' title='bbox 2093 3593 2209 3660; x_wconf 80' lang='lat' dir='ltr'><strong>stro</strong></span> <span class='ocrx_word' id='word_1_611' title='bbox 2229 3606 2274 3659; x_wconf 89' lang='lat' dir='ltr'><strong>si</strong></span> <span class='ocrx_word' id='word_1_612' title='bbox 2305 3605 2518 3675; x_wconf 89' lang='lat' dir='ltr'><strong>quando</strong></span> <span class='ocrx_word' id='word_1_613' title='bbox 2539 3605 2857 3661; x_wconf 90' lang='lat' dir='ltr'><strong>Tertulliani</strong></span> <span class='ocrx_word' id='word_1_614' title='bbox 2879 3605 3058 3661; x_wconf 91' lang='lat' dir='ltr'><strong>verbis</strong></span> <span class='ocrx_word' id='word_1_615' title='bbox 3084 3619 3271 3662; x_wconf 83' lang='lat' dir='ltr'><strong>revera</strong></span> <span class='ocrx_word' id='word_1_616' title='bbox 3299 3605 3510 3662; x_wconf 89' lang='lat' dir='ltr'><strong>secerni</strong></span> <span class='ocrx_word' id='word_1_617' title='bbox 3537 3605 3694 3662; x_wconf 88' lang='lat' dir='ltr'><strong>nobis</strong></span> 
     </span>
    </p>
   </div>
   <div class='ocr_carea' id='block_1_82' title="bbox 2092 3681 3007 3768">
    <p class='ocr_par' dir='ltr' id='par_1_82' title="bbox 2092 3681 3007 3768">
     <span class='ocr_line' id='line_1_82' title="bbox 2092 3681 3007 3768; baseline -0.002 -16"><span class='ocrx_word' id='word_1_618' title='bbox 2092 3697 2373 3768; x_wconf 89' lang='lat' dir='ltr'><strong>probetur,</strong></span> <span class='ocrx_word' id='word_1_619' title='bbox 2402 3697 2645 3766; x_wconf 90' lang='lat' dir='ltr'><strong>protinus</strong></span> <span class='ocrx_word' id='word_1_620' title='bbox 2674 3696 2950 3753; x_wconf 88' lang='lat' dir='ltr'><strong>cedemus.</strong></span> <span class='ocrx_word' id='word_1_621' title='bbox 2976 3681 3007 3707; x_wconf 63' lang='lat'><strong>‘</strong></span> 
     </span>
    </p>
   </div>
   <div class='ocr_carea' id='block_1_83' title="bbox 2164 3789 3692 3860">
    <p class='ocr_par' dir='ltr' id='par_1_83' title="bbox 2164 3789 3692 3860">
     <span class='ocr_line' id='line_1_83' title="bbox 2164 3789 3692 3860; baseline 0.001 -16"><span class='ocrx_word' id='word_1_622' title='bbox 2164 3789 2304 3858; x_wconf 92' lang='lat' dir='ltr'><strong>Quid</strong></span> <span class='ocrx_word' id='word_1_623' title='bbox 2330 3790 2522 3860; x_wconf 87' lang='lat' dir='ltr'><strong>plura?</strong></span> <span class='ocrx_word' id='word_1_624' title='bbox 2561 3789 2820 3858; x_wconf 83' lang='lat' dir='ltr'><strong>Humiles,</strong></span> <span class='ocrx_word' id='word_1_625' title='bbox 2852 3791 2927 3846; x_wconf 88' lang='lat' dir='ltr'><strong>ait</strong></span> <span class='ocrx_word' id='word_1_626' title='bbox 2955 3791 3064 3859; x_wconf 91' lang='lat' dir='ltr'><strong>illc,</strong></span> <span class='ocrx_word' id='word_1_627' title='bbox 3096 3791 3424 3860; x_wconf 87' lang='lat' dir='ltr'><strong>sublimitate,</strong></span> <span class='ocrx_word' id='word_1_628' title='bbox 3453 3791 3692 3846; x_wconf 86' lang='lat' dir='ltr'><strong>sublimes</strong></span> 
     </span>
    </p>
   </div>
   <div class='ocr_carea' id='block_1_84' title="bbox 2092 3881 3686 3954">
    <p class='ocr_par' dir='ltr' id='par_1_84' title="bbox 2092 3881 3686 3954">
     <span class='ocr_line' id='line_1_84' title="bbox 2092 3881 3686 3954; baseline 0.001 -18"><span class='ocrx_word' id='word_1_629' title='bbox 2092 3882 2377 3938; x_wconf 81' lang='lat' dir='ltr'><strong>humilitate</strong></span> <span class='ocrx_word' id='word_1_630' title='bbox 2411 3893 2670 3937; x_wconf 87' lang='lat' dir='ltr'><strong>mutantur</strong></span> <span class='ocrx_word' id='word_1_631' title='bbox 2700 3884 2719 3954; x_wconf 94' lang='lat'><strong>(</strong></span> <span class='ocrx_word' id='word_1_632' title='bbox 2747 3881 3048 3937; x_wconf 86' lang='lat' dir='ltr'><strong>Tertullian.</strong></span> <span class='ocrx_word' id='word_1_633' title='bbox 3090 3883 3386 3954; x_wconf 75' lang='lat' dir='ltr'><strong>ApologeL,</strong></span> <span class='ocrx_word' id='word_1_634' title='bbox 3426 3898 3544 3953; x_wconf 90' lang='lat' dir='ltr'><strong>cap.</strong></span> <span class='ocrx_word' id='word_1_635' title='bbox 3586 3881 3686 3949; x_wconf 72' lang='grc'><strong>20,</strong></span> 
     </span>
    </p>
   </div>
   <div class='ocr_carea' id='block_1_85' title="bbox 2092 3974 3691 4048">
    <p class='ocr_par' dir='ltr' id='par_1_85' title="bbox 2092 3974 3691 4048">
     <span class='ocr_line' id='line_1_85' title="bbox 2092 3974 3691 4048; baseline -0.001 -19"><span class='ocrx_word' id='word_1_636' title='bbox 2092 3975 2398 4048; x_wconf 81' lang='lat' dir='ltr'><strong>pag.!590)_;</strong></span> <span class='ocrx_word' id='word_1_637' title='bbox 2430 3978 2562 4042; x_wconf 84' lang='lat' dir='ltr'><strong>sive,</strong></span> <span class='ocrx_word' id='word_1_638' title='bbox 2585 3975 2860 4032; x_wconf 88' lang='lat' dir='ltr'><strong>hominum</strong></span> <span class='ocrx_word' id='word_1_639' title='bbox 2891 3984 3062 4031; x_wconf 88' lang='lat' dir='ltr'><strong>status</strong></span> <span class='ocrx_word' id='word_1_640' title='bbox 3087 3984 3142 4030; x_wconf 88' lang='lat' dir='ltr'><strong>et</strong></span> <span class='ocrx_word' id='word_1_641' title='bbox 3166 3976 3404 4031; x_wconf 86' lang='lat' dir='ltr'><strong>conditio</strong></span> <span class='ocrx_word' id='word_1_642' title='bbox 3435 3974 3505 4030; x_wconf 89' lang='lat' dir='ltr'><strong>ita</strong></span> <span class='ocrx_word' id='word_1_643' title='bbox 3535 3989 3691 4029; x_wconf 76' lang='lat' dir='ltr'><strong>com~</strong></span> 
     </span>
    </p>
   </div>
   <div class='ocr_carea' id='block_1_86' title="bbox 2091 4067 3687 4137">
    <p class='ocr_par' dir='ltr' id='par_1_86' title="bbox 2091 4067 3687 4137">
     <span class='ocr_line' id='line_1_86' title="bbox 2091 4067 3687 4137; baseline -0.003 -13"><span class='ocrx_word' id='word_1_644' title='bbox 2091 4078 2328 4125; x_wconf 86' lang='lat' dir='ltr'><strong>mutatur</strong></span> <span class='ocrx_word' id='word_1_645' title='bbox 2351 4112 2364 4137; x_wconf 90' lang='lat'><strong>,</strong></span> <span class='ocrx_word' id='word_1_646' title='bbox 2393 4080 2451 4124; x_wconf 92' lang='lat' dir='ltr'><strong>ut</strong></span> <span class='ocrx_word' id='word_1_647' title='bbox 2479 4086 2510 4124; x_wconf 90' lang='lat' dir='ltr'><strong>a</strong></span> <span class='ocrx_word' id='word_1_648' title='bbox 2537 4069 2754 4126; x_wconf 91' lang='lat' dir='ltr'><strong>sublimi</strong></span> <span class='ocrx_word' id='word_1_649' title='bbox 2786 4083 2848 4124; x_wconf 90' lang='lat' dir='ltr'><strong>ac</strong></span> <span class='ocrx_word' id='word_1_650' title='bbox 2877 4083 3086 4124; x_wconf 90' lang='lat' dir='ltr'><strong>summa</strong></span> <span class='ocrx_word' id='word_1_651' title='bbox 3115 4067 3181 4122; x_wconf 89' lang='lat' dir='ltr'><strong>ad</strong></span> <span class='ocrx_word' id='word_1_652' title='bbox 3236 4067 3493 4122; x_wconf 87' lang='lat' dir='ltr'><strong>humilem</strong></span> <span class='ocrx_word' id='word_1_653' title='bbox 3517 4075 3572 4122; x_wconf 92' lang='lat' dir='ltr'><strong>ct</strong></span> <span class='ocrx_word' id='word_1_654' title='bbox 3599 4067 3687 4121; x_wconf 90' lang='lat' dir='ltr'><strong>in-</strong></span> 
     </span>
    </p>
   </div>
   <div class='ocr_carea' id='block_1_87' title="bbox 2089 4159 3687 4233">
    <p class='ocr_par' dir='ltr' id='par_1_87' title="bbox 2089 4159 3687 4233">
     <span class='ocr_line' id='line_1_87' title="bbox 2089 4159 3687 4233; baseline -0.002 -16"><span class='ocrx_word' id='word_1_655' title='bbox 2089 4161 2269 4217; x_wconf 82' lang='lat' dir='ltr'><strong>ﬁmam</strong></span> <span class='ocrx_word' id='word_1_656' title='bbox 2331 4171 2491 4233; x_wconf 89' lang='lat' dir='ltr'><strong>atque</strong></span> <span class='ocrx_word' id='word_1_657' title='bbox 2525 4178 2681 4218; x_wconf 85' lang='lat' dir='ltr'><strong>versa</strong></span> <span class='ocrx_word' id='word_1_658' title='bbox 2740 4163 2878 4226; x_wconf 88' lang='lat' dir='ltr'><strong>vice,</strong></span> <span class='ocrx_word' id='word_1_659' title='bbox 2910 4169 2999 4216; x_wconf 88' lang='lat' dir='ltr'><strong>aut</strong></span> <span class='ocrx_word' id='word_1_660' title='bbox 3026 4159 3278 4216; x_wconf 78' lang='lat' dir='ltr'><strong>decidant</strong></span> <span class='ocrx_word' id='word_1_661' title='bbox 3305 4169 3398 4216; x_wconf 89' lang='lat' dir='ltr'><strong>aut</strong></span> <span class='ocrx_word' id='word_1_662' title='bbox 3422 4174 3687 4216; x_wconf 89' lang='lat' dir='ltr'><strong>conscen-</strong></span> 
     </span>
    </p>
   </div>
   <div class='ocr_carea' id='block_1_88' title="bbox 2089 4252 3688 4325">
    <p class='ocr_par' dir='ltr' id='par_1_88' title="bbox 2089 4252 3688 4325">
     <span class='ocr_line' id='line_1_88' title="bbox 2089 4252 3688 4325; baseline -0.002 -16"><span class='ocrx_word' id='word_1_663' title='bbox 2089 4253 2236 4309; x_wconf 90' lang='lat' dir='ltr'><strong>dant.</strong></span> <span class='ocrx_word' id='word_1_664' title='bbox 2275 4255 2546 4325; x_wconf 91' lang='lat' dir='ltr'><strong>Denique:</strong></span> <span class='ocrx_word' id='word_1_665' title='bbox 2567 4254 3021 4325; x_wconf 83' lang='lat' dir='ltr'><strong>justitiararescit,</strong></span> <span class='ocrx_word' id='word_1_666' title='bbox 3050 4263 3097 4306; x_wconf 88' lang='lat' dir='ltr'><strong>et</strong></span> <span class='ocrx_word' id='word_1_667' title='bbox 3114 4252 3354 4323; x_wconf 88' lang='lat' dir='ltr'><strong>iniquitas</strong></span> <span class='ocrx_word' id='word_1_668' title='bbox 3389 4253 3688 4318; x_wconf 87' lang='lat' dir='ltr'><strong>crebrescit;</strong></span> 
     </span>
    </p>
   </div>
   <div class='ocr_carea' id='block_1_89' title="bbox 2088 4342 3686 4415">
    <p class='ocr_par' dir='ltr' id='par_1_89' title="bbox 2088 4342 3686 4415">
     <span class='ocr_line' id='line_1_89' title="bbox 2088 4342 3686 4415; baseline -0.001 -15"><span class='ocrx_word' id='word_1_669' title='bbox 2088 4347 2336 4400; x_wconf 86' lang='lat' dir='ltr'><strong>bonarum</strong></span> <span class='ocrx_word' id='word_1_670' title='bbox 2373 4348 2597 4401; x_wconf 87' lang='lat' dir='ltr'><strong>ontniunt</strong></span> <span class='ocrx_word' id='word_1_671' title='bbox 2637 4344 3026 4415; x_wconf 87' lang='lat' dir='ltr'><strong>disciplinarum</strong></span> <span class='ocrx_word' id='word_1_672' title='bbox 3064 4361 3191 4400; x_wconf 90' lang='lat' dir='ltr'><strong>cura</strong></span> <span class='ocrx_word' id='word_1_673' title='bbox 3235 4345 3494 4415; x_wconf 85' lang='lat' dir='ltr'><strong>torpescit,</strong></span> <span class='ocrx_word' id='word_1_674' title='bbox 3543 4342 3686 4412; x_wconf 88' lang='lat' dir='ltr'><strong>apud</strong></span> 
     </span>
    </p>
   </div>
   <div class='ocr_carea' id='block_1_90' title="bbox 2087 4431 3683 4506">
    <p class='ocr_par' dir='ltr' id='par_1_90' title="bbox 2087 4431 3683 4506">
     <span class='ocr_line' id='line_1_90' title="bbox 2087 4431 3683 4506; baseline -0.003 -14"><span class='ocrx_word' id='word_1_675' title='bbox 2087 4437 2332 4492; x_wconf 78' lang='lat' dir='ltr'><strong>ethnicos</strong></span> <span class='ocrx_word' id='word_1_676' title='bbox 2362 4437 2646 4504; x_wconf 88' lang='lat' dir='ltr'><strong>videlicet,</strong></span> <span class='ocrx_word' id='word_1_677' title='bbox 2692 4435 2782 4506; x_wconf 90' lang='lat' dir='ltr'><strong>qui</strong></span> <span class='ocrx_word' id='word_1_678' title='bbox 2823 4435 3171 4491; x_wconf 92' lang='lat' dir='ltr'><strong>christiauam</strong></span> <span class='ocrx_word' id='word_1_679' title='bbox 3203 4435 3515 4503; x_wconf 79' lang='lat' dir='ltr'><strong>religionem</strong></span> <span class='ocrx_word' id='word_1_680' title='bbox 3545 4431 3683 4488; x_wconf 90' lang='lat' dir='ltr'><strong>ode-</strong></span> 
     </span>
    </p>
   </div>
   <div class='ocr_carea' id='block_1_91' title="bbox 386 4522 3683 4607">
    <p class='ocr_par' dir='ltr' id='par_1_91' title="bbox 386 4522 3683 4607">
     <span class='ocr_line' id='line_1_91' title="bbox 386 4522 3683 4607; baseline -0.002 -19"><span class='ocrx_word' id='word_1_681' title='bbox 386 4532 741 4604; x_wconf 85' lang='lat' dir='ltr'><strong>hautur,quia</strong></span> <span class='ocrx_word' id='word_1_682' title='bbox 773 4550 861 4590; x_wconf 91' lang='lat' dir='ltr'><strong>res</strong></span> <span class='ocrx_word' id='word_1_683' title='bbox 890 4535 1100 4592; x_wconf 80' lang='lat' dir='ltr'><strong>futuras</strong></span> <span class='ocrx_word' id='word_1_684' title='bbox 1122 4536 1192 4592; x_wconf 91' lang='lat' dir='ltr'><strong>ab</strong></span> <span class='ocrx_word' id='word_1_685' title='bbox 1218 4536 1282 4591; x_wconf 92' lang='lat' dir='ltr'><strong>iis</strong></span> <span class='ocrx_word' id='word_1_686' title='bbox 1333 4536 1718 4607; x_wconf 73' lang='lat' dir='ltr'><strong>przenuntiatas</strong></span> <span class='ocrx_word' id='word_1_687' title='bbox 1743 4550 1863 4591; x_wconf 90' lang='lat' dir='ltr'><strong>esse</strong></span> <span class='ocrx_word' id='word_1_688' title='bbox 1884 4550 1982 4589; x_wconf 91' lang='lat' dir='ltr'><strong>au-</strong></span> <span class='ocrx_word' id='word_1_689' title='bbox 2008 4546 2061 4606; x_wconf 78' lang='lat'><strong>1)</strong></span> <span class='ocrx_word' id='word_1_690' title='bbox 2086 4539 2241 4596; x_wconf 90' lang='lat' dir='ltr'><strong>rant,</strong></span> <span class='ocrx_word' id='word_1_691' title='bbox 2284 4529 2369 4584; x_wconf 89' lang='lat' dir='ltr'><strong>vel</strong></span> <span class='ocrx_word' id='word_1_692' title='bbox 2413 4527 2861 4598; x_wconf 88' lang='lat' dir='ltr'><strong>aspernabantur.</strong></span> <span class='ocrx_word' id='word_1_693' title='bbox 2911 4526 3046 4582; x_wconf 87' lang='lat' dir='ltr'><strong>Nam</strong></span> <span class='ocrx_word' id='word_1_694' title='bbox 3107 4535 3292 4597; x_wconf 85' lang='lat' dir='ltr'><strong>postea</strong></span> <span class='ocrx_word' id='word_1_695' title='bbox 3335 4522 3683 4579; x_wconf 74' lang='lat' dir='ltr'><strong>manifestum</strong></span> 
     </span>
    </p>
   </div>
   <div class='ocr_carea' id='block_1_92' title="bbox 389 4625 1985 4698">
    <p class='ocr_par' dir='ltr' id='par_1_92' title="bbox 389 4625 1985 4698">
     <span class='ocr_line' id='line_1_92' title="bbox 389 4625 1985 4698; baseline 0.002 -20"><span class='ocrx_word' id='word_1_696' title='bbox 389 4625 684 4680; x_wconf 89' lang='lat' dir='ltr'><strong>tumahant.</strong></span> <span class='ocrx_word' id='word_1_697' title='bbox 726 4627 1017 4684; x_wconf 86' lang='lat' dir='ltr'><strong>Christiani</strong></span> <span class='ocrx_word' id='word_1_698' title='bbox 1056 4643 1185 4685; x_wconf 81' lang='lat' dir='ltr'><strong>vero</strong></span> <span class='ocrx_word' id='word_1_699' title='bbox 1221 4630 1326 4683; x_wconf 90' lang='lat' dir='ltr'><strong>vim</strong></span> <span class='ocrx_word' id='word_1_700' title='bbox 1366 4627 1522 4698; x_wconf 89' lang='lat' dir='ltr'><strong>hujus</strong></span> <span class='ocrx_word' id='word_1_701' title='bbox 1551 4628 1874 4697; x_wconf 91' lang='lat' dir='ltr'><strong>argumenti,</strong></span> <span class='ocrx_word' id='word_1_702' title='bbox 1905 4627 1985 4681; x_wconf 91' lang='lat' dir='ltr'><strong>sic</strong></span> 
     </span>
    </p>
   </div>
   <div class='ocr_carea' id='block_1_93' title="bbox 383 4717 1984 4793">
    <p class='ocr_par' dir='ltr' id='par_1_93' title="bbox 383 4717 1984 4793">
     <span class='ocr_line' id='line_1_93' title="bbox 383 4717 1984 4793; baseline -0.001 -20"><span class='ocrx_word' id='word_1_703' title='bbox 383 4717 454 4773; x_wconf 88' lang='lat' dir='ltr'><strong>ab</strong></span> <span class='ocrx_word' id='word_1_704' title='bbox 482 4720 771 4789; x_wconf 86' lang='lat' dir='ltr'><strong>gentilibus</strong></span> <span class='ocrx_word' id='word_1_705' title='bbox 800 4723 1060 4793; x_wconf 89' lang='lat' dir='ltr'><strong>usurpati,</strong></span> <span class='ocrx_word' id='word_1_706' title='bbox 1093 4737 1196 4777; x_wconf 93' lang='lat' dir='ltr'><strong>nou</strong></span> <span class='ocrx_word' id='word_1_707' title='bbox 1222 4721 1383 4775; x_wconf 91' lang='lat' dir='ltr'><strong>aliam</strong></span> <span class='ocrx_word' id='word_1_708' title='bbox 1406 4720 1477 4775; x_wconf 91' lang='lat' dir='ltr'><strong>ob</strong></span> <span class='ocrx_word' id='word_1_709' title='bbox 1505 4735 1720 4775; x_wconf 85' lang='lat' dir='ltr'><strong>causam</strong></span> <span class='ocrx_word' id='word_1_710' title='bbox 1748 4718 1984 4774; x_wconf 83' lang='lat' dir='ltr'><strong>inﬁrma-</strong></span> 
     </span>
    </p>
   </div>
   <div class='ocr_carea' id='block_1_94' title="bbox 383 4811 1981 4884">
    <p class='ocr_par' dir='ltr' id='par_1_94' title="bbox 383 4811 1981 4884">
     <span class='ocr_line' id='line_1_94' title="bbox 383 4811 1981 4884; baseline 0 -18"><span class='ocrx_word' id='word_1_711' title='bbox 383 4811 512 4866; x_wconf 83' lang='lat' dir='ltr'><strong>bant</strong></span> <span class='ocrx_word' id='word_1_712' title='bbox 532 4853 548 4878; x_wconf 92' lang='lat'><strong>,</strong></span> <span class='ocrx_word' id='word_1_713' title='bbox 582 4813 688 4866; x_wconf 89' lang='lat' dir='ltr'><strong>nisi</strong></span> <span class='ocrx_word' id='word_1_714' title='bbox 714 4815 838 4884; x_wconf 88' lang='lat' dir='ltr'><strong>quia</strong></span> <span class='ocrx_word' id='word_1_715' title='bbox 869 4825 960 4868; x_wconf 92' lang='lat' dir='ltr'><strong>aut</strong></span> <span class='ocrx_word' id='word_1_716' title='bbox 985 4814 1132 4868; x_wconf 67' lang='lat' dir='ltr'><strong>falsa:</strong></span> <span class='ocrx_word' id='word_1_717' title='bbox 1159 4823 1312 4868; x_wconf 92' lang='lat' dir='ltr'><strong>erant</strong></span> <span class='ocrx_word' id='word_1_718' title='bbox 1334 4811 1638 4883; x_wconf 86' lang='lat' dir='ltr'><strong>hujusmodi</strong></span> <span class='ocrx_word' id='word_1_719' title='bbox 1661 4812 1981 4866; x_wconf 79' lang='lat' dir='ltr'><strong>factitiorunt</strong></span> 
     </span>
    </p>
   </div>
   <div class='ocr_carea' id='block_1_95' title="bbox 382 4903 1980 4977">
    <p class='ocr_par' dir='ltr' id='par_1_95' title="bbox 382 4903 1980 4977">
     <span class='ocr_line' id='line_1_95' title="bbox 382 4903 1980 4977; baseline 0 -18"><span class='ocrx_word' id='word_1_720' title='bbox 382 4903 610 4960; x_wconf 87' lang='lat' dir='ltr'><strong>deorum</strong></span> <span class='ocrx_word' id='word_1_721' title='bbox 645 4908 1045 4977; x_wconf 71' lang='lat' dir='ltr'><strong>przedictioues,</strong></span> <span class='ocrx_word' id='word_1_722' title='bbox 1077 4919 1169 4962; x_wconf 91' lang='lat' dir='ltr'><strong>aut</strong></span> <span class='ocrx_word' id='word_1_723' title='bbox 1195 4906 1500 4962; x_wconf 65' lang='lat' dir='ltr'><strong>daemonum</strong></span> <span class='ocrx_word' id='word_1_724' title='bbox 1527 4905 1730 4961; x_wconf 88' lang='lat' dir='ltr'><strong>artibus</strong></span> <span class='ocrx_word' id='word_1_725' title='bbox 1760 4915 1813 4961; x_wconf 90' lang='lat' dir='ltr'><strong>et</strong></span> <span class='ocrx_word' id='word_1_726' title='bbox 1841 4921 1980 4975; x_wconf 78' lang='lat' dir='ltr'><strong>pra:-</strong></span> 
     </span>
    </p>
   </div>
   <div class='ocr_carea' id='block_1_96' title="bbox 380 4998 1980 5074">
    <p class='ocr_par' dir='ltr' id='par_1_96' title="bbox 380 4998 1980 5074">
     <span class='ocr_line' id='line_1_96' title="bbox 380 4998 1980 5074; baseline -0.001 -21"><span class='ocrx_word' id='word_1_727' title='bbox 380 4998 554 5068; x_wconf 84' lang='lat' dir='ltr'><strong>stigiis</strong></span> <span class='ocrx_word' id='word_1_728' title='bbox 581 5001 915 5070; x_wconf 63' lang='lat' dir='ltr'><strong>excogitaui.</strong></span> <span class='ocrx_word' id='word_1_729' title='bbox 935 5000 1097 5056; x_wconf 89' lang='lat' dir='ltr'><strong>Solus</strong></span> <span class='ocrx_word' id='word_1_730' title='bbox 1121 5014 1351 5071; x_wconf 90' lang='lat' dir='ltr'><strong>namque</strong></span> <span class='ocrx_word' id='word_1_731' title='bbox 1373 5013 1531 5054; x_wconf 87' lang='lat' dir='ltr'><strong>verus</strong></span> <span class='ocrx_word' id='word_1_732' title='bbox 1554 4998 1716 5074; x_wconf 89' lang='lat' dir='ltr'><strong>Deus,</strong></span> <span class='ocrx_word' id='word_1_733' title='bbox 1739 5006 1832 5053; x_wconf 90' lang='lat' dir='ltr'><strong>aut</strong></span> <span class='ocrx_word' id='word_1_734' title='bbox 1855 5012 1980 5068; x_wconf 87' lang='lat' dir='ltr'><strong>pro-</strong></span> 
     </span>
    </p>
   </div>
   <div class='ocr_carea' id='block_1_97' title="bbox 381 5091 1982 5165">
    <p class='ocr_par' dir='ltr' id='par_1_97' title="bbox 381 5091 1982 5165">
     <span class='ocr_line' id='line_1_97' title="bbox 381 5091 1982 5165; baseline 0 -18"><span class='ocrx_word' id='word_1_735' title='bbox 381 5092 558 5162; x_wconf 82' lang='lat' dir='ltr'><strong>phetae</strong></span> <span class='ocrx_word' id='word_1_736' title='bbox 582 5095 770 5164; x_wconf 91' lang='lat' dir='ltr'><strong>spiritu</strong></span> <span class='ocrx_word' id='word_1_737' title='bbox 803 5095 946 5150; x_wconf 87' lang='lat' dir='ltr'><strong>illius</strong></span> <span class='ocrx_word' id='word_1_738' title='bbox 973 5095 1186 5165; x_wconf 90' lang='lat' dir='ltr'><strong>repleti,</strong></span> <span class='ocrx_word' id='word_1_739' title='bbox 1216 5103 1440 5165; x_wconf 90' lang='lat' dir='ltr'><strong>possunt</strong></span> <span class='ocrx_word' id='word_1_740' title='bbox 1466 5091 1640 5148; x_wconf 80' lang='lat' dir='ltr'><strong>futura</strong></span> <span class='ocrx_word' id='word_1_741' title='bbox 1670 5103 1819 5147; x_wconf 90' lang='lat' dir='ltr'><strong>certo</strong></span> <span class='ocrx_word' id='word_1_742' title='bbox 1847 5107 1982 5162; x_wconf 77' lang='lat' dir='ltr'><strong>pra:-</strong></span> 
     </span>
    </p>
   </div>
   <div class='ocr_carea' id='block_1_98' title="bbox 381 5184 1979 5258">
    <p class='ocr_par' dir='ltr' id='par_1_98' title="bbox 381 5184 1979 5258">
     <span class='ocr_line' id='line_1_98' title="bbox 381 5184 1979 5258; baseline -0.002 -18"><span class='ocrx_word' id='word_1_743' title='bbox 381 5185 649 5242; x_wconf 87' lang='lat' dir='ltr'><strong>nuntiare.</strong></span> <span class='ocrx_word' id='word_1_744' title='bbox 674 5188 834 5258; x_wconf 81' lang='lat' dir='ltr'><strong>Atqui</strong></span> <span class='ocrx_word' id='word_1_745' title='bbox 864 5188 1111 5257; x_wconf 89' lang='lat' dir='ltr'><strong>plurima,</strong></span> <span class='ocrx_word' id='word_1_746' title='bbox 1145 5186 1316 5257; x_wconf 90' lang='lat' dir='ltr'><strong>inquit</strong></span> <span class='ocrx_word' id='word_1_747' title='bbox 1343 5187 1765 5252; x_wconf 87' lang='lat' dir='ltr'><strong>Auetoruoster,</strong></span> <span class='ocrx_word' id='word_1_748' title='bbox 1789 5184 1979 5239; x_wconf 90' lang='lat' dir='ltr'><strong>eodem</strong></span> 
     </span>
    </p>
   </div>
   <div class='ocr_carea' id='block_1_99' title="bbox 380 5277 1981 5351">
    <p class='ocr_par' dir='ltr' id='par_1_99' title="bbox 380 5277 1981 5351">
     <span class='ocr_line' id='line_1_99' title="bbox 380 5277 1981 5351; baseline 0.001 -21"><span class='ocrx_word' id='word_1_749' title='bbox 380 5277 544 5332; x_wconf 90' lang='lat' dir='ltr'><strong>modo</strong></span> <span class='ocrx_word' id='word_1_750' title='bbox 564 5278 673 5349; x_wconf 85' lang='lat' dir='ltr'><strong>jam</strong></span> <span class='ocrx_word' id='word_1_751' title='bbox 696 5279 835 5335; x_wconf 82' lang='lat' dir='ltr'><strong>facta</strong></span> <span class='ocrx_word' id='word_1_752' title='bbox 853 5281 1147 5348; x_wconf 89' lang='lat' dir='ltr'><strong>cernimus,</strong></span> <span class='ocrx_word' id='word_1_753' title='bbox 1169 5295 1276 5351; x_wconf 88' lang='lat' dir='ltr'><strong>quo</strong></span> <span class='ocrx_word' id='word_1_754' title='bbox 1296 5295 1325 5334; x_wconf 89' lang='lat' dir='ltr'><strong>a</strong></span> <span class='ocrx_word' id='word_1_755' title='bbox 1348 5279 1516 5335; x_wconf 88' lang='lat' dir='ltr'><strong>sacris</strong></span> <span class='ocrx_word' id='word_1_756' title='bbox 1542 5279 1752 5334; x_wconf 90' lang='lat' dir='ltr'><strong>vatibus</strong></span> <span class='ocrx_word' id='word_1_757' title='bbox 1782 5279 1981 5334; x_wconf 87' lang='lat' dir='ltr'><strong>nostris</strong></span> 
     </span>
    </p>
   </div>
   <div class='ocr_carea' id='block_1_100' title="bbox 379 5372 1055 5441">
    <p class='ocr_par' dir='ltr' id='par_1_100' title="bbox 379 5372 1055 5441">
     <span class='ocr_line' id='line_1_100' title="bbox 379 5372 1055 5441; baseline 0.004 -17"><span class='ocrx_word' id='word_1_758' title='bbox 379 5381 789 5441; x_wconf 64' lang='lat' dir='ltr'><strong>prtemoustrata</strong></span> <span class='ocrx_word' id='word_1_759' title='bbox 823 5372 1055 5428; x_wconf 82' lang='lat' dir='ltr'><strong>fuerant.</strong></span> 
     </span>
    </p>
   </div>
   <div class='ocr_carea' id='block_1_101' title="bbox 451 5463 1980 5539">
    <p class='ocr_par' dir='ltr' id='par_1_101' title="bbox 451 5463 1980 5539">
     <span class='ocr_line' id='line_1_101' title="bbox 451 5463 1980 5539; baseline 0.002 -21"><span class='ocrx_word' id='word_1_760' title='bbox 451 5463 606 5520; x_wconf 86' lang='lat' dir='ltr'><strong>Brevi</strong></span> <span class='ocrx_word' id='word_1_761' title='bbox 646 5477 824 5522; x_wconf 91' lang='lat' dir='ltr'><strong>autem</strong></span> <span class='ocrx_word' id='word_1_762' title='bbox 855 5465 1111 5522; x_wconf 88' lang='lat' dir='ltr'><strong>harumce</strong></span> <span class='ocrx_word' id='word_1_763' title='bbox 1138 5466 1545 5539; x_wconf 69' lang='lat' dir='ltr'><strong>praedictionum</strong></span> <span class='ocrx_word' id='word_1_764' title='bbox 1575 5465 1980 5522; x_wconf 87' lang='lat' dir='ltr'><strong>enumeratione</strong></span> 
     </span>
    </p>
   </div>
   <div class='ocr_carea' id='block_1_102' title="bbox 378 5558 1982 5635">
    <p class='ocr_par' dir='ltr' id='par_1_102' title="bbox 378 5558 1982 5635">
     <span class='ocr_line' id='line_1_102' title="bbox 378 5558 1982 5635; baseline 0 -21"><span class='ocrx_word' id='word_1_765' title='bbox 378 5558 510 5615; x_wconf 89' lang='lat' dir='ltr'><strong>illud</strong></span> <span class='ocrx_word' id='word_1_766' title='bbox 584 5562 900 5633; x_wconf 89' lang='lat' dir='ltr'><strong>comprobat</strong></span> <span class='ocrx_word' id='word_1_767' title='bbox 940 5560 960 5634; x_wconf 97' lang='lat'><strong>(</strong></span> <span class='ocrx_word' id='word_1_768' title='bbox 1000 5561 1138 5616; x_wconf 85' lang='lat' dir='ltr'><strong>Ibid.</strong></span> <span class='ocrx_word' id='word_1_769' title='bbox 1189 5560 1230 5635; x_wconf 91' lang='lat'><strong>).</strong></span> <span class='ocrx_word' id='word_1_770' title='bbox 1285 5560 1437 5616; x_wconf 86' lang='lat' dir='ltr'><strong>Nunc</strong></span> <span class='ocrx_word' id='word_1_771' title='bbox 1524 5560 1667 5615; x_wconf 90' lang='lat' dir='ltr'><strong>enim</strong></span> <span class='ocrx_word' id='word_1_772' title='bbox 1700 5601 1715 5626; x_wconf 94' lang='lat'><strong>,</strong></span> <span class='ocrx_word' id='word_1_773' title='bbox 1771 5567 1846 5614; x_wconf 88' lang='lat' dir='ltr'><strong>ut‘</strong></span> <span class='ocrx_word' id='word_1_774' title='bbox 1889 5560 1982 5615; x_wconf 86' lang='lat' dir='ltr'><strong>ille</strong></span> 
     </span>
    </p>
   </div>
   <div class='ocr_carea' id='block_1_103' title="bbox 379 5652 1980 5728">
    <p class='ocr_par' dir='ltr' id='par_1_103' title="bbox 379 5652 1980 5728">
     <span class='ocr_line' id='line_1_103' title="bbox 379 5652 1980 5728; baseline 0.001 -21"><span class='ocrx_word' id='word_1_775' title='bbox 379 5653 455 5708; x_wconf 91' lang='lat' dir='ltr'><strong>ait</strong></span> <span class='ocrx_word' id='word_1_776' title='bbox 482 5695 498 5722; x_wconf 93' lang='lat'><strong>,</strong></span> <span class='ocrx_word' id='word_1_777' title='bbox 527 5653 721 5725; x_wconf 54' lang='lat' dir='ltr'><strong>Terret,</strong></span> <span class='ocrx_word' id='word_1_778' title='bbox 754 5656 1200 5728; x_wconf 89' lang='lat' dir='ltr'><strong>quemadmodum</strong></span> <span class='ocrx_word' id='word_1_779' title='bbox 1225 5671 1254 5710; x_wconf 92' lang='lat' dir='ltr'><strong>a</strong></span> <span class='ocrx_word' id='word_1_780' title='bbox 1277 5655 1445 5712; x_wconf 88' lang='lat' dir='ltr'><strong>sacris</strong></span> <span class='ocrx_word' id='word_1_781' title='bbox 1473 5653 1753 5724; x_wconf 81' lang='lat' dir='ltr'><strong>Prophetis</strong></span> <span class='ocrx_word' id='word_1_782' title='bbox 1781 5652 1980 5724; x_wconf 67' lang='lat' dir='ltr'><strong>praadi-</strong></span> 
     </span>
    </p>
   </div>
   <div class='ocr_carea' id='block_1_104' title="bbox 380 5749 1980 5825">
    <p class='ocr_par' dir='ltr' id='par_1_104' title="bbox 380 5749 1980 5825">
     <span class='ocr_line' id='line_1_104' title="bbox 380 5749 1980 5825; baseline 0.003 -20"><span class='ocrx_word' id='word_1_783' title='bbox 380 5755 526 5810; x_wconf 86' lang='lat' dir='ltr'><strong>ctum</strong></span> <span class='ocrx_word' id='word_1_784' title='bbox 562 5760 668 5822; x_wconf 86' lang='lat' dir='ltr'><strong>est,</strong></span> <span class='ocrx_word' id='word_1_785' title='bbox 717 5761 895 5810; x_wconf 85' lang='lat' dir='ltr'><strong>vorant</strong></span> <span class='ocrx_word' id='word_1_786' title='bbox 931 5750 1107 5824; x_wconf 83' lang='lat' dir='ltr'><strong>urbes,</strong></span> <span class='ocrx_word' id='word_1_787' title='bbox 1153 5751 1208 5812; x_wconf 85' lang='lat' dir='ltr'><strong>id</strong></span> <span class='ocrx_word' id='word_1_788' title='bbox 1237 5760 1341 5823; x_wconf 85' lang='lat' dir='ltr'><strong>est,</strong></span> <span class='ocrx_word' id='word_1_789' title='bbox 1389 5749 1684 5825; x_wconf 86' lang='lat' dir='ltr'><strong>repentinis</strong></span> <span class='ocrx_word' id='word_1_790' title='bbox 1710 5759 1980 5814; x_wconf 83' lang='lat' dir='ltr'><strong>terrarum</strong></span> 
     </span>
    </p>
   </div>
   <div class='ocr_carea' id='block_1_105' title="bbox 2087 4615 3687 4696">
    <p class='ocr_par' dir='ltr' id='par_1_105' title="bbox 2087 4615 3687 4696">
     <span class='ocr_line' id='line_1_105' title="bbox 2087 4615 3687 4696; baseline -0.007 -15"><span class='ocrx_word' id='word_1_791' title='bbox 2087 4625 2232 4696; x_wconf 90' lang='lat' dir='ltr'><strong>ipse,</strong></span> <span class='ocrx_word' id='word_1_792' title='bbox 2260 4633 2316 4678; x_wconf 91' lang='lat' dir='ltr'><strong>ut</strong></span> <span class='ocrx_word' id='word_1_793' title='bbox 2344 4638 2442 4678; x_wconf 91' lang='lat' dir='ltr'><strong>suo</strong></span> <span class='ocrx_word' id='word_1_794' title='bbox 2471 4625 2588 4678; x_wconf 89' lang='lat' dir='ltr'><strong>loco</strong></span> <span class='ocrx_word' id='word_1_795' title='bbox 2619 4622 2938 4686; x_wconf 88' lang='lat' dir='ltr'><strong>videbimus,</strong></span> <span class='ocrx_word' id='word_1_796' title='bbox 2969 4620 3189 4675; x_wconf 90' lang='lat' dir='ltr'><strong>cuilibet</strong></span> <span class='ocrx_word' id='word_1_797' title='bbox 3214 4618 3342 4674; x_wconf 80' lang='lat' dir='ltr'><strong>fecit</strong></span> <span class='ocrx_word' id='word_1_798' title='bbox 3366 4633 3397 4672; x_wconf 89' lang='lat' dir='ltr'><strong>a</strong></span> <span class='ocrx_word' id='word_1_799' title='bbox 3425 4615 3687 4672; x_wconf 86' lang='lat' dir='ltr'><strong>Christia-</strong></span> 
     </span>
    </p>
   </div>
   <div class='ocr_carea' id='block_1_106' title="bbox 2087 4709 3682 4783">
    <p class='ocr_par' dir='ltr' id='par_1_106' title="bbox 2087 4709 3682 4783">
     <span class='ocr_line' id='line_1_106' title="bbox 2087 4709 3682 4783; baseline -0.006 -10"><span class='ocrx_word' id='word_1_800' title='bbox 2087 4719 2171 4773; x_wconf 92' lang='lat' dir='ltr'><strong>nis</strong></span> <span class='ocrx_word' id='word_1_801' title='bbox 2195 4715 2460 4772; x_wconf 82' lang='lat' dir='ltr'><strong>exeultatu</strong></span> <span class='ocrx_word' id='word_1_802' title='bbox 2491 4715 3005 4783; x_wconf 86' lang='lat' dir='ltr'><strong>disseminatamque</strong></span> <span class='ocrx_word' id='word_1_803' title='bbox 3042 4711 3206 4767; x_wconf 78' lang='lat' dir='ltr'><strong>fuisse</strong></span> <span class='ocrx_word' id='word_1_804' title='bbox 3240 4709 3533 4781; x_wconf 87' lang='lat' dir='ltr'><strong>justitiam,</strong></span> <span class='ocrx_word' id='word_1_805' title='bbox 3569 4709 3682 4779; x_wconf 84' lang='lat' dir='ltr'><strong>pie-</strong></span> 
     </span>
    </p>
   </div>
   <div class='ocr_carea' id='block_1_107' title="bbox 2086 4802 3686 4882">
    <p class='ocr_par' dir='ltr' id='par_1_107' title="bbox 2086 4802 3686 4882">
     <span class='ocr_line' id='line_1_107' title="bbox 2086 4802 3686 4882; baseline -0.003 -18"><span class='ocrx_word' id='word_1_806' title='bbox 2086 4819 2271 4876; x_wconf 91' lang='lat' dir='ltr'><strong>tatem,</strong></span> <span class='ocrx_word' id='word_1_807' title='bbox 2291 4810 2648 4874; x_wconf 89' lang='lat' dir='ltr'><strong>sanetitatetu,</strong></span> <span class='ocrx_word' id='word_1_808' title='bbox 2673 4822 2966 4882; x_wconf 81' lang='lat' dir='ltr'><strong>curamque</strong></span> <span class='ocrx_word' id='word_1_809' title='bbox 2985 4807 3245 4862; x_wconf 89' lang='lat' dir='ltr'><strong>bonarum</strong></span> <span class='ocrx_word' id='word_1_810' title='bbox 3260 4804 3498 4860; x_wconf 89' lang='lat' dir='ltr'><strong>omnium</strong></span> <span class='ocrx_word' id='word_1_811' title='bbox 3521 4802 3686 4859; x_wconf 80' lang='lat' dir='ltr'><strong>disci-</strong></span> 
     </span>
    </p>
   </div>
   <div class='ocr_carea' id='block_1_108' title="bbox 2086 4897 3684 4975">
    <p class='ocr_par' dir='ltr' id='par_1_108' title="bbox 2086 4897 3684 4975">
     <span class='ocr_line' id='line_1_108' title="bbox 2086 4897 3684 4975; baseline -0.004 -18"><span class='ocrx_word' id='word_1_812' title='bbox 2086 4903 2371 4975; x_wconf 87' lang='lat' dir='ltr'><strong>plinarum.</strong></span> <span class='ocrx_word' id='word_1_813' title='bbox 2401 4902 2568 4958; x_wconf 83' lang='lat' dir='ltr'><strong>Porro</strong></span> <span class='ocrx_word' id='word_1_814' title='bbox 2594 4911 2773 4957; x_wconf 87' lang='lat' dir='ltr'><strong>autem</strong></span> <span class='ocrx_word' id='word_1_815' title='bbox 2796 4899 2998 4968; x_wconf 88' lang='lat' dir='ltr'><strong>clades,</strong></span> <span class='ocrx_word' id='word_1_816' title='bbox 3017 4897 3370 4964; x_wconf 86' lang='lat' dir='ltr'><strong>calamitates,</strong></span> <span class='ocrx_word' id='word_1_817' title='bbox 3393 4909 3684 4974; x_wconf 81' lang='lat' dir='ltr'><strong>rerumque</strong></span> 
     </span>
    </p>
   </div>
   <div class='ocr_carea' id='block_1_109' title="bbox 2085 4985 3684 5066">
    <p class='ocr_par' dir='ltr' id='par_1_109' title="bbox 2085 4985 3684 5066">
     <span class='ocr_line' id='line_1_109' title="bbox 2085 4985 3684 5066; baseline -0.006 -15"><span class='ocrx_word' id='word_1_818' title='bbox 2085 4995 2537 5066; x_wconf 87' lang='lat' dir='ltr'><strong>perturbationes,</strong></span> <span class='ocrx_word' id='word_1_819' title='bbox 2575 5009 2710 5065; x_wconf 89' lang='lat' dir='ltr'><strong>quas</strong></span> <span class='ocrx_word' id='word_1_820' title='bbox 2736 4995 2935 5049; x_wconf 82' lang='lat' dir='ltr'><strong>Auctor</strong></span> <span class='ocrx_word' id='word_1_821' title='bbox 2959 5002 3142 5047; x_wconf 90' lang='lat' dir='ltr'><strong>noster</strong></span> <span class='ocrx_word' id='word_1_822' title='bbox 3169 5000 3431 5057; x_wconf 90' lang='lat' dir='ltr'><strong>recenset,</strong></span> <span class='ocrx_word' id='word_1_823' title='bbox 3459 5004 3489 5044; x_wconf 90' lang='lat' dir='ltr'><strong>a</strong></span> <span class='ocrx_word' id='word_1_824' title='bbox 3515 4985 3684 5043; x_wconf 88' lang='lat' dir='ltr'><strong>sacris</strong></span> 
     </span>
    </p>
   </div>
   <div class='ocr_carea' id='block_1_110' title="bbox 2085 5082 3684 5158">
    <p class='ocr_par' dir='ltr' id='par_1_110' title="bbox 2085 5082 3684 5158">
     <span class='ocr_line' id='line_1_110' title="bbox 2085 5082 3684 5158; baseline -0.006 -12"><span class='ocrx_word' id='word_1_825' title='bbox 2085 5090 2282 5146; x_wconf 89' lang='lat' dir='ltr'><strong>nostris</strong></span> <span class='ocrx_word' id='word_1_826' title='bbox 2307 5089 2520 5145; x_wconf 89' lang='lat' dir='ltr'><strong>vatibus</strong></span> <span class='ocrx_word' id='word_1_827' title='bbox 2556 5103 2683 5143; x_wconf 85' lang='lat' dir='ltr'><strong>vere</strong></span> <span class='ocrx_word' id='word_1_828' title='bbox 2713 5085 3096 5158; x_wconf 64' lang='lat' dir='ltr'><strong>praenuntiatus</strong></span> <span class='ocrx_word' id='word_1_829' title='bbox 3117 5082 3282 5151; x_wconf 83' lang='lat' dir='ltr'><strong>fuisse</strong></span> <span class='ocrx_word' id='word_1_830' title='bbox 3303 5096 3464 5136; x_wconf 90' lang='lat' dir='ltr'><strong>nemo</strong></span> <span class='ocrx_word' id='word_1_831' title='bbox 3487 5095 3684 5151; x_wconf 86' lang='lat' dir='ltr'><strong>negare</strong></span> 
     </span>
    </p>
   </div>
   <div class='ocr_carea' id='block_1_111' title="bbox 2084 5173 3681 5256">
    <p class='ocr_par' dir='ltr' id='par_1_111' title="bbox 2084 5173 3681 5256">
     <span class='ocr_line' id='line_1_111' title="bbox 2084 5173 3681 5256; baseline -0.009 -16"><span class='ocrx_word' id='word_1_832' title='bbox 2084 5195 2278 5256; x_wconf 84' lang='lat' dir='ltr'><strong>potest.</strong></span> <span class='ocrx_word' id='word_1_833' title='bbox 2305 5183 2404 5238; x_wconf 91' lang='lat' dir='ltr'><strong>nisi</strong></span> <span class='ocrx_word' id='word_1_834' title='bbox 2427 5184 2515 5253; x_wconf 87' lang='lat' dir='ltr'><strong>qui</strong></span> <span class='ocrx_word' id='word_1_835' title='bbox 2539 5181 2750 5245; x_wconf 92' lang='lat' dir='ltr'><strong>horum,</strong></span> <span class='ocrx_word' id='word_1_836' title='bbox 2775 5179 3108 5249; x_wconf 89' lang='lat' dir='ltr'><strong>aliorumque</strong></span> <span class='ocrx_word' id='word_1_837' title='bbox 3142 5177 3262 5232; x_wconf 91' lang='lat' dir='ltr'><strong>sive</strong></span> <span class='ocrx_word' id='word_1_838' title='bbox 3300 5173 3681 5229; x_wconf 85' lang='lat' dir='ltr'><strong>historicorum</strong></span> 
     </span>
    </p>
   </div>
   <div class='ocr_carea' id='block_1_112' title="bbox 2082 5265 3682 5346">
    <p class='ocr_par' dir='ltr' id='par_1_112' title="bbox 2082 5265 3682 5346">
     <span class='ocr_line' id='line_1_112' title="bbox 2082 5265 3682 5346; baseline -0.009 -12"><span class='ocrx_word' id='word_1_839' title='bbox 2082 5287 2177 5334; x_wconf 90' lang='lat' dir='ltr'><strong>aut</strong></span> <span class='ocrx_word' id='word_1_840' title='bbox 2213 5276 2731 5346; x_wconf 79' lang='lat' dir='ltr'><strong>chronologistarutu</strong></span> <span class='ocrx_word' id='word_1_841' title='bbox 2782 5272 2948 5328; x_wconf 85' lang='lat' dir='ltr'><strong>libros</strong></span> <span class='ocrx_word' id='word_1_842' title='bbox 3009 5285 3110 5327; x_wconf 89' lang='lat' dir='ltr'><strong>nec</strong></span> <span class='ocrx_word' id='word_1_843' title='bbox 3153 5267 3520 5340; x_wconf 88' lang='lat' dir='ltr'><strong>percurrendo</strong></span> <span class='ocrx_word' id='word_1_844' title='bbox 3560 5265 3682 5336; x_wconf 90' lang='lat' dir='ltr'><strong>qui-</strong></span> 
     </span>
    </p>
   </div>
   <div class='ocr_carea' id='block_1_113' title="bbox 2083 5358 3681 5442">
    <p class='ocr_par' dir='ltr' id='par_1_113' title="bbox 2083 5358 3681 5442">
     <span class='ocr_line' id='line_1_113' title="bbox 2083 5358 3681 5442; baseline -0.011 -14"><span class='ocrx_word' id='word_1_845' title='bbox 2083 5372 2205 5428; x_wconf 90' lang='lat' dir='ltr'><strong>dem</strong></span> <span class='ocrx_word' id='word_1_846' title='bbox 2235 5371 2443 5442; x_wconf 85' lang='lat' dir='ltr'><strong>legerit.</strong></span> <span class='ocrx_word' id='word_1_847' title='bbox 2491 5371 2560 5424; x_wconf 90' lang='lat' dir='ltr'><strong>At</strong></span> <span class='ocrx_word' id='word_1_848' title='bbox 2591 5364 3040 5440; x_wconf 88' lang='lat' dir='ltr'><strong>quemadmodum</strong></span> <span class='ocrx_word' id='word_1_849' title='bbox 3066 5362 3395 5432; x_wconf 83' lang='lat' dir='ltr'><strong>Augustinus</strong></span> <span class='ocrx_word' id='word_1_850' title='bbox 3424 5358 3681 5414; x_wconf 89' lang='lat' dir='ltr'><strong>adversus</strong></span> 
     </span>
    </p>
   </div>
   <div class='ocr_carea' id='block_1_114' title="bbox 2084 5451 3683 5530">
    <p class='ocr_par' dir='ltr' id='par_1_114' title="bbox 2084 5451 3683 5530">
     <span class='ocr_line' id='line_1_114' title="bbox 2084 5451 3683 5530; baseline -0.011 -9"><span class='ocrx_word' id='word_1_851' title='bbox 2084 5465 2342 5521; x_wconf 84' lang='lat' dir='ltr'><strong>Faustum</strong></span> <span class='ocrx_word' id='word_1_852' title='bbox 2365 5462 2714 5518; x_wconf 70' lang='lat' dir='ltr'><strong>Mauichmum</strong></span> <span class='ocrx_word' id='word_1_853' title='bbox 2737 5459 3010 5530; x_wconf 84' lang='lat' dir='ltr'><strong>disputat:</strong></span> <span class='ocrx_word' id='word_1_854' title='bbox 3039 5453 3364 5510; x_wconf 85' lang='lat' dir='ltr'><strong>Ostendimus</strong></span> <span class='ocrx_word' id='word_1_855' title='bbox 3389 5451 3544 5520; x_wconf 79' lang='lat' dir='ltr'><strong>ﬁdem</strong></span> <span class='ocrx_word' id='word_1_856' title='bbox 3570 5465 3683 5520; x_wconf 88' lang='lat' dir='ltr'><strong>pro-</strong></span> 
     </span>
    </p>
   </div>
   <div class='ocr_carea' id='block_1_115' title="bbox 2086 5546 3684 5631">
    <p class='ocr_par' dir='ltr' id='par_1_115' title="bbox 2086 5546 3684 5631">
     <span class='ocr_line' id='line_1_115' title="bbox 2086 5546 3684 5631; baseline -0.009 -19"><span class='ocrx_word' id='word_1_857' title='bbox 2086 5559 2352 5631; x_wconf 82' lang='lat' dir='ltr'><strong>phetarum</strong></span> <span class='ocrx_word' id='word_1_858' title='bbox 2378 5572 2440 5610; x_wconf 77' lang='lat' dir='ltr'><strong>ex</strong></span> <span class='ocrx_word' id='word_1_859' title='bbox 2459 5557 2556 5623; x_wconf 86' lang='lat' dir='ltr'><strong>Itis,</strong></span> <span class='ocrx_word' id='word_1_860' title='bbox 2581 5569 2696 5625; x_wconf 78' lang='lat' dir='ltr'><strong>qua:</strong></span> <span class='ocrx_word' id='word_1_861' title='bbox 2721 5561 2929 5606; x_wconf 88' lang='lat' dir='ltr'><strong>ventura</strong></span> <span class='ocrx_word' id='word_1_862' title='bbox 2952 5551 3258 5617; x_wconf 85' lang='lat' dir='ltr'><strong>cecinerunt,</strong></span> <span class='ocrx_word' id='word_1_863' title='bbox 3287 5556 3334 5603; x_wconf 88' lang='lat' dir='ltr'><strong>et</strong></span> <span class='ocrx_word' id='word_1_864' title='bbox 3361 5546 3552 5601; x_wconf 87' lang='lat' dir='ltr'><strong>venisse</strong></span> <span class='ocrx_word' id='word_1_865' title='bbox 3574 5559 3684 5599; x_wconf 78' lang='lat' dir='ltr'><strong>cer-</strong></span> 
     </span>
    </p>
   </div>
   <div class='ocr_carea' id='block_1_116' title="bbox 2087 5641 3676 5724">
    <p class='ocr_par' dir='ltr' id='par_1_116' title="bbox 2087 5641 3676 5724">
     <span class='ocr_line' id='line_1_116' title="bbox 2087 5641 3676 5724; baseline -0.009 -16"><span class='ocrx_word' id='word_1_866' title='bbox 2087 5662 2274 5708; x_wconf 87' lang='lat' dir='ltr'><strong>nuntur</strong></span> <span class='ocrx_word' id='word_1_867' title='bbox 2290 5651 2526 5724; x_wconf 83' lang='lat' dir='ltr'><strong>(August.</strong></span> <span class='ocrx_word' id='word_1_868' title='bbox 2555 5648 2645 5704; x_wconf 91' lang='lat' dir='ltr'><strong>lib.</strong></span> <span class='ocrx_word' id='word_1_869' title='bbox 2674 5645 2814 5714; x_wconf 76' lang='lat' dir='ltr'>XIII,</span> <span class='ocrx_word' id='word_1_870' title='bbox 2837 5656 3002 5702; x_wconf 88' lang='lat' dir='ltr'><strong>contr.</strong></span> <span class='ocrx_word' id='word_1_871' title='bbox 3025 5644 3214 5700; x_wconf 85' lang='lat' dir='ltr'><strong>Faust.</strong></span> <span class='ocrx_word' id='word_1_872' title='bbox 3267 5641 3528 5706; x_wconf 66' lang='lat' dir='ltr'><strong>Manio/n,</strong></span> <span class='ocrx_word' id='word_1_873' title='bbox 3558 5657 3676 5711; x_wconf 87' lang='lat' dir='ltr'><strong>cap.</strong></span> 
     </span>
    </p>
   </div>
   <div class='ocr_carea' id='block_1_117' title="bbox 2088 5732 3681 5820">
    <p class='ocr_par' dir='ltr' id='par_1_117' title="bbox 2088 5732 3681 5820">
     <span class='ocr_line' id='line_1_117' title="bbox 2088 5732 3681 5820; baseline -0.009 -17"><span class='ocrx_word' id='word_1_874' title='bbox 2088 5746 2139 5816; x_wconf 88' lang='lat'><strong>7,</strong></span> <span class='ocrx_word' id='word_1_875' title='bbox 2174 5762 2291 5820; x_wconf 84' lang='lat' dir='ltr'><strong>pag.</strong></span> <span class='ocrx_word' id='word_1_876' title='bbox 2323 5744 2448 5816; x_wconf 73' lang='lat'><strong>255,</strong></span> <span class='ocrx_word' id='word_1_877' title='bbox 2484 5753 2604 5802; x_wconf 89' lang='lat' dir='ltr'><strong>tom.</strong></span> <span class='ocrx_word' id='word_1_878' title='bbox 2638 5739 2754 5800; x_wconf 83' lang='lat' dir='ltr'><strong>Vlll</strong></span> <span class='ocrx_word' id='word_1_879' title='bbox 2778 5740 2817 5814; x_wconf 94' lang='lat'><strong>).</strong></span> <span class='ocrx_word' id='word_1_880' title='bbox 2860 5739 2967 5799; x_wconf 88' lang='lat' dir='ltr'><strong>Sed</strong></span> <span class='ocrx_word' id='word_1_881' title='bbox 2997 5738 3147 5798; x_wconf 87' lang='lat' dir='ltr'><strong>illum</strong></span> <span class='ocrx_word' id='word_1_882' title='bbox 3176 5737 3326 5812; x_wconf 85' lang='lat' dir='ltr'><strong>plura</strong></span> <span class='ocrx_word' id='word_1_883' title='bbox 3364 5734 3433 5794; x_wconf 88' lang='lat' dir='ltr'><strong>de</strong></span> <span class='ocrx_word' id='word_1_884' title='bbox 3475 5733 3558 5790; x_wconf 87' lang='lat' dir='ltr'><strong>his</strong></span> <span class='ocrx_word' id='word_1_885' title='bbox 3605 5732 3681 5790; x_wconf 91' lang='lat' dir='ltr'><strong>ibi</strong></span> 
     </span>
    </p>
   </div>
  </div>
