4198 6260
455 257 568 325 803

463 574 587 619 esse
610 559 763 624 dixit,
795 553 1014 610 interius
1043 567 1164 608 cum
1191 565 1257 606 eo
1288 546 1577 620 agendum.

465 688 473 694 ς
538 650 887 709 Dissimulare
929 657 1108 702 tamen
1137 660 1242 700 non
1274 657 1556 716 possumus
1595 641 1713 696 aliis
1754 639 1913 710 longe
1950 637 2064 692 cla-

466 743 699 803 rioribus
737 756 906 800 sacrae
954 739 1244 810 Scriptura;
1271 737 1450 793 verbis
1492 736 1666 792 futura
1695 730 2066 805 praenuntiari.

466 837 628 895 'l‘ales
652 835 928 892 enimvero
953 842 1077 888 sunt
1105 833 1286 904 plures
1317 831 1385 886 de
1411 839 1637 886 venturo
1664 828 1901 892 Christo,
1926 825 2067 896 ejus—

469 945 575 1002 que
599 930 728 998 vita,
758 927 1051 994 miraculis,
1081 934 1274 992 morte,
1302 934 1358 980 et
1385 923 1451 979 ad
1475 924 1638 979 vitam
1666 935 1911 993 regressu
1935 934 2071 991 prae-

469 1023 753 1087 dictiones,
787 1036 905 1093 qure
932 1021 1000 1076 ab
1028 1021 1261 1074 Auctore
1287 1027 1475 1072 nostro
1501 1027 1554 1076 et
1580 1014 1878 1080 Lactantio,
1923 1021 1982 1068 ut
2013 1014 2067 1068 in

471 1116 736 1188 superiori
756 1115 1134 1171 dissertatione
1153 1112 1509 1178 ostendimus,
1539 1118 1788 1164 accurate
1824 1106 2070 1163 referun-

473 1220 558 1267 tur
577 1209 772 1281 (Infra,
799 1224 894 1276 cap
939 1206 993 1269 9,
1024 1214 1125 1259 art.
1149 1205 1214 1270 Ως
1238 1203 1507 1257 Disseruit.
1536 1202 1588 1256 in
1612 1199 1850 1254 Lactant.
1874 1215 1989 1269 cap.
2013 1197 2069 1266 8,

472 1312 572 1358 art.
607 1302 635 1356 1
668 1310 714 1355 et
737 1299 832 1370 2).
865 1298 1067 1353 Verum
1100 1297 1215 1366 ipse
1244 1292 1604 1350 Tcrtullianus
1634 1299 1822 1346 noster
1847 1290 2074 1352 arbitra-

474 1404 558 1450 tus
586 1402 690 1461 est,
721 1407 821 1448 nec
842 1391 963 1461 jure
992 1389 1206 1462 quidem
1237 1387 1522 1450 immerito,
1553 1401 1615 1441 ea
1642 1401 1762 1455 quae
1790 1398 1934 1439 nunc
1959 1397 2074 1438 me-

474 1496 669 1553 morat,
701 1485 767 1539 ad
796 1483 1125 1556 probandam
1179 1495 1348 1536 sacrae
1401 1479 1693 1549 Scriptura:
1743 1475 2074 1532 divinitatem

476 1579 554 1635 sic
579 1578 850 1645 sufﬁcere,
870 1585 926 1630 ut
947 1575 1064 1632 aliis
1085 1588 1220 1644 opus
1243 1587 1348 1627 non
1373 1579 1538 1639 esset,
1561 1585 1659 1626 nec
1673 1569 1953 1640 exemplis,
1978 1573 2077 1645 nec

476 1641 901 1743 probationibus.
1122 1641 1138 1644 _
1923 1664 1930 1678 ‘
2029 1641 2039 1656 ’

1530 245 1600 304 ΙΝ
1634 238 2098 304 TERTULLIANI
2131 231 2663 302 Αροωςετιθυκ

460 376 820 446 disputantem
849 367 997 427 adire
1027 363 1244 438 poteris.
1294 361 1370 420 De
1411 362 1592 418 mundi
1623 376 1752 418 vero
1778 357 2055 424 cladibus,
2086 357 2141 417 A

462 484 597 542 quas
635 464 991 523 Tertullianus
1030 475 1062 514 a
1102 458 1271 514 sacris
1311 455 1509 512 nostris
1535 455 1745 510 vatibus
1776 449 2062 525 praedictas
2163 489 2243 546 De

3657 218 3776 293 804

2765 347 2992 408 CAPUT
3039 345 3154 405 VI].

2276 490 2385 546 Deo
2414 490 2693 561 divinisque
2731 489 2838 560 ejus
2881 474 3274 561 perfectionibus
3306 489 3353 539 et
3383 481 3665 550 attributis,
3706 497 3769 537 ac

2237 594 2356 660 quot
2375 585 2610 658 qualesve
2627 583 2896 656 gentilium
2921 582 3344 656 philosophorum
3369 579 3437 636 de
3458 579 3546 635 illo
3575 579 3771 634 dissen-

2239 678 2404 734 siones
2429 687 2475 734 et
2500 694 2719 734 errores.

2694 852 2990 896 ARTICULUS
3028 851 3242 893 PRIMUS.

2173 974 2515 1032 Examinatur
2552 977 2820 1048 sextuplea:
2862 982 3250 1048 argumentum,
3295 986 3395 1041 quo
3421 967 3771 1024 Tertullianus

2157 1090 2160 1092 ·
2247 1066 2409 1123 Deum
2421 1069 2632 1124 existere
2649 1068 2982 1135 demonstrat,
3001 1066 3233 1120 videlicet
3251 1079 3515 1118 sacrarum
3529 1061 3773 1132 Scriptu-

2246 1176 2419 1216 rarum
2441 1161 2760 1226 auctoritate,
2783 1160 3044 1231 gentilium
3066 1156 3489 1230 philosOpItorum
3505 1170 3771 1222 consensu,

2247 1253 2510 1326 ipsiusmct
2539 1251 2637 1308 Dei
2666 1254 2925 1322 operibus,
2957 1253 3136 1308 intimo
3158 1251 3338 1307 mentis
3369 1250 3608 1304 humana:
3625 1263 3778 1304 sensu

2245 1355 2294 1400 et
2320 1347 2649 1414 conscientia,
2680 1346 2897 1416 inﬁnitis
2927 1342 3027 1400 Dei
3051 1341 3464 1416 perfectionibus,
3492 1356 3552 1410 ac
3573 1339 3780 1411 publica

2251 1446 2297 1493 ct
2315 1440 2501 1509 stcpius
2522 1439 2734 1510 repetita
2752 1440 3039 1499 dwmonum
3055 1454 3086 1493 a
3101 1435 3404 1492 Christianis
3423 1434 3780 1506 adjuratorum

2251 1534 2591 1604 confessione.

2254 1671 2330 1726 Ea
2355 1682 2441 1728 est
2465 1669 2772 1728 christiana:
2799 1671 3078 1742 religionis
3107 1669 3386 1740 perfectio,
3430 1676 3508 1736 ut,
3534 1667 3604 1723 ad
3637 1666 3780 1724 illius

546 1762 732 1833 Neque
762 1761 920 1831 ohjici
962 1767 1173 1830 poterat
1202 1759 1323 1815 illas
1354 1773 1384 1813 a
1412 1755 1733 1814 Christianis
1759 1755 2074 1824 occultatas,
2106 1761 2155 1821 Β
2183 1763 2462 1819 veritatem
2524 1772 2580 1818 ει
2659 1763 2888 1818 aliarum
2979 1777 3420 1834 quarumcunque
3491 1759 3781 1815 falsimgem

481 1870 584 1911 nec
613 1853 856 1910 ethnicos
889 1852 1139 1907 habuisse
1171 1850 1387 1905 easdem
1419 1849 1626 1920 legendi
1659 1858 1711 1904 et
1738 1847 2080 1904 examinandi

478 1950 804 2006 facultatem.
824 1945 1078 2014 Quamvis
1097 1944 1240 2000 enim
1266 1958 1490 1998 summa:
1520 1941 1846 1996 Christianis
1869 1940 2100 2010 religio-'

480 2042 536 2098 ni
581 2040 742 2096 fuerit
783 2052 934 2093 sacra
975 2051 1070 2091 sua
1107 2035 1359 2106 mysteria
1399 2034 1534 2088 alios
1573 2047 1792 2097 omnes,
1837 2039 1893 2086 et
1934 2031 2081 2100 ipsos

479 2136 639 2190 etiam
681 2131 1096 2188 catechumenos
1121 2129 1330 2195 celare;
1363 2126 1557 2183 divinae
1587 2137 1763 2182 tamen
1791 2124 2081 2195 Scriptum

480 2229 667 2294 libros,
689 2242 787 2282 nec
811 2223 1242 2289 abscondebant,
1291 2236 1392 2277 nec
1437 2219 1771 2277 abscondere
1808 2226 2077 2288 poterant.

389 2339 396 2361 ι
481 2320 842 2391 Quamobrem
863 2317 1226 2372 Tertullianus
1246 2313 1519 2370 ethnicum
1541 2313 1816 2367 hominem
1840 2311 1918 2367 sic
1935 2325 2054 2366 com
2069 2339 2082 2351 -

484 2416 648 2488 pellat
681 2433 694 2469 ε
727 2412 935 2480 Inspice
961 2410 1054 2464 Dei
1082 2425 1247 2478 voces,
1279 2409 1476 2463 litteras
1500 2415 1700 2462 nostras
1720 2446 1733 2470 ,
1771 2421 1898 2476 quas
1925 2420 2084 2472 neque

478 2511 582 2582 ipsi
611 2505 974 2581 supprimimus
994 2545 1009 2570 ,
1038 2513 1085 2557 ct
1113 2503 1336 2574 plerique
1367 2518 1514 2556 casus
1528 2503 1596 2556 ad
1617 2510 1880 2555 extraneos
1909 2510 2080 2553 trans-

485 2607 654 2677 ferunt
720 2597 1061 2672 (Tertullian.
1139 2595 1360 2667 Apolog.
1428 2611 1546 2666 cap.
1592 2595 1698 2660 51,
1746 2611 1866 2665 pag.
1913 2592 2080 2664 446).

482 2697 670 2755 Nonne
695 2709 874 2753 autem
903 2698 984 2753 his
1010 2698 1190 2754 verbis
1220 2698 1414 2752 litteras
1445 2707 1665 2764 nostras,
1695 2708 1884 2750 omnes
1913 2707 2081 2764 gene-

483 2794 642 2848 ratim
663 2793 908 2864 designat
933 2793 1102 2849 libros
1123 2807 1230 2848 non
1251 2792 1422 2848 solum
1447 2792 1632 2862 prisci,
1661 2789 1756 2846 sed
1779 2789 1901 2844 novi
1921 2787 2083 2843 etiam

485 2883 833 2948 Testamenti,
856 2885 997 2954 quod
1024 2884 1217 2940 alicubi
1248 2885 1653 2956 supplementum
1674 2881 1851 2937 veteris
1879 2879 2083 2934 Instru-

484 2977 640 3032 menti
673 2976 1243 3048 appellavit(Tertull.,
1275 2977 1359 3031 lib.
1393 2977 1511 3031 adv.
1549 2974 1935 3046 Hermag.cap.
1963 2972 2082 3044 20).

485 3070 772 3126 Christiani
802 3071 981 3144 itaque
1011 3088 1118 3128 non
1156 3071 1564 3143 supprimebant
1593 3071 1751 3125 hasce
1789 3085 1968 3126 sacras
1998 3069 2085 3123 lit-

2183 1855 2680 1922 demonstrandam,
2708 1857 2847 1924 sola,
2878 1855 3125 1925 simplex,
3155 1853 3424 1925 nudaque,
3454 1861 3513 1907 ut
3533 1859 3682 1908 recte
3706 1851 3782 1906 ait

2182 1949 2576 2016 Tertullianus,
2617 1948 2849 2004 sufﬁciat
2876 1949 3137 2004 doctrina:
3163 1949 3280 2019 ejus
3304 1927 3591 2018 expositio.
3639 1942 3781 2000 Nihil

2183 2044 2326 2097 enim
2357 2043 2409 2097 in
2435 2057 2498 2098 ea
2529 2043 2785 2111 eccm-rit,
2818 2042 2961 2114 quod
2987 2042 3222 2098 naturali
3241 2041 3482 2096 omnium
3505 2039 3782 2094 hominum

2185 2135 2372 2191 lumini
2426 2150 2490 2191 ac
2515 2145 2676 2192 recte:
2706 2137 2898 2191 rationi
2931 2137 3088 2206 plane
3117 2150 3223 2190 non
3253 2141 3538 2204 congruat.
3585 2131 3783 2187 Praeci-

2186 2247 2288 2301 pua
2315 2240 2493 2287 autem
2539 2232 2657 2302 ejus
2688 2232 2862 2301 capita
2891 2239 3079 2286 auctor
3106 2239 3290 2286 noster
3316 2227 3541 2299 exponit
3560 2267 3576 2291 ,
3625 2235 3786 2296 atque

2185 2323 2252 2378 ab
2272 2338 2338 2380 eo
2358 2324 2588 2391 orditur,
2613 2324 2756 2393 quod
2778 2331 3102 2378 caeterorum
3122 2320 3360 2377 onmium
3384 2319 3785 2374 fundamentum

2185 2425 2286 2483 est,
2311 2417 2560 2474 videlicet
2587 2416 2655 2472 ab
2683 2415 2799 2488 ipso
2830 2415 2964 2482 Deo,
2998 2415 3086 2486 qui
3113 2430 3142 2470 a
3159 2411 3479 2471 Christianis
3507 2409 3706 2468 colitur
3729 2415 3787 2464 et

2185 2507 2457 2566 aduratur.

2258 2603 2432 2660 Variis
2451 2603 2630 2674 itaque
2643 2600 2976 2674 argumentis
3004 2599 3156 2656 illum
3186 2599 3433 2662 existere,
3464 2606 3519 2652 et
3566 2594 3788 2651 unicum

2185 2711 2326 2766 esse,
2354 2698 2510 2768 plane
2531 2697 2783 2752 ostendit.
2803 2695 3042 2752 Primum
3069 2693 3211 2750 enim
3234 2694 3299 2762 is,
3328 2691 3517 2763 inquit,
3547 2691 3660 2760 ipse
3679 2696 3787 2758 est,

2185 2805 2346 2861 quem
2373 2790 2594 2862 singulae
2625 2790 2736 2846 fere
2759 2803 2953 2845 omnes
2992 2802 3270 2845 sacrarum
3299 2795 3608 2842 nostrarum
3638 2780 3788 2839 Scri-

2186 2895 2460 2958 pturarum
2491 2885 2700 2958 pagina:
2735 2884 2953 2940 unicum
2978 2925 2992 2950 ,
3020 2891 3076 2939 et
3117 2881 3323 2937 nullum
3351 2892 3571 2951 prorsus
3599 2876 3784 2943 alium,

2186 2995 2308 3036 esse
2373 2980 2542 3035 Deum
2606 2978 2954 3049 apertissime
3042 2983 3292 3033 asserunt
3361 2989 3425 3029 ac
3481 2971 3792 3028 renuntiant

2189 3072 2438 3148 (Tertull.
2487 3072 2754 3144 Apologet.
2797 3088 2928 3142 cap.
2953 3071 3019 3126 l7
3046 3079 3092 3125 et
3111 3087 3273 3141 seqq.,
3302 3084 3421 3138 pag.
3443 3065 3608 3136 575).
3631 3062 3792 3134 Atqui

489 3173 667 3232 teras;
695 3174 755 3221 et
779 3166 1022 3236 quamvis
1048 3166 1164 3221 illas
1193 3166 1463 3221 occultare
1483 3165 1796 3230 voluissent,
1825 3163 1893 3217 ad
1919 3172 2090 3217 extra-
2115 3155 2160 3219 C
2190 3167 2300 3238 jam
2333 3168 2675 3239 probavimus
2718 3166 2951 3220 divinam
2996 3179 3117 3220 esse
3159 3161 3399 3232 ejusdem
3441 3175 3612 3217 sacra:
3650 3158 3790 3215 Scri-

481 3255 607 3314 neos
638 3266 838 3328 tamen,
867 3259 968 3315 hoc
1011 3267 1096 3315 est
1127 3257 1390 3325 ethnicos,
1424 3258 1586 3314 variis
1616 3257 1828 3314 casibus
1858 3255 2086 3312 transle-

489 3351 765 3407 mhantur.

560 3446 848 3515 Praeterea,
879 3428 1005 3500 libri
1023 3444 1221 3501 veteris
1243 3442 1572 3500 Testamenti
1589 3441 1657 3496 ab
1679 3443 1797 3513 ipso
1821 3441 2086 3497 Philadel-

490 3537 582 3608 phi
613 3547 855 3610 tempore
884 3555 955 3594 ex
983 3539 1233 3595 hebraica
1263 3536 1317 3591 in
1342 3551 1574 3607 graecam
1602 3536 1860 3606 linguam,
1895 3535 1971 3590 uti
2001 3534 2088 3590 di-

490 3632 688 3699 ximus,
723 3634 986 3699 conversi,
1033 3633 1084 3686 in
1125 3631 1437 3687 eorumdem
1467 3630 1805 3684 ethnicorum
1831 3638 2092 3684 venerant

491 3737 702 3788 manus,
738 3731 1088 3792 poterantque
1115 3736 1206 3776 eas
1237 3721 1412 3791 legere
1433 3761 1448 3788 ,
1483 3730 1538 3776 et
1565 3734 1873 3791 agnoscere,
1909 3728 2090 3775 utrum

491 3813 730 3868 omnium
764 3813 977 3867 illorum
1006 3813 1244 3867 viderent
1270 3811 1524 3867 ellectum
1549 3853 1564 3879 ,
1611 3827 1731 3882 quae
1760 3812 1810 3866 in
1839 3811 1917 3866 eis
1948 3825 2088 3882 pra:-

492 3905 732 3961 nuntiata
755 3904 984 3960 fuerant.
1007 3905 1096 3972 At,
1119 3905 1332 3959 tametsi
1360 3903 1606 3974 gentiles,
1627 3912 1718 3958 aut
1748 3903 1972 3971 incuria,
2001 3913 2093 3958 aut

494 3996 792 4068 pervicacia
837 3995 937 4052 hos
972 4010 1157 4051 sacros
1193 3995 1358 4050 libros
1402 4010 1509 4050 non
1553 3994 1842 4066 legissent,
1893 3994 2092 4050 nihilo-

493 4090 672 4144 minus
690 4089 977 4144 Christiani
1007 4087 1443 4143 manifestissime
1471 4087 1912 4143 demonstrabant
1938 4101 2093 4144 veras

495 4182 658 4239 fuisse
682 4184 1111 4250 vaticinationes,
1142 4197 1276 4254 quas
1304 4183 1356 4237 in
1386 4183 1465 4238 eis
1488 4181 1649 4253 longo
1669 4189 1826 4237 antea
1850 4191 2093 4252 tempore

494 4277 775 4349 praedictas
796 4277 1058 4332 videmus.
1086 4275 1324 4346 Denique
1361 4275 1662 4346 Prophetas,
1685 4291 1911 4347 quorum
1933 4289 2095 4333 voces

495 4372 643 4428 hisce
675 4373 725 4427 in
759 4371 909 4427 libris
939 4371 1222 4442 descripta:
1246 4381 1404 4438 sunt,
1446 4369 1702 4425 mirandis
1734 4369 2014 4426 virtutibus
2039 4379 2095 4427 et

495 4466 790 4534 miraculis,
835 4465 911 4521 uti
951 4481 1112 4536 supra
1143 4465 1490 4520 observatum
1519 4473 1621 4530 est,
1661 4479 1755 4520 sua
1776 4474 1829 4519 et
1852 4463 2012 4520 verba
2040 4470 2094 4520 et

2191 3271 2362 3332 pluria
2389 3261 2785 3316 auctoritatem.
2827 3257 2980 3326 Quod
3010 3272 3137 3328 ergo
3162 3256 3229 3312 de
3259 3256 3418 3311 unico
3453 3255 3588 3322 Deo,
3615 3251 3792 3324 reipsa

2189 3356 2455 3413 existente
2478 3395 2492 3421 ,
2550 3361 2658 3407 tam
2699 3366 2844 3423 saepe
2895 3366 3056 3422 quam
3082 3349 3364 3420 perspicue
3391 3346 3668 3419 praedicat,
3692 3345 3795 3400 hoc

2189 3458 2336 3508 certe
2361 3446 2696 3504 verissimum
2721 3453 2826 3502 est.
2856 3443 3162 3515 Scriptores
3189 3440 3462 3513 siquidem
3486 3440 3692 3506 divino,
3715 3438 3795 3496 uti

2190 3542 2442 3610 vidimus,
2487 3541 2691 3613 Spiritu
2717 3538 2906 3606 alilati,
2948 3553 3052 3596 nec
3077 3536 3293 3594 mentiri
3318 3543 3562 3608 possunt,
3607 3547 3710 3592 nec
3737 3533 3793 3590 in

2191 3634 2360 3690 ullum
2389 3649 2642 3705 umquam
2670 3647 2770 3688 nos
2797 3631 3054 3687 inducere
3079 3645 3348 3687 errorem.

2265 3730 2321 3786 Si
2348 3731 2466 3800 quis
2492 3739 2670 3784 autem
2701 3727 2946 3783 ethnicus
2975 3727 3185 3796 aliquos
3215 3739 3382 3780 sacra:
3410 3721 3698 3791 Scriptura:
3721 3717 3789 3774 li-

2193 3822 2322 3879 bros
2366 3821 2453 3876 vel
2497 3821 2735 3876 breviter
2775 3817 3125 3889 percurrendi
3170 3817 3409 3872 laborem
3448 3819 3698 3882 recuset,
3743 3810 3792 3868 is

2194 3913 2382 3970 saltem
2411 3927 2598 3968 eorum
2653 3912 2864 3967 initium
2908 3925 2970 3965 ac
3016 3910 3186 3980 prima
3218 3907 3491 3965 Geneseos
3515 3905 3679 3961 verba
3707 3903 3790 3960 le-

2195 4016 2303 4079 gat,
2333 4015 2490 4077 atque
2521 4006 2585 4060 iis
2616 4004 2970 4060 disertissime
2998 4003 3267 4074 proditum
3293 3999 3614 4071 comperiet,
3651 3996 3794 4069 quod

2195 4099 2331 4155 dixit
2357 4097 2754 4165 Tertullianus,
2796 4097 3011 4152 unicum
3043 4096 3266 4152 omnino
3294 4108 3417 4150 esse
3449 4093 3618 4148 Deum
3646 4109 3660 4145 :
3693 4091 3795 4156 Qui

2196 4202 2351 4248 totam
2373 4191 2556 4246 molem
2576 4191 2744 4257 istam,
2766 4207 2884 4254 cum
2904 4191 3042 4245 omni
3063 4192 3394 4243 instrumento
3414 4186 3790 4252 elementorum,

2196 4302 2486 4357 corporum,
2529 4286 2821 4356 spirituum,
2856 4286 3023 4351 verbo,
3065 4300 3166 4356 quo
3197 4283 3384 4354 jussit,
3432 4281 3648 4346 ratione,
3696 4293 3798 4348 qua

2198 4379 2510 4450 composuit,
2544 4377 2746 4444 virtute,
2777 4393 2880 4448 qua
2901 4377 3084 4447 potuit,
3110 4374 3162 4431 id
3182 4385 3285 4443 est,
3315 4387 3418 4446 qua
3447 4372 3514 4428 ad
3541 4370 3796 4427 mundum

2198 4471 2487 4527 creandum
2514 4486 2700 4526 revera
2732 4469 2966 4541 pollebat
2983 4511 2998 4538 ,
3032 4469 3095 4525 de
3118 4469 3280 4524 nihilo
3307 4467 3553 4538 expressit
3583 4462 3793 4537 (lbid.).

496 4560 816 4617 documenta
869 4559 1224 4614 invictissime
1278 4557 1686 4624 stabiliverunt,
1737 4556 2085 4613 confirmave-

2200 4565 2453 4622 Minutius
2482 4576 2659 4623 autem
2689 4563 2861 4634 Felix,
2890 4566 2965 4620 uti
2995 4565 3046 4620 in
3073 4565 3176 4620 alia
3207 4562 3592 4620 dissertatione
3619 4557 3794 4614 anim-

497 4651 1116 4724 runtque.Tertullianus
1133 4651 1312 4721 itaque
1327 4648 1513 4722 ex.his,
1534 4664 1653 4719 quae
1670 4649 1722 4702 in
1747 4647 1848 4704 hoc
1864 4658 1919 4704 et
1938 4664 2098 4720 supe-

495 4746 728 4802 rioribus
754 4744 990 4800 articulis
1020 4744 1159 4798 dicta
1189 4752 1332 4809 sunt,
1363 4751 1508 4797 recte
1551 4739 1821 4796 concludit
1859 4740 2093 4797 divinam

498 4855 620 4896 esse
647 4853 919 4894 sacrarum
942 4847 1245 4894 nostrarum
1268 4835 1669 4906 Scripturarum
1691 4834 2089 4900 auctoritatem,

497 4950 630 5006 quas
661 4933 860 4990 idcirco
889 4932 1096 4988 divinas
1153 4932 1360 4986 litteras
1399 4944 1463 4985 ac
1488 4939 1700 4985 sanctas
1722 4943 1880 4984 voces
1907 4929 2094 4999 appel-

497 5030 569 5086 lat
599 5029 901 5102 (Apologet.
927 5044 1044 5099 cap.
1071 5025 1160 5090 39,
1184 5043 1303 5096 pag.
1336 5023 1440 5080 469
1461 5023 1502 5094 ),
1534 5033 1588 5079 et
1616 5021 1811 5078 asserit
1834 5038 1897 5076 ea:
1923 5021 2024 5092 ﬁde
2048 5029 2094 5075 et

496 5124 794 5195 antiquitate
823 5123 1010 5177 harum
1037 5121 1328 5175 divinarum
1361 5119 1646 5173 litterarum
1684 5117 1961 5173 veritatem
2003 5130 2100 5172 no-

495 5230 622 5272 ειη
669 5215 944 5287 religionis
1016 5213 1239 5284 ejusque
1306 5210 1752 5266 documentorum
1800 5210 2098 5266 certissime

495 5309 849 5366 demonstrari
883 5306 1046 5381 (Ibid.
1073 5324 1188 5377 cap.
1213 5304 1308 5373 46,
1339 5321 1462 5377 pag.
1487 5305 1642 5374 501).
1672 5305 1802 5372 Qua:
1827 5313 2003 5360 autem
2032 5304 2099 5361 ab

496 5403 588 5460 illo
616 5403 668 5459 in
696 5403 803 5473 his,
850 5416 983 5472 quos
1011 5415 1121 5472 prae
1147 5397 1396 5455 manibus
1427 5397 1688 5455 habemus
1720 5398 1868 5454 libris
1897 5397 2091 5453 tradita

495 5506 551 5553 et
577 5507 778 5554 asserta
812 5497 954 5564 sint,
1003 5509 1143 5576 nunc
1180 5493 1464 5568 diligenter
1500 5493 1825 5568 investigare
1865 5507 1928 5550 ac
1967 5508 2092 5565 per-

495 5590 735 5650 scrutare
756 5604 1032 5648 conemur.

2200 4659 2549 4728 advertimus,
2577 4657 2824 4730 quaedam
2847 4672 2910 4714 ex
2934 4655 3018 4712 his
3042 4655 3222 4713 verbis
3247 4662 3523 4710 mutuatus
3552 4661 3635 4707 est
3657 4691 3674 4718 ,
3700 4647 3796 4706 sed

2200 4751 2316 4806 haec
2345 4750 2709 4822 praetermisit,
2742 4765 2862 4821 qua:
2888 4747 3138 4804 videntur
3161 4746 3479 4804 obscuriora
3513 4760 3527 4798 :
3561 4743 3692 4797 Cum
3715 4741 3797 4796 in-

2198 4853 2476 4899 strumento
2502 4843 2880 4911 elementorum,
2908 4857 3201 4913 corporum,
3230 4849 3278 4895 et
3305 4838 3597 4911 spirituum.
3648 4837 3666 4906 (
3682 4832 3802 4889 Dis-

2197 4946 2371 4992 sertnt.
2403 4937 2456 4991 in
2483 4935 2697 5002 Minut,
2723 4949 2839 5006 cap.
2867 4933 2965 5002 21,
3011 4944 3114 4989 art.
3141 4934 3223 5005 Β).
3253 4933 3322 4987 At
3349 4929 3483 4986 nihil
3511 4926 3654 4983 aliud
3681 4924 3801 4981 haec

2201 5031 2523 5104 significant,
2552 5031 2654 5087 nisi
2683 5039 2852 5086 totum
2896 5027 3156 5085 mundum
3209 5035 3264 5084 et
3305 5042 3368 5082 ea
3401 5023 3581 5082 omnia
3608 5019 3803 5093 quibus

2201 5129 2561 5199 componitur,
2599 5126 2851 5181 nimirum
2882 5124 3170 5191 elementa,
3200 5136 3458 5193 corpora,
3499 5125 3554 5197 et
3579 5113 3804 5187 spiritus

2203 5235 2380 5281 creata
2412 5223 2572 5280 fuisse
2598 5222 2665 5278 ab
2690 5221 3059 5293 omnipotente
3095 5220 3228 5287 Deo,
3256 5233 3417 5291 quem
3454 5213 3655 5271 idcirco
3700 5225 3803 5268 ex-

2205 5319 2366 5376 istere
2385 5333 2604 5375 necesse
2631 5318 2840 5389 penitus
2871 5327 2974 5372 est.

2270 5413 2438 5468 Porro
2466 5421 2646 5468 autem
2674 5409 2716 5466 Τ
2721 5409 3056 5475 ertullianus,
3083 5407 3234 5464 hisce
3261 5405 3461 5471 verbis,
3490 5417 3598 5459 non
3633 5397 3699 5456 ad
3728 5410 3796 5455 ea

2199 5515 2405 5564 tantum
2461 5504 2647 5561 alludit
2685 5519 2804 5575 quae
2839 5503 2988 5558 initio
3017 5501 3326 5568 Geneseos,
3371 5496 3527 5554 sicuti
3572 5492 3797 5550 diceba-

2199 5615 2354 5669 mus,
2397 5600 2594 5672 scripta
2623 5609 2782 5665 sunt,
2822 5596 2916 5653 sed
2943 5596 3046 5651 alia
3085 5596 3248 5651 etiam
3291 5607 3458 5674 sacra}
3487 5588 3783 5658 Scriptura:

2199 5695 2335 5762 loca,
2366 5692 2559 5766 quibus
2584 5700 2730 5749 vates
2764 5690 2926 5746 divini
2947 5690 3115 5746 cmlos
3135 5688 3301 5745 verbo
3322 5683 3416 5742 Dei
3443 5682 3711 5746 ﬁrmatos,
3739 5681 3801 5736 et

2199 5784 2460 5846 mundum
2480 5797 2697 5846 omnem
2718 5781 2886 5855 ipsius
2907 5779 3169 5858 Sapientia
3193 5793 3257 5839 ac
3269 5783 3533 5853 potestate
3547 5788 3616 5834 es
3634 5765 3804 5831 nihile
