4240 6262
323 329 440 390 805

1429 321 1904 384 ‘DISSERTA'I‘IO
1938 322 2004 380 D.
2044 321 2134 380 LE
2161 322 2468 384 NOURRY.

3526 321 3636 382 806

328 442 531 500 factum
560 456 682 502 esse
707 440 1024 514 prmdicant.
1067 441 1138 498 At
1187 439 1312 513 quia
1365 438 1732 512 Hermogenes
1761 447 1818 495 et
1839 439 1930 494 alii
1955 441 2012 500 A
2035 442 2288 512 majestas
2323 451 2380 498 et
2401 439 2784 512 omnipotentis
2812 439 3063 498 omnibus
3088 453 3244 510 sane,
3276 438 3440 498 etiam
3470 438 3636 497 hebe-

330 537 574 594 nonnulli
599 536 864 603 haeretici,
892 544 948 591 et
971 535 1199 608 gentiles
1225 534 1648 600 somniaverunt,
1677 533 1936 590 mundum

332 645 442 686 non
473 645 536 685 ex
569 628 756 696 nihilo,
789 627 882 685 sed
915 644 982 684 ex
1041 628 1266 686 materia
1313 627 1695 698 praeexistentc
1729 627 1938 698 ipsique

333 723 448 780 Deo
490 734 759 779 comterna
805 721 1116 790 conditum,
1166 721 1292 777 hinc
1339 720 1702 777 Tertullianus
1747 719 1936 776 falsam

332 813 474 882 hanc
503 815 810 886 opinionem
837 812 1093 884 peculiari
1120 813 1175 869 in
1202 812 1361 880 libro,
1405 811 1662 868 adversus
1689 812 1936 868 eumdem

336 905 734 976 llernmgenem
763 905 1086 974 composito,
1115 903 1328 960 invictis
1355 903 1624 959 rationum
1651 903 1938 963 momentis

337 998 590 1060 radicitus
615 997 819 1055 evellit.
868 997 977 1054 Sed
1012 997 1124 1069 jam
1164 997 1316 1068 plura
1338 1038 1354 1065 ,
1385 995 1576 1066 quibus
1606 994 1692 1050 hic
1727 1009 1881 1052 error
1908 1009 1936 1050 a

335 1090 616 1148 Lactantio
645 1090 960 1156 destruitur,
997 1097 1316 1161 argumenta
1352 1102 1385 1144 a
1415 1087 1570 1144 nobis
1595 1087 1721 1142 alibi
1762 1087 1936 1158 expli-

335 1193 454 1239 cata
495 1193 642 1244 sunt.
700 1183 866 1240 Recte
908 1197 1038 1254 ergo
1075 1182 1201 1238 inde
1240 1181 1601 1238 Tertullianns
1643 1190 1828 1237 noster
1860 1181 1940 1236 sic

335 1275 611 1347 disputat:
641 1276 987 1345 Dubitabitur,
1031 1278 1204 1345 credo,
1227 1276 1300 1330 de
1335 1274 1433 1330 Dei
1469 1261 1677 1343 edibus,
1702 1277 1788 1346 qui
1820 1285 1937 1331 tan-

333 1380 442 1430 tum
475 1372 569 1426 hoc
599 1388 782 1444 corpus
809 1371 986 1427 mundi
1012 1372 1076 1425 de
1095 1388 1152 1426 eo
1175 1372 1314 1442 quod
1341 1386 1442 1424 non
1471 1373 1672 1441 fuerat,
1701 1386 1803 1423 non
1841 1369 1936 1423 mi-

329 1481 433 1522 nus
467 1482 618 1534 quam
659 1466 721 1521 de
749 1475 912 1522 morte
939 1466 1216 1521 vacationis
1255 1473 1302 1518 et
1345 1463 1610 1518 inanitatis
1636 1503 1651 1531 ,
1696 1462 1939 1532 imposuit

333 1561 627 1614 animatum
714 1559 900 1629 spiritu
981 1557 1208 1613 omnium
1285 1556 1578 1610 animarum
1657 1556 1940 1610 animatore

331 1648 584 1720 (Tertull.
614 1651 703 1706 lib.
731 1651 846 1704 adv.
883 1648 1300 1719 Ilermog.,cap.
1351 1646 1386 1702 8
1434 1655 1481 1700 et
1525 1644 1935 1716 seqq.;Dissert.

336 1739 390 1794 in
412 1737 678 1806 Lactant.,
699 1756 815 1811 cup.
839 1739 931 1809 21,
957 1750 1059 1796 art.
1083 1741 1138 1807 1;
1179 1736 1392 1794 Tertull.
1418 1737 1686 1807 Apologet.
1701 1753 1822 1808 cap.
1843 1737 1934 1808 t8,

339 1848 461 1905 pag.
491 1831 642 1904 5'20).

409 1930 576 1990 Audis
601 1945 730 1986 sane
757 1930 894 1986 hanc
919 1930 1037 2000 ejus
1063 1945 1183 1987 esse
1198 1929 1716 2002 argumentationem
1741 1947 1753 1984 :
1777 1929 1939 1996 Deus,

339 2036 446 2082 non
472 2037 536 2078 es
591 2022 969 2093 prmexistente
1004 2033 1095 2078 aut
1143 2033 1411 2078 coaeterna
1438 2023 1538 2078 sibi
1569 2022 1811 2087 materia,
1844 2019 1941 2077 sed

340 2131 407 2172 cx
438 2116 604 2172 nihilo
631 2117 835 2172 creavit
863 2116 1143 2173 mundum.
1177 2119 1246 2171 At
1275 2131 1500 2172 summa:
1527 2126 1583 2172 et
1609 2115 1830 2172 infinita:
1861 2122 1943 2170 est

342 2211 622 2283 potestatis
664 2210 888 2281 aliquid,
939 2225 1002 2266 ac
1045 2209 1190 2280 quod
1235 2211 1392 2281 longe
1435 2210 1608 2280 majus
1633 2219 1737 2276 est,
1771 2216 1942 2264 totum

344 2303 598 2358 mundum
647 2318 715 2357 ex
759 2302 926 2357 nihilo
965 2317 1174 2358 creare.
1222 2302 1366 2358 Deus
1409 2303 1570 2373 igitur
1603 2302 1942 2370 omnipotens

342 2396 529 2453 mundi
554 2405 764 2453 creator
790 2396 988 2452 existit.
1036 2396 1212 2467 Atque
1248 2394 1366 2451 haec
1409 2395 1577 2464 prima
1615 2403 1700 2450 est
1725 2391 1942 2448 Tertul-

340 2492 473 2550 liani
511 2493 901 2562 argumentatio
920 2534 936 2560 ,
978 2506 1082 2562 qua
1110 2507 1174 2546 ex
1205 2505 1372 2546 sacra:
1398 2489 1689 2560 Scriptura:
1713 2487 1944 2544 auctori-

341 2593 478 2651 tate,
503 2586 587 2640 cui
615 2600 796 2652 nemo,
815 2586 891 2639 uti
915 2583 1168 2649 diximus,
1189 2599 1256 2639 ne
1281 2582 1494 2654 gentilis
1516 2581 1729 2653 quidem
1758 2581 1941 2648 homo,

343 2677 603 2750 refragari
634 2688 830 2749 potest,
859 2687 1004 2735 recte
1048 2678 1383 2734 demonstrat
1425 2676 1594 2733 Deum
1641 2675 1818 2746 reipsa
1846 2690 1942 2731 ex-

343 2771 530 2829 istere.

414 2865 714 2936 Antequam
761 2880 890 2923 vero
931 2865 998 2921 ad
1038 2865 1142 2922 alia
1185 2865 1612 2937 progrediamur,
1651 2865 1945 2921 observare

340 2956 491 3029 juvat
517 2959 572 3016 in
624 2959 788 3014 citato
821 2958 1062 3029 ejusdem
1099 2958 1412 3015 Tertulliani
1461 2967 1608 3014 textu
1651 2973 1748 3028 pro
1793 2957 1946 3012 libito

343 3051 610 3110 sublatum
636 3051 667 3107 ἐι
694 3052 926 3124 Rigaltio
948 3068 1141 3109 nomen
1164 3053 1456 3108 animarum
1478 3059 1730 3122 tanquam
1759 3065 1947 3120 super-

347 3161 663 3212 vacaneum,
692 3162 756 3202 ac
796 3162 895 3217 pro
920 3147 1162 3217 imposuit
1187 3147 1442 3217 scriptum
1482 3145 1783 3216 composuit.
1812 3142 1946 3198 Nam

2039 533 2285 603 tioribus,
2332 534 2393 590 fit
2432 533 2710 591 manifesta
2759 543 2815 591 et
2851 535 3222 607 cognoscitur?
3269 532 3632 603 Quamobrem

2039 625 2351 698 Lactantius
2379 627 2581 686 diserte
2609 636 2792 700 postea
2819 629 2950 684 dixit
2981 646 2995 683 :
3027 629 3127 696 Qui
3167 629 3325 684 solem
3360 629 3508 683 rebus
3535 629 3637 682 hu-

2037 721 2204 774 manis
2233 720 2569 776 clarissimum
2600 738 2660 775 ac
2687 722 2946 792 singulare
2995 722 3164 775 lumen
3203 721 3257 775 in
3284 729 3639 792 argumentum

2037 827 2146 867 sure
2171 813 2337 868 unica:
2363 815 2641 884 majestatis
2665 813 2894 867 accendit
2941 811 3243 883 (Lactant.,
3287 813 3375 866 lib.
3403 811 3448 866 ll
3477 811 3637 869 divin.

2038 904 2212 961 Instit.
2243 923 2356 977 cap.
2389 907 2443 973 5,
2473 924 2591 978 pag.
2620 905 2782 977 161).
2831 908 2897 962 Ει
2924 917 3074 962 certe
3104 907 3208 972 sol,
3235 922 3342 962 non
3371 920 3498 962 casu
3539 905 3640 962 ali-

2039 1013 2166 1068 quo,
2190 997 2326 1053 vela
2349 1012 2408 1052 se
2432 999 2569 1069 ipso,
2594 1000 2802 1055 ratione
2826 1000 3036 1070 penitus
3061 999 3267 1066 orbato,
3300 1007 3512 1054 creatus
3533 1005 3638 1054 est.

2039 1091 2151 1147 Suo
2179 1091 2338 1162 igitur
2365 1091 2566 1149 lumine
2592 1102 2646 1148 et
2679 1093 2965 1164 splendore
3004 1094 3424 1164 omnipotentem
3471 1092 3638 1147 Deum

2040 1194 2316 1240 auctorem
2342 1201 2496 1240 suum
2527 1187 2879 1242 demonstrat.
2914 1187 2990 1242 De
3025 1186 3122 1242 hac
3147 1196 3324 1242 autem
3351 1200 3637 1256 argumen-

2045 1279 2246 1334 tatione
2273 1277 2323 1332 in
2356 1289 2539 1334 nostra
2569 1278 2638 1334 de
2665 1278 2906 1349 ejusdem
2951 1279 3212 1335 Lactantii
3257 1280 3405 1334 libris
3437 1280 3640 1336 disser-

2039 1368 2242 1425 tatione
2267 1369 2471 1440 egimus
2502 1368 2799 1441 (Dissertat.
2832 1372 2883 1424 in
2909 1369 3140 1425 Lactant.
3169 1387 3284 1442 cap.
3310 1371 3398 1436 12,
3429 1380 3528 1428 art.
3560 1370 3638 1442 1).

2112 1460 2296 1532 Neque
2354 1461 2455 1518 hoc
2499 1469 2704 1517 tantum
2748 1461 3049 1518 clarissimo
3094 1463 3222 1518 solis
3271 1463 3472 1518 lumine
3518 1477 3643 1532 pcr-

2041 1555 2215 1611 stricti
2255 1556 2555 1613 oblusiores
2602 1557 2796 1611 mentis
2831 1556 3078 1611 humanae
3106 1555 3245 1611 oculi
3275 1556 3438 1610 Deum
3471 1569 3640 1626 agno-

2041 1663 2194 1706 scere
2224 1660 2508 1720 coguntur,
2559 1650 2652 1705 sed
2697 1666 2761 1704 ex
2803 1650 2922 1704 aliis
2952 1664 3162 1720 quoque
3198 1648 3315 1718 ejus
3345 1649 3596 1718 operibus
3626 1665 3640 1703 :

2041 1740 2139 1798 Tot
2165 1759 2227 1796 ac
2253 1744 2437 1809 tantis,
2485 1743 2655 1813 inquit
2698 1743 3074 1807 Tertullianus,
3107 1741 3282 1811 quibus
3308 1742 3640 1810 continemur,

1970 1842 2016 1901 Β
2043 1835 2222 1905 quibus
2239 1835 2563 1901 sustinemur,
2586 1834 2763 1904 quibus
2783 1834 3114 1898 oblectamur,
3137 1835 3318 1904 quibus
3338 1844 3645 1889 exterremur

2043 1925 2374 1998 (Tertullian.
2395 1927 2661 1999 Apologet.
2680 1944 2796 1999 cap.
2818 1928 2904 1995 l7,
2926 1944 3045 1998 pag.
3069 1925 3219 1996 37G).
3247 1927 3384 1995 Quid
3401 1927 3545 1983 enim
3569 1933 3647 1982 tot

2045 2029 2300 2092 tantaque
2326 2035 2491 2091 opera
2521 2021 2663 2076 aliud
2689 2021 2959 2088 clamant,
3012 2020 3112 2076 nisi
3151 2019 3220 2075 ab
3249 2035 3356 2076 uno
3387 2019 3497 2075 Deo
3525 2033 3646 2076 esse

2043 2113 2208 2182 edita,
2231 2114 2323 2185 qui
2352 2113 2619 2182 homines,
2647 2124 2740 2170 aut
2768 2114 3062 2181 beneﬁciis,
3091 2123 3183 2170 aut
3212 2124 3436 2181 terrore,
3466 2113 3533 2168 ad
3563 2113 3647 2170 sui

2043 2210 2405 2280 cognitionem
2432 2209 2682 2265 adducit?
2712 2210 2887 2280 Atque
2917 2209 3039 2264 inde
3070 2207 3312 2279 profecto
3339 2207 3500 2279 paulo
3525 2215 3648 2279 post

2043 2301 2241 2372 adjecit
2267 2302 2409 2357 edita
2442 2302 2508 2357 ab
2550 2302 2641 2357 illo
2671 2303 2954 2372 majestatis
2997 2317 3105 2357 suae
3137 2303 3284 2374 signa
3322 2318 3412 2373 per
3439 2301 3644 2370 imbres,

2046 2394 2187 2449 haud
2216 2395 2377 2450 dubie
2401 2396 2666 2466 generalis
2694 2396 2912 2464 diluvii,
2962 2413 3052 2466 per
3074 2396 3236 2468 ignes,
3267 2411 3330 2451 ac
3358 2410 3452 2452 eos
3484 2393 3650 2468 potis-

2045 2492 2237 2546 simum
2272 2491 2465 2561 quibus
2479 2492 2640 2546 urbes
2663 2489 2896 2547 Sodoma
2919 2501 2972 2546 ct
2991 2490 3289 2547 Gomorrha
3314 2497 3647 2560 consumptae

2043 2585 2282 2640 fuerunt.
2332 2587 2375 2640 Α
2418 2599 2524 2655 quo
2555 2585 2719 2651 enim,
2752 2584 2977 2639 obsecro
3007 2593 3079 2650 te,
3113 2582 3228 2637 haec
3254 2582 3368 2638 fieri
3402 2590 3644 2652 potuere,

2045 2677 2149 2732 nisi
2169 2692 2200 2732 a
2224 2676 2335 2732 Deo
2357 2676 2536 2746 judice
2565 2675 2893 2746 aequissimo,
2925 2676 3014 2747 qui
3039 2675 3108 2731 ab
3135 2676 3312 2747 impiis
3341 2683 3395 2730 et
3424 2689 3645 2730 consce-

2045 2768 2380 2828 leratissimis
2413 2768 2720 2826 hominibus
2748 2769 2955 2825 debitas
2984 2767 3297 2823 criminibus
3327 2782 3516 2839 ptenas
3557 2781 3646 2823 re-

2046 2863 2262 2936 petebat
2282 2862 2306 2914 ν

2119 2956 2235 3011 Alia
2264 2969 2394 3010 vero
2419 2963 2545 3010 sunt
2573 2952 2747 3009 adhuc
2766 2996 2780 3023 ,
2815 2952 3009 3024 quibus
3029 2995 3044 3020 ,
3077 2961 3133 3008 ut
3159 2951 3232 3008 ait
3257 2951 3640 3022 Tertullianus,

2047 3057 2378 3114 exterremur,
2409 3047 2661 3102 nimirum
2690 3045 2920 3118 fulgura,
2966 3045 3208 3112 fulmina,
3255 3045 3509 3114 tonitrua,
3541 3062 3642 3117 pu-

2050 3142 2204 3197 blicae
2229 3139 2410 3196 clades
2435 3151 2487 3196 et
2516 3147 2882 3210 tempestates,
2907 3139 3115 3210 aliaque
3145 3137 3227 3194 his
3256 3139 3468 3193 similia.
3502 3138 3648 3192 Con-

345 3236 470 3296 huic
514 3238 869 3304 correctioni,
917 3238 1074 3308 cujus
1118 3237 1318 3292 nullam
1365 3235 1599 3292 reddidit
1639 3235 1901 3290 rationem
1925 3277 1938 3303 ,
1969 3239 2013 3302 ί]
2048 3235 2190 3292 sulto
2229 3242 2406 3289 autem
2451 3233 2567 3288 haec
2612 3231 2875 3302 adjeeisse
2902 3231 3130 3298 videtur,
3173 3240 3227 3285 ut
3262 3231 3426 3284 variis
3455 3228 3644 3284 athco-

344 3345 538 3387 omnes
570 3331 915 3401 manuscripti
945 3340 999 3386 et
1025 3331 1354 3401 antiquiores
1378 3329 1508 3385 editi
1539 3328 1754 3384 codices
1783 3328 1945 3397 plane

345 3425 718 3482 adversantur.
745 3425 940 3482 Deinde
957 3440 1107 3492 vero,
1133 3439 1310 3480 nonne
1331 3425 1530 3480 Auctor
1545 3431 1726 3480 noster
1741 3431 1946 3492 poterat

350 3521 520 3576 verbo
549 3521 788 3591 imposuit
814 3519 992 3588 abuti,
1040 3536 1147 3590 quo
1186 3517 1572 3590 significantius
1601 3516 1945 3586 exprimeret,

344 3612 486 3685 quod
509 3622 663 3669 antea
686 3613 910 3678 dixerat,
940 3612 1202 3668 mundum
1224 3627 1254 3666 a
1283 3613 1391 3667 Deo
1415 3619 1653 3667 creatum
1681 3625 1744 3664 ea:
1763 3609 1945 3678 nihilo,

343 3721 404 3764 ac
419 3714 669 3778 tanquam
683 3721 842 3778 supra
869 3716 1094 3762 mortem
1125 3707 1400 3760 vacationis
1412 3714 1458 3760 et
1484 3705 1744 3759 inanitatis
1773 3704 1947 3774 impo-

344 3804 544 3862 situm?
577 3803 756 3859 Potuit
779 3804 938 3858 etiam
971 3817 1066 3872 per
1091 3801 1373 3872 quamdam
1401 3801 1696 3871 emphasim
1719 3799 1949 3870 adjicere

345 3909 542 3951 nocn
581 3896 893 3961 animarum,
937 3902 996 3950 ut
1036 3893 1358 3949 luculentius
1401 3893 1726 3965 signiﬁcaret
1778 3892 1946 3948 Deum

346 4002 456 4044 non
477 3986 640 4043 modo
661 4001 972 4058 corporum,
1001 3985 1095 4041 sed
1116 3989 1278 4041 etiam
1301 3985 1597 4041 animarum
1619 3999 1741 4042 esse
1761 3998 1948 4041 revera

346 4079 701 4140 auiumtorem
728 4089 783 4136 et
810 4086 1129 4134 creatorem.

415 4173 726 4230 Secundum
769 4171 1083 4230 Tertulliani
1128 4181 1503 4242 argumentum
1547 4171 1843 4226 dcsumitur
1884 4184 1950 4225 ex

349 4267 621 4322 communi
644 4266 885 4320 omnium
907 4279 1046 4335 pene
1066 4264 1340 4335 gentilium
1363 4264 1802 4335 philosophorum
1824 4279 1952 4320 con-

346 4372 542 4424 sensu,
573 4358 692 4427 qui,
727 4357 850 4414 licet
876 4357 928 4411 in
957 4355 1256 4412 deﬁnienda
1289 4356 1384 4411 Dei
1415 4367 1601 4412 natura
1627 4372 1735 4412 non
1767 4371 1950 4428 parum

346 4463 376 4505 a
401 4465 461 4505 se
487 4451 712 4506 invicem
733 4493 746 4516 ,
781 4460 836 4505 ut
864 4450 1021 4520 paulo
1053 4458 1172 4520 post
1201 4451 1568 4516 ostendemus,
1597 4451 1948 4519 dissentiant,

349 4556 472 4596 eum
502 4549 679 4598 tamen
708 4558 895 4598 revera
923 4543 1156 4599 existere
1180 4543 1420 4598 volentes
1449 4542 1694 4599 nolentes
1719 4544 1952 4601 confessi

2050 3344 2169 3384 rum
2198 3325 2418 3397 argutiis
2447 3333 2788 3391 occurreret,
2828 3324 2919 3396 qui
2957 3322 3216 3393 objiciunt
3253 3321 3476 3376 fulmina
3526 3335 3648 3392 quae

2049 3433 2210 3491 supra
2241 3425 2480 3484 montes,
2500 3415 2645 3472 verbi
2675 3415 2864 3487 gratia,
2897 3413 3114 3482 cadunt,
3137 3423 3193 3469 et
3216 3413 3319 3468 alia
3342 3411 3647 3484 hujusmodi

2051 3525 2172 3567 esse
2205 3523 2426 3582 prorsus
2451 3508 2658 3564 inutilia
2679 3550 2693 3576 ,
2728 3507 3035 3579 nullamque
3065 3505 3290 3578 proferri
3327 3520 3486 3577 posse
3514 3521 3643 3561 cau-

2049 3618 2203 3671 sam,
2251 3612 2469 3674 propter
2511 3617 2670 3672 quam
2710 3601 2976 3656 accidant.
3022 3599 3262 3655 Garrulis
3290 3599 3564 3655 enimvero
3593 3606 3649 3656 et

2050 3697 2228 3766 impiis
2270 3694 2418 3751 hisce
2458 3694 2796 3761 hominibus,
2825 3694 2939 3764 qui,
2985 3701 3162 3764 spreta
3207 3703 3298 3748 aut
3341 3707 3649 3764 compressa

2050 3787 2216 3844 animi
2258 3787 2620 3854 conscientia,
2665 3787 2840 3858 pravis
2881 3785 3190 3842 libidinibus
3219 3786 3424 3842 servire
3443 3785 3646 3855 volunt,

2050 3883 2342 3956 respondet
2385 3883 2506 3956 idgo
2554 3884 2668 3939 haec
2713 3883 2824 3938 ﬁeri
2849 3926 2864 3952 ,
2901 3890 2960 3939 ut
2988 3893 3350 3951 exterreamur,
3401 3883 3502 3939 hoc
3530 3892 3648 3951 est,

2053 3979 2220 4035 Deum
2247 3994 2430 4034 verum
2473 3977 2687 4034 illorum
2729 3986 3000 4034 auctorem
3049 3977 3358 4043 timeamus,
3392 3986 3552 4048 atque
3581 3989 3649 4031 eo

2053 4073 2266 4138 timore,
2296 4087 2456 4142 quem
2487 4071 2689 4127 homini
2721 4071 2959 4126 innatum
2988 4085 3108 4126 esse
3135 4071 3260 4126 alibi
3289 4069 3646 4136 demonstrat,

2053 4179 2404 4237 agnoscamus
2431 4165 2575 4220 illum
2603 4180 2794 4234 reapse
2823 4166 3074 4231 existere,
3099 4167 3189 4236 qui
3211 4167 3428 4224 eosdem
3457 4169 3650 4238 impios

2053 4257 2290 4327 aliosque
2311 4257 2600 4312 sceleratos
2629 4271 2723 4326 pro
2750 4257 2941 4312 merito
2962 4257 3226 4330 castigare
3245 4269 3421 4331 potest
3451 4260 3643 4334 (Idem,

2054 4353 2142 4407 lib.
2170 4353 2232 4406 de
2257 4352 2538 4408 Testimon.
2569 4353 2728 4406 anim.
2757 4369 2870 4424 cap.
2899 4355 2980 4426 2).

2123 4443 2294 4499 Porro
2330 4453 2506 4499 autem
2549 4444 2675 4499 alibi
2706 4445 3059 4516 ostendimus,
3094 4439 3304 4518 etiamsi
3333 4450 3558 4505 infirma:
3583 4464 3647 4507 ac

2055 4537 2355 4594 emcntienti
2387 4537 2660 4593 hominum
2700 4539 2863 4594 menti
2893 4555 2998 4596 non
3027 4542 3248 4597 omnino
3273 4551 3548 4613 comperta
3578 4545 3649 4600 sit

349 4633 680 4707 suntudem,
699 4636 1056 4709 cap.47,pag,
1077 4636 1204 4702 516;
1225 4635 1364 4710 Infr.
1396 4639 1489 4692 hoc
1503 4653 1620 4708 cap.
1645 4646 1740 4692 αντ,
1760 4638 1815 4706 4;
1832 4637 1950 4695 οἱα.
1977 4639 2032 4701 Ῑ)
2059 4630 2264 4686 inﬁnita
2296 4631 2390 4687 Dei
2419 4631 2747 4702 magnitudo,
2790 4634 3250 4705 quorumdamque
3278 4637 3394 4706 ejus
3423 4651 3648 4709 operum

350 4733 527 4782 certat.
564 4728 619 4781 in
645 4727 834 4782 Μίνωι.
867 4745 983 4800 cap.
1004 4729 1063 4797 4,
1090 4739 1190 4783 art.
1221 4731 1273 4795 1,
1302 4739 1348 4784 et
1373 4729 1426 4784 in
1455 4728 1686 4784 Lactant.
1713 4748 1829 4802 cap.
1857 4732 1944 4802 12,

350 4829 452 4875 art.
482 4822 567 4891 1).
598 4821 704 4878 Sed
727 4821 794 4877 de
815 4823 918 4878 hac
935 4822 1154 4878 illorum
1176 4823 1442 4880 sententia
1469 4824 1596 4880 alibi
1623 4824 1736 4881 fuse
1762 4825 1949 4897 dispu-

351 4912 605 4983 tavimus,
661 4930 762 4972 nec
799 4929 864 4972 ea
901 4931 1021 4987 qua:
1083 4915 1155 4972 ibi
1195 4915 1428 4973 diximus
1479 4932 1622 4974 nunc
1665 4917 1950 4990 repetenda

349 5015 494 5061 sunt.

421 5098 665 5155 Tertium
712 5098 872 5155 unius
920 5098 1014 5156 Dei
1069 5099 1352 5157 existentis
1378 5099 1768 5173 {argumentum
1816 5102 1951 5172 petit

350 5192 711 5250 Tertullianus
735 5208 802 5250 ex
831 5193 950 5264 ejus
979 5195 1254 5265 operibus,
1283 5209 1403 5266 quae
1430 5196 1568 5250 sicut
1593 5174 1804 5265 nullus,
1847 5196 1948 5253 nisi

351 5288 511 5358 plane
535 5287 782 5359 desipiat,
829 5302 937 5344 non
985 5297 1162 5360 potest
1209 5304 1316 5345 non
1370 5304 1680 5362 agnoscere,
1723 5291 1794 5346 ita
1850 5305 1950 5346 nec

351 5381 566 5439 diffiteri
617 5397 783 5439 unum
827 5383 995 5440 Deum
1039 5397 1159 5439 esse
1205 5383 1417 5440 illorum
1461 5394 1758 5441 auctorem.
1815 5383 1950 5442 Nam

350 5475 603 5540 mundus,
632 5476 708 5530 uti
723 5483 873 5533 recte
897 5474 973 5530 ait
1000 5474 1379 5541 Tertullianus,
1408 5475 1476 5531 ab
1505 5476 1595 5531 illo
1625 5475 1793 5532 factus
1820 5486 1904 5533 est
1932 5519 1947 5546 ,

351 5565 418 5622 In
443 5577 797 5624 ornamentum
821 5569 1107 5632 maiestatis
1148 5585 1256 5624 suae
1294 5567 1640 5640 (Tertullian.
1676 5571 1946 5644 Apologet.

351 5677 466 5732 cap.
499 5662 588 5731 1⁵1,
621 5679 738 5735 pag.
756 5661 923 5735 375).
949 5661 1089 5730 Quid
1116 5677 1245 5720 vero
1273 5661 1404 5718 illud
1431 5673 1515 5719 est
1536 5664 1590 5718 in
1620 5663 1805 5720 divinat
1828 5683 1943 5722 ma-

345 5753 548 5824 jestatis
605 5766 980 5833 ornamentum,
1028 5756 1128 5812 nisi
1177 5757 1232 5812 in
1277 5755 1419 5814 illius
1495 5756 1860 5828 probationem
1902 5770 1958 5820 et

356 5858 760 5920 argumentum,
814 5863 923 5922 quo
967 5864 1034 5910 ex
1073 5848 1260 5911 mundi
1301 5848 1577 5912 creatione
1619 5848 1797 5911 divina
1842 5851 1958 5926 ejus

2054 4737 2348 4799 caussa,ex
2377 4723 2545 4794 ipsius
2572 4732 2748 4781 tamen
2779 4725 3076 4794 eﬂectibus,
3107 4727 3312 4783 nemini
3339 4730 3651 4803 incognitis,

2055 4816 2488 4873 manifestissime
2513 4817 2873 4873 demonstrari
2916 4818 3065 4874 illum
3106 4820 3370 4895 existere,
3403 4831 3459 4879 et
3487 4839 3648 4896 quem

2055 4909 2124 4966 ob
2153 4908 2313 4965 linem
2343 4910 2522 4966 omnia
2553 4910 2756 4967 fecerit.
2805 4910 2924 4967 Jam
2949 4927 3078 4968 vero
3103 4929 3210 4968 non
3242 4914 3528 4985 quaerimus
3553 4932 3649 4973 cur

2056 5012 2145 5058 aut
2169 5003 2440 5075 quomodo
2465 5005 2643 5061 omnia
2670 5005 2737 5062 ab
2775 5005 2866 5062 illo
2893 5005 3041 5072 flant,
3073 5017 3166 5063 aut
3208 5007 3346 5064 facta
3385 5011 3515 5078 sint,
3556 5008 3653 5068 sed

2057 5106 2232 5153 utrum
2259 5101 2372 5168 ipse
2399 5101 2594 5156 existat
2617 5108 2776 5175 atque
2801 5101 2852 5158 id
2874 5117 2941 5158 ex
2971 5103 3088 5174 ejus
3111 5103 3362 5174 Operibus
3386 5120 3647 5178 agnosca-

2055 5201 2159 5248 tur.
2178 5191 2232 5248 ln
2253 5193 2374 5248 aliis
2394 5203 2571 5250 autem
2593 5195 2791 5252 nostris
2804 5195 3270 5253 dissertationibus
3291 5196 3449 5268 plane
3470 5209 3652 5256 osten-

2054 5287 2230 5344 dimus
2255 5304 2414 5360 quam
2439 5299 2590 5348 certo
2629 5301 2682 5347 et
2721 5291 2998 5349 evidenter
3041 5291 3211 5348 Deum
3249 5294 3481 5350 existere
3525 5295 3650 5353 inde

2053 5381 2472 5454 demonstretur,
2518 5394 2572 5440 et
2605 5401 2763 5456 quam
2797 5385 3063 5444 imbecilla
3093 5388 3162 5442 sit
3197 5387 3531 5448 ethnicorum
3558 5404 3649 5444 ar-

2057 5479 2406 5550 gumentatio,
2455 5479 2544 5549 qui
2588 5479 2716 5535 illud
2752 5479 2875 5538 ideo
2901 5480 3186 5552 negabant,
3216 5483 3338 5554 quia
3365 5484 3483 5552 ipse
3510 5482 3653 5542 Deus

2059 5571 2226 5630 videri
2256 5589 2362 5631 non
2393 5581 2567 5644 potest
2600 5572 2836 5647 (Dissert.
2867 5575 2923 5631 in
2944 5573 3134 5633 Minut.
3161 5591 3277 5649 cap.
3303 5575 3359 5646 5,
3387 5585 3486 5636 art.
3517 5577 3570 5648 l,
3599 5585 3647 5634 et

2060 5684 2176 5741 cap.
2208 5667 2262 5736 6,
2295 5677 2394 5724 art.
2433 5667 2508 5741 1).

2130 5762 2331 5832 Quarta
2377 5762 2470 5819 Dei
2515 5778 2701 5822 revera
2743 5764 3024 5824 cxistentis
3046 5763 3436 5828 demonstratio
3459 5781 3493 5827 a
3517 5767 3650 5828 Ter-

2062 5852 2283 5916 tulliano
2314 5854 2525 5918 ducitur
2545 5871 2611 5919 ex
2633 5857 2820 5919 intimo
2841 5859 3033 5922 animae
3055 5858 3304 5925 humanae
3333 5876 3516 5936 sensu,
3542 5863 3656 5925 sive
