  <div class='ocr_page' id='page_1' title='image "/cluster/home/n/w/nwhite01/storage/ocr_20150623/1/hvd.32044054128335/425.png"; bbox 0 0 4240 6262; ppageno 0'>
   <div class='ocr_carea' id='block_1_1' title="bbox 544 273 652 333">
    <p class='ocr_par' dir='ltr' id='par_1_1' title="bbox 544 273 652 333">
     <span class='ocr_line' id='line_1_1' title="bbox 544 273 652 333; baseline 0 -1"><span class='ocrx_word' id='word_1_1' title='bbox 544 273 652 333; x_wconf 78' lang='grc'><em>807</em></span> 
     </span>
    </p>
   </div>
   <div class='ocr_carea' id='block_1_2' title="bbox 1579 265 2715 331">
    <p class='ocr_par' dir='ltr' id='par_1_2' title="bbox 1579 265 2715 331">
     <span class='ocr_line' id='line_1_2' title="bbox 1579 265 2715 331; baseline 0 -3"><span class='ocrx_word' id='word_1_2' title='bbox 1579 271 1648 328; x_wconf 82' lang='grc' dir='ltr'><em>ΙΝ</em></span> <span class='ocrx_word' id='word_1_3' title='bbox 1683 265 2145 327; x_wconf 79' lang='lat' dir='ltr'><em>TEBTULLIANI</em></span> <span class='ocrx_word' id='word_1_4' title='bbox 2182 266 2715 331; x_wconf 79' lang='lat' dir='ltr'><em>APOLOGETICUM</em></span> 
     </span>
    </p>
   </div>
   <div class='ocr_carea' id='block_1_3' title="bbox 3749 271 3861 334">
    <p class='ocr_par' dir='ltr' id='par_1_3' title="bbox 3749 271 3861 334">
     <span class='ocr_line' id='line_1_3' title="bbox 3749 271 3861 334; baseline 0.018 -2"><span class='ocrx_word' id='word_1_5' title='bbox 3749 271 3861 334; x_wconf 80' lang='lat'><strong>808</strong></span> 
     </span>
    </p>
   </div>
   <div class='ocr_carea' id='block_1_4' title="bbox 545 381 3850 464">
    <p class='ocr_par' dir='ltr' id='par_1_4' title="bbox 545 381 3850 464">
     <span class='ocr_line' id='line_1_4' title="bbox 545 381 3850 464; baseline -0.001 -15"><span class='ocrx_word' id='word_1_6' title='bbox 545 392 667 464; x_wconf 88' lang='lat' dir='ltr'><em>ejus</em></span> <span class='ocrx_word' id='word_1_7' title='bbox 697 390 1023 457; x_wconf 84' lang='lat' dir='ltr'><em>testimonio,</em></span> <span class='ocrx_word' id='word_1_8' title='bbox 1054 389 1273 460; x_wconf 88' lang='lat' dir='ltr'><em>ipsaque</em></span> <span class='ocrx_word' id='word_1_9' title='bbox 1303 386 1535 443; x_wconf 84' lang='lat' dir='ltr'><em>hominis</em></span> <span class='ocrx_word' id='word_1_10' title='bbox 1565 385 1910 441; x_wconf 75' lang='lat' dir='ltr'><em>conscientia.</em></span> <span class='ocrx_word' id='word_1_11' title='bbox 1967 381 2140 449; x_wconf 82' lang='lat' dir='ltr'><em>Visne,</em></span> <span class='ocrx_word' id='word_1_12' title='bbox 2171 383 2224 443; x_wconf 81' lang='grc' dir='ltr'><strong>Α</strong></span> <span class='ocrx_word' id='word_1_13' title='bbox 2250 399 2421 438; x_wconf 74' lang='lat' dir='ltr'><em>manu:</em></span> <span class='ocrx_word' id='word_1_14' title='bbox 2459 385 2772 442; x_wconf 73' lang='lat' dir='ltr'><em>naturaliter</em></span> <span class='ocrx_word' id='word_1_15' title='bbox 2815 383 3027 442; x_wconf 75' lang='lat' dir='ltr'><em>insitam</em></span> <span class='ocrx_word' id='word_1_16' title='bbox 3078 401 3202 444; x_wconf 89' lang='lat' dir='ltr'><em>esse</em></span> <span class='ocrx_word' id='word_1_17' title='bbox 3248 387 3364 443; x_wconf 88' lang='lat' dir='ltr'><em>veri</em></span> <span class='ocrx_word' id='word_1_18' title='bbox 3409 387 3506 444; x_wconf 87' lang='lat' dir='ltr'><em>Dei</em></span> <span class='ocrx_word' id='word_1_19' title='bbox 3553 389 3850 459; x_wconf 88' lang='lat' dir='ltr'><em>notionem,</em></span> 
     </span>
    </p>
   </div>
   <div class='ocr_carea' id='block_1_5' title="bbox 545 479 2146 554">
    <p class='ocr_par' dir='ltr' id='par_1_5' title="bbox 545 479 2146 554">
     <span class='ocr_line' id='line_1_5' title="bbox 545 479 2146 554; baseline -0.008 -12"><span class='ocrx_word' id='word_1_20' title='bbox 545 488 622 542; x_wconf 85' lang='lat' dir='ltr'><em>ait</em></span> <span class='ocrx_word' id='word_1_21' title='bbox 650 487 758 551; x_wconf 89' lang='lat' dir='ltr'><em>ille,</em></span> <span class='ocrx_word' id='word_1_22' title='bbox 789 503 852 541; x_wconf 78' lang='lat' dir='ltr'><em>ea:</em></span> <span class='ocrx_word' id='word_1_23' title='bbox 867 487 1052 538; x_wconf 70' lang='lat' dir='ltr'><em>anima:</em></span> <span class='ocrx_word' id='word_1_24' title='bbox 1074 483 1232 554; x_wconf 89' lang='lat' dir='ltr'><em>ipsius</em></span> <span class='ocrx_word' id='word_1_25' title='bbox 1257 482 1539 536; x_wconf 85' lang='lat' dir='ltr'><em>testimonio</em></span> <span class='ocrx_word' id='word_1_26' title='bbox 1562 479 1941 549; x_wconf 83' lang='lat' dir='ltr'><em>comprobemus</em></span> <span class='ocrx_word' id='word_1_27' title='bbox 1965 493 1982 532; x_wconf 91' lang='lat'><strong><em>:</em></strong></span> <span class='ocrx_word' id='word_1_28' title='bbox 2012 491 2146 547; x_wconf 66' lang='lat' dir='ltr'><em>quae,</em></span> 
     </span>
    </p>
   </div>
   <div class='ocr_carea' id='block_1_6' title="bbox 549 569 2151 644">
    <p class='ocr_par' dir='ltr' id='par_1_6' title="bbox 549 569 2151 644">
     <span class='ocr_line' id='line_1_6' title="bbox 549 569 2151 644; baseline -0.006 -13"><span class='ocrx_word' id='word_1_29' title='bbox 549 576 667 632; x_wconf 85' lang='lat' dir='ltr'><em>licet</em></span> <span class='ocrx_word' id='word_1_30' title='bbox 696 592 897 630; x_wconf 82' lang='lat' dir='ltr'><em>carcere</em></span> <span class='ocrx_word' id='word_1_31' title='bbox 920 575 1147 644; x_wconf 87' lang='lat' dir='ltr'><em>corporis</em></span> <span class='ocrx_word' id='word_1_32' title='bbox 1177 590 1372 642; x_wconf 88' lang='lat' dir='ltr'><em>pressa,</em></span> <span class='ocrx_word' id='word_1_33' title='bbox 1406 573 1522 627; x_wconf 88' lang='lat' dir='ltr'><em>licet</em></span> <span class='ocrx_word' id='word_1_34' title='bbox 1551 569 1951 626; x_wconf 70' lang='lat' dir='ltr'><em>institutionibus</em></span> <span class='ocrx_word' id='word_1_35' title='bbox 1983 569 2151 638; x_wconf 79' lang='lat' dir='ltr'><em>pravis</em></span> 
     </span>
    </p>
   </div>
   <div class='ocr_carea' id='block_1_7' title="bbox 546 659 2150 736">
    <p class='ocr_par' dir='ltr' id='par_1_7' title="bbox 546 659 2150 736">
     <span class='ocr_line' id='line_1_7' title="bbox 546 659 2150 736; baseline -0.007 -14"><span class='ocrx_word' id='word_1_36' title='bbox 546 668 961 736; x_wconf 87' lang='lat' dir='ltr'><em>circumscripta,</em></span> <span class='ocrx_word' id='word_1_37' title='bbox 1011 666 1124 720; x_wconf 90' lang='lat' dir='ltr'><em>licet</em></span> <span class='ocrx_word' id='word_1_38' title='bbox 1170 663 1459 718; x_wconf 83' lang='lat' dir='ltr'><em>libidinibus</em></span> <span class='ocrx_word' id='word_1_39' title='bbox 1514 672 1562 718; x_wconf 89' lang='lat' dir='ltr'><em>et</em></span> <span class='ocrx_word' id='word_1_40' title='bbox 1601 661 2017 731; x_wconf 74' lang='lat' dir='ltr'><em>concupiscentiis</em></span> <span class='ocrx_word' id='word_1_41' title='bbox 2044 659 2150 713; x_wconf 84' lang='lat' dir='ltr'><em>evi-</em></span> 
     </span>
    </p>
   </div>
   <div class='ocr_carea' id='block_1_8' title="bbox 547 752 2148 831">
    <p class='ocr_par' dir='ltr' id='par_1_8' title="bbox 547 752 2148 831">
     <span class='ocr_line' id='line_1_8' title="bbox 547 752 2148 831; baseline -0.007 -16"><span class='ocrx_word' id='word_1_42' title='bbox 547 761 748 831; x_wconf 87' lang='lat' dir='ltr'><em>gorata,</em></span> <span class='ocrx_word' id='word_1_43' title='bbox 769 761 880 814; x_wconf 88' lang='lat' dir='ltr'><em>licet</em></span> <span class='ocrx_word' id='word_1_44' title='bbox 899 759 1044 831; x_wconf 77' lang='lat' dir='ltr'><em>falsis</em></span> <span class='ocrx_word' id='word_1_45' title='bbox 1065 758 1161 813; x_wconf 86' lang='lat' dir='ltr'><em>diis</em></span> <span class='ocrx_word' id='word_1_46' title='bbox 1186 757 1490 811; x_wconf 77' lang='lat' dir='ltr'><em>exancillata</em></span> <span class='ocrx_word' id='word_1_47' title='bbox 1508 797 1522 822; x_wconf 94' lang='lat'><em>,</em></span> <span class='ocrx_word' id='word_1_48' title='bbox 1552 772 1666 809; x_wconf 86' lang='lat' dir='ltr'><em>cum</em></span> <span class='ocrx_word' id='word_1_49' title='bbox 1693 763 1859 808; x_wconf 89' lang='lat' dir='ltr'><em>tamen</em></span> <span class='ocrx_word' id='word_1_50' title='bbox 1881 752 2148 819; x_wconf 86' lang='lat' dir='ltr'><em>resipiscit,</em></span> 
     </span>
    </p>
   </div>
   <div class='ocr_carea' id='block_1_9' title="bbox 550 849 2148 924">
    <p class='ocr_par' dir='ltr' id='par_1_9' title="bbox 550 849 2148 924">
     <span class='ocr_line' id='line_1_9' title="bbox 550 849 2148 924; baseline -0.004 -15"><span class='ocrx_word' id='word_1_51' title='bbox 550 863 604 909; x_wconf 85' lang='lat' dir='ltr'><em>ut</em></span> <span class='ocrx_word' id='word_1_52' title='bbox 629 870 693 909; x_wconf 77' lang='lat' dir='ltr'><em>ea:</em></span> <span class='ocrx_word' id='word_1_53' title='bbox 721 854 964 924; x_wconf 81' lang='lat' dir='ltr'><em>crapula,</em></span> <span class='ocrx_word' id='word_1_54' title='bbox 1007 863 1060 908; x_wconf 90' lang='lat' dir='ltr'><em>ut</em></span> <span class='ocrx_word' id='word_1_55' title='bbox 1091 871 1152 908; x_wconf 83' lang='lat' dir='ltr'><em>ea:</em></span> <span class='ocrx_word' id='word_1_56' title='bbox 1177 869 1388 920; x_wconf 87' lang='lat' dir='ltr'><em>somno,</em></span> <span class='ocrx_word' id='word_1_57' title='bbox 1430 860 1484 904; x_wconf 87' lang='lat' dir='ltr'><em>ut</em></span> <span class='ocrx_word' id='word_1_58' title='bbox 1522 868 1584 906; x_wconf 76' lang='lat' dir='ltr'><em>ex</em></span> <span class='ocrx_word' id='word_1_59' title='bbox 1623 850 1796 921; x_wconf 86' lang='lat' dir='ltr'><em>aliqua</em></span> <span class='ocrx_word' id='word_1_60' title='bbox 1833 849 2148 915; x_wconf 80' lang='lat' dir='ltr'><em>valetudine,</em></span> 
     </span>
    </p>
   </div>
   <div class='ocr_carea' id='block_1_10' title="bbox 478 941 2148 1017">
    <p class='ocr_par' dir='ltr' id='par_1_10' title="bbox 478 941 2148 1017">
     <span class='ocr_line' id='line_1_10' title="bbox 478 941 2148 1017; baseline -0.005 -14"><span class='ocrx_word' id='word_1_61' title='bbox 478 951 482 960; x_wconf 71' lang='lat'><em>&#39;</em></span> <span class='ocrx_word' id='word_1_62' title='bbox 552 956 599 1003; x_wconf 85' lang='lat' dir='ltr'><em>et</em></span> <span class='ocrx_word' id='word_1_63' title='bbox 628 948 893 1001; x_wconf 87' lang='lat' dir='ltr'><em>sanitatem</em></span> <span class='ocrx_word' id='word_1_64' title='bbox 937 963 1083 1000; x_wconf 88' lang='lat' dir='ltr'><em>suam</em></span> <span class='ocrx_word' id='word_1_65' title='bbox 1124 947 1334 1017; x_wconf 87' lang='lat' dir='ltr'><em>patitur,</em></span> <span class='ocrx_word' id='word_1_66' title='bbox 1379 943 1540 998; x_wconf 88' lang='lat' dir='ltr'><em>Deum</em></span> <span class='ocrx_word' id='word_1_67' title='bbox 1588 945 1849 1008; x_wconf 85' lang='lat' dir='ltr'><em>nominat,</em></span> <span class='ocrx_word' id='word_1_68' title='bbox 1888 943 1981 996; x_wconf 87' lang='lat' dir='ltr'><em>hoc</em></span> <span class='ocrx_word' id='word_1_69' title='bbox 2019 941 2148 1006; x_wconf 86' lang='lat' dir='ltr'><em>solo,</em></span> 
     </span>
    </p>
   </div>
   <div class='ocr_carea' id='block_1_11' title="bbox 550 1035 2153 1110">
    <p class='ocr_par' dir='ltr' id='par_1_11' title="bbox 550 1035 2153 1110">
     <span class='ocr_line' id='line_1_11' title="bbox 550 1035 2153 1110; baseline -0.004 -18"><span class='ocrx_word' id='word_1_70' title='bbox 550 1041 670 1110; x_wconf 85' lang='lat' dir='ltr'><em>quia</em></span> <span class='ocrx_word' id='word_1_71' title='bbox 715 1040 920 1110; x_wconf 83' lang='lat' dir='ltr'><em>proprie</em></span> <span class='ocrx_word' id='word_1_72' title='bbox 960 1055 1104 1092; x_wconf 87' lang='lat' dir='ltr'><em>verus</em></span> <span class='ocrx_word' id='word_1_73' title='bbox 1147 1040 1230 1092; x_wconf 89' lang='lat' dir='ltr'><em>hic</em></span> <span class='ocrx_word' id='word_1_74' title='bbox 1267 1054 1398 1091; x_wconf 85' lang='lat' dir='ltr'><em>unus</em></span> <span class='ocrx_word' id='word_1_75' title='bbox 1427 1035 1588 1103; x_wconf 88' lang='lat' dir='ltr'><em>Deus,</em></span> <span class='ocrx_word' id='word_1_76' title='bbox 1617 1037 1796 1100; x_wconf 86' lang='lat' dir='ltr'><em>bonus,</em></span> <span class='ocrx_word' id='word_1_77' title='bbox 1826 1045 1871 1088; x_wconf 91' lang='lat' dir='ltr'><em>et</em></span> <span class='ocrx_word' id='word_1_78' title='bbox 1903 1051 2115 1104; x_wconf 86' lang='lat' dir='ltr'><em>magnus</em></span> <span class='ocrx_word' id='word_1_79' title='bbox 2134 1050 2153 1100; x_wconf 86' lang='lat'><strong><em>;</em></strong></span> 
     </span>
    </p>
   </div>
   <div class='ocr_carea' id='block_1_12' title="bbox 552 1127 2157 1198">
    <p class='ocr_par' dir='ltr' id='par_1_12' title="bbox 552 1127 2157 1198">
     <span class='ocr_line' id='line_1_12' title="bbox 552 1127 2157 1198; baseline -0.006 -11"><span class='ocrx_word' id='word_1_80' title='bbox 552 1142 642 1187; x_wconf 90' lang='lat' dir='ltr'><em>et:</em></span> <span class='ocrx_word' id='word_1_81' title='bbox 676 1130 825 1197; x_wconf 86' lang='lat' dir='ltr'><em>Quod</em></span> <span class='ocrx_word' id='word_1_82' title='bbox 853 1129 991 1184; x_wconf 80' lang='lat' dir='ltr'><em>Deus</em></span> <span class='ocrx_word' id='word_1_83' title='bbox 1015 1129 1227 1194; x_wconf 82' lang='lat' dir='ltr'><em>dederit,</em></span> <span class='ocrx_word' id='word_1_84' title='bbox 1262 1129 1484 1183; x_wconf 84' lang='lat' dir='ltr'><em>omnium</em></span> <span class='ocrx_word' id='word_1_85' title='bbox 1512 1143 1608 1182; x_wconf 76' lang='lat' dir='ltr'><em>vox</em></span> <span class='ocrx_word' id='word_1_86' title='bbox 1633 1138 1741 1190; x_wconf 85' lang='lat' dir='ltr'><em>est;</em></span> <span class='ocrx_word' id='word_1_87' title='bbox 1771 1127 2000 1198; x_wconf 82' lang='lat' dir='ltr'><em>judicent</em></span> <span class='ocrx_word' id='word_1_88' title='bbox 2029 1142 2157 1196; x_wconf 82' lang='lat' dir='ltr'><em>quo-</em></span> 
     </span>
    </p>
   </div>
   <div class='ocr_carea' id='block_1_13' title="bbox 553 1220 2152 1296">
    <p class='ocr_par' dir='ltr' id='par_1_13' title="bbox 553 1220 2152 1296">
     <span class='ocr_line' id='line_1_13' title="bbox 553 1220 2152 1296; baseline -0.003 -18"><span class='ocrx_word' id='word_1_89' title='bbox 553 1241 648 1296; x_wconf 91' lang='lat' dir='ltr'><em>que</em></span> <span class='ocrx_word' id='word_1_90' title='bbox 673 1235 982 1278; x_wconf 87' lang='lat' dir='ltr'><em>contestatur</em></span> <span class='ocrx_word' id='word_1_91' title='bbox 1003 1224 1147 1277; x_wconf 85' lang='lat' dir='ltr'><em>illum</em></span> <span class='ocrx_word' id='word_1_92' title='bbox 1171 1240 1189 1276; x_wconf 88' lang='lat'><strong><em>:</em></strong></span> <span class='ocrx_word' id='word_1_93' title='bbox 1215 1221 1354 1276; x_wconf 86' lang='lat' dir='ltr'><em>Deus</em></span> <span class='ocrx_word' id='word_1_94' title='bbox 1385 1222 1539 1288; x_wconf 85' lang='lat' dir='ltr'><em>videt;</em></span> <span class='ocrx_word' id='word_1_95' title='bbox 1563 1231 1616 1276; x_wconf 88' lang='lat' dir='ltr'><em>et</em></span> <span class='ocrx_word' id='word_1_96' title='bbox 1643 1220 1785 1278; x_wconf 88' lang='lat' dir='ltr'><em>:Deo</em></span> <span class='ocrx_word' id='word_1_97' title='bbox 1809 1221 2104 1275; x_wconf 89' lang='lat' dir='ltr'><em>commendo</em></span> <span class='ocrx_word' id='word_1_98' title='bbox 2133 1239 2152 1287; x_wconf 79' lang='lat'><em>,-</em></span> 
     </span>
    </p>
   </div>
   <div class='ocr_carea' id='block_1_14' title="bbox 557 1315 2153 1388">
    <p class='ocr_par' dir='ltr' id='par_1_14' title="bbox 557 1315 2153 1388">
     <span class='ocr_line' id='line_1_14' title="bbox 557 1315 2153 1388; baseline -0.001 -14"><span class='ocrx_word' id='word_1_99' title='bbox 557 1329 612 1374; x_wconf 89' lang='lat' dir='ltr'><em>et</em></span> <span class='ocrx_word' id='word_1_100' title='bbox 634 1316 803 1373; x_wconf 81' lang='lat' dir='ltr'><em>:Detts</em></span> <span class='ocrx_word' id='word_1_101' title='bbox 825 1318 948 1371; x_wconf 88' lang='lat' dir='ltr'><em>mihi</em></span> <span class='ocrx_word' id='word_1_102' title='bbox 987 1318 1160 1372; x_wconf 87' lang='lat' dir='ltr'><em>reddet</em></span> <span class='ocrx_word' id='word_1_103' title='bbox 1179 1315 1418 1386; x_wconf 84' lang='lat' dir='ltr'><em>(Tertull.</em></span> <span class='ocrx_word' id='word_1_104' title='bbox 1443 1317 1682 1388; x_wconf 83' lang='lat' dir='ltr'><em>Apolog.,</em></span> <span class='ocrx_word' id='word_1_105' title='bbox 1709 1333 1825 1387; x_wconf 89' lang='lat' dir='ltr'><em>cap.</em></span> <span class='ocrx_word' id='word_1_106' title='bbox 1854 1316 1942 1384; x_wconf 81' lang='grc'><em>17,</em></span> <span class='ocrx_word' id='word_1_107' title='bbox 1964 1335 2016 1387; x_wconf 92' lang='lat' dir='ltr'><em>p.</em></span> <span class='ocrx_word' id='word_1_108' title='bbox 2051 1317 2153 1372; x_wconf 76' lang='lat'><em>576</em></span> 
     </span>
    </p>
   </div>
   <div class='ocr_carea' id='block_1_15' title="bbox 555 1408 2151 1482">
    <p class='ocr_par' dir='ltr' id='par_1_15' title="bbox 555 1408 2151 1482">
     <span class='ocr_line' id='line_1_15' title="bbox 555 1408 2151 1482; baseline -0.001 -18"><span class='ocrx_word' id='word_1_109' title='bbox 555 1419 604 1464; x_wconf 87' lang='lat' dir='ltr'><em>et</em></span> <span class='ocrx_word' id='word_1_110' title='bbox 655 1409 808 1482; x_wconf 88' lang='lat' dir='ltr'><em>seq.).</em></span> <span class='ocrx_word' id='word_1_111' title='bbox 852 1410 909 1465; x_wconf 86' lang='grc' dir='ltr'><em>ιη</em></span> <span class='ocrx_word' id='word_1_112' title='bbox 943 1410 1042 1464; x_wconf 89' lang='lat' dir='ltr'><em>hoc</em></span> <span class='ocrx_word' id='word_1_113' title='bbox 1067 1419 1244 1464; x_wconf 88' lang='lat' dir='ltr'><em>autem</em></span> <span class='ocrx_word' id='word_1_114' title='bbox 1271 1411 1506 1464; x_wconf 91' lang='lat' dir='ltr'><em>auctoris</em></span> <span class='ocrx_word' id='word_1_115' title='bbox 1537 1409 1702 1464; x_wconf 83' lang='lat' dir='ltr'><em>nostri</em></span> <span class='ocrx_word' id='word_1_116' title='bbox 1735 1417 1881 1463; x_wconf 85' lang='lat' dir='ltr'><em>textu</em></span> <span class='ocrx_word' id='word_1_117' title='bbox 1910 1408 2151 1480; x_wconf 58' lang='lat' dir='ltr'><em>quaedam</em></span> 
     </span>
    </p>
   </div>
   <div class='ocr_carea' id='block_1_16' title="bbox 557 1499 2152 1572">
    <p class='ocr_par' dir='ltr' id='par_1_16' title="bbox 557 1499 2152 1572">
     <span class='ocr_line' id='line_1_16' title="bbox 557 1499 2152 1572; baseline -0.003 -15"><span class='ocrx_word' id='word_1_118' title='bbox 557 1500 820 1572; x_wconf 80' lang='lat' dir='ltr'><em>Rigaltius</em></span> <span class='ocrx_word' id='word_1_119' title='bbox 860 1516 1009 1557; x_wconf 89' lang='lat' dir='ltr'><em>more</em></span> <span class='ocrx_word' id='word_1_120' title='bbox 1052 1515 1150 1555; x_wconf 89' lang='lat' dir='ltr'><em>suo</em></span> <span class='ocrx_word' id='word_1_121' title='bbox 1194 1501 1498 1556; x_wconf 83' lang='lat' dir='ltr'><em>immutavit</em></span> <span class='ocrx_word' id='word_1_122' title='bbox 1539 1510 1595 1555; x_wconf 89' lang='lat' dir='ltr'><em>et</em></span> <span class='ocrx_word' id='word_1_123' title='bbox 1639 1499 1864 1554; x_wconf 82' lang='lat' dir='ltr'><em>addidit.</em></span> <span class='ocrx_word' id='word_1_124' title='bbox 1915 1500 2152 1555; x_wconf 86' lang='lat' dir='ltr'><em>Primum</em></span> 
     </span>
    </p>
   </div>
   <div class='ocr_carea' id='block_1_17' title="bbox 556 1591 2156 1662">
    <p class='ocr_par' dir='ltr' id='par_1_17' title="bbox 556 1591 2156 1662">
     <span class='ocr_line' id='line_1_17' title="bbox 556 1591 2156 1662; baseline -0.002 -13"><span class='ocrx_word' id='word_1_125' title='bbox 556 1594 700 1650; x_wconf 88' lang='lat' dir='ltr'><em>enim</em></span> <span class='ocrx_word' id='word_1_126' title='bbox 730 1609 796 1648; x_wconf 78' lang='lat' dir='ltr'><em>ex</em></span> <span class='ocrx_word' id='word_1_127' title='bbox 825 1593 959 1658; x_wconf 89' lang='lat' dir='ltr'><em>sola,</em></span> <span class='ocrx_word' id='word_1_128' title='bbox 991 1593 1087 1648; x_wconf 89' lang='lat' dir='ltr'><em>sed</em></span> <span class='ocrx_word' id='word_1_129' title='bbox 1112 1592 1334 1648; x_wconf 83' lang='lat' dir='ltr'><em>forsitan</em></span> <span class='ocrx_word' id='word_1_130' title='bbox 1363 1608 1468 1646; x_wconf 89' lang='lat' dir='ltr'><em>non</em></span> <span class='ocrx_word' id='word_1_131' title='bbox 1498 1606 1715 1662; x_wconf 88' lang='lat' dir='ltr'><em>prorsus</em></span> <span class='ocrx_word' id='word_1_132' title='bbox 1746 1591 1968 1656; x_wconf 74' lang='lat' dir='ltr'><em>infelici,</em></span> <span class='ocrx_word' id='word_1_133' title='bbox 2013 1592 2156 1646; x_wconf 87' lang='lat' dir='ltr'><em>Lati-</em></span> 
     </span>
    </p>
   </div>
   <div class='ocr_carea' id='block_1_18' title="bbox 558 1684 2156 1756">
    <p class='ocr_par' dir='ltr' id='par_1_18' title="bbox 558 1684 2156 1756">
     <span class='ocr_line' id='line_1_18' title="bbox 558 1684 2156 1756; baseline -0.003 -13"><span class='ocrx_word' id='word_1_134' title='bbox 558 1687 633 1744; x_wconf 89' lang='lat' dir='ltr'><em>nii</em></span> <span class='ocrx_word' id='word_1_135' title='bbox 680 1685 1009 1756; x_wconf 85' lang='lat' dir='ltr'><em>Conjcctura,</em></span> <span class='ocrx_word' id='word_1_136' title='bbox 1037 1700 1132 1756; x_wconf 87' lang='lat' dir='ltr'><em>pro</em></span> <span class='ocrx_word' id='word_1_137' title='bbox 1175 1686 1343 1741; x_wconf 91' lang='lat' dir='ltr'><em>verbo</em></span> <span class='ocrx_word' id='word_1_138' title='bbox 1390 1685 1600 1755; x_wconf 87' lang='lat' dir='ltr'><em>patitur,</em></span> <span class='ocrx_word' id='word_1_139' title='bbox 1648 1684 1990 1739; x_wconf 86' lang='lat' dir='ltr'><em>emendatum</em></span> <span class='ocrx_word' id='word_1_140' title='bbox 2024 1684 2156 1739; x_wconf 87' lang='lat' dir='ltr'><em>scri-</em></span> 
     </span>
    </p>
   </div>
   <div class='ocr_carea' id='block_1_19' title="bbox 2252 479 3852 553">
    <p class='ocr_par' dir='ltr' id='par_1_19' title="bbox 2252 479 3852 553">
     <span class='ocr_line' id='line_1_19' title="bbox 2252 479 3852 553; baseline 0.005 -22"><span class='ocrx_word' id='word_1_141' title='bbox 2252 493 2372 548; x_wconf 74' lang='lat' dir='ltr'><em>qua:</em></span> <span class='ocrx_word' id='word_1_142' title='bbox 2413 480 2572 534; x_wconf 88' lang='lat' dir='ltr'><em>totius</em></span> <span class='ocrx_word' id='word_1_143' title='bbox 2617 479 2928 536; x_wconf 70' lang='lat' dir='ltr'><em>christiana:</em></span> <span class='ocrx_word' id='word_1_144' title='bbox 2973 480 3248 553; x_wconf 89' lang='lat' dir='ltr'><em>religionis</em></span> <span class='ocrx_word' id='word_1_145' title='bbox 3290 491 3374 536; x_wconf 90' lang='lat' dir='ltr'><em>est</em></span> <span class='ocrx_word' id='word_1_146' title='bbox 3422 480 3852 539; x_wconf 82' lang='lat' dir='ltr'><em>fundamentum.</em></span> 
     </span>
    </p>
   </div>
   <div class='ocr_carea' id='block_1_20' title="bbox 2253 572 3851 644">
    <p class='ocr_par' dir='ltr' id='par_1_20' title="bbox 2253 572 3851 644">
     <span class='ocr_line' id='line_1_20' title="bbox 2253 572 3851 644; baseline 0.003 -18"><span class='ocrx_word' id='word_1_147' title='bbox 2253 572 2370 626; x_wconf 90' lang='lat' dir='ltr'><em>Alia</em></span> <span class='ocrx_word' id='word_1_148' title='bbox 2399 582 2576 627; x_wconf 88' lang='lat' dir='ltr'><em>autem</em></span> <span class='ocrx_word' id='word_1_149' title='bbox 2607 575 2786 628; x_wconf 83' lang='lat' dir='ltr'><em>omnia</em></span> <span class='ocrx_word' id='word_1_150' title='bbox 2815 574 2960 628; x_wconf 89' lang='lat' dir='ltr'><em>illius</em></span> <span class='ocrx_word' id='word_1_151' title='bbox 2990 574 3246 644; x_wconf 86' lang='lat' dir='ltr'><em>mysteria</em></span> <span class='ocrx_word' id='word_1_152' title='bbox 3285 582 3340 628; x_wconf 89' lang='lat' dir='ltr'><em>et</em></span> <span class='ocrx_word' id='word_1_153' title='bbox 3381 573 3703 630; x_wconf 89' lang='lat' dir='ltr'><em>documenta</em></span> <span class='ocrx_word' id='word_1_154' title='bbox 3746 591 3851 632; x_wconf 92' lang='lat' dir='ltr'><em>non</em></span> 
     </span>
    </p>
   </div>
   <div class='ocr_carea' id='block_1_21' title="bbox 2253 663 3855 737">
    <p class='ocr_par' dir='ltr' id='par_1_21' title="bbox 2253 663 3855 737">
     <span class='ocr_line' id='line_1_21' title="bbox 2253 663 3855 737; baseline 0.003 -20"><span class='ocrx_word' id='word_1_155' title='bbox 2253 664 2547 732; x_wconf 84' lang='lat' dir='ltr'><em>cognoscit,</em></span> <span class='ocrx_word' id='word_1_156' title='bbox 2577 665 2704 734; x_wconf 89' lang='lat' dir='ltr'><em>quin</em></span> <span class='ocrx_word' id='word_1_157' title='bbox 2735 665 2882 734; x_wconf 89' lang='lat' dir='ltr'><em>prius</em></span> <span class='ocrx_word' id='word_1_158' title='bbox 2908 664 2977 719; x_wconf 87' lang='lat' dir='ltr'><em>ab</em></span> <span class='ocrx_word' id='word_1_159' title='bbox 3004 665 3122 718; x_wconf 89' lang='lat' dir='ltr'><em>aliis</em></span> <span class='ocrx_word' id='word_1_160' title='bbox 3143 663 3416 719; x_wconf 88' lang='lat' dir='ltr'><em>doceatur.</em></span> <span class='ocrx_word' id='word_1_161' title='bbox 3447 666 3621 737; x_wconf 86' lang='lat' dir='ltr'><em>Atque</em></span> <span class='ocrx_word' id='word_1_162' title='bbox 3644 667 3714 722; x_wconf 90' lang='lat' dir='ltr'><em>ita</em></span> <span class='ocrx_word' id='word_1_163' title='bbox 3736 669 3855 737; x_wconf 83' lang='lat' dir='ltr'><em>qui-</em></span> 
     </span>
    </p>
   </div>
   <div class='ocr_carea' id='block_1_22' title="bbox 2254 753 3856 830">
    <p class='ocr_par' dir='ltr' id='par_1_22' title="bbox 2254 753 3856 830">
     <span class='ocr_line' id='line_1_22' title="bbox 2254 753 3856 830; baseline 0.005 -22"><span class='ocrx_word' id='word_1_164' title='bbox 2254 753 2375 809; x_wconf 87' lang='lat' dir='ltr'><em>dem</em></span> <span class='ocrx_word' id='word_1_165' title='bbox 2405 754 2694 823; x_wconf 68' lang='lat' dir='ltr'><em>Christiani</em></span> <span class='ocrx_word' id='word_1_166' title='bbox 2727 756 2877 822; x_wconf 82' lang='lat' dir='ltr'><em>fiunt,</em></span> <span class='ocrx_word' id='word_1_167' title='bbox 2909 771 3013 812; x_wconf 91' lang='lat' dir='ltr'><em>non</em></span> <span class='ocrx_word' id='word_1_168' title='bbox 3050 766 3226 811; x_wconf 88' lang='lat' dir='ltr'><em>autem</em></span> <span class='ocrx_word' id='word_1_169' title='bbox 3257 767 3578 826; x_wconf 89' lang='lat' dir='ltr'><em>nascuntur,</em></span> <span class='ocrx_word' id='word_1_170' title='bbox 3611 760 3856 830; x_wconf 79' lang='lat' dir='ltr'><em>quamvis</em></span> 
     </span>
    </p>
   </div>
   <div class='ocr_carea' id='block_1_23' title="bbox 2255 847 3657 920">
    <p class='ocr_par' dir='ltr' id='par_1_23' title="bbox 2255 847 3657 920">
     <span class='ocr_line' id='line_1_23' title="bbox 2255 847 3657 920; baseline 0.005 -20"><span class='ocrx_word' id='word_1_171' title='bbox 2255 847 2566 901; x_wconf 83' lang='lat' dir='ltr'><em>naturaliter</em></span> <span class='ocrx_word' id='word_1_172' title='bbox 2592 863 2756 902; x_wconf 90' lang='lat' dir='ltr'><em>unum</em></span> <span class='ocrx_word' id='word_1_173' title='bbox 2791 850 2954 904; x_wconf 87' lang='lat' dir='ltr'><em>Deum</em></span> <span class='ocrx_word' id='word_1_174' title='bbox 2983 859 3278 920; x_wconf 82' lang='lat' dir='ltr'><em>agnoscant</em></span> <span class='ocrx_word' id='word_1_175' title='bbox 3307 861 3359 904; x_wconf 92' lang='lat' dir='ltr'><em>et</em></span> <span class='ocrx_word' id='word_1_176' title='bbox 3388 850 3657 908; x_wconf 88' lang='lat' dir='ltr'><em>invocent.</em></span> 
     </span>
    </p>
   </div>
   <div class='ocr_carea' id='block_1_24' title="bbox 2327 938 3851 1015">
    <p class='ocr_par' dir='ltr' id='par_1_24' title="bbox 2327 938 3851 1015">
     <span class='ocr_line' id='line_1_24' title="bbox 2327 938 3851 1015; baseline 0.006 -21"><span class='ocrx_word' id='word_1_177' title='bbox 2327 938 2491 994; x_wconf 83' lang='lat' dir='ltr'><em>Visne</em></span> <span class='ocrx_word' id='word_1_178' title='bbox 2530 940 2657 995; x_wconf 92' lang='lat' dir='ltr'><em>illud</em></span> <span class='ocrx_word' id='word_1_179' title='bbox 2699 941 2791 996; x_wconf 82' lang='lat' dir='ltr'><em>tibi</em></span> <span class='ocrx_word' id='word_1_180' title='bbox 2841 958 2904 996; x_wconf 84' lang='lat' dir='ltr'><em>ex</em></span> <span class='ocrx_word' id='word_1_181' title='bbox 2953 943 3183 1012; x_wconf 84' lang='lat' dir='ltr'><em>ipsemet</em></span> <span class='ocrx_word' id='word_1_182' title='bbox 3220 943 3556 1000; x_wconf 89' lang='lat' dir='ltr'><em>Tertulliano</em></span> <span class='ocrx_word' id='word_1_183' title='bbox 3596 946 3851 1015; x_wconf 85' lang='lat' dir='ltr'><em>probari?</em></span> 
     </span>
    </p>
   </div>
   <div class='ocr_carea' id='block_1_25' title="bbox 2261 1032 3860 1096">
    <p class='ocr_par' dir='ltr' id='par_1_25' title="bbox 2261 1032 3860 1096">
     <span class='ocr_line' id='line_1_25' title="bbox 2261 1032 3860 1096; baseline 0.005 -8"><span class='ocrx_word' id='word_1_184' title='bbox 2261 1032 2340 1088; x_wconf 83' lang='lat' dir='ltr'><em>Ad</em></span> <span class='ocrx_word' id='word_1_185' title='bbox 2373 1033 2628 1088; x_wconf 88' lang='lat' dir='ltr'><em>Nationes</em></span> <span class='ocrx_word' id='word_1_186' title='bbox 2657 1034 2749 1089; x_wconf 90' lang='lat' dir='ltr'><em>ille</em></span> <span class='ocrx_word' id='word_1_187' title='bbox 2770 1034 2954 1090; x_wconf 87' lang='lat' dir='ltr'><em>scribit</em></span> <span class='ocrx_word' id='word_1_188' title='bbox 2981 1035 3233 1090; x_wconf 91' lang='lat' dir='ltr'><em>Liberum</em></span> <span class='ocrx_word' id='word_1_189' title='bbox 3262 1036 3477 1092; x_wconf 85' lang='lat' dir='ltr'><em>Patrem</em></span> <span class='ocrx_word' id='word_1_190' title='bbox 3503 1053 3622 1092; x_wconf 86' lang='lat' dir='ltr'><em>cum</em></span> <span class='ocrx_word' id='word_1_191' title='bbox 3651 1054 3749 1094; x_wconf 91' lang='lat' dir='ltr'><em>suo</em></span> <span class='ocrx_word' id='word_1_192' title='bbox 3772 1055 3860 1096; x_wconf 85' lang='lat' dir='ltr'><em>sa-</em></span> 
     </span>
    </p>
   </div>
   <div class='ocr_carea' id='block_1_26' title="bbox 2255 1125 3858 1198">
    <p class='ocr_par' dir='ltr' id='par_1_26' title="bbox 2255 1125 3858 1198">
     <span class='ocr_line' id='line_1_26' title="bbox 2255 1125 3858 1198; baseline 0.005 -19"><span class='ocrx_word' id='word_1_193' title='bbox 2255 1139 2350 1179; x_wconf 88' lang='lat' dir='ltr'><em>cro</em></span> <span class='ocrx_word' id='word_1_194' title='bbox 2378 1125 2446 1181; x_wconf 93' lang='lat' dir='ltr'><em>ab</em></span> <span class='ocrx_word' id='word_1_195' title='bbox 2475 1125 2605 1180; x_wconf 86' lang='lat' dir='ltr'><em>urbe</em></span> <span class='ocrx_word' id='word_1_196' title='bbox 2643 1125 2813 1181; x_wconf 80' lang='lat' dir='ltr'><em>Roma</em></span> <span class='ocrx_word' id='word_1_197' title='bbox 2871 1135 3086 1198; x_wconf 88' lang='lat' dir='ltr'><em>totaque</em></span> <span class='ocrx_word' id='word_1_198' title='bbox 3113 1126 3259 1183; x_wconf 84' lang='lat' dir='ltr'><em>Italia</em></span> <span class='ocrx_word' id='word_1_199' title='bbox 3292 1131 3608 1184; x_wconf 90' lang='lat' dir='ltr'><em>auctoritate</em></span> <span class='ocrx_word' id='word_1_200' title='bbox 3635 1140 3858 1187; x_wconf 80' lang='lat' dir='ltr'><em>senatus</em></span> 
     </span>
    </p>
   </div>
   <div class='ocr_carea' id='block_1_27' title="bbox 2255 1215 3856 1291">
    <p class='ocr_par' dir='ltr' id='par_1_27' title="bbox 2255 1215 3856 1291">
     <span class='ocr_line' id='line_1_27' title="bbox 2255 1215 3856 1291; baseline 0.004 -20"><span class='ocrx_word' id='word_1_201' title='bbox 2255 1215 2510 1287; x_wconf 86' lang='lat' dir='ltr'><em>ejectum,</em></span> <span class='ocrx_word' id='word_1_202' title='bbox 2540 1233 2862 1290; x_wconf 84' lang='lat' dir='ltr'><em>eversasque</em></span> <span class='ocrx_word' id='word_1_203' title='bbox 2888 1218 3182 1289; x_wconf 88' lang='lat' dir='ltr'><em>Serapidis,</em></span> <span class='ocrx_word' id='word_1_204' title='bbox 3235 1218 3389 1274; x_wconf 88' lang='lat' dir='ltr'><em>Isidis</em></span> <span class='ocrx_word' id='word_1_205' title='bbox 3410 1229 3465 1274; x_wconf 90' lang='lat' dir='ltr'><em>et</em></span> <span class='ocrx_word' id='word_1_206' title='bbox 3508 1221 3856 1291; x_wconf 89' lang='lat' dir='ltr'><em>llarpocratis</em></span> 
     </span>
    </p>
   </div>
   <div class='ocr_carea' id='block_1_28' title="bbox 2255 1311 3856 1371">
    <p class='ocr_par' dir='ltr' id='par_1_28' title="bbox 2255 1311 3856 1371">
     <span class='ocr_line' id='line_1_28' title="bbox 2255 1311 3856 1371; baseline 0.004 -7"><span class='ocrx_word' id='word_1_207' title='bbox 2255 1319 2478 1366; x_wconf 86' lang='lat' dir='ltr'><em>statuas.</em></span> <span class='ocrx_word' id='word_1_208' title='bbox 2529 1312 2598 1368; x_wconf 85' lang='lat' dir='ltr'><em>At</em></span> <span class='ocrx_word' id='word_1_209' title='bbox 2640 1313 2777 1366; x_wconf 86' lang='lat' dir='ltr'><em>hanc</em></span> <span class='ocrx_word' id='word_1_210' title='bbox 2817 1311 2941 1367; x_wconf 91' lang='lat' dir='ltr'><em>inde</em></span> <span class='ocrx_word' id='word_1_211' title='bbox 2970 1311 3117 1367; x_wconf 88' lang='lat' dir='ltr'><em>elicit</em></span> <span class='ocrx_word' id='word_1_212' title='bbox 3159 1313 3556 1370; x_wconf 85' lang='lat' dir='ltr'><em>ceuclusionem</em></span> <span class='ocrx_word' id='word_1_213' title='bbox 3587 1331 3601 1369; x_wconf 90' lang='lat'>:</span> <span class='ocrx_word' id='word_1_214' title='bbox 3635 1314 3856 1371; x_wconf 84' lang='lat' dir='ltr'><em>Habetis</em></span> 
     </span>
    </p>
   </div>
   <div class='ocr_carea' id='block_1_29' title="bbox 2255 1402 3862 1475">
    <p class='ocr_par' dir='ltr' id='par_1_29' title="bbox 2255 1402 3862 1475">
     <span class='ocr_line' id='line_1_29' title="bbox 2255 1402 3862 1475; baseline 0.007 -21"><span class='ocrx_word' id='word_1_215' title='bbox 2255 1402 2410 1474; x_wconf 87' lang='lat' dir='ltr'><em>igitur</em></span> <span class='ocrx_word' id='word_1_216' title='bbox 2467 1403 2522 1457; x_wconf 88' lang='lat' dir='ltr'><em>in</em></span> <span class='ocrx_word' id='word_1_217' title='bbox 2559 1404 2835 1470; x_wconf 82' lang='lat' dir='ltr'><em>maioribus</em></span> <span class='ocrx_word' id='word_1_218' title='bbox 2875 1406 3072 1471; x_wconf 86' lang='lat' dir='ltr'><em>vestris,</em></span> <span class='ocrx_word' id='word_1_219' title='bbox 3117 1406 3210 1460; x_wconf 87' lang='lat' dir='ltr'><em>etsi</em></span> <span class='ocrx_word' id='word_1_220' title='bbox 3249 1424 3351 1461; x_wconf 87' lang='lat' dir='ltr'><em>non</em></span> <span class='ocrx_word' id='word_1_221' title='bbox 3395 1424 3596 1475; x_wconf 88' lang='lat' dir='ltr'><em>nomen,</em></span> <span class='ocrx_word' id='word_1_222' title='bbox 3633 1419 3862 1466; x_wconf 83' lang='lat' dir='ltr'><em>attamen</em></span> 
     </span>
    </p>
   </div>
   <div class='ocr_carea' id='block_1_30' title="bbox 2203 1494 3862 1577">
    <p class='ocr_par' dir='ltr' id='par_1_30' title="bbox 2203 1494 3862 1577">
     <span class='ocr_line' id='line_1_30' title="bbox 2203 1494 3862 1577; baseline 0.007 -31"><span class='ocrx_word' id='word_1_223' title='bbox 2203 1575 2205 1577; x_wconf 61' lang='lat'><em>_</em></span> <span class='ocrx_word' id='word_1_224' title='bbox 2255 1504 2442 1547; x_wconf 88' lang='lat' dir='ltr'><em>sectam</em></span> <span class='ocrx_word' id='word_1_225' title='bbox 2471 1494 2820 1562; x_wconf 75' lang='lat' dir='ltr'><em>Christianam,</em></span> <span class='ocrx_word' id='word_1_226' title='bbox 2843 1513 2958 1567; x_wconf 66' lang='lat' dir='ltr'><em>quae</em></span> <span class='ocrx_word' id='word_1_227' title='bbox 3009 1497 3129 1553; x_wconf 82' lang='lat' dir='ltr'><em>deos</em></span> <span class='ocrx_word' id='word_1_228' title='bbox 3177 1499 3427 1572; x_wconf 85' lang='lat' dir='ltr'><em>negligit(</em></span> <span class='ocrx_word' id='word_1_229' title='bbox 3460 1498 3674 1556; x_wconf 87' lang='lat' dir='ltr'><em>Tertull.</em></span> <span class='ocrx_word' id='word_1_230' title='bbox 3719 1501 3807 1557; x_wconf 87' lang='lat' dir='ltr'><em>lib.</em></span> <span class='ocrx_word' id='word_1_231' title='bbox 3840 1501 3862 1557; x_wconf 79' lang='grc' dir='ltr'><strong>Ι</strong></span> 
     </span>
    </p>
   </div>
   <div class='ocr_carea' id='block_1_31' title="bbox 2255 1585 3864 1661">
    <p class='ocr_par' dir='ltr' id='par_1_31' title="bbox 2255 1585 3864 1661">
     <span class='ocr_line' id='line_1_31' title="bbox 2255 1585 3864 1661; baseline 0.008 -23"><span class='ocrx_word' id='word_1_232' title='bbox 2255 1585 2323 1638; x_wconf 87' lang='lat' dir='ltr'><em>ad</em></span> <span class='ocrx_word' id='word_1_233' title='bbox 2373 1585 2588 1641; x_wconf 85' lang='lat' dir='ltr'><em>Nation.</em></span> <span class='ocrx_word' id='word_1_234' title='bbox 2641 1604 2757 1657; x_wconf 85' lang='lat' dir='ltr'><em>cap.</em></span> <span class='ocrx_word' id='word_1_235' title='bbox 2822 1587 2912 1655; x_wconf 85' lang='grc'><em>10,</em></span> <span class='ocrx_word' id='word_1_236' title='bbox 2971 1607 3091 1661; x_wconf 85' lang='lat' dir='ltr'><em>pag.</em></span> <span class='ocrx_word' id='word_1_237' title='bbox 3142 1590 3248 1646; x_wconf 79' lang='lat'><em>575</em></span> <span class='ocrx_word' id='word_1_238' title='bbox 3290 1595 3328 1658; x_wconf 93' lang='lat'><em>).</em></span> <span class='ocrx_word' id='word_1_239' title='bbox 3372 1591 3603 1647; x_wconf 83' lang='lat' dir='ltr'><em>Videsne</em></span> <span class='ocrx_word' id='word_1_240' title='bbox 3646 1592 3717 1647; x_wconf 88' lang='lat' dir='ltr'><em>ob</em></span> <span class='ocrx_word' id='word_1_241' title='bbox 3760 1597 3864 1652; x_wconf 83' lang='lat' dir='ltr'><em>hoc</em></span> 
     </span>
    </p>
   </div>
   <div class='ocr_carea' id='block_1_32' title="bbox 2256 1677 3854 1751">
    <p class='ocr_par' dir='ltr' id='par_1_32' title="bbox 2256 1677 3854 1751">
     <span class='ocr_line' id='line_1_32' title="bbox 2256 1677 3854 1751; baseline 0.008 -21"><span class='ocrx_word' id='word_1_242' title='bbox 2256 1677 2428 1731; x_wconf 89' lang='lat' dir='ltr'><em>solum</em></span> <span class='ocrx_word' id='word_1_243' title='bbox 2463 1677 2656 1732; x_wconf 84' lang='lat' dir='ltr'><em>factum</em></span> <span class='ocrx_word' id='word_1_244' title='bbox 2686 1679 2947 1750; x_wconf 88' lang='lat' dir='ltr'><em>quosdam</em></span> <span class='ocrx_word' id='word_1_245' title='bbox 2975 1681 3202 1751; x_wconf 81' lang='lat' dir='ltr'><em>gentiles</em></span> <span class='ocrx_word' id='word_1_246' title='bbox 3233 1692 3396 1738; x_wconf 69' lang='lat' dir='ltr'><em>secta:</em></span> <span class='ocrx_word' id='word_1_247' title='bbox 3425 1683 3732 1740; x_wconf 65' lang='lat' dir='ltr'><em>christiana:</em></span> <span class='ocrx_word' id='word_1_248' title='bbox 3762 1701 3854 1742; x_wconf 79' lang='lat' dir='ltr'><em>uo-</em></span> 
     </span>
    </p>
   </div>
   <div class='ocr_carea' id='block_1_33' title="bbox 558 1771 3863 1854">
    <p class='ocr_par' dir='ltr' id='par_1_33' title="bbox 558 1771 3863 1854">
     <span class='ocr_line' id='line_1_33' title="bbox 558 1771 3863 1854; baseline 0 -17"><span class='ocrx_word' id='word_1_249' title='bbox 558 1791 816 1854; x_wconf 89' lang='lat' dir='ltr'><em>ptumque</em></span> <span class='ocrx_word' id='word_1_250' title='bbox 837 1781 1020 1844; x_wconf 85' lang='lat' dir='ltr'><em>voluit,</em></span> <span class='ocrx_word' id='word_1_251' title='bbox 1047 1781 1256 1850; x_wconf 88' lang='lat' dir='ltr'><em>potitur,</em></span> <span class='ocrx_word' id='word_1_252' title='bbox 1286 1779 1387 1834; x_wconf 92' lang='lat' dir='ltr'><em>hoc</em></span> <span class='ocrx_word' id='word_1_253' title='bbox 1409 1789 1508 1843; x_wconf 90' lang='lat' dir='ltr'><em>est,</em></span> <span class='ocrx_word' id='word_1_254' title='bbox 1537 1779 1726 1848; x_wconf 91' lang='lat' dir='ltr'><em>inquit,</em></span> <span class='ocrx_word' id='word_1_255' title='bbox 1755 1779 1880 1833; x_wconf 91' lang='lat' dir='ltr'><em>dum</em></span> <span class='ocrx_word' id='word_1_256' title='bbox 1905 1788 1987 1834; x_wconf 89' lang='lat' dir='ltr'><em>est</em></span> <span class='ocrx_word' id='word_1_257' title='bbox 2007 1794 2155 1834; x_wconf 83' lang='lat' dir='ltr'><em>com-</em></span> <span class='ocrx_word' id='word_1_258' title='bbox 2183 1775 2229 1836; x_wconf 89' lang='lat' dir='ltr'><strong>B</strong></span> <span class='ocrx_word' id='word_1_259' title='bbox 2259 1773 2402 1826; x_wconf 78' lang='lat' dir='ltr'><em>Illinc</em></span> <span class='ocrx_word' id='word_1_260' title='bbox 2430 1771 2496 1827; x_wconf 75' lang='lat' dir='ltr'><em>ab</em></span> <span class='ocrx_word' id='word_1_261' title='bbox 2524 1787 2590 1828; x_wconf 86' lang='lat' dir='ltr'><em>eo</em></span> <span class='ocrx_word' id='word_1_262' title='bbox 2618 1775 2915 1844; x_wconf 83' lang='lat' dir='ltr'><em>appellari?</em></span> <span class='ocrx_word' id='word_1_263' title='bbox 2958 1774 3159 1830; x_wconf 88' lang='lat' dir='ltr'><em>Eadem</em></span> <span class='ocrx_word' id='word_1_264' title='bbox 3209 1777 3388 1848; x_wconf 84' lang='lat' dir='ltr'><em>itaque</em></span> <span class='ocrx_word' id='word_1_265' title='bbox 3432 1779 3640 1834; x_wconf 88' lang='lat' dir='ltr'><em>ratione</em></span> <span class='ocrx_word' id='word_1_266' title='bbox 3681 1778 3863 1837; x_wconf 78' lang='lat' dir='ltr'><em>anima</em></span> 
     </span>
    </p>
   </div>
   <div class='ocr_carea' id='block_1_34' title="bbox 559 1871 2156 1946">
    <p class='ocr_par' dir='ltr' id='par_1_34' title="bbox 559 1871 2156 1946">
     <span class='ocr_line' id='line_1_34' title="bbox 559 1871 2156 1946; baseline -0.001 -17"><span class='ocrx_word' id='word_1_267' title='bbox 559 1887 661 1946; x_wconf 89' lang='lat' dir='ltr'><em>pos</em></span> <span class='ocrx_word' id='word_1_268' title='bbox 705 1888 851 1928; x_wconf 83' lang='lat' dir='ltr'><em>same</em></span> <span class='ocrx_word' id='word_1_269' title='bbox 897 1873 1112 1928; x_wconf 91' lang='lat' dir='ltr'><em>mentis.</em></span> <span class='ocrx_word' id='word_1_270' title='bbox 1155 1872 1220 1927; x_wconf 87' lang='lat' dir='ltr'><em>Et</em></span> <span class='ocrx_word' id='word_1_271' title='bbox 1266 1881 1412 1927; x_wconf 87' lang='lat' dir='ltr'><em>certe</em></span> <span class='ocrx_word' id='word_1_272' title='bbox 1451 1887 1648 1926; x_wconf 84' lang='lat' dir='ltr'><em>nomen</em></span> <span class='ocrx_word' id='word_1_273' title='bbox 1677 1871 1870 1925; x_wconf 84' lang='lat' dir='ltr'><em>sanitas</em></span> <span class='ocrx_word' id='word_1_274' title='bbox 1899 1871 2156 1941; x_wconf 81' lang='lat' dir='ltr'><em>accipitur</em></span> 
     </span>
    </p>
   </div>
   <div class='ocr_carea' id='block_1_35' title="bbox 559 1964 2156 2036">
    <p class='ocr_par' dir='ltr' id='par_1_35' title="bbox 559 1964 2156 2036">
     <span class='ocr_line' id='line_1_35' title="bbox 559 1964 2156 2036; baseline -0.001 -15"><span class='ocrx_word' id='word_1_275' title='bbox 559 1965 848 2036; x_wconf 86' lang='lat' dir='ltr'><em>aliquando</em></span> <span class='ocrx_word' id='word_1_276' title='bbox 878 1981 975 2035; x_wconf 90' lang='lat' dir='ltr'><em>pro</em></span> <span class='ocrx_word' id='word_1_277' title='bbox 1002 1965 1142 2019; x_wconf 92' lang='lat' dir='ltr'><em>bono</em></span> <span class='ocrx_word' id='word_1_278' title='bbox 1168 1974 1310 2018; x_wconf 90' lang='lat' dir='ltr'><em>statu</em></span> <span class='ocrx_word' id='word_1_279' title='bbox 1338 1965 1562 2028; x_wconf 90' lang='lat' dir='ltr'><em>mentis,</em></span> <span class='ocrx_word' id='word_1_280' title='bbox 1607 1971 1764 2033; x_wconf 89' lang='lat' dir='ltr'><em>atque</em></span> <span class='ocrx_word' id='word_1_281' title='bbox 1803 1964 1941 2034; x_wconf 88' lang='lat' dir='ltr'><em>apud</em></span> <span class='ocrx_word' id='word_1_282' title='bbox 1987 1964 2156 2020; x_wconf 89' lang='lat' dir='ltr'><em>bonos</em></span> 
     </span>
    </p>
   </div>
   <div class='ocr_carea' id='block_1_36' title="bbox 561 2055 2154 2128">
    <p class='ocr_par' dir='ltr' id='par_1_36' title="bbox 561 2055 2154 2128">
     <span class='ocr_line' id='line_1_36' title="bbox 561 2055 2154 2128; baseline 0.001 -16"><span class='ocrx_word' id='word_1_283' title='bbox 561 2066 808 2113; x_wconf 86' lang='lat' dir='ltr'><em>auctores</em></span> <span class='ocrx_word' id='word_1_284' title='bbox 838 2058 1063 2128; x_wconf 78' lang='lat' dir='ltr'><em>legimus</em></span> <span class='ocrx_word' id='word_1_285' title='bbox 1098 2057 1254 2127; x_wconf 86' lang='lat' dir='ltr'><em>petiri</em></span> <span class='ocrx_word' id='word_1_286' title='bbox 1281 2055 1494 2128; x_wconf 89' lang='lat' dir='ltr'><em>gaudia.</em></span> <span class='ocrx_word' id='word_1_287' title='bbox 1533 2056 1590 2111; x_wconf 87' lang='lat' dir='ltr'><em>In</em></span> <span class='ocrx_word' id='word_1_288' title='bbox 1621 2057 1830 2111; x_wconf 88' lang='lat' dir='ltr'><em>duobus</em></span> <span class='ocrx_word' id='word_1_289' title='bbox 1855 2066 2035 2113; x_wconf 91' lang='lat' dir='ltr'><em>autem</em></span> <span class='ocrx_word' id='word_1_290' title='bbox 2066 2074 2154 2113; x_wconf 88' lang='lat' dir='ltr'><em>re-</em></span> 
     </span>
    </p>
   </div>
   <div class='ocr_carea' id='block_1_37' title="bbox 560 2149 2152 2220">
    <p class='ocr_par' dir='ltr' id='par_1_37' title="bbox 560 2149 2152 2220">
     <span class='ocr_line' id='line_1_37' title="bbox 560 2149 2152 2220; baseline -0.003 -13"><span class='ocrx_word' id='word_1_291' title='bbox 560 2151 886 2207; x_wconf 88' lang='lat' dir='ltr'><em>centioribus</em></span> <span class='ocrx_word' id='word_1_292' title='bbox 907 2149 1181 2206; x_wconf 89' lang='lat' dir='ltr'><em>codicibus</em></span> <span class='ocrx_word' id='word_1_293' title='bbox 1205 2151 1456 2220; x_wconf 90' lang='lat' dir='ltr'><em>scriptum</em></span> <span class='ocrx_word' id='word_1_294' title='bbox 1479 2157 1560 2205; x_wconf 85' lang='lat' dir='ltr'><em>est</em></span> <span class='ocrx_word' id='word_1_295' title='bbox 1580 2149 1821 2216; x_wconf 80' lang='lat' dir='ltr'><em>pascitur.</em></span> <span class='ocrx_word' id='word_1_296' title='bbox 1846 2149 1983 2217; x_wconf 84' lang='lat' dir='ltr'><em>Quid</em></span> <span class='ocrx_word' id='word_1_297' title='bbox 2004 2166 2152 2220; x_wconf 88' lang='lat' dir='ltr'><em>vero,</em></span> 
     </span>
    </p>
   </div>
   <div class='ocr_carea' id='block_1_38' title="bbox 559 2241 2158 2314">
    <p class='ocr_par' dir='ltr' id='par_1_38' title="bbox 559 2241 2158 2314">
     <span class='ocr_line' id='line_1_38' title="bbox 559 2241 2158 2314; baseline -0.003 -14"><span class='ocrx_word' id='word_1_298' title='bbox 559 2244 606 2300; x_wconf 86' lang='lat' dir='ltr'><em>si</em></span> <span class='ocrx_word' id='word_1_299' title='bbox 649 2243 1010 2300; x_wconf 89' lang='lat' dir='ltr'><em>Tcrtullianus</em></span> <span class='ocrx_word' id='word_1_300' title='bbox 1052 2242 1228 2298; x_wconf 91' lang='lat' dir='ltr'><em>minus</em></span> <span class='ocrx_word' id='word_1_301' title='bbox 1259 2243 1418 2298; x_wconf 87' lang='lat' dir='ltr'><em>latine</em></span> <span class='ocrx_word' id='word_1_302' title='bbox 1447 2241 1716 2312; x_wconf 90' lang='lat' dir='ltr'><em>loquendo</em></span> <span class='ocrx_word' id='word_1_303' title='bbox 1747 2241 1939 2297; x_wconf 77' lang='lat' dir='ltr'><em>dixerit</em></span> <span class='ocrx_word' id='word_1_304' title='bbox 1970 2244 2158 2314; x_wconf 89' lang='lat' dir='ltr'><em>patitur</em></span> 
     </span>
    </p>
   </div>
   <div class='ocr_carea' id='block_1_39' title="bbox 561 2334 1740 2405">
    <p class='ocr_par' dir='ltr' id='par_1_39' title="bbox 561 2334 1740 2405">
     <span class='ocr_line' id='line_1_39' title="bbox 561 2334 1740 2405; baseline -0.003 -14"><span class='ocrx_word' id='word_1_305' title='bbox 561 2336 870 2402; x_wconf 84' lang='lat' dir='ltr'><em>sanitatem,</em></span> <span class='ocrx_word' id='word_1_306' title='bbox 902 2335 1148 2390; x_wconf 83' lang='lat' dir='ltr'><em>videlicet</em></span> <span class='ocrx_word' id='word_1_307' title='bbox 1175 2334 1411 2389; x_wconf 89' lang='lat' dir='ltr'><em>nondum</em></span> <span class='ocrx_word' id='word_1_308' title='bbox 1441 2334 1740 2405; x_wconf 81' lang='lat' dir='ltr'><em>integram?</em></span> 
     </span>
    </p>
   </div>
   <div class='ocr_carea' id='block_1_40' title="bbox 635 2424 2158 2498">
    <p class='ocr_par' dir='ltr' id='par_1_40' title="bbox 635 2424 2158 2498">
     <span class='ocr_line' id='line_1_40' title="bbox 635 2424 2158 2498; baseline -0.003 -14"><span class='ocrx_word' id='word_1_309' title='bbox 635 2428 902 2498; x_wconf 88' lang='lat' dir='ltr'><em>Quidquid</em></span> <span class='ocrx_word' id='word_1_310' title='bbox 943 2429 1032 2493; x_wconf 89' lang='lat' dir='ltr'><em>sit,</em></span> <span class='ocrx_word' id='word_1_311' title='bbox 1063 2427 1271 2482; x_wconf 89' lang='lat' dir='ltr'><em>videtur</em></span> <span class='ocrx_word' id='word_1_312' title='bbox 1300 2425 1558 2496; x_wconf 72' lang='lat' dir='ltr'><em>ltigaltius</em></span> <span class='ocrx_word' id='word_1_313' title='bbox 1601 2427 1800 2495; x_wconf 77' lang='lat' dir='ltr'><em>privata</em></span> <span class='ocrx_word' id='word_1_314' title='bbox 1840 2424 2158 2479; x_wconf 85' lang='lat' dir='ltr'><em>auctoritate</em></span> 
     </span>
    </p>
   </div>
   <div class='ocr_carea' id='block_1_41' title="bbox 562 2513 2160 2588">
    <p class='ocr_par' dir='ltr' id='par_1_41' title="bbox 562 2513 2160 2588">
     <span class='ocr_line' id='line_1_41' title="bbox 562 2513 2160 2588; baseline -0.005 -12"><span class='ocrx_word' id='word_1_315' title='bbox 562 2519 647 2576; x_wconf 82' lang='lat' dir='ltr'><em>bis</em></span> <span class='ocrx_word' id='word_1_316' title='bbox 669 2520 846 2575; x_wconf 73' lang='lat' dir='ltr'><em>Verbis</em></span> <span class='ocrx_word' id='word_1_317' title='bbox 869 2537 882 2572; x_wconf 87' lang='lat'><strong>:</strong></span> <span class='ocrx_word' id='word_1_318' title='bbox 914 2517 1026 2572; x_wconf 80' lang='lat' dir='ltr'><em>Hoc</em></span> <span class='ocrx_word' id='word_1_319' title='bbox 1049 2519 1181 2585; x_wconf 87' lang='lat' dir='ltr'><em>solo,</em></span> <span class='ocrx_word' id='word_1_320' title='bbox 1204 2517 1322 2584; x_wconf 86' lang='lat' dir='ltr'><em>quia</em></span> <span class='ocrx_word' id='word_1_321' title='bbox 1339 2518 1542 2588; x_wconf 87' lang='lat' dir='ltr'><em>proprie</em></span> <span class='ocrx_word' id='word_1_322' title='bbox 1562 2517 1643 2570; x_wconf 91' lang='lat' dir='ltr'><em>hic</em></span> <span class='ocrx_word' id='word_1_323' title='bbox 1665 2532 1796 2570; x_wconf 86' lang='lat' dir='ltr'><em>unus</em></span> <span class='ocrx_word' id='word_1_324' title='bbox 1817 2513 1977 2582; x_wconf 87' lang='lat' dir='ltr'><em>Deus,</em></span> <span class='ocrx_word' id='word_1_325' title='bbox 2002 2517 2160 2568; x_wconf 90' lang='lat' dir='ltr'><em>bonus</em></span> 
     </span>
    </p>
   </div>
   <div class='ocr_carea' id='block_1_42' title="bbox 561 2607 2158 2685">
    <p class='ocr_par' dir='ltr' id='par_1_42' title="bbox 561 2607 2158 2685">
     <span class='ocr_line' id='line_1_42' title="bbox 561 2607 2158 2685; baseline -0.004 -18"><span class='ocrx_word' id='word_1_326' title='bbox 561 2623 611 2668; x_wconf 88' lang='lat' dir='ltr'><em>et</em></span> <span class='ocrx_word' id='word_1_327' title='bbox 639 2629 876 2685; x_wconf 86' lang='lat' dir='ltr'><em>magnus,</em></span> <span class='ocrx_word' id='word_1_328' title='bbox 922 2611 1070 2666; x_wconf 75' lang='lat' dir='ltr'><em>istmc</em></span> <span class='ocrx_word' id='word_1_329' title='bbox 1096 2611 1416 2680; x_wconf 86' lang='lat' dir='ltr'><em>subrogasse</em></span> <span class='ocrx_word' id='word_1_330' title='bbox 1442 2629 1455 2664; x_wconf 88' lang='lat'>:</span> <span class='ocrx_word' id='word_1_331' title='bbox 1483 2607 1597 2663; x_wconf 78' lang='lat' dir='ltr'><em>Hoc</em></span> <span class='ocrx_word' id='word_1_332' title='bbox 1632 2611 1764 2675; x_wconf 89' lang='lat' dir='ltr'><em>solo,</em></span> <span class='ocrx_word' id='word_1_333' title='bbox 1798 2611 1915 2680; x_wconf 89' lang='lat' dir='ltr'><em>quia</em></span> <span class='ocrx_word' id='word_1_334' title='bbox 1950 2609 2158 2679; x_wconf 89' lang='lat' dir='ltr'><em>proprio</em></span> 
     </span>
    </p>
   </div>
   <div class='ocr_carea' id='block_1_43' title="bbox 561 2701 2158 2774">
    <p class='ocr_par' dir='ltr' id='par_1_43' title="bbox 561 2701 2158 2774">
     <span class='ocr_line' id='line_1_43' title="bbox 561 2701 2158 2774; baseline -0.001 -13"><span class='ocrx_word' id='word_1_335' title='bbox 561 2703 662 2762; x_wconf 87' lang='lat' dir='ltr'><em>Dei</em></span> <span class='ocrx_word' id='word_1_336' title='bbox 688 2707 810 2760; x_wconf 87' lang='lat' dir='ltr'><em>veri.</em></span> <span class='ocrx_word' id='word_1_337' title='bbox 842 2703 980 2760; x_wconf 87' lang='lat' dir='ltr'><em>Deus</em></span> <span class='ocrx_word' id='word_1_338' title='bbox 1007 2721 1240 2774; x_wconf 86' lang='lat' dir='ltr'><em>magnus,</em></span> <span class='ocrx_word' id='word_1_339' title='bbox 1275 2703 1412 2757; x_wconf 86' lang='lat' dir='ltr'><em>Deus</em></span> <span class='ocrx_word' id='word_1_340' title='bbox 1447 2703 1625 2757; x_wconf 86' lang='lat' dir='ltr'><em>bonus.</em></span> <span class='ocrx_word' id='word_1_341' title='bbox 1673 2701 1778 2758; x_wconf 86' lang='lat' dir='ltr'><em>Sed</em></span> <span class='ocrx_word' id='word_1_342' title='bbox 1819 2718 1999 2758; x_wconf 84' lang='lat' dir='ltr'><em>nonne</em></span> <span class='ocrx_word' id='word_1_343' title='bbox 2029 2704 2158 2759; x_wconf 87' lang='lat' dir='ltr'><em>satis</em></span> 
     </span>
    </p>
   </div>
   <div class='ocr_carea' id='block_1_44' title="bbox 563 2794 2159 2868">
    <p class='ocr_par' dir='ltr' id='par_1_44' title="bbox 563 2794 2159 2868">
     <span class='ocr_line' id='line_1_44' title="bbox 563 2794 2159 2868; baseline 0 -16"><span class='ocrx_word' id='word_1_344' title='bbox 563 2797 843 2868; x_wconf 89' lang='lat' dir='ltr'><em>perspicua</em></span> <span class='ocrx_word' id='word_1_345' title='bbox 873 2806 1026 2853; x_wconf 88' lang='lat' dir='ltr'><em>erant</em></span> <span class='ocrx_word' id='word_1_346' title='bbox 1057 2795 1537 2864; x_wconf 79' lang='lat' dir='ltr'><em>manuscriptorum</em></span> <span class='ocrx_word' id='word_1_347' title='bbox 1566 2794 1809 2850; x_wconf 89' lang='lat' dir='ltr'><em>codicum</em></span> <span class='ocrx_word' id='word_1_348' title='bbox 1840 2796 2022 2860; x_wconf 89' lang='lat' dir='ltr'><em>verba,</em></span> <span class='ocrx_word' id='word_1_349' title='bbox 2059 2811 2159 2852; x_wconf 88' lang='lat' dir='ltr'><em>nec</em></span> 
     </span>
    </p>
   </div>
   <div class='ocr_carea' id='block_1_45' title="bbox 563 2888 2158 2960">
    <p class='ocr_par' dir='ltr' id='par_1_45' title="bbox 563 2888 2158 2960">
     <span class='ocr_line' id='line_1_45' title="bbox 563 2888 2158 2960; baseline 0.001 -16"><span class='ocrx_word' id='word_1_350' title='bbox 563 2889 648 2945; x_wconf 89' lang='lat' dir='ltr'><em>his</em></span> <span class='ocrx_word' id='word_1_351' title='bbox 677 2890 854 2945; x_wconf 90' lang='lat' dir='ltr'><em>minus</em></span> <span class='ocrx_word' id='word_1_352' title='bbox 881 2889 1062 2944; x_wconf 84' lang='lat' dir='ltr'><em>clara?</em></span> <span class='ocrx_word' id='word_1_353' title='bbox 1105 2888 1209 2945; x_wconf 86' lang='lat' dir='ltr'><em>Sed</em></span> <span class='ocrx_word' id='word_1_354' title='bbox 1253 2889 1334 2944; x_wconf 85' lang='lat' dir='ltr'><em>fac</em></span> <span class='ocrx_word' id='word_1_355' title='bbox 1376 2888 1688 2944; x_wconf 87' lang='lat' dir='ltr'><em>obscuriora</em></span> <span class='ocrx_word' id='word_1_356' title='bbox 1727 2903 1867 2954; x_wconf 90' lang='lat' dir='ltr'><em>esse,</em></span> <span class='ocrx_word' id='word_1_357' title='bbox 1899 2890 2158 2960; x_wconf 87' lang='lat' dir='ltr'><em>numquid</em></span> 
     </span>
    </p>
   </div>
   <div class='ocr_carea' id='block_1_46' title="bbox 563 2981 2160 3053">
    <p class='ocr_par' dir='ltr' id='par_1_46' title="bbox 563 2981 2160 3053">
     <span class='ocr_line' id='line_1_46' title="bbox 563 2981 2160 3053; baseline -0.001 -13"><span class='ocrx_word' id='word_1_358' title='bbox 563 2981 763 3040; x_wconf 84' lang='lat' dir='ltr'><em>idcirco</em></span> <span class='ocrx_word' id='word_1_359' title='bbox 799 2997 989 3037; x_wconf 88' lang='lat' dir='ltr'><em>manus</em></span> <span class='ocrx_word' id='word_1_360' title='bbox 1027 2981 1300 3036; x_wconf 89' lang='lat' dir='ltr'><em>inferenda</em></span> <span class='ocrx_word' id='word_1_361' title='bbox 1338 2983 1536 3038; x_wconf 88' lang='lat' dir='ltr'><em>veteris</em></span> <span class='ocrx_word' id='word_1_362' title='bbox 1575 2981 1853 3053; x_wconf 86' lang='lat' dir='ltr'><em>scriptoris</em></span> <span class='ocrx_word' id='word_1_363' title='bbox 1879 2983 2068 3051; x_wconf 81' lang='lat' dir='ltr'><em>textui,</em></span> <span class='ocrx_word' id='word_1_364' title='bbox 2104 2993 2160 3040; x_wconf 89' lang='lat' dir='ltr'><em>ut</em></span> 
     </span>
    </p>
   </div>
   <div class='ocr_carea' id='block_1_47' title="bbox 562 3075 1878 3148">
    <p class='ocr_par' dir='ltr' id='par_1_47' title="bbox 562 3075 1878 3148">
     <span class='ocr_line' id='line_1_47' title="bbox 562 3075 1878 3148; baseline 0 -18"><span class='ocrx_word' id='word_1_365' title='bbox 562 3090 663 3148; x_wconf 89' lang='lat' dir='ltr'><em>pro</em></span> <span class='ocrx_word' id='word_1_366' title='bbox 691 3075 841 3131; x_wconf 85' lang='lat' dir='ltr'><em>libito</em></span> <span class='ocrx_word' id='word_1_367' title='bbox 865 3075 1182 3147; x_wconf 81' lang='lat' dir='ltr'><em>corrigatur,</em></span> <span class='ocrx_word' id='word_1_368' title='bbox 1223 3091 1322 3132; x_wconf 92' lang='lat' dir='ltr'><em>uec</em></span> <span class='ocrx_word' id='word_1_369' title='bbox 1347 3076 1575 3146; x_wconf 85' lang='lat' dir='ltr'><em>amplius</em></span> <span class='ocrx_word' id='word_1_370' title='bbox 1603 3077 1746 3131; x_wconf 90' lang='lat' dir='ltr'><em>illius</em></span> <span class='ocrx_word' id='word_1_371' title='bbox 1775 3076 1878 3131; x_wconf 79' lang='lat' dir='ltr'><em>sit?</em></span> 
     </span>
    </p>
   </div>
   <div class='ocr_carea' id='block_1_48' title="bbox 2258 1866 3860 1942">
    <p class='ocr_par' dir='ltr' id='par_1_48' title="bbox 2258 1866 3860 1942">
     <span class='ocr_line' id='line_1_48' title="bbox 2258 1866 3860 1942; baseline 0.004 -20"><span class='ocrx_word' id='word_1_372' title='bbox 2258 1866 2576 1923; x_wconf 84' lang='lat' dir='ltr'><em>naturaliter</em></span> <span class='ocrx_word' id='word_1_373' title='bbox 2618 1867 2908 1932; x_wconf 86' lang='lat' dir='ltr'><em>christiana</em></span> <span class='ocrx_word' id='word_1_374' title='bbox 2954 1869 3058 1924; x_wconf 88' lang='lat' dir='ltr'><em>dici</em></span> <span class='ocrx_word' id='word_1_375' title='bbox 3109 1871 3296 1940; x_wconf 92' lang='lat' dir='ltr'><em>potuit,</em></span> <span class='ocrx_word' id='word_1_376' title='bbox 3344 1887 3464 1942; x_wconf 78' lang='lat' dir='ltr'><em>qua:</em></span> <span class='ocrx_word' id='word_1_377' title='bbox 3511 1873 3860 1929; x_wconf 63' lang='lat' dir='ltr'><em>conscientia:</em></span> 
     </span>
    </p>
   </div>
   <div class='ocr_carea' id='block_1_49' title="bbox 2258 1961 3861 2031">
    <p class='ocr_par' dir='ltr' id='par_1_49' title="bbox 2258 1961 3861 2031">
     <span class='ocr_line' id='line_1_49' title="bbox 2258 1961 3861 2031; baseline 0.006 -18"><span class='ocrx_word' id='word_1_378' title='bbox 2258 1972 2370 2013; x_wconf 76' lang='lat' dir='ltr'><em>sua:</em></span> <span class='ocrx_word' id='word_1_379' title='bbox 2399 1961 2726 2028; x_wconf 88' lang='lat' dir='ltr'><em>testimonio,</em></span> <span class='ocrx_word' id='word_1_380' title='bbox 2755 1962 3090 2031; x_wconf 85' lang='lat' dir='ltr'><em>naturalique</em></span> <span class='ocrx_word' id='word_1_381' title='bbox 3132 1963 3334 2019; x_wconf 88' lang='lat' dir='ltr'><em>lumine</em></span> <span class='ocrx_word' id='word_1_382' title='bbox 3389 1979 3453 2020; x_wconf 89' lang='lat' dir='ltr'><em>ac</em></span> <span class='ocrx_word' id='word_1_383' title='bbox 3500 1975 3650 2020; x_wconf 89' lang='lat' dir='ltr'><em>motu</em></span> <span class='ocrx_word' id='word_1_384' title='bbox 3674 1982 3861 2023; x_wconf 89' lang='lat' dir='ltr'><em>verum</em></span> 
     </span>
    </p>
   </div>
   <div class='ocr_carea' id='block_1_50' title="bbox 2259 2051 3856 2127">
    <p class='ocr_par' dir='ltr' id='par_1_50' title="bbox 2259 2051 3856 2127">
     <span class='ocr_line' id='line_1_50' title="bbox 2259 2051 3856 2127; baseline 0.006 -23"><span class='ocrx_word' id='word_1_385' title='bbox 2259 2051 2582 2122; x_wconf 91' lang='lat' dir='ltr'><em>unicumque</em></span> <span class='ocrx_word' id='word_1_386' title='bbox 2611 2052 2776 2107; x_wconf 85' lang='lat' dir='ltr'><em>Deum</em></span> <span class='ocrx_word' id='word_1_387' title='bbox 2829 2056 3089 2125; x_wconf 84' lang='lat' dir='ltr'><em>agnoscit.</em></span> <span class='ocrx_word' id='word_1_388' title='bbox 3119 2053 3225 2109; x_wconf 86' lang='lat' dir='ltr'><em>Sed</em></span> <span class='ocrx_word' id='word_1_389' title='bbox 3264 2071 3294 2110; x_wconf 92' lang='lat' dir='ltr'><em>a</em></span> <span class='ocrx_word' id='word_1_390' title='bbox 3345 2056 3500 2111; x_wconf 89' lang='lat' dir='ltr'><em>nobis</em></span> <span class='ocrx_word' id='word_1_391' title='bbox 3526 2056 3636 2127; x_wconf 91' lang='lat' dir='ltr'><em>jam</em></span> <span class='ocrx_word' id='word_1_392' title='bbox 3668 2056 3856 2112; x_wconf 85' lang='lat' dir='ltr'><em>obser-</em></span> 
     </span>
    </p>
   </div>
   <div class='ocr_carea' id='block_1_51' title="bbox 2258 2145 3862 2222">
    <p class='ocr_par' dir='ltr' id='par_1_51' title="bbox 2258 2145 3862 2222">
     <span class='ocr_line' id='line_1_51' title="bbox 2258 2145 3862 2222; baseline 0.008 -27"><span class='ocrx_word' id='word_1_393' title='bbox 2258 2153 2439 2198; x_wconf 88' lang='lat' dir='ltr'><em>vatum</em></span> <span class='ocrx_word' id='word_1_394' title='bbox 2482 2154 2566 2199; x_wconf 87' lang='lat' dir='ltr'><em>est</em></span> <span class='ocrx_word' id='word_1_395' title='bbox 2595 2145 2676 2199; x_wconf 91' lang='lat' dir='ltr'><em>his</em></span> <span class='ocrx_word' id='word_1_396' title='bbox 2718 2145 2873 2216; x_wconf 86' lang='lat' dir='ltr'><em>plane</em></span> <span class='ocrx_word' id='word_1_397' title='bbox 2900 2146 3092 2201; x_wconf 84' lang='lat' dir='ltr'><em>similia</em></span> <span class='ocrx_word' id='word_1_398' title='bbox 3124 2165 3152 2200; x_wconf 91' lang='lat' dir='ltr'><em>a</em></span> <span class='ocrx_word' id='word_1_399' title='bbox 3184 2147 3404 2203; x_wconf 81' lang='lat' dir='ltr'><em>Miuutio</em></span> <span class='ocrx_word' id='word_1_400' title='bbox 3428 2149 3607 2206; x_wconf 83' lang='lat' dir='ltr'><em>Felice</em></span> <span class='ocrx_word' id='word_1_401' title='bbox 3635 2151 3862 2222; x_wconf 88' lang='lat' dir='ltr'><em>proferri</em></span> 
     </span>
    </p>
   </div>
   <div class='ocr_carea' id='block_1_52' title="bbox 2261 2235 3397 2312">
    <p class='ocr_par' dir='ltr' id='par_1_52' title="bbox 2261 2235 3397 2312">
     <span class='ocr_line' id='line_1_52' title="bbox 2261 2235 3397 2312; baseline 0.006 -22"><span class='ocrx_word' id='word_1_402' title='bbox 2261 2235 2568 2311; x_wconf 86' lang='lat' dir='ltr'><em>(Dissertat.</em></span> <span class='ocrx_word' id='word_1_403' title='bbox 2591 2238 2644 2292; x_wconf 87' lang='lat' dir='ltr'><em>in</em></span> <span class='ocrx_word' id='word_1_404' title='bbox 2668 2237 2887 2304; x_wconf 83' lang='lat' dir='ltr'><em>Minut.,</em></span> <span class='ocrx_word' id='word_1_405' title='bbox 2911 2257 3026 2306; x_wconf 91' lang='lat' dir='ltr'><em>cap.</em></span> <span class='ocrx_word' id='word_1_406' title='bbox 3053 2241 3140 2304; x_wconf 79' lang='grc'><em>15,</em></span> <span class='ocrx_word' id='word_1_407' title='bbox 3173 2251 3266 2296; x_wconf 86' lang='lat' dir='ltr'><em>art.</em></span> <span class='ocrx_word' id='word_1_408' title='bbox 3299 2242 3333 2296; x_wconf 77' lang='grc'><strong>4</strong></span> <span class='ocrx_word' id='word_1_409' title='bbox 3355 2243 3397 2312; x_wconf 89' lang='grc'><em>).</em></span> 
     </span>
    </p>
   </div>
   <div class='ocr_carea' id='block_1_53' title="bbox 2330 2330 3864 2402">
    <p class='ocr_par' dir='ltr' id='par_1_53' title="bbox 2330 2330 3864 2402">
     <span class='ocr_line' id='line_1_53' title="bbox 2330 2330 3864 2402; baseline 0.005 -17"><span class='ocrx_word' id='word_1_410' title='bbox 2330 2330 2460 2386; x_wconf 86' lang='lat' dir='ltr'><em>.Iurc</em></span> <span class='ocrx_word' id='word_1_411' title='bbox 2485 2331 2642 2402; x_wconf 87' lang='lat' dir='ltr'><em>igitur</em></span> <span class='ocrx_word' id='word_1_412' title='bbox 2664 2331 3226 2388; x_wconf 87' lang='lat' dir='ltr'><em>meritoTertullianus</em></span> <span class='ocrx_word' id='word_1_413' title='bbox 3255 2335 3401 2400; x_wconf 91' lang='lat' dir='ltr'><em>inde,</em></span> <span class='ocrx_word' id='word_1_414' title='bbox 3427 2346 3478 2390; x_wconf 89' lang='lat' dir='ltr'><em>et</em></span> <span class='ocrx_word' id='word_1_415' title='bbox 3501 2351 3566 2391; x_wconf 76' lang='lat' dir='ltr'><em>ex</em></span> <span class='ocrx_word' id='word_1_416' title='bbox 3593 2337 3660 2392; x_wconf 89' lang='lat' dir='ltr'><em>iis</em></span> <span class='ocrx_word' id='word_1_417' title='bbox 3686 2339 3864 2393; x_wconf 83' lang='lat' dir='ltr'><em>omni-</em></span> 
     </span>
    </p>
   </div>
   <div class='ocr_carea' id='block_1_54' title="bbox 2259 2422 3864 2495">
    <p class='ocr_par' dir='ltr' id='par_1_54' title="bbox 2259 2422 3864 2495">
     <span class='ocr_line' id='line_1_54' title="bbox 2259 2422 3864 2495; baseline 0.006 -17"><span class='ocrx_word' id='word_1_418' title='bbox 2259 2422 2362 2478; x_wconf 88' lang='lat' dir='ltr'><em>bus</em></span> <span class='ocrx_word' id='word_1_419' title='bbox 2390 2440 2507 2494; x_wconf 77' lang='lat' dir='ltr'><em>qum</em></span> <span class='ocrx_word' id='word_1_420' title='bbox 2533 2424 2789 2481; x_wconf 87' lang='lat' dir='ltr'><em>hactenus</em></span> <span class='ocrx_word' id='word_1_421' title='bbox 2822 2426 3158 2495; x_wconf 83' lang='lat' dir='ltr'><em>probaverat,</em></span> <span class='ocrx_word' id='word_1_422' title='bbox 3186 2427 3264 2483; x_wconf 91' lang='lat' dir='ltr'><em>sic</em></span> <span class='ocrx_word' id='word_1_423' title='bbox 3301 2430 3569 2485; x_wconf 88' lang='lat' dir='ltr'><em>concludit</em></span> <span class='ocrx_word' id='word_1_424' title='bbox 3597 2449 3611 2483; x_wconf 87' lang='lat'><strong><em>:</em></strong></span> <span class='ocrx_word' id='word_1_425' title='bbox 3642 2429 3769 2492; x_wconf 68' lang='lat' dir='ltr'><em>Illac</em></span> <span class='ocrx_word' id='word_1_426' title='bbox 3786 2442 3864 2488; x_wconf 83' lang='lat' dir='ltr'><em>est</em></span> 
     </span>
    </p>
   </div>
   <div class='ocr_carea' id='block_1_55' title="bbox 2260 2517 3862 2596">
    <p class='ocr_par' dir='ltr' id='par_1_55' title="bbox 2260 2517 3862 2596">
     <span class='ocr_line' id='line_1_55' title="bbox 2260 2517 3862 2596; baseline 0.006 -24"><span class='ocrx_word' id='word_1_427' title='bbox 2260 2534 2456 2572; x_wconf 77' lang='lat' dir='ltr'><em>summa</em></span> <span class='ocrx_word' id='word_1_428' title='bbox 2495 2517 2665 2572; x_wconf 87' lang='lat' dir='ltr'><em>delicti</em></span> <span class='ocrx_word' id='word_1_429' title='bbox 2710 2519 2987 2573; x_wconf 87' lang='lat' dir='ltr'><em>nolentium</em></span> <span class='ocrx_word' id='word_1_430' title='bbox 3025 2537 3400 2591; x_wconf 84' lang='lat' dir='ltr'><em>recognoscere,</em></span> <span class='ocrx_word' id='word_1_431' title='bbox 3451 2539 3594 2592; x_wconf 85' lang='lat' dir='ltr'><em>quem</em></span> <span class='ocrx_word' id='word_1_432' title='bbox 3621 2524 3862 2596; x_wconf 81' lang='lat' dir='ltr'><em>ignorare</em></span> 
     </span>
    </p>
   </div>
   <div class='ocr_carea' id='block_1_56' title="bbox 2260 2611 3864 2686">
    <p class='ocr_par' dir='ltr' id='par_1_56' title="bbox 2260 2611 3864 2686">
     <span class='ocr_line' id='line_1_56' title="bbox 2260 2611 3864 2686; baseline 0.006 -22"><span class='ocrx_word' id='word_1_433' title='bbox 2260 2627 2362 2664; x_wconf 89' lang='lat' dir='ltr'><em>non</em></span> <span class='ocrx_word' id='word_1_434' title='bbox 2385 2621 2594 2679; x_wconf 87' lang='lat' dir='ltr'><em>possunt</em></span> <span class='ocrx_word' id='word_1_435' title='bbox 2619 2611 2817 2682; x_wconf 80' lang='lat' dir='ltr'><em>(Apol.,</em></span> <span class='ocrx_word' id='word_1_436' title='bbox 2837 2628 2882 2664; x_wconf 89' lang='lat' dir='ltr'><em>c.</em></span> <span class='ocrx_word' id='word_1_437' title='bbox 2929 2613 3019 2677; x_wconf 84' lang='grc'><em>17,</em></span> <span class='ocrx_word' id='word_1_438' title='bbox 3049 2631 3166 2684; x_wconf 86' lang='lat' dir='ltr'><em>pag.</em></span> <span class='ocrx_word' id='word_1_439' title='bbox 3195 2612 3574 2685; x_wconf 75' lang='lat' dir='ltr'><em>576).Eadem</em></span> <span class='ocrx_word' id='word_1_440' title='bbox 3604 2616 3756 2686; x_wconf 86' lang='lat' dir='ltr'><em>plane</em></span> <span class='ocrx_word' id='word_1_441' title='bbox 3775 2626 3864 2674; x_wconf 82' lang='lat' dir='ltr'><em>est</em></span> 
     </span>
    </p>
   </div>
   <div class='ocr_carea' id='block_1_57' title="bbox 2259 2700 3864 2781">
    <p class='ocr_par' dir='ltr' id='par_1_57' title="bbox 2259 2700 3864 2781">
     <span class='ocr_line' id='line_1_57' title="bbox 2259 2700 3864 2781; baseline 0.005 -24"><span class='ocrx_word' id='word_1_442' title='bbox 2259 2700 2535 2773; x_wconf 85' lang='lat' dir='ltr'><em>Cypriani,</em></span> <span class='ocrx_word' id='word_1_443' title='bbox 2560 2705 2676 2773; x_wconf 88' lang='lat' dir='ltr'><em>ejus</em></span> <span class='ocrx_word' id='word_1_444' title='bbox 2703 2703 2946 2772; x_wconf 87' lang='lat' dir='ltr'><em>discipuli</em></span> <span class='ocrx_word' id='word_1_445' title='bbox 2975 2715 3030 2759; x_wconf 83' lang='lat' dir='ltr'><em>et</em></span> <span class='ocrx_word' id='word_1_446' title='bbox 3060 2707 3323 2775; x_wconf 83' lang='lat' dir='ltr'><em>sequacis,</em></span> <span class='ocrx_word' id='word_1_447' title='bbox 3357 2709 3667 2764; x_wconf 91' lang='lat' dir='ltr'><em>conclusio:</em></span> <span class='ocrx_word' id='word_1_448' title='bbox 3695 2710 3864 2781; x_wconf 83' lang='lat' dir='ltr'><em>Atque</em></span> 
     </span>
    </p>
   </div>
   <div class='ocr_carea' id='block_1_58' title="bbox 2261 2793 3864 2874">
    <p class='ocr_par' dir='ltr' id='par_1_58' title="bbox 2261 2793 3864 2874">
     <span class='ocr_line' id='line_1_58' title="bbox 2261 2793 3864 2874; baseline 0.006 -27"><span class='ocrx_word' id='word_1_449' title='bbox 2261 2793 2368 2848; x_wconf 76' lang='lat' dir='ltr'><em>hwc</em></span> <span class='ocrx_word' id='word_1_450' title='bbox 2397 2805 2470 2848; x_wconf 89' lang='lat' dir='ltr'><em>est</em></span> <span class='ocrx_word' id='word_1_451' title='bbox 2498 2811 2697 2850; x_wconf 89' lang='lat' dir='ltr'><em>summa</em></span> <span class='ocrx_word' id='word_1_452' title='bbox 2727 2796 2898 2850; x_wconf 86' lang='lat' dir='ltr'><em>delicti</em></span> <span class='ocrx_word' id='word_1_453' title='bbox 2941 2798 3077 2852; x_wconf 84' lang='lat' dir='ltr'><em>nolle</em></span> <span class='ocrx_word' id='word_1_454' title='bbox 3113 2815 3399 2870; x_wconf 82' lang='lat' dir='ltr'><em>agnoscere,</em></span> <span class='ocrx_word' id='word_1_455' title='bbox 3441 2819 3587 2871; x_wconf 85' lang='lat' dir='ltr'><em>quem</em></span> <span class='ocrx_word' id='word_1_456' title='bbox 3625 2803 3864 2874; x_wconf 86' lang='lat' dir='ltr'><em>ignorare</em></span> 
     </span>
    </p>
   </div>
   <div class='ocr_carea' id='block_1_59' title="bbox 2262 2888 3861 2968">
    <p class='ocr_par' dir='ltr' id='par_1_59' title="bbox 2262 2888 3861 2968">
     <span class='ocr_line' id='line_1_59' title="bbox 2262 2888 3861 2968; baseline 0.006 -28"><span class='ocrx_word' id='word_1_457' title='bbox 2262 2903 2362 2940; x_wconf 87' lang='lat' dir='ltr'><em>non</em></span> <span class='ocrx_word' id='word_1_458' title='bbox 2403 2889 2560 2958; x_wconf 67' lang='lat' dir='ltr'><em>possit</em></span> <span class='ocrx_word' id='word_1_459' title='bbox 2596 2888 2886 2961; x_wconf 74' lang='lat' dir='ltr'><em>(Cyprian,</em></span> <span class='ocrx_word' id='word_1_460' title='bbox 2921 2891 3011 2944; x_wconf 89' lang='lat' dir='ltr'><em>lib.</em></span> <span class='ocrx_word' id='word_1_461' title='bbox 3048 2891 3110 2944; x_wconf 85' lang='lat' dir='ltr'><em>de</em></span> <span class='ocrx_word' id='word_1_462' title='bbox 3147 2892 3328 2946; x_wconf 80' lang='lat' dir='ltr'><em>idolor.</em></span> <span class='ocrx_word' id='word_1_463' title='bbox 3370 2892 3562 2958; x_wconf 87' lang='lat' dir='ltr'><em>Vanit.,</em></span> <span class='ocrx_word' id='word_1_464' title='bbox 3589 2912 3707 2966; x_wconf 87' lang='lat' dir='ltr'><em>pag.</em></span> <span class='ocrx_word' id='word_1_465' title='bbox 3742 2896 3861 2968; x_wconf 82' lang='grc'><em>15).</em></span> 
     </span>
    </p>
   </div>
   <div class='ocr_carea' id='block_1_60' title="bbox 2261 2979 3861 3057">
    <p class='ocr_par' dir='ltr' id='par_1_60' title="bbox 2261 2979 3861 3057">
     <span class='ocr_line' id='line_1_60' title="bbox 2261 2979 3861 3057; baseline 0.006 -21"><span class='ocrx_word' id='word_1_466' title='bbox 2261 2980 2432 3036; x_wconf 84' lang='lat' dir='ltr'><em>Nemo</em></span> <span class='ocrx_word' id='word_1_467' title='bbox 2458 2979 2652 3052; x_wconf 84' lang='lat' dir='ltr'><em>quippe</em></span> <span class='ocrx_word' id='word_1_468' title='bbox 2680 2992 2856 3052; x_wconf 89' lang='lat' dir='ltr'><em>potest</em></span> <span class='ocrx_word' id='word_1_469' title='bbox 2885 2983 3238 3052; x_wconf 79' lang='lat' dir='ltr'><em>ignorantiam</em></span> <span class='ocrx_word' id='word_1_470' title='bbox 3270 3001 3524 3040; x_wconf 82' lang='lat' dir='ltr'><em>excusare</em></span> <span class='ocrx_word' id='word_1_471' title='bbox 3553 2987 3667 3054; x_wconf 89' lang='lat' dir='ltr'><em>Dei,</em></span> <span class='ocrx_word' id='word_1_472' title='bbox 3695 3004 3861 3057; x_wconf 87' lang='lat' dir='ltr'><em>quem</em></span> 
     </span>
    </p>
   </div>
   <div class='ocr_carea' id='block_1_61' title="bbox 2265 3077 3861 3151">
    <p class='ocr_par' dir='ltr' id='par_1_61' title="bbox 2265 3077 3861 3151">
     <span class='ocr_line' id='line_1_61' title="bbox 2265 3077 3861 3151; baseline 0.006 -23"><span class='ocrx_word' id='word_1_473' title='bbox 2265 3083 2340 3129; x_wconf 90' lang='lat' dir='ltr'><em>tot</em></span> <span class='ocrx_word' id='word_1_474' title='bbox 2387 3077 2716 3144; x_wconf 88' lang='lat' dir='ltr'><em>argumentis</em></span> <span class='ocrx_word' id='word_1_475' title='bbox 2773 3087 2828 3130; x_wconf 91' lang='lat' dir='ltr'><em>et</em></span> <span class='ocrx_word' id='word_1_476' title='bbox 2897 3077 3085 3131; x_wconf 89' lang='lat' dir='ltr'><em>intimo</em></span> <span class='ocrx_word' id='word_1_477' title='bbox 3129 3079 3310 3134; x_wconf 89' lang='lat' dir='ltr'><em>cordis</em></span> <span class='ocrx_word' id='word_1_478' title='bbox 3355 3079 3650 3151; x_wconf 72' lang='lat' dir='ltr'><em>animmque</em></span> <span class='ocrx_word' id='word_1_479' title='bbox 3694 3096 3861 3139; x_wconf 89' lang='lat' dir='ltr'><em>sensu</em></span> 
     </span>
    </p>
   </div>
   <div class='ocr_carea' id='block_1_62' title="bbox 634 3164 3858 3244">
    <p class='ocr_par' dir='ltr' id='par_1_62' title="bbox 634 3164 3858 3244">
     <span class='ocr_line' id='line_1_62' title="bbox 634 3164 3858 3244; baseline 0.001 -18"><span class='ocrx_word' id='word_1_480' title='bbox 634 3168 752 3226; x_wconf 88' lang='lat' dir='ltr'><em>Non</em></span> <span class='ocrx_word' id='word_1_481' title='bbox 784 3170 885 3227; x_wconf 89' lang='lat' dir='ltr'><em>hoc</em></span> <span class='ocrx_word' id='word_1_482' title='bbox 907 3179 1084 3226; x_wconf 89' lang='lat' dir='ltr'><em>autem</em></span> <span class='ocrx_word' id='word_1_483' title='bbox 1115 3180 1313 3225; x_wconf 86' lang='lat' dir='ltr'><em>tantum</em></span> <span class='ocrx_word' id='word_1_484' title='bbox 1344 3171 1394 3224; x_wconf 95' lang='lat' dir='ltr'><em>in</em></span> <span class='ocrx_word' id='word_1_485' title='bbox 1423 3170 1562 3226; x_wconf 88' lang='lat' dir='ltr'><em>libro</em></span> <span class='ocrx_word' id='word_1_486' title='bbox 1585 3170 1945 3228; x_wconf 82' lang='lat' dir='ltr'><em>Tcrtullianus</em></span> <span class='ocrx_word' id='word_1_487' title='bbox 1972 3182 2157 3229; x_wconf 89' lang='lat' dir='ltr'><em>noster</em></span> <span class='ocrx_word' id='word_1_488' title='bbox 2185 3164 2230 3228; x_wconf 87' lang='lat' dir='ltr'><strong>C</strong></span> <span class='ocrx_word' id='word_1_489' title='bbox 2263 3183 2554 3238; x_wconf 75' lang='lat' dir='ltr'><em>agnoscere</em></span> <span class='ocrx_word' id='word_1_490' title='bbox 2602 3171 2959 3240; x_wconf 79' lang='lat' dir='ltr'><em>compellitur.</em></span> <span class='ocrx_word' id='word_1_491' title='bbox 3020 3171 3308 3227; x_wconf 79' lang='lat' dir='ltr'><em>Maximum</em></span> <span class='ocrx_word' id='word_1_492' title='bbox 3360 3174 3517 3244; x_wconf 83' lang='lat' dir='ltr'><em>igitur</em></span> <span class='ocrx_word' id='word_1_493' title='bbox 3560 3174 3811 3231; x_wconf 88' lang='lat' dir='ltr'><em>delictum</em></span> <span class='ocrx_word' id='word_1_494' title='bbox 3840 3217 3858 3244; x_wconf 95' lang='lat'><em>,</em></span> 
     </span>
    </p>
   </div>
   <div class='ocr_carea' id='block_1_63' title="bbox 564 3264 2159 3336">
    <p class='ocr_par' dir='ltr' id='par_1_63' title="bbox 564 3264 2159 3336">
     <span class='ocr_line' id='line_1_63' title="bbox 564 3264 2159 3336; baseline 0.001 -14"><span class='ocrx_word' id='word_1_495' title='bbox 564 3265 668 3322; x_wconf 85' lang='lat' dir='ltr'><em>hac</em></span> <span class='ocrx_word' id='word_1_496' title='bbox 713 3265 970 3322; x_wconf 82' lang='lat' dir='ltr'><em>adversus</em></span> <span class='ocrx_word' id='word_1_497' title='bbox 1015 3264 1260 3321; x_wconf 88' lang='lat' dir='ltr'><em>ethnicos</em></span> <span class='ocrx_word' id='word_1_498' title='bbox 1317 3268 1778 3336; x_wconf 85' lang='lat' dir='ltr'><em>argumentatione</em></span> <span class='ocrx_word' id='word_1_499' title='bbox 1827 3269 2013 3335; x_wconf 88' lang='lat' dir='ltr'><em>utitur,</em></span> <span class='ocrx_word' id='word_1_500' title='bbox 2063 3267 2159 3323; x_wconf 89' lang='lat' dir='ltr'><em>sed</em></span> 
     </span>
    </p>
   </div>
   <div class='ocr_carea' id='block_1_64' title="bbox 563 3347 2162 3430">
    <p class='ocr_par' dir='ltr' id='par_1_64' title="bbox 563 3347 2162 3430">
     <span class='ocr_line' id='line_1_64' title="bbox 563 3347 2162 3430; baseline 0 -16"><span class='ocrx_word' id='word_1_501' title='bbox 563 3373 683 3414; x_wconf 90' lang='lat' dir='ltr'><em>eam</em></span> <span class='ocrx_word' id='word_1_502' title='bbox 737 3373 949 3430; x_wconf 88' lang='lat' dir='ltr'><em>quoque</em></span> <span class='ocrx_word' id='word_1_503' title='bbox 1005 3356 1176 3413; x_wconf 79' lang='lat' dir='ltr'><em>fusius</em></span> <span class='ocrx_word' id='word_1_504' title='bbox 1214 3357 1498 3428; x_wconf 87' lang='lat' dir='ltr'><em>acriusque</em></span> <span class='ocrx_word' id='word_1_505' title='bbox 1529 3367 1678 3428; x_wconf 82' lang='lat' dir='ltr'><em>urget</em></span> <span class='ocrx_word' id='word_1_506' title='bbox 1711 3367 1823 3414; x_wconf 89' lang='lat' dir='ltr'><em>toto</em></span> <span class='ocrx_word' id='word_1_507' title='bbox 1849 3359 1901 3414; x_wconf 91' lang='lat' dir='ltr'><em>in</em></span> <span class='ocrx_word' id='word_1_508' title='bbox 1933 3360 2068 3414; x_wconf 84' lang='lat' dir='ltr'><em>libro</em></span> <span class='ocrx_word' id='word_1_509' title='bbox 2097 3347 2162 3414; x_wconf 84' lang='lat' dir='ltr'><em>de</em></span> 
     </span>
    </p>
   </div>
   <div class='ocr_carea' id='block_1_65' title="bbox 563 3447 2159 3522">
    <p class='ocr_par' dir='ltr' id='par_1_65' title="bbox 563 3447 2159 3522">
     <span class='ocr_line' id='line_1_65' title="bbox 563 3447 2159 3522; baseline 0.002 -18"><span class='ocrx_word' id='word_1_510' title='bbox 563 3447 874 3505; x_wconf 85' lang='lat' dir='ltr'><em>Testimonio</em></span> <span class='ocrx_word' id='word_1_511' title='bbox 897 3450 1084 3504; x_wconf 75' lang='lat' dir='ltr'><em>anima:</em></span> <span class='ocrx_word' id='word_1_512' title='bbox 1106 3449 1353 3503; x_wconf 89' lang='lat' dir='ltr'><em>adversus</em></span> <span class='ocrx_word' id='word_1_513' title='bbox 1374 3459 1565 3520; x_wconf 87' lang='lat' dir='ltr'><em>gentes,</em></span> <span class='ocrx_word' id='word_1_514' title='bbox 1585 3450 1671 3504; x_wconf 92' lang='lat' dir='ltr'><em>ubi</em></span> <span class='ocrx_word' id='word_1_515' title='bbox 1693 3451 1850 3506; x_wconf 89' lang='lat' dir='ltr'><em>docet</em></span> <span class='ocrx_word' id='word_1_516' title='bbox 1866 3453 1965 3507; x_wconf 91' lang='lat' dir='ltr'><em>hoc</em></span> <span class='ocrx_word' id='word_1_517' title='bbox 1984 3453 2159 3522; x_wconf 91' lang='lat' dir='ltr'><em>ipsum</em></span> 
     </span>
    </p>
   </div>
   <div class='ocr_carea' id='block_1_66' title="bbox 564 3541 2154 3613">
    <p class='ocr_par' dir='ltr' id='par_1_66' title="bbox 564 3541 2154 3613">
     <span class='ocr_line' id='line_1_66' title="bbox 564 3541 2154 3613; baseline 0.003 -18"><span class='ocrx_word' id='word_1_518' title='bbox 564 3541 681 3609; x_wconf 83' lang='lat' dir='ltr'><em>ejus</em></span> <span class='ocrx_word' id='word_1_519' title='bbox 727 3543 1088 3598; x_wconf 86' lang='lat' dir='ltr'><em>testimonium</em></span> <span class='ocrx_word' id='word_1_520' title='bbox 1128 3558 1248 3598; x_wconf 87' lang='lat' dir='ltr'><em>esse</em></span> <span class='ocrx_word' id='word_1_521' title='bbox 1313 3545 1452 3596; x_wconf 89' lang='lat' dir='ltr'><em>omni</em></span> <span class='ocrx_word' id='word_1_522' title='bbox 1475 3544 1758 3598; x_wconf 86' lang='lat' dir='ltr'><em>litteratura</em></span> <span class='ocrx_word' id='word_1_523' title='bbox 1799 3547 1987 3613; x_wconf 86' lang='lat' dir='ltr'><em>notius,</em></span> <span class='ocrx_word' id='word_1_524' title='bbox 2017 3547 2154 3600; x_wconf 86' lang='lat' dir='ltr'><em>doc-</em></span> 
     </span>
    </p>
   </div>
   <div class='ocr_carea' id='block_1_67' title="bbox 569 3635 2151 3708">
    <p class='ocr_par' dir='ltr' id='par_1_67' title="bbox 569 3635 2151 3708">
     <span class='ocr_line' id='line_1_67' title="bbox 569 3635 2151 3708; baseline 0.004 -19"><span class='ocrx_word' id='word_1_525' title='bbox 569 3635 704 3689; x_wconf 86' lang='lat' dir='ltr'><em>trina</em></span> <span class='ocrx_word' id='word_1_526' title='bbox 739 3637 999 3707; x_wconf 87' lang='lat' dir='ltr'><em>agitatius,</em></span> <span class='ocrx_word' id='word_1_527' title='bbox 1057 3638 1196 3690; x_wconf 88' lang='lat' dir='ltr'><em>omni</em></span> <span class='ocrx_word' id='word_1_528' title='bbox 1241 3637 1462 3690; x_wconf 87' lang='lat' dir='ltr'><em>editione</em></span> <span class='ocrx_word' id='word_1_529' title='bbox 1490 3638 1760 3708; x_wconf 85' lang='lat' dir='ltr'><em>vulgatius,</em></span> <span class='ocrx_word' id='word_1_530' title='bbox 1796 3649 1898 3694; x_wconf 91' lang='lat' dir='ltr'><em>toto</em></span> <span class='ocrx_word' id='word_1_531' title='bbox 1941 3641 2151 3695; x_wconf 83' lang='lat' dir='ltr'><em>homine</em></span> 
     </span>
    </p>
   </div>
   <div class='ocr_carea' id='block_1_68' title="bbox 519 3724 2161 3803">
    <p class='ocr_par' dir='ltr' id='par_1_68' title="bbox 519 3724 2161 3803">
     <span class='ocr_line' id='line_1_68' title="bbox 519 3724 2161 3803; baseline 0.004 -23"><span class='ocrx_word' id='word_1_532' title='bbox 519 3724 522 3728; x_wconf 80' lang='grc'><em>’</em></span> <span class='ocrx_word' id='word_1_533' title='bbox 566 3727 736 3797; x_wconf 86' lang='lat' dir='ltr'><em>majus</em></span> <span class='ocrx_word' id='word_1_534' title='bbox 756 3768 770 3794; x_wconf 95' lang='lat'><em>,</em></span> <span class='ocrx_word' id='word_1_535' title='bbox 809 3727 864 3780; x_wconf 89' lang='lat' dir='ltr'><em>id</em></span> <span class='ocrx_word' id='word_1_536' title='bbox 898 3737 1000 3792; x_wconf 88' lang='lat' dir='ltr'><em>est,</em></span> <span class='ocrx_word' id='word_1_537' title='bbox 1035 3738 1196 3782; x_wconf 89' lang='lat' dir='ltr'><em>totum</em></span> <span class='ocrx_word' id='word_1_538' title='bbox 1229 3731 1364 3798; x_wconf 87' lang='lat' dir='ltr'><em>quod</em></span> <span class='ocrx_word' id='word_1_539' title='bbox 1384 3739 1456 3784; x_wconf 88' lang='lat' dir='ltr'><em>est</em></span> <span class='ocrx_word' id='word_1_540' title='bbox 1478 3730 1696 3784; x_wconf 80' lang='lat' dir='ltr'><em>hominis</em></span> <span class='ocrx_word' id='word_1_541' title='bbox 1746 3729 1946 3803; x_wconf 86' lang='lat' dir='ltr'><em>(Idem,</em></span> <span class='ocrx_word' id='word_1_542' title='bbox 1979 3733 2067 3787; x_wconf 87' lang='lat' dir='ltr'><em>lib.</em></span> <span class='ocrx_word' id='word_1_543' title='bbox 2099 3735 2161 3788; x_wconf 86' lang='lat' dir='ltr'><em>de</em></span> 
     </span>
    </p>
   </div>
   <div class='ocr_carea' id='block_1_69' title="bbox 567 3818 2154 3891">
    <p class='ocr_par' dir='ltr' id='par_1_69' title="bbox 567 3818 2154 3891">
     <span class='ocr_line' id='line_1_69' title="bbox 567 3818 2154 3891; baseline 0.005 -19"><span class='ocrx_word' id='word_1_544' title='bbox 567 3819 752 3872; x_wconf 86' lang='lat' dir='ltr'><em>testim.</em></span> <span class='ocrx_word' id='word_1_545' title='bbox 785 3819 942 3872; x_wconf 89' lang='lat' dir='ltr'><em>anim.</em></span> <span class='ocrx_word' id='word_1_546' title='bbox 966 3835 1082 3888; x_wconf 89' lang='lat' dir='ltr'><em>cap.</em></span> <span class='ocrx_word' id='word_1_547' title='bbox 1117 3821 1142 3875; x_wconf 90' lang='grc'><em>1</em></span> <span class='ocrx_word' id='word_1_548' title='bbox 1166 3818 1206 3890; x_wconf 96' lang='grc'><em>).</em></span> <span class='ocrx_word' id='word_1_549' title='bbox 1243 3819 1357 3874; x_wconf 84' lang='lat' dir='ltr'><em>Alia</em></span> <span class='ocrx_word' id='word_1_550' title='bbox 1385 3833 1562 3875; x_wconf 89' lang='lat' dir='ltr'><em>autem</em></span> <span class='ocrx_word' id='word_1_551' title='bbox 1587 3821 1705 3891; x_wconf 92' lang='lat' dir='ltr'><em>ejus</em></span> <span class='ocrx_word' id='word_1_552' title='bbox 1731 3823 1891 3878; x_wconf 90' lang='lat' dir='ltr'><em>verba</em></span> <span class='ocrx_word' id='word_1_553' title='bbox 1923 3824 2049 3880; x_wconf 88' lang='lat' dir='ltr'><em>alibi</em></span> <span class='ocrx_word' id='word_1_554' title='bbox 2077 3826 2154 3880; x_wconf 87' lang='lat' dir='ltr'><em>ci-</em></span> 
     </span>
    </p>
   </div>
   <div class='ocr_carea' id='block_1_70' title="bbox 569 3910 2158 3992">
    <p class='ocr_par' dir='ltr' id='par_1_70' title="bbox 569 3910 2158 3992">
     <span class='ocr_line' id='line_1_70' title="bbox 569 3910 2158 3992; baseline 0.006 -28"><span class='ocrx_word' id='word_1_555' title='bbox 569 3911 820 3979; x_wconf 87' lang='lat' dir='ltr'><em>tavimus,</em></span> <span class='ocrx_word' id='word_1_556' title='bbox 865 3910 1148 3981; x_wconf 87' lang='lat' dir='ltr'><em>palamque</em></span> <span class='ocrx_word' id='word_1_557' title='bbox 1176 3911 1398 3968; x_wconf 89' lang='lat' dir='ltr'><em>fecimus</em></span> <span class='ocrx_word' id='word_1_558' title='bbox 1442 3912 1582 3992; x_wconf 62' lang='lat' dir='ltr'><em>idem</em></span> <span class='ocrx_word' id='word_1_559' title='bbox 1632 3926 2003 3986; x_wconf 90' lang='lat' dir='ltr'><em>argumentum</em></span> <span class='ocrx_word' id='word_1_560' title='bbox 2058 3919 2158 3974; x_wconf 90' lang='lat' dir='ltr'><em>ad-</em></span> 
     </span>
    </p>
   </div>
   <div class='ocr_carea' id='block_1_71' title="bbox 567 4005 2162 4081">
    <p class='ocr_par' dir='ltr' id='par_1_71' title="bbox 567 4005 2162 4081">
     <span class='ocr_line' id='line_1_71' title="bbox 567 4005 2162 4081; baseline 0.004 -19"><span class='ocrx_word' id='word_1_561' title='bbox 567 4005 741 4062; x_wconf 86' lang='lat' dir='ltr'><em>hiberi</em></span> <span class='ocrx_word' id='word_1_562' title='bbox 809 4022 838 4061; x_wconf 86' lang='lat' dir='ltr'><em>a</em></span> <span class='ocrx_word' id='word_1_563' title='bbox 899 4006 1119 4062; x_wconf 87' lang='lat' dir='ltr'><em>Minutio</em></span> <span class='ocrx_word' id='word_1_564' title='bbox 1168 4006 1390 4076; x_wconf 87' lang='lat' dir='ltr'><em>Felice,</em></span> <span class='ocrx_word' id='word_1_565' title='bbox 1447 4008 1755 4081; x_wconf 89' lang='lat' dir='ltr'><em>Cypriano,</em></span> <span class='ocrx_word' id='word_1_566' title='bbox 1811 4011 2051 4067; x_wconf 81' lang='lat' dir='ltr'><em>Arnobio</em></span> <span class='ocrx_word' id='word_1_567' title='bbox 2107 4021 2162 4068; x_wconf 90' lang='lat' dir='ltr'><em>et</em></span> 
     </span>
    </p>
   </div>
   <div class='ocr_carea' id='block_1_72' title="bbox 566 4098 2158 4172">
    <p class='ocr_par' dir='ltr' id='par_1_72' title="bbox 566 4098 2158 4172">
     <span class='ocr_line' id='line_1_72' title="bbox 566 4098 2158 4172; baseline 0.004 -18"><span class='ocrx_word' id='word_1_568' title='bbox 566 4098 863 4166; x_wconf 85' lang='lat' dir='ltr'><em>Lactantio,</em></span> <span class='ocrx_word' id='word_1_569' title='bbox 887 4099 976 4170; x_wconf 90' lang='lat' dir='ltr'><em>qui</em></span> <span class='ocrx_word' id='word_1_570' title='bbox 1000 4140 1015 4164; x_wconf 94' lang='lat'><em>,</em></span> <span class='ocrx_word' id='word_1_571' title='bbox 1047 4100 1297 4154; x_wconf 87' lang='lat' dir='ltr'><em>Auctoris</em></span> <span class='ocrx_word' id='word_1_572' title='bbox 1323 4102 1488 4156; x_wconf 91' lang='lat' dir='ltr'><em>nostri</em></span> <span class='ocrx_word' id='word_1_573' title='bbox 1532 4102 1768 4172; x_wconf 81' lang='lat' dir='ltr'><em>vestigiis</em></span> <span class='ocrx_word' id='word_1_574' title='bbox 1816 4102 2158 4171; x_wconf 84' lang='lat' dir='ltr'><em>inhaerentes,</em></span> 
     </span>
    </p>
   </div>
   <div class='ocr_carea' id='block_1_73' title="bbox 569 4191 2160 4264">
    <p class='ocr_par' dir='ltr' id='par_1_73' title="bbox 569 4191 2160 4264">
     <span class='ocr_line' id='line_1_73' title="bbox 569 4191 2160 4264; baseline 0.004 -18"><span class='ocrx_word' id='word_1_575' title='bbox 569 4191 729 4260; x_wconf 89' lang='lat' dir='ltr'><em>hujus</em></span> <span class='ocrx_word' id='word_1_576' title='bbox 749 4194 1050 4262; x_wconf 84' lang='lat' dir='ltr'><em>argumenti</em></span> <span class='ocrx_word' id='word_1_577' title='bbox 1066 4192 1116 4247; x_wconf 88' lang='lat' dir='ltr'><em>vi</em></span> <span class='ocrx_word' id='word_1_578' title='bbox 1134 4209 1196 4248; x_wconf 89' lang='lat' dir='ltr'><em>ac</em></span> <span class='ocrx_word' id='word_1_579' title='bbox 1209 4193 1446 4264; x_wconf 86' lang='lat' dir='ltr'><em>pondere</em></span> <span class='ocrx_word' id='word_1_580' title='bbox 1459 4210 1646 4250; x_wconf 89' lang='lat' dir='ltr'><em>omnes</em></span> <span class='ocrx_word' id='word_1_581' title='bbox 1666 4194 1920 4252; x_wconf 88' lang='lat' dir='ltr'><em>falsorum</em></span> <span class='ocrx_word' id='word_1_582' title='bbox 1936 4197 2160 4253; x_wconf 90' lang='lat' dir='ltr'><em>deorum</em></span> 
     </span>
    </p>
   </div>
   <div class='ocr_carea' id='block_1_74' title="bbox 567 4284 2158 4359">
    <p class='ocr_par' dir='ltr' id='par_1_74' title="bbox 567 4284 2158 4359">
     <span class='ocr_line' id='line_1_74' title="bbox 567 4284 2158 4359; baseline 0.003 -20"><span class='ocrx_word' id='word_1_583' title='bbox 567 4284 804 4340; x_wconf 89' lang='lat' dir='ltr'><em>cultores</em></span> <span class='ocrx_word' id='word_1_584' title='bbox 843 4284 1141 4356; x_wconf 87' lang='lat' dir='ltr'><em>atheosque</em></span> <span class='ocrx_word' id='word_1_585' title='bbox 1182 4287 1483 4342; x_wconf 88' lang='lat' dir='ltr'><em>obruerunt</em></span> <span class='ocrx_word' id='word_1_586' title='bbox 1529 4286 1828 4358; x_wconf 87' lang='lat' dir='ltr'><em>(Dissertat.</em></span> <span class='ocrx_word' id='word_1_587' title='bbox 1859 4290 1911 4344; x_wconf 86' lang='lat' dir='ltr'><em>in</em></span> <span class='ocrx_word' id='word_1_588' title='bbox 1941 4289 2158 4359; x_wconf 84' lang='lat' dir='ltr'><em>Minut.,</em></span> 
     </span>
    </p>
   </div>
   <div class='ocr_carea' id='block_1_75' title="bbox 565 4378 2160 4449">
    <p class='ocr_par' dir='ltr' id='par_1_75' title="bbox 565 4378 2160 4449">
     <span class='ocr_line' id='line_1_75' title="bbox 565 4378 2160 4449; baseline 0.003 -17"><span class='ocrx_word' id='word_1_589' title='bbox 565 4395 680 4448; x_wconf 87' lang='lat' dir='ltr'><em>cap.</em></span> <span class='ocrx_word' id='word_1_590' title='bbox 723 4378 779 4444; x_wconf 71' lang='lat'><em>2,</em></span> <span class='ocrx_word' id='word_1_591' title='bbox 813 4389 911 4433; x_wconf 88' lang='lat' dir='ltr'><em>art.</em></span> <span class='ocrx_word' id='word_1_592' title='bbox 944 4378 997 4444; x_wconf 86' lang='lat'><em>5,</em></span> <span class='ocrx_word' id='word_1_593' title='bbox 1049 4387 1094 4432; x_wconf 90' lang='lat' dir='ltr'><em>et</em></span> <span class='ocrx_word' id='word_1_594' title='bbox 1122 4395 1236 4449; x_wconf 91' lang='lat' dir='ltr'><em>cap.</em></span> <span class='ocrx_word' id='word_1_595' title='bbox 1264 4380 1318 4444; x_wconf 81' lang='lat'><em>3,</em></span> <span class='ocrx_word' id='word_1_596' title='bbox 1347 4388 1444 4432; x_wconf 91' lang='lat' dir='ltr'><em>art.</em></span> <span class='ocrx_word' id='word_1_597' title='bbox 1472 4382 1540 4445; x_wconf 78' lang='lat'><em>3;</em></span> <span class='ocrx_word' id='word_1_598' title='bbox 1571 4379 1840 4436; x_wconf 84' lang='lat' dir='ltr'><em>Dissertat.</em></span> <span class='ocrx_word' id='word_1_599' title='bbox 1883 4382 1937 4436; x_wconf 89' lang='lat' dir='ltr'><em>in</em></span> <span class='ocrx_word' id='word_1_600' title='bbox 1965 4383 2160 4437; x_wconf 79' lang='lat' dir='ltr'><em>Arnob.</em></span> 
     </span>
    </p>
   </div>
   <div class='ocr_carea' id='block_1_76' title="bbox 563 4468 2158 4546">
    <p class='ocr_par' dir='ltr' id='par_1_76' title="bbox 563 4468 2158 4546">
     <span class='ocr_line' id='line_1_76' title="bbox 563 4468 2158 4546; baseline 0.003 -24"><span class='ocrx_word' id='word_1_601' title='bbox 563 4485 678 4541; x_wconf 85' lang='lat' dir='ltr'><em>cap.</em></span> <span class='ocrx_word' id='word_1_602' title='bbox 705 4470 758 4535; x_wconf 84' lang='grc'><em>5,</em></span> <span class='ocrx_word' id='word_1_603' title='bbox 786 4479 884 4524; x_wconf 88' lang='lat' dir='ltr'><em>art.</em></span> <span class='ocrx_word' id='word_1_604' title='bbox 913 4470 967 4536; x_wconf 91' lang='grc'><strong>1,</strong></span> <span class='ocrx_word' id='word_1_605' title='bbox 1003 4479 1050 4524; x_wconf 90' lang='lat' dir='ltr'><em>et</em></span> <span class='ocrx_word' id='word_1_606' title='bbox 1071 4468 1340 4525; x_wconf 88' lang='lat' dir='ltr'><em>Dissertat.</em></span> <span class='ocrx_word' id='word_1_607' title='bbox 1363 4472 1415 4525; x_wconf 89' lang='lat' dir='ltr'><em>in</em></span> <span class='ocrx_word' id='word_1_608' title='bbox 1440 4469 1674 4526; x_wconf 85' lang='lat' dir='ltr'><em>Lactant.</em></span> <span class='ocrx_word' id='word_1_609' title='bbox 1699 4489 1812 4543; x_wconf 82' lang='lat' dir='ltr'><em>cap.</em></span> <span class='ocrx_word' id='word_1_610' title='bbox 1841 4473 1928 4542; x_wconf 71' lang='grc'><em>12,</em></span> <span class='ocrx_word' id='word_1_611' title='bbox 1953 4483 2052 4528; x_wconf 91' lang='lat' dir='ltr'><em>art.</em></span> <span class='ocrx_word' id='word_1_612' title='bbox 2083 4476 2158 4546; x_wconf 87' lang='grc'><strong>1).</strong></span> 
     </span>
    </p>
   </div>
   <div class='ocr_carea' id='block_1_77' title="bbox 2263 3261 3860 3325">
    <p class='ocr_par' dir='ltr' id='par_1_77' title="bbox 2263 3261 3860 3325">
     <span class='ocr_line' id='line_1_77' title="bbox 2263 3261 3860 3325; baseline 0.004 -7"><span class='ocrx_word' id='word_1_613' title='bbox 2263 3261 2373 3318; x_wconf 87' lang='lat' dir='ltr'><em>imo</em></span> <span class='ocrx_word' id='word_1_614' title='bbox 2433 3277 2562 3318; x_wconf 88' lang='lat' dir='ltr'><em>vero</em></span> <span class='ocrx_word' id='word_1_615' title='bbox 2600 3278 2868 3319; x_wconf 88' lang='lat' dir='ltr'><em>summum</em></span> <span class='ocrx_word' id='word_1_616' title='bbox 2921 3266 3160 3321; x_wconf 88' lang='lat' dir='ltr'><em>omnimn</em></span> <span class='ocrx_word' id='word_1_617' title='bbox 3206 3265 3525 3322; x_wconf 88' lang='lat' dir='ltr'><em>delictorum</em></span> <span class='ocrx_word' id='word_1_618' title='bbox 3590 3278 3675 3324; x_wconf 90' lang='lat' dir='ltr'><em>est</em></span> <span class='ocrx_word' id='word_1_619' title='bbox 3719 3268 3860 3325; x_wconf 88' lang='lat' dir='ltr'><em>nolle</em></span> 
     </span>
    </p>
   </div>
   <div class='ocr_carea' id='block_1_78' title="bbox 2265 3349 3859 3432">
    <p class='ocr_par' dir='ltr' id='par_1_78' title="bbox 2265 3349 3859 3432">
     <span class='ocr_line' id='line_1_78' title="bbox 2265 3349 3859 3432; baseline 0.005 -21"><span class='ocrx_word' id='word_1_620' title='bbox 2265 3354 2432 3412; x_wconf 90' lang='lat' dir='ltr'><em>Deum</em></span> <span class='ocrx_word' id='word_1_621' title='bbox 2475 3372 2859 3427; x_wconf 80' lang='lat' dir='ltr'><em>recognoscere</em></span> <span class='ocrx_word' id='word_1_622' title='bbox 2880 3401 2894 3425; x_wconf 91' lang='lat'><em>,</em></span> <span class='ocrx_word' id='word_1_623' title='bbox 2939 3362 3027 3428; x_wconf 90' lang='lat' dir='ltr'><em>qui</em></span> <span class='ocrx_word' id='word_1_624' title='bbox 3067 3375 3098 3414; x_wconf 88' lang='lat' dir='ltr'><em>a</em></span> <span class='ocrx_word' id='word_1_625' title='bbox 3128 3349 3360 3425; x_wconf 84' lang='lat' dir='ltr'><em>nemitie,</em></span> <span class='ocrx_word' id='word_1_626' title='bbox 3395 3362 3496 3416; x_wconf 82' lang='lat' dir='ltr'><em>nisi</em></span> <span class='ocrx_word' id='word_1_627' title='bbox 3529 3363 3741 3432; x_wconf 84' lang='lat' dir='ltr'><em>penitus</em></span> <span class='ocrx_word' id='word_1_628' title='bbox 3765 3378 3859 3419; x_wconf 81' lang='lat' dir='ltr'><em>ex-</em></span> 
     </span>
    </p>
   </div>
   <div class='ocr_carea' id='block_1_79' title="bbox 2261 3451 3285 3523">
    <p class='ocr_par' dir='ltr' id='par_1_79' title="bbox 2261 3451 3285 3523">
     <span class='ocr_line' id='line_1_79' title="bbox 2261 3451 3285 3523; baseline 0.003 -19"><span class='ocrx_word' id='word_1_629' title='bbox 2261 3463 2383 3504; x_wconf 90' lang='lat' dir='ltr'><em>cors</em></span> <span class='ocrx_word' id='word_1_630' title='bbox 2408 3459 2463 3504; x_wconf 88' lang='lat' dir='ltr'><em>et</em></span> <span class='ocrx_word' id='word_1_631' title='bbox 2489 3465 2676 3505; x_wconf 82' lang='lat' dir='ltr'><em>aniens</em></span> <span class='ocrx_word' id='word_1_632' title='bbox 2704 3451 2792 3514; x_wconf 90' lang='lat' dir='ltr'><em>sit,</em></span> <span class='ocrx_word' id='word_1_633' title='bbox 2828 3461 3002 3522; x_wconf 87' lang='lat' dir='ltr'><em>potest</em></span> <span class='ocrx_word' id='word_1_634' title='bbox 3032 3452 3285 3523; x_wconf 90' lang='lat' dir='ltr'><em>ignorari.</em></span> 
     </span>
    </p>
   </div>
   <div class='ocr_carea' id='block_1_80' title="bbox 2333 3543 3860 3612">
    <p class='ocr_par' dir='ltr' id='par_1_80' title="bbox 2333 3543 3860 3612">
     <span class='ocr_line' id='line_1_80' title="bbox 2333 3543 3860 3612; baseline 0.007 -19"><span class='ocrx_word' id='word_1_635' title='bbox 2333 3543 2528 3611; x_wconf 86' lang='lat' dir='ltr'><em>Quinta</em></span> <span class='ocrx_word' id='word_1_636' title='bbox 2553 3543 2768 3610; x_wconf 64' lang='lat' dir='ltr'><em>divinat,</em></span> <span class='ocrx_word' id='word_1_637' title='bbox 2818 3554 2876 3598; x_wconf 91' lang='lat' dir='ltr'><em>ut</em></span> <span class='ocrx_word' id='word_1_638' title='bbox 2916 3545 3085 3612; x_wconf 89' lang='lat' dir='ltr'><em>aiunt,</em></span> <span class='ocrx_word' id='word_1_639' title='bbox 3131 3546 3429 3602; x_wconf 75' lang='lat' dir='ltr'><em>existentim</em></span> <span class='ocrx_word' id='word_1_640' title='bbox 3471 3546 3860 3603; x_wconf 87' lang='lat' dir='ltr'><em>demonstratio</em></span> 
     </span>
    </p>
   </div>
   <div class='ocr_carea' id='block_1_81' title="bbox 2263 3634 3858 3708">
    <p class='ocr_par' dir='ltr' id='par_1_81' title="bbox 2263 3634 3858 3708">
     <span class='ocr_line' id='line_1_81' title="bbox 2263 3634 3858 3708; baseline 0.002 -17"><span class='ocrx_word' id='word_1_641' title='bbox 2263 3634 2345 3691; x_wconf 88' lang='lat' dir='ltr'><em>his</em></span> <span class='ocrx_word' id='word_1_642' title='bbox 2388 3636 2674 3691; x_wconf 83' lang='lat' dir='ltr'><em>includitur</em></span> <span class='ocrx_word' id='word_1_643' title='bbox 2713 3637 2914 3704; x_wconf 77' lang='lat' dir='ltr'><em>verbis,</em></span> <span class='ocrx_word' id='word_1_644' title='bbox 2957 3638 3150 3708; x_wconf 86' lang='lat' dir='ltr'><em>quibus</em></span> <span class='ocrx_word' id='word_1_645' title='bbox 3177 3640 3377 3693; x_wconf 84' lang='lat' dir='ltr'><em>Auctor</em></span> <span class='ocrx_word' id='word_1_646' title='bbox 3412 3648 3595 3693; x_wconf 91' lang='lat' dir='ltr'><em>noster</em></span> <span class='ocrx_word' id='word_1_647' title='bbox 3618 3638 3761 3692; x_wconf 88' lang='lat' dir='ltr'><em>illam</em></span> <span class='ocrx_word' id='word_1_648' title='bbox 3789 3654 3858 3694; x_wconf 76' lang='lat' dir='ltr'><em>ex</em></span> 
     </span>
    </p>
   </div>
   <div class='ocr_carea' id='block_1_82' title="bbox 2264 3729 3861 3799">
    <p class='ocr_par' dir='ltr' id='par_1_82' title="bbox 2264 3729 3861 3799">
     <span class='ocr_line' id='line_1_82' title="bbox 2264 3729 3861 3799; baseline 0.003 -16"><span class='ocrx_word' id='word_1_649' title='bbox 2264 3729 2483 3784; x_wconf 86' lang='lat' dir='ltr'><em>infinitis</em></span> <span class='ocrx_word' id='word_1_650' title='bbox 2519 3729 2608 3784; x_wconf 88' lang='lat' dir='ltr'><em>Dei</em></span> <span class='ocrx_word' id='word_1_651' title='bbox 2640 3729 3058 3799; x_wconf 85' lang='lat' dir='ltr'><em>perfectionibus</em></span> <span class='ocrx_word' id='word_1_652' title='bbox 3083 3732 3229 3786; x_wconf 89' lang='lat' dir='ltr'><em>elicit</em></span> <span class='ocrx_word' id='word_1_653' title='bbox 3255 3731 3680 3787; x_wconf 87' lang='lat' dir='ltr'><em>conclusionem:</em></span> <span class='ocrx_word' id='word_1_654' title='bbox 3705 3729 3861 3796; x_wconf 84' lang='lat' dir='ltr'><em>Ideo,</em></span> 
     </span>
    </p>
   </div>
   <div class='ocr_carea' id='block_1_83' title="bbox 2263 3819 3865 3896">
    <p class='ocr_par' dir='ltr' id='par_1_83' title="bbox 2263 3819 3865 3896">
     <span class='ocr_line' id='line_1_83' title="bbox 2263 3819 3865 3896; baseline 0.002 -22"><span class='ocrx_word' id='word_1_655' title='bbox 2263 3819 2456 3890; x_wconf 85' lang='lat' dir='ltr'><em>inquit,</em></span> <span class='ocrx_word' id='word_1_656' title='bbox 2492 3821 2628 3875; x_wconf 89' lang='lat' dir='ltr'><em>Deus</em></span> <span class='ocrx_word' id='word_1_657' title='bbox 2667 3836 2810 3875; x_wconf 85' lang='lat' dir='ltr'><em>verus</em></span> <span class='ocrx_word' id='word_1_658' title='bbox 2849 3832 2893 3876; x_wconf 91' lang='lat' dir='ltr'><em>et</em></span> <span class='ocrx_word' id='word_1_659' title='bbox 2938 3831 3108 3875; x_wconf 87' lang='lat' dir='ltr'><em>tantus</em></span> <span class='ocrx_word' id='word_1_660' title='bbox 3146 3832 3218 3876; x_wconf 87' lang='lat' dir='ltr'><em>cst</em></span> <span class='ocrx_word' id='word_1_661' title='bbox 3257 3819 3464 3896; x_wconf 86' lang='lat' dir='ltr'><em>(lbid.).</em></span> <span class='ocrx_word' id='word_1_662' title='bbox 3496 3821 3684 3878; x_wconf 83' lang='lat' dir='ltr'><em>Nonne</em></span> <span class='ocrx_word' id='word_1_663' title='bbox 3712 3823 3865 3878; x_wconf 86' lang='lat' dir='ltr'><em>enim</em></span> 
     </span>
    </p>
   </div>
   <div class='ocr_carea' id='block_1_84' title="bbox 2263 3912 3862 3985">
    <p class='ocr_par' dir='ltr' id='par_1_84' title="bbox 2263 3912 3862 3985">
     <span class='ocr_line' id='line_1_84' title="bbox 2263 3912 3862 3985; baseline 0.003 -17"><span class='ocrx_word' id='word_1_664' title='bbox 2263 3912 2405 3968; x_wconf 88' lang='lat' dir='ltr'><em>hunc</em></span> <span class='ocrx_word' id='word_1_665' title='bbox 2432 3925 2833 3985; x_wconf 88' lang='lat' dir='ltr'><em>argumentatur</em></span> <span class='ocrx_word' id='word_1_666' title='bbox 2857 3916 2908 3970; x_wconf 93' lang='lat' dir='ltr'><em>in</em></span> <span class='ocrx_word' id='word_1_667' title='bbox 2941 3917 3200 3972; x_wconf 90' lang='lat' dir='ltr'><em>modum?</em></span> <span class='ocrx_word' id='word_1_668' title='bbox 3239 3916 3364 3972; x_wconf 80' lang='lat' dir='ltr'><em>Veri</em></span> <span class='ocrx_word' id='word_1_669' title='bbox 3413 3917 3506 3972; x_wconf 90' lang='lat' dir='ltr'><em>Dei</em></span> <span class='ocrx_word' id='word_1_670' title='bbox 3554 3918 3772 3974; x_wconf 89' lang='lat' dir='ltr'><em>nomine</em></span> <span class='ocrx_word' id='word_1_671' title='bbox 3813 3917 3862 3973; x_wconf 86' lang='lat' dir='ltr'><em>is</em></span> 
     </span>
    </p>
   </div>
   <div class='ocr_carea' id='block_1_85' title="bbox 2264 4007 3863 4080">
    <p class='ocr_par' dir='ltr' id='par_1_85' title="bbox 2264 4007 3863 4080">
     <span class='ocr_line' id='line_1_85' title="bbox 2264 4007 3863 4080; baseline 0.002 -18"><span class='ocrx_word' id='word_1_672' title='bbox 2264 4007 2594 4075; x_wconf 86' lang='lat' dir='ltr'><em>intelligitur,</em></span> <span class='ocrx_word' id='word_1_673' title='bbox 2641 4007 2792 4078; x_wconf 91' lang='lat' dir='ltr'><em>cujus</em></span> <span class='ocrx_word' id='word_1_674' title='bbox 2837 4009 3060 4063; x_wconf 72' lang='lat' dir='ltr'><em>infinita:</em></span> <span class='ocrx_word' id='word_1_675' title='bbox 3103 4018 3228 4063; x_wconf 91' lang='lat' dir='ltr'><em>sunt</em></span> <span class='ocrx_word' id='word_1_676' title='bbox 3265 4009 3641 4078; x_wconf 88' lang='lat' dir='ltr'><em>perfectiones,</em></span> <span class='ocrx_word' id='word_1_677' title='bbox 3675 4018 3729 4064; x_wconf 88' lang='lat' dir='ltr'><em>et</em></span> <span class='ocrx_word' id='word_1_678' title='bbox 3754 4023 3863 4080; x_wconf 92' lang='lat' dir='ltr'><em>quo</em></span> 
     </span>
    </p>
   </div>
   <div class='ocr_carea' id='block_1_86' title="bbox 2266 4093 3861 4173">
    <p class='ocr_par' dir='ltr' id='par_1_86' title="bbox 2266 4093 3861 4173">
     <span class='ocr_line' id='line_1_86' title="bbox 2266 4093 3861 4173; baseline 0.001 -19"><span class='ocrx_word' id='word_1_679' title='bbox 2266 4099 2394 4155; x_wconf 90' lang='lat' dir='ltr'><em>nihil</em></span> <span class='ocrx_word' id='word_1_680' title='bbox 2425 4101 2596 4170; x_wconf 89' lang='lat' dir='ltr'><em>majus</em></span> <span class='ocrx_word' id='word_1_681' title='bbox 2618 4109 2710 4156; x_wconf 89' lang='lat' dir='ltr'><em>aut</em></span> <span class='ocrx_word' id='word_1_682' title='bbox 2730 4093 3015 4172; x_wconf 72' lang='lat' dir='ltr'><em>perfemius</em></span> <span class='ocrx_word' id='word_1_683' title='bbox 3035 4102 3327 4173; x_wconf 82' lang='lat' dir='ltr'><em>excogitari</em></span> <span class='ocrx_word' id='word_1_684' title='bbox 3352 4112 3560 4172; x_wconf 86' lang='lat' dir='ltr'><em>potest;</em></span> <span class='ocrx_word' id='word_1_685' title='bbox 3589 4119 3695 4158; x_wconf 92' lang='lat' dir='ltr'><em>non</em></span> <span class='ocrx_word' id='word_1_686' title='bbox 3719 4103 3861 4157; x_wconf 89' lang='lat' dir='ltr'><em>enim</em></span> 
     </span>
    </p>
   </div>
   <div class='ocr_carea' id='block_1_87' title="bbox 2265 4194 3863 4267">
    <p class='ocr_par' dir='ltr' id='par_1_87' title="bbox 2265 4194 3863 4267">
     <span class='ocr_line' id='line_1_87' title="bbox 2265 4194 3863 4267; baseline 0.001 -19"><span class='ocrx_word' id='word_1_687' title='bbox 2265 4203 2407 4250; x_wconf 84' lang='lat' dir='ltr'><em>esset</em></span> <span class='ocrx_word' id='word_1_688' title='bbox 2433 4209 2592 4249; x_wconf 87' lang='lat' dir='ltr'><em>verus</em></span> <span class='ocrx_word' id='word_1_689' title='bbox 2618 4194 2778 4261; x_wconf 88' lang='lat' dir='ltr'><em>Deus,</em></span> <span class='ocrx_word' id='word_1_690' title='bbox 2809 4196 2853 4249; x_wconf 91' lang='lat' dir='ltr'><em>si</em></span> <span class='ocrx_word' id='word_1_691' title='bbox 2885 4207 3062 4251; x_wconf 87' lang='lat' dir='ltr'><em>tantus</em></span> <span class='ocrx_word' id='word_1_692' title='bbox 3092 4210 3198 4250; x_wconf 91' lang='lat' dir='ltr'><em>non</em></span> <span class='ocrx_word' id='word_1_693' title='bbox 3226 4206 3370 4250; x_wconf 89' lang='lat' dir='ltr'><em>esset</em></span> <span class='ocrx_word' id='word_1_694' title='bbox 3396 4213 3409 4249; x_wconf 94' lang='lat'>:</span> <span class='ocrx_word' id='word_1_695' title='bbox 3441 4207 3497 4249; x_wconf 89' lang='lat' dir='ltr'><em>at</em></span> <span class='ocrx_word' id='word_1_696' title='bbox 3524 4197 3590 4264; x_wconf 92' lang='lat' dir='ltr'><em>is,</em></span> <span class='ocrx_word' id='word_1_697' title='bbox 3619 4196 3709 4267; x_wconf 90' lang='lat' dir='ltr'><em>qui</em></span> <span class='ocrx_word' id='word_1_698' title='bbox 3739 4195 3863 4250; x_wconf 85' lang='lat' dir='ltr'><em>inli-</em></span> 
     </span>
    </p>
   </div>
   <div class='ocr_carea' id='block_1_88' title="bbox 2265 4279 3862 4358">
    <p class='ocr_par' dir='ltr' id='par_1_88' title="bbox 2265 4279 3862 4358">
     <span class='ocr_line' id='line_1_88' title="bbox 2265 4279 3862 4358; baseline 0 -16"><span class='ocrx_word' id='word_1_699' title='bbox 2265 4289 2405 4343; x_wconf 90' lang='lat' dir='ltr'><em>nitas</em></span> <span class='ocrx_word' id='word_1_700' title='bbox 2437 4285 2789 4357; x_wconf 84' lang='lat' dir='ltr'><em>perfectiones</em></span> <span class='ocrx_word' id='word_1_701' title='bbox 2818 4289 2868 4342; x_wconf 90' lang='lat' dir='ltr'><em>in</em></span> <span class='ocrx_word' id='word_1_702' title='bbox 2900 4303 2957 4344; x_wconf 91' lang='lat' dir='ltr'><em>se</em></span> <span class='ocrx_word' id='word_1_703' title='bbox 3001 4279 3398 4357; x_wconf 76' lang='lat' dir='ltr'><em>complectitur,</em></span> <span class='ocrx_word' id='word_1_704' title='bbox 3443 4304 3472 4342; x_wconf 89' lang='lat' dir='ltr'><em>a</em></span> <span class='ocrx_word' id='word_1_705' title='bbox 3519 4304 3578 4342; x_wconf 89' lang='lat' dir='ltr'><em>se</em></span> <span class='ocrx_word' id='word_1_706' title='bbox 3623 4287 3862 4358; x_wconf 88' lang='lat' dir='ltr'><em>profecto</em></span> 
     </span>
    </p>
   </div>
   <div class='ocr_carea' id='block_1_89' title="bbox 2266 4379 3866 4453">
    <p class='ocr_par' dir='ltr' id='par_1_89' title="bbox 2266 4379 3866 4453">
     <span class='ocr_line' id='line_1_89' title="bbox 2266 4379 3866 4453; baseline 0.001 -19"><span class='ocrx_word' id='word_1_707' title='bbox 2266 4379 2446 4447; x_wconf 87' lang='lat' dir='ltr'><em>habet,</em></span> <span class='ocrx_word' id='word_1_708' title='bbox 2490 4391 2545 4435; x_wconf 89' lang='lat' dir='ltr'><em>et</em></span> <span class='ocrx_word' id='word_1_709' title='bbox 2573 4381 2713 4451; x_wconf 90' lang='lat' dir='ltr'><em>quod</em></span> <span class='ocrx_word' id='word_1_710' title='bbox 2758 4381 2970 4446; x_wconf 79' lang='lat' dir='ltr'><em>existat,</em></span> <span class='ocrx_word' id='word_1_711' title='bbox 3018 4390 3071 4435; x_wconf 90' lang='lat' dir='ltr'><em>et</em></span> <span class='ocrx_word' id='word_1_712' title='bbox 3099 4380 3242 4450; x_wconf 88' lang='lat' dir='ltr'><em>quod</em></span> <span class='ocrx_word' id='word_1_713' title='bbox 3273 4380 3392 4434; x_wconf 88' lang='lat' dir='ltr'><em>aliis</em></span> <span class='ocrx_word' id='word_1_714' title='bbox 3420 4379 3618 4435; x_wconf 89' lang='lat' dir='ltr'><em>tribuat</em></span> <span class='ocrx_word' id='word_1_715' title='bbox 3674 4391 3731 4453; x_wconf 70' lang='lat' dir='ltr'><em>ut</em></span> <span class='ocrx_word' id='word_1_716' title='bbox 3761 4381 3866 4436; x_wconf 86' lang='lat' dir='ltr'><em>sint</em></span> 
     </span>
    </p>
   </div>
   <div class='ocr_carea' id='block_1_90' title="bbox 2266 4474 3864 4539">
    <p class='ocr_par' dir='ltr' id='par_1_90' title="bbox 2266 4474 3864 4539">
     <span class='ocr_line' id='line_1_90' title="bbox 2266 4474 3864 4539; baseline -0.001 -12"><span class='ocrx_word' id='word_1_717' title='bbox 2266 4481 2319 4527; x_wconf 89' lang='lat' dir='ltr'><em>et</em></span> <span class='ocrx_word' id='word_1_718' title='bbox 2349 4474 2616 4539; x_wconf 83' lang='lat' dir='ltr'><em>existant;</em></span> <span class='ocrx_word' id='word_1_719' title='bbox 2668 4488 2788 4527; x_wconf 90' lang='lat' dir='ltr'><em>cum</em></span> <span class='ocrx_word' id='word_1_720' title='bbox 2817 4475 2960 4527; x_wconf 88' lang='lat' dir='ltr'><em>enim</em></span> <span class='ocrx_word' id='word_1_721' title='bbox 2990 4488 3053 4527; x_wconf 85' lang='lat' dir='ltr'><em>ea</em></span> <span class='ocrx_word' id='word_1_722' title='bbox 3083 4474 3153 4527; x_wconf 89' lang='lat' dir='ltr'><em>sit</em></span> <span class='ocrx_word' id='word_1_723' title='bbox 3183 4489 3361 4528; x_wconf 89' lang='lat' dir='ltr'><em>rerum</em></span> <span class='ocrx_word' id='word_1_724' title='bbox 3391 4474 3631 4528; x_wconf 90' lang='lat' dir='ltr'><em>omnium</em></span> <span class='ocrx_word' id='word_1_725' title='bbox 3657 4482 3864 4528; x_wconf 85' lang='lat' dir='ltr'><em>creata-</em></span> 
     </span>
    </p>
   </div>
   <div class='ocr_carea' id='block_1_91' title="bbox 635 4561 3862 4637">
    <p class='ocr_par' dir='ltr' id='par_1_91' title="bbox 635 4561 3862 4637">
     <span class='ocr_line' id='line_1_91' title="bbox 635 4561 3862 4637; baseline 0.001 -20"><span class='ocrx_word' id='word_1_726' title='bbox 635 4563 973 4634; x_wconf 80' lang='lat' dir='ltr'><em>QuaprOpter</em></span> <span class='ocrx_word' id='word_1_727' title='bbox 1007 4563 1093 4616; x_wconf 87' lang='lat' dir='ltr'><em>illa</em></span> <span class='ocrx_word' id='word_1_728' title='bbox 1126 4563 1212 4618; x_wconf 92' lang='lat' dir='ltr'><em>hic</em></span> <span class='ocrx_word' id='word_1_729' title='bbox 1241 4579 1347 4618; x_wconf 91' lang='lat' dir='ltr'><em>non</em></span> <span class='ocrx_word' id='word_1_730' title='bbox 1384 4564 1672 4633; x_wconf 86' lang='lat' dir='ltr'><em>repetenda</em></span> <span class='ocrx_word' id='word_1_731' title='bbox 1704 4579 1984 4619; x_wconf 86' lang='lat' dir='ltr'><em>censemus</em></span> <span class='ocrx_word' id='word_1_732' title='bbox 2003 4607 2018 4633; x_wconf 92' lang='lat'><em>,</em></span> <span class='ocrx_word' id='word_1_733' title='bbox 2067 4567 2158 4621; x_wconf 91' lang='lat' dir='ltr'><em>sed</em></span> <span class='ocrx_word' id='word_1_734' title='bbox 2183 4561 2239 4623; x_wconf 92' lang='lat' dir='ltr'><em>D</em></span> <span class='ocrx_word' id='word_1_735' title='bbox 2268 4582 2383 4620; x_wconf 89' lang='lat' dir='ltr'><em>rum</em></span> <span class='ocrx_word' id='word_1_736' title='bbox 2410 4567 2596 4630; x_wconf 88' lang='lat' dir='ltr'><em>series,</em></span> <span class='ocrx_word' id='word_1_737' title='bbox 2627 4576 2682 4618; x_wconf 93' lang='lat' dir='ltr'><em>ut</em></span> <span class='ocrx_word' id='word_1_738' title='bbox 2711 4567 3034 4636; x_wconf 87' lang='lat' dir='ltr'><em>posteriores</em></span> <span class='ocrx_word' id='word_1_739' title='bbox 3064 4565 3132 4620; x_wconf 90' lang='lat' dir='ltr'><em>ab</em></span> <span class='ocrx_word' id='word_1_740' title='bbox 3161 4566 3556 4636; x_wconf 84' lang='lat' dir='ltr'><em>antiquioribus</em></span> <span class='ocrx_word' id='word_1_741' title='bbox 3581 4566 3862 4637; x_wconf 89' lang='lat' dir='ltr'><em>originem,</em></span> 
     </span>
    </p>
   </div>
   <div class='ocr_carea' id='block_1_92' title="bbox 566 4653 2157 4720">
    <p class='ocr_par' dir='ltr' id='par_1_92' title="bbox 566 4653 2157 4720">
     <span class='ocr_line' id='line_1_92' title="bbox 566 4653 2157 4720; baseline 0.001 -9"><span class='ocrx_word' id='word_1_742' title='bbox 566 4653 695 4711; x_wconf 89' lang='lat' dir='ltr'><em>illud</em></span> <span class='ocrx_word' id='word_1_743' title='bbox 724 4654 983 4710; x_wconf 87' lang='lat' dir='ltr'><em>duntaxat</em></span> <span class='ocrx_word' id='word_1_744' title='bbox 1024 4654 1458 4720; x_wconf 78' lang='lat' dir='ltr'><em>examinandum,</em></span> <span class='ocrx_word' id='word_1_745' title='bbox 1493 4671 1588 4710; x_wconf 89' lang='lat' dir='ltr'><em>cur</em></span> <span class='ocrx_word' id='word_1_746' title='bbox 1617 4656 1811 4711; x_wconf 75' lang='lat' dir='ltr'><em>dixerit</em></span> <span class='ocrx_word' id='word_1_747' title='bbox 1838 4656 1974 4714; x_wconf 90' lang='lat' dir='ltr'><em>hanc</em></span> <span class='ocrx_word' id='word_1_748' title='bbox 2002 4667 2157 4713; x_wconf 86' lang='lat' dir='ltr'><em>natu-</em></span> 
     </span>
    </p>
   </div>
   <div class='ocr_carea' id='block_1_93' title="bbox 564 4748 2162 4805">
    <p class='ocr_par' dir='ltr' id='par_1_93' title="bbox 564 4748 2162 4805">
     <span class='ocr_line' id='line_1_93' title="bbox 564 4748 2162 4805; baseline 0.001 -1"><span class='ocrx_word' id='word_1_749' title='bbox 564 4748 730 4804; x_wconf 84' lang='lat' dir='ltr'><em>ralem</em></span> <span class='ocrx_word' id='word_1_750' title='bbox 761 4748 855 4803; x_wconf 89' lang='lat' dir='ltr'><em>Dei</em></span> <span class='ocrx_word' id='word_1_751' title='bbox 887 4748 1280 4804; x_wconf 84' lang='lat' dir='ltr'><em>invocationem</em></span> <span class='ocrx_word' id='word_1_752' title='bbox 1334 4763 1455 4802; x_wconf 89' lang='lat' dir='ltr'><em>esse</em></span> <span class='ocrx_word' id='word_1_753' title='bbox 1492 4749 1832 4803; x_wconf 82' lang='lat' dir='ltr'><em>testimonium</em></span> <span class='ocrx_word' id='word_1_754' title='bbox 1860 4753 2045 4804; x_wconf 72' lang='lat' dir='ltr'><em>anima:</em></span> <span class='ocrx_word' id='word_1_755' title='bbox 2069 4768 2162 4805; x_wconf 67' lang='lat' dir='ltr'><em>na.</em></span> 
     </span>
    </p>
   </div>
   <div class='ocr_carea' id='block_1_94' title="bbox 567 4839 2161 4910">
    <p class='ocr_par' dir='ltr' id='par_1_94' title="bbox 567 4839 2161 4910">
     <span class='ocr_line' id='line_1_94' title="bbox 567 4839 2161 4910; baseline 0.004 -16"><span class='ocrx_word' id='word_1_756' title='bbox 567 4839 796 4894; x_wconf 86' lang='lat' dir='ltr'><em>turaliter</em></span> <span class='ocrx_word' id='word_1_757' title='bbox 821 4841 1133 4896; x_wconf 64' lang='lat' dir='ltr'><em>christiana.</em></span> <span class='ocrx_word' id='word_1_758' title='bbox 1179 4840 1443 4910; x_wconf 80' lang='lat' dir='ltr'><em>Numquid</em></span> <span class='ocrx_word' id='word_1_759' title='bbox 1475 4841 1618 4895; x_wconf 90' lang='lat' dir='ltr'><em>enim</em></span> <span class='ocrx_word' id='word_1_760' title='bbox 1646 4842 1822 4896; x_wconf 89' lang='lat' dir='ltr'><em>anima</em></span> <span class='ocrx_word' id='word_1_761' title='bbox 1850 4845 2161 4901; x_wconf 87' lang='lat' dir='ltr'><em>naturaliter</em></span> 
     </span>
    </p>
   </div>
   <div class='ocr_carea' id='block_1_95' title="bbox 564 4922 2156 5006">
    <p class='ocr_par' dir='ltr' id='par_1_95' title="bbox 564 4922 2156 5006">
     <span class='ocr_line' id='line_1_95' title="bbox 564 4922 2156 5006; baseline -0.001 -12"><span class='ocrx_word' id='word_1_762' title='bbox 564 4936 853 4994; x_wconf 83' lang='lat' dir='ltr'><em>christiana</em></span> <span class='ocrx_word' id='word_1_763' title='bbox 899 4936 1021 4992; x_wconf 80' lang='lat' dir='ltr'><em>est?</em></span> <span class='ocrx_word' id='word_1_764' title='bbox 1066 4935 1258 4991; x_wconf 88' lang='lat' dir='ltr'><em>Nonne</em></span> <span class='ocrx_word' id='word_1_765' title='bbox 1298 4922 1458 5005; x_wconf 88' lang='lat' dir='ltr'><em>paulo</em></span> <span class='ocrx_word' id='word_1_766' title='bbox 1490 4947 1606 5005; x_wconf 90' lang='lat' dir='ltr'><em>post</em></span> <span class='ocrx_word' id='word_1_767' title='bbox 1647 4937 1735 4993; x_wconf 91' lang='lat' dir='ltr'><em>ille</em></span> <span class='ocrx_word' id='word_1_768' title='bbox 1774 4938 1946 4993; x_wconf 81' lang='lat' dir='ltr'><em>dixit:</em></span> <span class='ocrx_word' id='word_1_769' title='bbox 1979 4938 2156 5006; x_wconf 84' lang='lat' dir='ltr'><em>Fiunt,</em></span> 
     </span>
    </p>
   </div>
   <div class='ocr_carea' id='block_1_96' title="bbox 567 5029 2156 5105">
    <p class='ocr_par' dir='ltr' id='par_1_96' title="bbox 567 5029 2156 5105">
     <span class='ocr_line' id='line_1_96' title="bbox 567 5029 2156 5105; baseline 0.002 -18"><span class='ocrx_word' id='word_1_770' title='bbox 567 5049 668 5088; x_wconf 83' lang='lat' dir='ltr'><em>non</em></span> <span class='ocrx_word' id='word_1_771' title='bbox 696 5043 974 5087; x_wconf 89' lang='lat' dir='ltr'><em>nascuntur</em></span> <span class='ocrx_word' id='word_1_772' title='bbox 994 5029 1270 5086; x_wconf 83' lang='lat' dir='ltr'><em>Christiani</em></span> <span class='ocrx_word' id='word_1_773' title='bbox 1287 5030 1592 5101; x_wconf 86' lang='lat' dir='ltr'><em>(Tertullian</em></span> <span class='ocrx_word' id='word_1_774' title='bbox 1603 5074 1615 5085; x_wconf 87' lang='lat'><em>.</em></span> <span class='ocrx_word' id='word_1_775' title='bbox 1633 5032 1672 5085; x_wconf 87' lang='lat' dir='ltr'><strong><em>A</em></strong></span> <span class='ocrx_word' id='word_1_776' title='bbox 1681 5033 1900 5103; x_wconf 87' lang='lat' dir='ltr'><em>pologet.</em></span> <span class='ocrx_word' id='word_1_777' title='bbox 1925 5051 2041 5105; x_wconf 87' lang='lat' dir='ltr'><em>cap.</em></span> <span class='ocrx_word' id='word_1_778' title='bbox 2067 5037 2094 5092; x_wconf 93' lang='grc'><em>1</em></span> <span class='ocrx_word' id='word_1_779' title='bbox 2105 5037 2156 5105; x_wconf 87' lang='lat'><em>7,</em></span> 
     </span>
    </p>
   </div>
   <div class='ocr_carea' id='block_1_97' title="bbox 567 5121 2159 5198">
    <p class='ocr_par' dir='ltr' id='par_1_97' title="bbox 567 5121 2159 5198">
     <span class='ocr_line' id='line_1_97' title="bbox 567 5121 2159 5198; baseline 0.003 -21"><span class='ocrx_word' id='word_1_780' title='bbox 567 5141 684 5194; x_wconf 86' lang='lat' dir='ltr'><em>pag.</em></span> <span class='ocrx_word' id='word_1_781' title='bbox 715 5124 854 5189; x_wconf 79' lang='lat'><strong>577;</strong></span> <span class='ocrx_word' id='word_1_782' title='bbox 887 5121 1022 5176; x_wconf 87' lang='lat' dir='ltr'><em>Ibid.</em></span> <span class='ocrx_word' id='word_1_783' title='bbox 1055 5139 1173 5192; x_wconf 88' lang='lat' dir='ltr'><em>cap.</em></span> <span class='ocrx_word' id='word_1_784' title='bbox 1208 5121 1299 5188; x_wconf 80' lang='grc'><em>18,</em></span> <span class='ocrx_word' id='word_1_785' title='bbox 1335 5139 1454 5193; x_wconf 87' lang='lat' dir='ltr'><em>pag.</em></span> <span class='ocrx_word' id='word_1_786' title='bbox 1487 5121 1946 5186; x_wconf 78' lang='lat' dir='ltr'><em>378)?Alibivero</em></span> <span class='ocrx_word' id='word_1_787' title='bbox 1991 5127 2159 5198; x_wconf 88' lang='lat' dir='ltr'><em>ipsam</em></span> 
     </span>
    </p>
   </div>
   <div class='ocr_carea' id='block_1_98' title="bbox 565 5215 2161 5289">
    <p class='ocr_par' dir='ltr' id='par_1_98' title="bbox 565 5215 2161 5289">
     <span class='ocr_line' id='line_1_98' title="bbox 565 5215 2161 5289; baseline 0.001 -17"><span class='ocrx_word' id='word_1_788' title='bbox 565 5218 798 5273; x_wconf 86' lang='lat' dir='ltr'><em>animam</em></span> <span class='ocrx_word' id='word_1_789' title='bbox 815 5219 893 5273; x_wconf 90' lang='lat' dir='ltr'><em>sic</em></span> <span class='ocrx_word' id='word_1_790' title='bbox 911 5217 1205 5288; x_wconf 87' lang='lat' dir='ltr'><em>alloquitur</em></span> <span class='ocrx_word' id='word_1_791' title='bbox 1225 5235 1237 5271; x_wconf 89' lang='lat'>:</span> <span class='ocrx_word' id='word_1_792' title='bbox 1261 5215 1382 5270; x_wconf 85' lang='lat' dir='ltr'><em>Non</em></span> <span class='ocrx_word' id='word_1_793' title='bbox 1403 5233 1477 5282; x_wconf 89' lang='lat' dir='ltr'><em>es,</em></span> <span class='ocrx_word' id='word_1_794' title='bbox 1501 5217 1638 5289; x_wconf 87' lang='lat' dir='ltr'><em>quod</em></span> <span class='ocrx_word' id='word_1_795' title='bbox 1658 5219 1832 5283; x_wconf 88' lang='lat' dir='ltr'><em>sciam,</em></span> <span class='ocrx_word' id='word_1_796' title='bbox 1857 5219 2161 5289; x_wconf 86' lang='lat' dir='ltr'><em>christiana;</em></span> 
     </span>
    </p>
   </div>
   <div class='ocr_carea' id='block_1_99' title="bbox 565 5309 2158 5383">
    <p class='ocr_par' dir='ltr' id='par_1_99' title="bbox 565 5309 2158 5383">
     <span class='ocr_line' id='line_1_99' title="bbox 565 5309 2158 5383; baseline 0.003 -19"><span class='ocrx_word' id='word_1_797' title='bbox 565 5311 678 5382; x_wconf 81' lang='lat' dir='ltr'><em>ﬁeri</em></span> <span class='ocrx_word' id='word_1_798' title='bbox 716 5312 869 5377; x_wconf 90' lang='lat' dir='ltr'><em>enim,</em></span> <span class='ocrx_word' id='word_1_799' title='bbox 913 5326 1016 5365; x_wconf 87' lang='lat' dir='ltr'><em>non</em></span> <span class='ocrx_word' id='word_1_800' title='bbox 1078 5310 1223 5364; x_wconf 87' lang='lat' dir='ltr'><em>nasci</em></span> <span class='ocrx_word' id='word_1_801' title='bbox 1291 5309 1425 5365; x_wconf 86' lang='lat' dir='ltr'><em>soles</em></span> <span class='ocrx_word' id='word_1_802' title='bbox 1491 5310 1767 5364; x_wconf 87' lang='lat' dir='ltr'><em>christiana</em></span> <span class='ocrx_word' id='word_1_803' title='bbox 1808 5309 2026 5383; x_wconf 82' lang='lat' dir='ltr'><em>(fdem,</em></span> <span class='ocrx_word' id='word_1_804' title='bbox 2068 5314 2158 5368; x_wconf 91' lang='lat' dir='ltr'><em>lib.</em></span> 
     </span>
    </p>
   </div>
   <div class='ocr_carea' id='block_1_100' title="bbox 565 5400 2160 5473">
    <p class='ocr_par' dir='ltr' id='par_1_100' title="bbox 565 5400 2160 5473">
     <span class='ocr_line' id='line_1_100' title="bbox 565 5400 2160 5473; baseline 0.001 -14"><span class='ocrx_word' id='word_1_805' title='bbox 565 5405 628 5460; x_wconf 84' lang='lat' dir='ltr'><em>de</em></span> <span class='ocrx_word' id='word_1_806' title='bbox 669 5401 875 5458; x_wconf 86' lang='lat' dir='ltr'><em>Testim.</em></span> <span class='ocrx_word' id='word_1_807' title='bbox 935 5401 1120 5470; x_wconf 87' lang='lat' dir='ltr'><em>anim.,</em></span> <span class='ocrx_word' id='word_1_808' title='bbox 1182 5401 1420 5473; x_wconf 64' lang='lat' dir='ltr'><em>capJ).</em></span> <span class='ocrx_word' id='word_1_809' title='bbox 1453 5402 1522 5457; x_wconf 84' lang='lat' dir='ltr'><em>At</em></span> <span class='ocrx_word' id='word_1_810' title='bbox 1585 5401 1630 5456; x_wconf 86' lang='lat' dir='ltr'><em>si</em></span> <span class='ocrx_word' id='word_1_811' title='bbox 1678 5400 1841 5458; x_wconf 89' lang='lat' dir='ltr'><em>homo</em></span> <span class='ocrx_word' id='word_1_812' title='bbox 1897 5419 2007 5460; x_wconf 90' lang='lat' dir='ltr'><em>non</em></span> <span class='ocrx_word' id='word_1_813' title='bbox 2062 5421 2160 5461; x_wconf 84' lang='lat' dir='ltr'><em>ua-</em></span> 
     </span>
    </p>
   </div>
   <div class='ocr_carea' id='block_1_101' title="bbox 563 5493 2158 5564">
    <p class='ocr_par' dir='ltr' id='par_1_101' title="bbox 563 5493 2158 5564">
     <span class='ocr_line' id='line_1_101' title="bbox 563 5493 2158 5564; baseline -0.001 -10"><span class='ocrx_word' id='word_1_814' title='bbox 563 5499 752 5561; x_wconf 84' lang='lat' dir='ltr'><em>scitur,</em></span> <span class='ocrx_word' id='word_1_815' title='bbox 772 5495 867 5552; x_wconf 89' lang='lat' dir='ltr'><em>sed</em></span> <span class='ocrx_word' id='word_1_816' title='bbox 913 5493 974 5550; x_wconf 85' lang='lat' dir='ltr'><em>fit</em></span> <span class='ocrx_word' id='word_1_817' title='bbox 1009 5493 1364 5561; x_wconf 80' lang='lat' dir='ltr'><em>christianos,</em></span> <span class='ocrx_word' id='word_1_818' title='bbox 1407 5509 1538 5564; x_wconf 91' lang='lat' dir='ltr'><em>ergo</em></span> <span class='ocrx_word' id='word_1_819' title='bbox 1571 5493 1687 5564; x_wconf 87' lang='lat' dir='ltr'><em>ejus</em></span> <span class='ocrx_word' id='word_1_820' title='bbox 1715 5494 1890 5549; x_wconf 89' lang='lat' dir='ltr'><em>anima</em></span> <span class='ocrx_word' id='word_1_821' title='bbox 1941 5506 2158 5552; x_wconf 87' lang='lat' dir='ltr'><em>natura-</em></span> 
     </span>
    </p>
   </div>
   <div class='ocr_carea' id='block_1_102' title="bbox 562 5585 2154 5660">
    <p class='ocr_par' dir='ltr' id='par_1_102' title="bbox 562 5585 2154 5660">
     <span class='ocr_line' id='line_1_102' title="bbox 562 5585 2154 5660; baseline -0.002 -13"><span class='ocrx_word' id='word_1_822' title='bbox 562 5589 687 5647; x_wconf 85' lang='lat' dir='ltr'><em>liter</em></span> <span class='ocrx_word' id='word_1_823' title='bbox 715 5589 1003 5644; x_wconf 82' lang='lat' dir='ltr'><em>christiana</em></span> <span class='ocrx_word' id='word_1_824' title='bbox 1027 5597 1259 5643; x_wconf 89' lang='lat' dir='ltr'><em>nonest.</em></span> <span class='ocrx_word' id='word_1_825' title='bbox 1286 5586 1482 5642; x_wconf 80' lang='lat' dir='ltr'><em>Verum</em></span> <span class='ocrx_word' id='word_1_826' title='bbox 1505 5585 1886 5656; x_wconf 81' lang='lat' dir='ltr'><em>Tcrtullianus,</em></span> <span class='ocrx_word' id='word_1_827' title='bbox 1914 5589 2003 5660; x_wconf 92' lang='lat' dir='ltr'><em>qui</em></span> <span class='ocrx_word' id='word_1_828' title='bbox 2028 5604 2154 5658; x_wconf 87' lang='lat' dir='ltr'><em>pau-</em></span> 
     </span>
    </p>
   </div>
   <div class='ocr_carea' id='block_1_103' title="bbox 561 5677 2153 5750">
    <p class='ocr_par' dir='ltr' id='par_1_103' title="bbox 561 5677 2153 5750">
     <span class='ocr_line' id='line_1_103' title="bbox 561 5677 2153 5750; baseline -0.003 -12"><span class='ocrx_word' id='word_1_829' title='bbox 561 5697 655 5738; x_wconf 86' lang='lat' dir='ltr'><em>cas</em></span> <span class='ocrx_word' id='word_1_830' title='bbox 701 5684 840 5737; x_wconf 87' lang='lat' dir='ltr'><em>inter</em></span> <span class='ocrx_word' id='word_1_831' title='bbox 883 5680 1051 5736; x_wconf 88' lang='lat' dir='ltr'><em>lineas</em></span> <span class='ocrx_word' id='word_1_832' title='bbox 1091 5681 1194 5736; x_wconf 88' lang='lat' dir='ltr'><em>sibi</em></span> <span class='ocrx_word' id='word_1_833' title='bbox 1242 5680 1425 5750; x_wconf 90' lang='lat' dir='ltr'><em>procul</em></span> <span class='ocrx_word' id='word_1_834' title='bbox 1471 5677 1638 5735; x_wconf 90' lang='lat' dir='ltr'><em>dubio</em></span> <span class='ocrx_word' id='word_1_835' title='bbox 1677 5695 1784 5735; x_wconf 88' lang='lat' dir='ltr'><em>non</em></span> <span class='ocrx_word' id='word_1_836' title='bbox 1811 5681 2153 5749; x_wconf 84' lang='lat' dir='ltr'><em>contradixit,</em></span> 
     </span>
    </p>
   </div>
   <div class='ocr_carea' id='block_1_104' title="bbox 561 5771 2153 5846">
    <p class='ocr_par' dir='ltr' id='par_1_104' title="bbox 561 5771 2153 5846">
     <span class='ocr_line' id='line_1_104' title="bbox 561 5771 2153 5846; baseline 0.001 -16"><span class='ocrx_word' id='word_1_837' title='bbox 561 5773 834 5846; x_wconf 78' lang='lat' dir='ltr'><em>prioribus</em></span> <span class='ocrx_word' id='word_1_838' title='bbox 859 5773 1038 5830; x_wconf 85' lang='lat' dir='ltr'><em>verbis</em></span> <span class='ocrx_word' id='word_1_839' title='bbox 1061 5774 1192 5828; x_wconf 88' lang='lat' dir='ltr'><em>nihil</em></span> <span class='ocrx_word' id='word_1_840' title='bbox 1216 5773 1360 5832; x_wconf 83' lang='lat' dir='ltr'><em>aliud</em></span> <span class='ocrx_word' id='word_1_841' title='bbox 1390 5771 1674 5843; x_wconf 83' lang='lat' dir='ltr'><em>significat,</em></span> <span class='ocrx_word' id='word_1_842' title='bbox 1703 5773 1808 5830; x_wconf 84' lang='lat' dir='ltr'><em>nisi</em></span> <span class='ocrx_word' id='word_1_843' title='bbox 1831 5773 2024 5832; x_wconf 66' lang='lat' dir='ltr'><em>animae</em></span> <span class='ocrx_word' id='word_1_844' title='bbox 2050 5773 2153 5832; x_wconf 81' lang='lat' dir='ltr'><em>hu-</em></span> 
     </span>
    </p>
   </div>
   <div class='ocr_carea' id='block_1_105' title="bbox 2265 4659 3940 4731">
    <p class='ocr_par' dir='ltr' id='par_1_105' title="bbox 2265 4659 3940 4731">
     <span class='ocr_line' id='line_1_105' title="bbox 2265 4659 3940 4731; baseline 0.001 -18"><span class='ocrx_word' id='word_1_845' title='bbox 2265 4676 2368 4731; x_wconf 90' lang='lat' dir='ltr'><em>qua</em></span> <span class='ocrx_word' id='word_1_846' title='bbox 2391 4661 2974 4730; x_wconf 77' lang='lat' dir='ltr'><em>existunt,acseperiut,</em></span> <span class='ocrx_word' id='word_1_847' title='bbox 2988 4659 3174 4714; x_wconf 87' lang='lat' dir='ltr'><em>debuit</em></span> <span class='ocrx_word' id='word_1_848' title='bbox 3190 4670 3314 4715; x_wconf 87' lang='lat' dir='ltr'><em>ante</em></span> <span class='ocrx_word' id='word_1_849' title='bbox 3333 4675 3496 4715; x_wconf 89' lang='lat' dir='ltr'><em>omne</em></span> <span class='ocrx_word' id='word_1_850' title='bbox 3519 4671 3728 4730; x_wconf 86' lang='lat' dir='ltr'><em>tempus</em></span> <span class='ocrx_word' id='word_1_851' title='bbox 3746 4675 3867 4716; x_wconf 86' lang='lat' dir='ltr'><em>esse</em></span> <span class='ocrx_word' id='word_1_852' title='bbox 3929 4691 3940 4697; x_wconf 59' lang='grc' dir='ltr'>ι</span> 
     </span>
    </p>
   </div>
   <div class='ocr_carea' id='block_1_106' title="bbox 2265 4751 3867 4825">
    <p class='ocr_par' dir='ltr' id='par_1_106' title="bbox 2265 4751 3867 4825">
     <span class='ocr_line' id='line_1_106' title="bbox 2265 4751 3867 4825; baseline 0 -17"><span class='ocrx_word' id='word_1_853' title='bbox 2265 4753 2569 4825; x_wconf 89' lang='lat' dir='ltr'><em>aliquis,qui</em></span> <span class='ocrx_word' id='word_1_854' title='bbox 2601 4768 2627 4806; x_wconf 91' lang='lat' dir='ltr'><em>a</em></span> <span class='ocrx_word' id='word_1_855' title='bbox 2658 4754 2823 4818; x_wconf 92' lang='lat' dir='ltr'><em>nullo,</em></span> <span class='ocrx_word' id='word_1_856' title='bbox 2846 4752 2938 4808; x_wconf 85' lang='lat' dir='ltr'><em>sed</em></span> <span class='ocrx_word' id='word_1_857' title='bbox 2969 4754 3145 4822; x_wconf 89' lang='lat' dir='ltr'><em>potius</em></span> <span class='ocrx_word' id='word_1_858' title='bbox 3171 4769 3200 4807; x_wconf 93' lang='lat' dir='ltr'><em>a</em></span> <span class='ocrx_word' id='word_1_859' title='bbox 3230 4767 3289 4808; x_wconf 91' lang='lat' dir='ltr'><em>se</em></span> <span class='ocrx_word' id='word_1_860' title='bbox 3317 4753 3432 4824; x_wconf 89' lang='lat' dir='ltr'><em>ipso</em></span> <span class='ocrx_word' id='word_1_861' title='bbox 3452 4753 3696 4810; x_wconf 87' lang='lat' dir='ltr'><em>habuerit</em></span> <span class='ocrx_word' id='word_1_862' title='bbox 3723 4751 3867 4824; x_wconf 88' lang='lat' dir='ltr'><em>quod</em></span> 
     </span>
    </p>
   </div>
   <div class='ocr_carea' id='block_1_107' title="bbox 2265 4826 3868 4916">
    <p class='ocr_par' dir='ltr' id='par_1_107' title="bbox 2265 4826 3868 4916">
     <span class='ocr_line' id='line_1_107' title="bbox 2265 4826 3868 4916; baseline 0.001 -15"><span class='ocrx_word' id='word_1_863' title='bbox 2265 4847 2477 4911; x_wconf 85' lang='lat' dir='ltr'><em>existat,</em></span> <span class='ocrx_word' id='word_1_864' title='bbox 2507 4857 2558 4900; x_wconf 87' lang='lat' dir='ltr'><em>et</em></span> <span class='ocrx_word' id='word_1_865' title='bbox 2588 4846 2746 4901; x_wconf 89' lang='lat' dir='ltr'><em>rebus</em></span> <span class='ocrx_word' id='word_1_866' title='bbox 2771 4845 3068 4916; x_wconf 88' lang='lat' dir='ltr'><em>quibusque</em></span> <span class='ocrx_word' id='word_1_867' title='bbox 3089 4846 3288 4900; x_wconf 89' lang='lat' dir='ltr'><em>creatis</em></span> <span class='ocrx_word' id='word_1_868' title='bbox 3319 4860 3412 4899; x_wconf 89' lang='lat' dir='ltr'><em>eas</em></span> <span class='ocrx_word' id='word_1_869' title='bbox 3435 4861 3625 4901; x_wconf 86' lang='lat' dir='ltr'><em>omnes</em></span> <span class='ocrx_word' id='word_1_870' title='bbox 3673 4826 3868 4916; x_wconf 78' lang='lat' dir='ltr'><em>quibus</em></span> 
     </span>
    </p>
   </div>
   <div class='ocr_carea' id='block_1_108' title="bbox 2267 4939 3868 5010">
    <p class='ocr_par' dir='ltr' id='par_1_108' title="bbox 2267 4939 3868 5010">
     <span class='ocr_line' id='line_1_108' title="bbox 2267 4939 3868 5010; baseline 0.001 -17"><span class='ocrx_word' id='word_1_871' title='bbox 2267 4940 2503 5010; x_wconf 62' lang='lat' dir='ltr'><em>praedita:</em></span> <span class='ocrx_word' id='word_1_872' title='bbox 2533 4950 2676 5003; x_wconf 89' lang='lat' dir='ltr'><em>sunt,</em></span> <span class='ocrx_word' id='word_1_873' title='bbox 2709 4939 3063 5009; x_wconf 82' lang='lat' dir='ltr'><em>perfectiones</em></span> <span class='ocrx_word' id='word_1_874' title='bbox 3095 4939 3348 5010; x_wconf 86' lang='lat' dir='ltr'><em>largiatur</em></span> <span class='ocrx_word' id='word_1_875' title='bbox 3380 4957 3393 4992; x_wconf 89' lang='lat'><strong>:</strong></span> <span class='ocrx_word' id='word_1_876' title='bbox 3437 4949 3491 4993; x_wconf 88' lang='lat' dir='ltr'><em>at</em></span> <span class='ocrx_word' id='word_1_877' title='bbox 3533 4939 3621 4993; x_wconf 83' lang='lat' dir='ltr'><em>ille</em></span> <span class='ocrx_word' id='word_1_878' title='bbox 3646 4941 3762 4993; x_wconf 85' lang='lat' dir='ltr'><em>ideo</em></span> <span class='ocrx_word' id='word_1_879' title='bbox 3793 4949 3868 4994; x_wconf 87' lang='lat' dir='ltr'><em>est</em></span> 
     </span>
    </p>
   </div>
   <div class='ocr_carea' id='block_1_109' title="bbox 2263 5029 3945 5099">
    <p class='ocr_par' dir='ltr' id='par_1_109' title="bbox 2263 5029 3945 5099">
     <span class='ocr_line' id='line_1_109' title="bbox 2263 5029 3945 5099; baseline -0.001 -14"><span class='ocrx_word' id='word_1_880' title='bbox 2263 5046 2439 5096; x_wconf 86' lang='lat' dir='ltr'><em>verus,</em></span> <span class='ocrx_word' id='word_1_881' title='bbox 2481 5031 2600 5099; x_wconf 85' lang='lat' dir='ltr'><em>quia</em></span> <span class='ocrx_word' id='word_1_882' title='bbox 2629 5041 2797 5084; x_wconf 90' lang='lat' dir='ltr'><em>tantus</em></span> <span class='ocrx_word' id='word_1_883' title='bbox 2817 5040 2910 5085; x_wconf 89' lang='lat' dir='ltr'><em>est.</em></span> <span class='ocrx_word' id='word_1_884' title='bbox 2939 5029 2995 5085; x_wconf 92' lang='lat' dir='ltr'><em>ln</em></span> <span class='ocrx_word' id='word_1_885' title='bbox 3021 5045 3120 5086; x_wconf 93' lang='lat' dir='ltr'><em>suo</em></span> <span class='ocrx_word' id='word_1_886' title='bbox 3145 5041 3323 5087; x_wconf 89' lang='lat' dir='ltr'><em>autem</em></span> <span class='ocrx_word' id='word_1_887' title='bbox 3351 5030 3605 5086; x_wconf 84' lang='lat' dir='ltr'><em>adversus</em></span> <span class='ocrx_word' id='word_1_888' title='bbox 3629 5029 3860 5085; x_wconf 78' lang='lat' dir='ltr'><em>Marcio-</em></span> <span class='ocrx_word' id='word_1_889' title='bbox 3939 5075 3945 5083; x_wconf 93' lang='lat'><em>.</em></span> 
     </span>
    </p>
   </div>
   <div class='ocr_carea' id='block_1_110' title="bbox 2263 5119 3861 5190">
    <p class='ocr_par' dir='ltr' id='par_1_110' title="bbox 2263 5119 3861 5190">
     <span class='ocr_line' id='line_1_110' title="bbox 2263 5119 3861 5190; baseline 0 -14"><span class='ocrx_word' id='word_1_890' title='bbox 2263 5137 2386 5176; x_wconf 91' lang='lat' dir='ltr'><em>nem</em></span> <span class='ocrx_word' id='word_1_891' title='bbox 2414 5121 2551 5175; x_wconf 84' lang='lat' dir='ltr'><em>libr‘o</em></span> <span class='ocrx_word' id='word_1_892' title='bbox 2579 5136 2644 5175; x_wconf 82' lang='lat' dir='ltr'><em>ex</em></span> <span class='ocrx_word' id='word_1_893' title='bbox 2675 5136 2883 5177; x_wconf 88' lang='lat' dir='ltr'><em>summa</em></span> <span class='ocrx_word' id='word_1_894' title='bbox 2917 5121 3006 5176; x_wconf 90' lang='lat' dir='ltr'><em>Dei</em></span> <span class='ocrx_word' id='word_1_895' title='bbox 3041 5119 3369 5190; x_wconf 87' lang='lat' dir='ltr'><em>perfectione</em></span> <span class='ocrx_word' id='word_1_896' title='bbox 3393 5119 3664 5176; x_wconf 91' lang='lat' dir='ltr'><em>concludit</em></span> <span class='ocrx_word' id='word_1_897' title='bbox 3707 5120 3861 5176; x_wconf 89' lang='lat' dir='ltr'><em>illum</em></span> 
     </span>
    </p>
   </div>
   <div class='ocr_carea' id='block_1_111' title="bbox 2262 5215 3860 5283">
    <p class='ocr_par' dir='ltr' id='par_1_111' title="bbox 2262 5215 3860 5283">
     <span class='ocr_line' id='line_1_111' title="bbox 2262 5215 3860 5283; baseline -0.002 -12"><span class='ocrx_word' id='word_1_898' title='bbox 2262 5231 2382 5271; x_wconf 89' lang='lat' dir='ltr'><em>esse</em></span> <span class='ocrx_word' id='word_1_899' title='bbox 2412 5215 2650 5282; x_wconf 91' lang='lat' dir='ltr'><em>unicum,</em></span> <span class='ocrx_word' id='word_1_900' title='bbox 2699 5215 2770 5270; x_wconf 88' lang='lat' dir='ltr'><em>ita</em></span> <span class='ocrx_word' id='word_1_901' title='bbox 2796 5224 2853 5270; x_wconf 91' lang='lat' dir='ltr'><em>ut</em></span> <span class='ocrx_word' id='word_1_902' title='bbox 2881 5229 2985 5271; x_wconf 89' lang='lat' dir='ltr'><em>non</em></span> <span class='ocrx_word' id='word_1_903' title='bbox 3015 5215 3290 5283; x_wconf 90' lang='lat' dir='ltr'><em>existeret,</em></span> <span class='ocrx_word' id='word_1_904' title='bbox 3317 5216 3364 5270; x_wconf 91' lang='lat' dir='ltr'><em>si</em></span> <span class='ocrx_word' id='word_1_905' title='bbox 3396 5230 3500 5271; x_wconf 91' lang='lat' dir='ltr'><em>non</em></span> <span class='ocrx_word' id='word_1_906' title='bbox 3527 5222 3672 5270; x_wconf 89' lang='lat' dir='ltr'><em>esset</em></span> <span class='ocrx_word' id='word_1_907' title='bbox 3698 5228 3860 5268; x_wconf 92' lang='lat' dir='ltr'><em>unus.</em></span> 
     </span>
    </p>
   </div>
   <div class='ocr_carea' id='block_1_112' title="bbox 2263 5308 3872 5381">
    <p class='ocr_par' dir='ltr' id='par_1_112' title="bbox 2263 5308 3872 5381">
     <span class='ocr_line' id='line_1_112' title="bbox 2263 5308 3872 5381; baseline -0.001 -16"><span class='ocrx_word' id='word_1_908' title='bbox 2263 5309 2460 5365; x_wconf 87' lang='lat' dir='ltr'><em>Audias</em></span> <span class='ocrx_word' id='word_1_909' title='bbox 2476 5310 2628 5365; x_wconf 89' lang='lat' dir='ltr'><em>velim</em></span> <span class='ocrx_word' id='word_1_910' title='bbox 2645 5325 2764 5381; x_wconf 59' lang='lat' dir='ltr'><em>quae</em></span> <span class='ocrx_word' id='word_1_911' title='bbox 2786 5311 2854 5366; x_wconf 90' lang='lat' dir='ltr'><em>sit</em></span> <span class='ocrx_word' id='word_1_912' title='bbox 2869 5309 2983 5380; x_wconf 89' lang='lat' dir='ltr'><em>ejus</em></span> <span class='ocrx_word' id='word_1_913' title='bbox 3003 5310 3421 5381; x_wconf 89' lang='lat' dir='ltr'><em>argumentatio:</em></span> <span class='ocrx_word' id='word_1_914' title='bbox 3441 5308 3579 5364; x_wconf 88' lang='lat' dir='ltr'><em>Deus</em></span> <span class='ocrx_word' id='word_1_915' title='bbox 3605 5325 3872 5364; x_wconf 84' lang='lat' dir='ltr'><em>cumth-</em></span> 
     </span>
    </p>
   </div>
   <div class='ocr_carea' id='block_1_113' title="bbox 2264 5403 3870 5476">
    <p class='ocr_par' dir='ltr' id='par_1_113' title="bbox 2264 5403 3870 5476">
     <span class='ocr_line' id='line_1_113' title="bbox 2264 5403 3870 5476; baseline 0.001 -19"><span class='ocrx_word' id='word_1_916' title='bbox 2264 5421 2403 5457; x_wconf 90' lang='lat' dir='ltr'><em>mum</em></span> <span class='ocrx_word' id='word_1_917' title='bbox 2442 5421 2684 5475; x_wconf 83' lang='lat' dir='ltr'><em>magnum</em></span> <span class='ocrx_word' id='word_1_918' title='bbox 2723 5405 2809 5470; x_wconf 91' lang='lat' dir='ltr'><em>sit,</em></span> <span class='ocrx_word' id='word_1_919' title='bbox 2845 5414 2977 5459; x_wconf 87' lang='lat' dir='ltr'><em>recte</em></span> <span class='ocrx_word' id='word_1_920' title='bbox 3018 5405 3202 5458; x_wconf 83' lang='lat' dir='ltr'><em>veritas</em></span> <span class='ocrx_word' id='word_1_921' title='bbox 3249 5414 3422 5459; x_wconf 87' lang='lat' dir='ltr'><em>nostra</em></span> <span class='ocrx_word' id='word_1_922' title='bbox 3461 5403 3807 5476; x_wconf 82' lang='lat' dir='ltr'><em>pronuntiavit</em></span> <span class='ocrx_word' id='word_1_923' title='bbox 3847 5419 3870 5459; x_wconf 89' lang='lat'><strong><em>:</em></strong></span> 
     </span>
    </p>
   </div>
   <div class='ocr_carea' id='block_1_114' title="bbox 2263 5494 3869 5564">
    <p class='ocr_par' dir='ltr' id='par_1_114' title="bbox 2263 5494 3869 5564">
     <span class='ocr_line' id='line_1_114' title="bbox 2263 5494 3869 5564; baseline 0 -13"><span class='ocrx_word' id='word_1_924' title='bbox 2263 5496 2425 5563; x_wconf 86' lang='lat' dir='ltr'><em>Deus,</em></span> <span class='ocrx_word' id='word_1_925' title='bbox 2456 5498 2500 5552; x_wconf 91' lang='lat' dir='ltr'><em>si</em></span> <span class='ocrx_word' id='word_1_926' title='bbox 2529 5514 2631 5552; x_wconf 89' lang='lat' dir='ltr'><em>non</em></span> <span class='ocrx_word' id='word_1_927' title='bbox 2659 5513 2787 5551; x_wconf 87' lang='lat' dir='ltr'><em>unus</em></span> <span class='ocrx_word' id='word_1_928' title='bbox 2827 5505 2916 5562; x_wconf 90' lang='lat' dir='ltr'><em>est,</em></span> <span class='ocrx_word' id='word_1_929' title='bbox 2952 5513 3054 5550; x_wconf 87' lang='lat' dir='ltr'><em>non</em></span> <span class='ocrx_word' id='word_1_930' title='bbox 3089 5505 3183 5550; x_wconf 86' lang='lat' dir='ltr'><em>est.</em></span> <span class='ocrx_word' id='word_1_931' title='bbox 3235 5494 3358 5550; x_wconf 85' lang='lat' dir='ltr'><em>Non</em></span> <span class='ocrx_word' id='word_1_932' title='bbox 3397 5496 3546 5564; x_wconf 87' lang='lat' dir='ltr'><em>quasi</em></span> <span class='ocrx_word' id='word_1_933' title='bbox 3584 5495 3869 5552; x_wconf 82' lang='lat' dir='ltr'><em>dubitemus</em></span> 
     </span>
    </p>
   </div>
   <div class='ocr_carea' id='block_1_115' title="bbox 2263 5589 3868 5660">
    <p class='ocr_par' dir='ltr' id='par_1_115' title="bbox 2263 5589 3868 5660">
     <span class='ocr_line' id='line_1_115' title="bbox 2263 5589 3868 5660; baseline -0.002 -15"><span class='ocrx_word' id='word_1_934' title='bbox 2263 5606 2370 5647; x_wconf 84' lang='lat' dir='ltr'><em>esse</em></span> <span class='ocrx_word' id='word_1_935' title='bbox 2419 5589 2604 5656; x_wconf 88' lang='lat' dir='ltr'><em>Deum,</em></span> <span class='ocrx_word' id='word_1_936' title='bbox 2629 5591 2842 5646; x_wconf 85' lang='lat' dir='ltr'><em>dicendo</em></span> <span class='ocrx_word' id='word_1_937' title='bbox 2865 5605 2886 5645; x_wconf 89' lang='lat'><em>:</em></span> <span class='ocrx_word' id='word_1_938' title='bbox 2911 5589 2971 5645; x_wconf 87' lang='lat' dir='ltr'><em>Si</em></span> <span class='ocrx_word' id='word_1_939' title='bbox 3009 5607 3111 5647; x_wconf 85' lang='lat' dir='ltr'><em>non</em></span> <span class='ocrx_word' id='word_1_940' title='bbox 3153 5607 3310 5655; x_wconf 85' lang='lat' dir='ltr'><em>unus,</em></span> <span class='ocrx_word' id='word_1_941' title='bbox 3352 5607 3456 5644; x_wconf 86' lang='lat' dir='ltr'><em>non</em></span> <span class='ocrx_word' id='word_1_942' title='bbox 3481 5600 3594 5656; x_wconf 87' lang='lat' dir='ltr'><em>est;</em></span> <span class='ocrx_word' id='word_1_943' title='bbox 3636 5590 3728 5646; x_wconf 84' lang='lat' dir='ltr'><em>sed</em></span> <span class='ocrx_word' id='word_1_944' title='bbox 3749 5589 3868 5660; x_wconf 84' lang='lat' dir='ltr'><em>quia</em></span> 
     </span>
    </p>
   </div>
   <div class='ocr_carea' id='block_1_116' title="bbox 2261 5680 3868 5766">
    <p class='ocr_par' dir='ltr' id='par_1_116' title="bbox 2261 5680 3868 5766">
     <span class='ocr_line' id='line_1_116' title="bbox 2261 5680 3868 5766; baseline -0.002 -29"><span class='ocrx_word' id='word_1_945' title='bbox 2261 5700 2406 5754; x_wconf 87' lang='lat' dir='ltr'><em>quem</em></span> <span class='ocrx_word' id='word_1_946' title='bbox 2429 5683 2734 5754; x_wconf 73' lang='lat' dir='ltr'><em>confidimus</em></span> <span class='ocrx_word' id='word_1_947' title='bbox 2758 5699 2883 5750; x_wconf 85' lang='lat' dir='ltr'><em>esse,</em></span> <span class='ocrx_word' id='word_1_948' title='bbox 2911 5683 2966 5738; x_wconf 90' lang='lat' dir='ltr'><em>id</em></span> <span class='ocrx_word' id='word_1_949' title='bbox 3004 5700 3120 5739; x_wconf 86' lang='lat' dir='ltr'><em>eum</em></span> <span class='ocrx_word' id='word_1_950' title='bbox 3149 5683 3474 5766; x_wconf 76' lang='lat' dir='ltr'><em>deﬁniamus_</em></span> <span class='ocrx_word' id='word_1_951' title='bbox 3494 5699 3620 5752; x_wconf 89' lang='lat' dir='ltr'><em>esse,</em></span> <span class='ocrx_word' id='word_1_952' title='bbox 3663 5681 3798 5753; x_wconf 84' lang='lat' dir='ltr'><em>quod</em></span> <span class='ocrx_word' id='word_1_953' title='bbox 3823 5680 3868 5735; x_wconf 86' lang='lat' dir='ltr'><em>si</em></span> 
     </span>
    </p>
   </div>
   <div class='ocr_carea' id='block_1_117' title="bbox 2261 5776 3870 5849">
    <p class='ocr_par' dir='ltr' id='par_1_117' title="bbox 2261 5776 3870 5849">
     <span class='ocr_line' id='line_1_117' title="bbox 2261 5776 3870 5849; baseline -0.004 -15"><span class='ocrx_word' id='word_1_954' title='bbox 2261 5791 2365 5834; x_wconf 83' lang='lat' dir='ltr'><em>non</em></span> <span class='ocrx_word' id='word_1_955' title='bbox 2405 5785 2481 5834; x_wconf 80' lang='lat' dir='ltr'><em>est</em></span> <span class='ocrx_word' id='word_1_956' title='bbox 2502 5817 2520 5848; x_wconf 94' lang='lat'><em>,</em></span> <span class='ocrx_word' id='word_1_957' title='bbox 2563 5776 2707 5836; x_wconf 80' lang='lat' dir='ltr'><em>Deus</em></span> <span class='ocrx_word' id='word_1_958' title='bbox 2752 5792 2855 5835; x_wconf 85' lang='lat' dir='ltr'><em>non</em></span> <span class='ocrx_word' id='word_1_959' title='bbox 2899 5785 3008 5849; x_wconf 82' lang='lat' dir='ltr'><em>est,</em></span> <span class='ocrx_word' id='word_1_960' title='bbox 3055 5793 3314 5834; x_wconf 84' lang='lat' dir='ltr'><em>summum</em></span> <span class='ocrx_word' id='word_1_961' title='bbox 3355 5777 3548 5834; x_wconf 84' lang='lat' dir='ltr'><em>scilicet</em></span> <span class='ocrx_word' id='word_1_962' title='bbox 3598 5790 3870 5848; x_wconf 81' lang='lat' dir='ltr'><em>magnam.</em></span> 
     </span>
    </p>
   </div>
  </div>
