4198 6260
324 281 433 340 809

1457 290 1912 365 DISSERTATIO
1951 295 2013 352 D.
2055 290 2143 357 LE
2179 296 2490 363 NOURRY.

3528 326 3639 384 8l0

309 386 497 473 Porro
516 412 773 455 sttmmum
790 413 1032 471 magnum
1056 398 1263 456 unicum
1284 402 1348 457 sit
1373 419 1571 460 necesse
1596 416 1856 479 est:ergo
1885 418 1931 463 et
1957 410 2104 471 Alis
2146 415 2458 478 viderinon
2514 422 2704 494 possit.
2749 423 2881 481 Nam
2898 435 2972 483 .ut
3008 429 3122 502 ipse
3179 431 3235 490 in
3295 434 3484 494 Exodo
3546 441 3631 498 ιο-

325 485 469 544 Deus
496 488 676 544 unicus
714 489 829 557 erit,
872 506 977 547 non
1004 492 1155 548 aliter
1186 490 1345 562 Deus,
1391 496 1491 551 nisi
1526 514 1777 553 summum
1819 516 1932 555 ma-

323 596 505 652 gnum,
537 597 629 637 nec
653 582 805 636 aliter
826 598 1083 638 summum
1106 601 1371 657 magnum,
1399 587 1499 643 nisi
1523 606 1697 658 parem
1719 607 1819 646 non
1841 593 1933 647 ha-

324 675 459 745 beat,
506 694 598 733 nec
641 677 791 733 aliter
819 694 994 749 parem
1031 696 1134 735 non
1173 681 1384 747 habens,
1417 683 1517 738 nisi
1553 685 1737 740 unicus
1777 687 1933 759 fuerit

322 768 343 843 (
366 769 555 837 Idem.,
587 770 676 827 lib.
706 770 731 826 l
774 772 975 828 advers.
1010 772 1288 840 Marciam,
1315 793 1430 848 cap.
1459 775 1538 850 3).

397 864 615 921 Sextam
646 874 699 920 et
732 864 973 921 ultimam
997 882 1099 938 qua
1126 867 1267 924 Deus
1297 870 1529 926 existere
1556 872 1813 942 probatur
1836 873 1933 930 dc-

323 955 768 1011 monstrationem
816 955 1149 1013 Tertulliano
1192 959 1552 1030 suppeditavit
1611 978 1820 1018 summa
1866 979 1931 1020 ac

323 1047 455 1103 mira
483 1044 911 1105 Christianorum
939 1050 1006 1106 ad
1033 1050 1311 1109 dazmones
1360 1054 1708 1127 expellendos
1750 1067 1929 1128 potes-

323 1147 423 1203 tas,
472 1148 659 1195 contra
701 1156 863 1213 quam
901 1142 1126 1212 quilibet
1152 1146 1494 1215 quantumvis
1524 1149 1767 1218 pertinax
1794 1166 1925 1222 gen-

320 1233 432 1289 tilis
460 1250 528 1292 ne
559 1235 758 1291 mutire
782 1235 1000 1307 quidem
1033 1247 1264 1319 poterat.
1306 1239 1441 1296 Tum
1480 1243 1624 1297 enim
1657 1260 1800 1314 saepe
1828 1258 1928 1301 ssc-

322 1324 443 1395 pins
469 1324 745 1382 daemones
770 1341 801 1381 a
831 1327 1159 1393 christianis,
1190 1329 1393 1386 Christi
1426 1335 1643 1391 nomine
1671 1326 1925 1406 adjurati,

321 1431 427 1472 non
455 1417 629 1473 solum
650 1408 1006 1488 ejiciebantur
1055 1435 1121 1475 ex
1149 1420 1233 1476 his
1255 1437 1389 1492 quos
1414 1422 1734 1481 obsidebant
1756 1425 1928 1480 homi-

320 1509 513 1578 nibus,
562 1509 659 1565 sed
686 1510 1015 1580 cogebantur
1038 1514 1198 1568 etiam
1230 1513 1404 1585 palam
1430 1523 1484 1570 et
1516 1516 1729 1586 publice
1754 1519 1928 1573 conli-

318 1602 446 1668 teri,
479 1616 580 1658 nec
608 1616 689 1671 se,
738 1617 840 1659 nec
880 1603 1017 1660 alios
1061 1619 1197 1672 quos
1239 1608 1464 1677 gentiles
1493 1609 1758 1675 colebant,
1806 1626 1928 1669 esse

323 1692 483 1759 deos,
533 1692 629 1749 sed
661 1709 825 1750 unum
869 1694 1130 1751 duntaxat
1179 1699 1442 1767 existere,
1486 1716 1646 1772 quem
1672 1702 1924 1772 discipuli

2034 512 2217 577 quitur
2244 510 2464 582 (Exod.,
2491 531 2607 587 cap.
2630 515 2981 593 XXXIII,20)
3009 539 3022 577 :
3049 523 3174 581 Non
3193 529 3326 583 enim
3349 531 3537 589 videbit
3556 551 3637 591 me

2035 598 2185 655 homo
2205 643 2221 667 ,
2279 611 2327 658 et
2350 604 2497 663 vivet.
2538 608 2702 665 Addit
2741 626 2868 668 vero
2897 613 3297 688 Tertullianus,
3330 625 3421 678 etsi
3448 626 3629 681 videa-

2035 702 2151 760 tur,
2185 695 2287 753 hoc
2335 708 2452 767 est,
2506 705 2717 760 tametsi
2750 703 2998 765 homines
3042 710 3217 768 allatis
3264 710 3424 785 supra
3468 730 3633 789 argu-

2032 788 2231 842 mentis
2261 803 2324 844 ac
2353 790 2491 861 (Art.
2523 793 2728 868 super.)
2754 796 3300 859 demoustrationibus
3344 806 3497 864 illum
3541 788 3634 866 re-

2030 891 2156 932 vera
2185 880 2420 938 existere
2449 893 2633 940 mente
2661 886 2877 944 videant
2904 899 2960 946 et
2985 905 3332 965 cognoscant.

2108 966 2638 1042 Incomprehensibilis
2660 992 2874 1050 quoque
2902 991 2987 1037 est
3005 1024 3019 1048 ,
3048 986 3219 1057 pergit
3244 987 3628 1049 Tertullianus.

2033 1057 2386 1131 (Tertullian.,
2418 1064 2573 1138 ibid.)
2600 1068 2731 1125 Nam
2762 1081 2822 1127 ut
2849 1070 3048 1130 fatetur
3095 1076 3347 1136 Clemens
3399 1082 3635 1140 Alexan-

2030 1148 2217 1208 drinus
2264 1154 2447 1226 (Clem.
2482 1159 2761 1215 Alexandr.
2788 1203 2805 1230 ,
2832 1164 2920 1219 lib.
2954 1165 2997 1219 ν
3028 1167 3224 1224 Strom.
3247 1213 3264 1239 ,
3311 1190 3433 1245 pag.
3460 1175 3633 1250 548):

2030 1252 2181 1307 Δῆλον
2203 1250 2387 1315 ptan
2408 1260 2526 1306 «ποτὲ
2556 1255 2780 1308 δυνάσθω
2811 1262 2947 1327 περὶ
2975 1267 3054 1314 τᾶν
3078 1274 3164 1321 τῆς
3198 1266 3322 1329 ζωῆς
3361 1270 3518 1337 χρόνον
3557 1277 3637 1325 τὸν

2028 1342 2142 1391 Θεὸν
2186 1344 2385 1413 ἐναργῶς
2438 1353 2816 1417 καταλαϐέσθαι.
2878 1347 3147 1407 Neminem
3214 1372 3436 1427 unquam
3485 1376 3634 1428 posse

2028 1445 2121 1498 per
2147 1430 2242 1485 hoc
2270 1434 2386 1497 vitae
2426 1443 2625 1507 tempus
2667 1437 2828 1494 Deum
2873 1445 3140 1514 perspicue
3181 1450 3630 1519 comprehendere.

2031 1521 2237 1613 Quibus
2264 1537 2492 1598 uterque
2514 1529 2695 1586 verbis
2723 1535 2987 1603 signilicat
3036 1538 3269 1595 inﬁnitas
3303 1542 3393 1598 Dei
3420 1544 3630 1613 perlec-

2032 1611 2202 1670 tiones
2230 1616 2298 1671 ab
2324 1617 2631 1676 hominibus
2651 1664 2666 1689 ,
2697 1624 2858 1680 vitam
2889 1626 3029 1682 hanc
3055 1631 3333 1687 mortalem
3392 1611 3628 1692 viventi-

2032 1702 2164 1773 bus,
2197 1723 2302 1787 non
2326 1724 2487 1780 posse
2517 1713 2659 1767 clara
2689 1714 2937 1772 distincta
2966 1718 3084 1774 idea
3115 1732 3171 1777 et
3220 1724 3439 1781 notione
3470 1727 3630 1801 plane

318 1783 521 1840 Christi
547 1786 965 1843 venerabantur.
997 1789 1159 1860 Atqui
1188 1791 1354 1846 omnis
1382 1793 1502 1860 ista,
1534 1794 1605 1850 ait
1636 1795 1924 1853 Tertullia-
1956 1804 2005 1865 B
2033 1783 2351 1872 penitusque
2374 1806 2781 1874 comprehendi.
2828 1809 3113 1883 Snbjungit
3132 1825 3319 1881 tamen
3347 1835 3361 1871 :
3395 1783 3511 1874 Elii
3532 1796 3629 1890 (per

320 1889 441 1942 nus,
473 1876 726 1948 confessio
750 1876 979 1946 illorum,
1007 1896 1109 1951 qua
1138 1896 1193 1935 se
1215 1881 1335 1938 deos
1360 1894 1546 1956 negant
1570 1902 1696 1955 esse,
1724 1904 1921 1960 quaque

318 1984 420 2023 non
440 1968 601 2023 alium
624 1966 793 2024 Deum
816 1970 1124 2041 respondent
1149 1983 1334 2042 praeter
1354 1991 1532 2042 unum,
1555 1978 1636 2031 cui
1661 1994 1753 2034 nos
1775 1967 1935 2034 man?

317 2061 568 2132 cipamur,
595 2047 755 2119 satis
771 2063 1060 2121 idonea'est
1088 2066 1157 2121 ad
1181 2067 1538 2138 depellendum
1563 2072 1756 2128 crimen
1784 2074 1920 2130 [teste

318 2156 542 2212 m’amime
578 2172 806 2213 romam:
845 2158 1140 2231 religionis,
1188 2177 1310 2232 quae
1361 2177 1469 2219 non
1497 2179 1683 2221 verum
1712 2176 1767 2223 et
1798 2169 1919 2222 uni-

317 2263 461 2318 eum,
487 2251 582 2308 sed
609 2249 774 2309 falsos
801 2253 985 2325 utique
1027 2253 1159 2311 deos
1186 2257 1543 2314 venerabatur
1572 2257 1917 2331 (Tertullian.

317 2345 608 2418 Apologet.,
632 2363 751 2418 cap.
776 2345 870 2413 24,
901 2364 1022 2420 pag.
1054 2346 1222 2421 416).
1268 2348 1401 2405 Nam
1445 2367 1634 2408 omnes
1682 2340 1921 2424 profecto

318 2436 521 2492 ethnici
565 2437 917 2505 damonibus,
948 2455 1134 2496 verum
1161 2449 1347 2496 contra
1387 2445 1705 2514 semetipsos
1745 2445 1920 2500 conli-

319 2527 575 2595 tentibus,
608 2528 873 2587 debebant
913 2531 1156 2598 credere.
1186 2532 1279 2604 qui
1307 2535 1690 2592 mentientibus
1727 2537 1919 2594 crede-

318 2618 467 2674 bant.
519 2619 688 2676 Nemo
726 2621 1011 2693 siquidem,
1062 2631 1121 2678 ut
1159 2633 1308 2680 recte
1334 2624 1421 2680 ille
1447 2627 1644 2697 arguit,
1675 2627 1745 2681 ad
1771 2644 1921 2684 suum

318 2712 535 2767 dedecus
562 2714 822 2782 mentitur,
858 2716 982 2787 quin
1009 2716 1178 2787 potius
1205 2716 1273 2769 ad
1298 2716 1558 2771 honorent.
1594 2718 1766 2791 Magis
1794 2720 1921 2791 ﬁdes

318 2805 554 2874 proxima
581 2814 655 2860 est
682 2805 924 2862 adversus
952 2807 1246 2877 semetipsos
1263 2809 1576 2877 conﬁtentes,
1594 2826 1746 2881 quam
1759 2828 1851 2881 pro
1869 2829 1921 2868 se

317 2896 691 2969 ipsisnegantes
711 2896 729 2970 (
746 2896 903 2965 lbid.,
929 2915 1046 2970 cap.
1067 2898 1159 2964 25,
1180 2894 1299 2972 pag.
1325 2900 1480 2973 415).
1497 2900 1628 2955 Tam
1653 2904 1918 2972 publicum

319 2988 595 3046 enimvero
636 2991 998 3047 testimonimn
1026 2992 1224 3047 nemini
1249 2992 1407 3063 plane
1443 2991 1664 3049 dubium
1695 3009 1919 3067 suspec-

319 3089 538 3153 tumque
580 3072 702 3138 esse
732 3090 960 3154 poterat.
1005 3082 1367 3153 Quamobrem
1414 3083 1567 3152 illud,
1612 3087 1781 3157 pergit
1808 3087 1918 3142 Au-

2024 1892 2245 1962 gratiam
2283 1907 2684 1966 reprtesentetur.
2729 1900 2835 1957 Sed
2868 1918 3112 1974 quaenam
3159 1916 3244 1963 est
3273 1909 3373 1965 ista
3423 1913 3627 1982 gratia,

2026 1984 2131 2039 nisi
2161 1984 2454 2044 Salvatoris
2481 1991 2647 2046 nostri
2680 1988 2913 2061 Christi,
2970 1998 3084 2067 qui,
3110 1997 3272 2054 homo
3292 2000 3465 2059 factus
3488 2043 3504 2069 ,
3529 2004 3628 2062 do-

2028 2076 2140 2131 cuit
2162 2076 2409 2136 homines
2433 2084 2705 2153 quomodo
2727 2086 2899 2158 ipsum
2925 2098 2981 2144 et
3008 2089 3246 2147 divinum
3273 2093 3392 2165 ejus
3414 2095 3628 2154 Patrem

2025 2170 2241 2225 unicum
2290 2187 2589 2245 verumque
2636 2176 2804 2233 Deum
2857 2194 2980 2236 esse
3034 2181 3337 2254 intelligant
3383 2205 3398 2244 :
3457 2187 3630 2246 Nemo

2024 2260 2256 2347 quippe,
2307 2267 2995 2353 quemadmodumseribit
3040 2282 3231 2349 auctor
3274 2277 3519 2353 epistolae
3556 2281 3630 2337 ad

2025 2353 2384 2444 Diognetum,
2436 2354 2617 2416 'Deum
2697 2362 2860 2430 vidit,
2934 2352 3027 2420 aut
3096 2367 3333 2439 perfecte
3382 2374 3634 2444 cognovit

2024 2438 2218 2518 (Epist.
2244 2449 2507 2523 Diognet.,
2540 2470 2661 2524 pag.
2681 2456 2808 2524 499,
2830 2438 3161 2515 edit.Justin.
3182 2460 3408 2537 Martyr)
3442 2438 3629 2530 {Abrae

2026 2543 2075 2595 δὲ
2094 2548 2259 2598 interciso
2284 2549 2533 2611 ἕπὶδειξεν⁹
2563 2552 2767 2616 ἐπέδειξε
2797 2554 2847 2604 δὲ
2873 2555 2955 2605 διὰ
2971 2565 3172 2618 πίστεως
3241 2571 3358 2627 μονῇ
3379 2565 3494 2613 Θεὸν
3516 2563 3631 2614 ὶδιῖύ

2024 2643 2254 2707 σηκεχώρ
2264 2659 2398 2697 nm.
2425 2635 2533 2692 Sed
2557 2639 2666 2709 ipse
2690 2657 2741 2695 se
2760 2641 2926 2714 ipsum
2944 2645 3195 2700 ostendit:
3213 2649 3434 2703 ostendit
3455 2661 3629 2707 autem

2024 2740 2115 2795 per
2125 2724 2301 2794 ﬁdem,
2332 2743 2433 2797 qua
2463 2728 2577 2785 sola
2614 2730 2781 2786 Deum
2797 2734 2964 2790 videre
3001 2753 3295 2794 concessum
3310 2749 3406 2794 est.
3435 2740 3629 2799 Nonne

2026 2834 2152 2876 vero
2178 2830 2404 2894 uterque
2415 2823 2483 2894 ad
2500 2822 2617 2881 base
2633 2827 2941 2883 collineavit
2963 2828 3197 2886 Μελιιίιωὶ
3222 2834 3385 2889 verba
3404 2834 3623 2905 (Matth.

2023 2908 2096 2966 XI
2129 2954 2144 2978 ,
2209 2913 2318 2986 17)
2350 2933 2364 2970 :
2398 2913 2567 2971 Nemo
2617 2919 2751 2973 novit
2800 2919 3035 2986 Filium,
3091 2924 3188 2978 nisi
3244 2925 3419 2992 Pater,
3468 2944 3629 3000 neque

2025 3001 2236 3059 Patrem
2263 3008 2377 3076 quis
2415 3009 2553 3063 novit
2575 3050 2592 3074 ,
2621 3010 2719 3064 nisi
2764 3009 2933 3067 Filius
2954 3054 2968 3079 ,
3000 3022 3046 3067 et
3081 3016 3162 3069 cui
3207 3018 3423 3073 voluerit
3454 3017 3502 3073 F
3504 3020 3625 3075 ilius

2021 3098 2264 3154 revelare.
2296 3100 2399 3155 Aut
2430 3100 2497 3156 ad
2546 3101 2634 3156 illa
2684 3102 2906 3159 Joannis
2962 3104 2982 3178 (
3013 3104 3195 3174 Joan.,
3225 3124 3341 3181 cap.
3396 3109 3434 3175 Ι,
3472 3109 3625 3181 l8):

318 3183 438 3227 ctor
479 3182 681 3240 noster,
730 3174 940 3231 solebat
983 3191 1051 3231 ex
1094 3174 1324 3232 ethnicis
1372 3174 1550 3232 facere
1594 3176 1918 3234 christianos
1943 3189 1989 3254 ο
2023 3186 2186 3244 Deum
2235 3207 2381 3246 nemo
2424 3191 2549 3247 vidit
2574 3208 2816 3265 unquam.
2862 3174 3163 3267 Unigenitus
3194 3174 3395 3267 Filius,
3426 3202 3513 3271 qui
3552 3174 3629 3257 est

319 3264 578 3339 (lbid.).
630 3266 827 3339 Ecquis
876 3268 1022 3324 enim
1087 3268 1252 3324 homo
1304 3277 1514 3339 poterat
1566 3276 1671 3325 tam
1719 3282 1920 3326 certam

326 3355 639 3426 claramque
688 3357 1116 3416 testiﬁcationetn
1170 3374 1449 3430 respuere,
1502 3361 1603 3416 nisi
1656 3363 1739 3417 cui
1790 3361 1921 3418 falsa

319 3445 635 3517 prajudicia
679 3456 773 3503 aut
819 3450 1041 3520 privatae
1065 3451 1327 3507 utilitates
1354 3451 1578 3508 rati0nis
1621 3452 1801 3509 lumen
1831 3468 1924 3525 pe-

318 3543 469 3599 nitus
498 3542 844 3615 eripuerant?
889 3544 1018 3602 lure
1064 3545 1226 3619 igitur
1269 3547 1466 3602 merito
1492 3548 1696 3604 Auctor
1739 3559 1923 3605 noster

318 3647 587 3689 summam
632 3633 904 3706 redarguit
932 3626 1268 3707 iniquitatem
1296 3636 1600 3718 gentilium,
1629 3639 1719 3708 qui
1766 3637 1922 3693 Chri-

318 3727 522 3783 stianos
545 3728 871 3784 accusabant
899 3730 1040 3784 laesa:
1077 3744 1314 3786 romana:
1360 3730 1670 3801 religionis,
1720 3745 1921 3801 eosque

318 3828 505 3875 contra
526 3818 932 3888 censcientiam,
958 3830 1144 3891 totque
1168 3836 1231 3877 ac
1257 3822 1386 3876 tanti
1415 3821 1670 3893 [retuderis
1695 3821 1921 3878 demon-

319 3910 630 3979 strationes,
678 3912 747 3967 ad
791 3911 954 3967 lalsos
999 3913 1133 3968 deos
1173 3912 1432 3968 colendos
1510 3912 1920 3985 negandumque

319 4016 505 4057 verum
566 4002 734 4060 Deum
798 4002 1126 4075 quibuslibet
1190 4001 1466 4075 suppliciis
1516 4002 1733 4076 adigere
1782 4004 1921 4061 nite-

320 4096 535 4154 bantur.

937 4225 1232 4269 ABTICULUS
1270 4227 1327 4268 ll.

321 4350 405 4408 De
442 4352 836 4425 perfectionibus
882 4353 986 4408 sive
1007 4354 1263 4409 attributis
1311 4350 1441 4419 Dei,
1471 4368 1531 4407 ac
1573 4367 1672 4422 quo
1706 4367 1856 4407 sensu
1887 4368 1919 4405 a

392 4447 711 4502 Tertulliano
737 4447 941 4502 dicatur
968 4446 1254 4501 hominibus
1293 4445 1531 4517 cognitus
1550 4485 1565 4511 ,
1598 4445 1825 4513 quamvis
1852 4444 1919 4499 sit

392 4539 689 4609 invisibilis,
729 4539 1249 4613 incomprehensibilis
1273 4578 1289 4606 ,
1343 4536 1755 4603 ina’stimabilis;
1802 4552 1919 4608 quae

396 4633 551 4703 hujus
576 4634 679 4689 veri
704 4631 800 4688 Dei
840 4641 885 4687 et
914 4633 1011 4687 vivi
1038 4631 1285 4698 scientia,
1337 4628 1622 4699 sapientia,
1676 4639 1721 4684 et
1769 4632 1917 4682 teter-

395 4725 551 4780 nitas.

393 4861 564 4918 Deum
593 4842 713 4918 esse
736 4860 1184 4933 perfectissimum
1212 4857 1341 4914 inde
1380 4856 1743 4923 Tcrtullianus
1773 4864 1921 4912 recte

323 4953 557 5023 colligit,
583 4953 729 5026 quod
760 4954 1016 5009 mundum
1061 4961 1116 5008 et
1162 4952 1342 5006 omnia
1385 4965 1505 5022 qua:
1553 4952 1604 5006 in
1656 4965 1722 5005 co
1747 4956 1872 5004 sunt
1901 4990 1917 5015 ,

327 5046 547 5103 sicut‘in
595 5048 876 5116 superiore
902 5046 1130 5102 articulo
1185 5045 1451 5109 vidimus,
1505 5042 1693 5099 abillo
1741 5050 1919 5097 creata

322 5136 540 5193 fuerint.
590 5135 956 5211 (Tcrtullian.
1015 5137 1301 5207 Apologet.,
1356 5151 1472 5206 cap.
1528 5135 1641 5203 ll).
1706 5132 1919 5188 Etenim

322 5230 719 5301 imperfectum,
776 5230 948 5299 inquit
1009 5228 1132 5294 ille,
1205 5245 1307 5282 non
1360 5228 1524 5298 potuit
1594 5242 1738 5293 esse,
1785 5224 1923 5296 quod

320 5320 766 5395 "perfecimmnia,
796 5322 1006 5388 id'est,
1033 5323 1156 5393 quia
1189 5322 1333 5377 Deus
1375 5335 1405 5375 a
1455 5335 1515 5376 se
1568 5320 1689 5391 ipso
1718 5330 1832 5386 est,
1865 5328 1921 5375 et

320 5424 516 5471 caetera
544 5415 725 5470 omnia
773 5401 1104 5479 fecit,'nihil
1148 5426 1372 5486 prorsus
1430 5410 1771 5483 imperfecti,
1824 5409 1919 5466 sed

321 5522 512 5563 omnes
531 5508 755 5563 omnino
783 5506 1140 5578 perfectiones
1162 5505 1361 5562 habeat
1381 5545 1398 5572 ,
1431 5519 1656 5561 necesse
1695 5513 1799 5559 est.

393 5598 582 5656 Tanta:
608 5610 788 5658 autem
821 5600 928 5656 illa:
952 5610 1112 5667 sunt,
1146 5598 1474 5669 humanique
1502 5596 1701 5667 ingenii
1744 5594 1916 5650 imbe-

320 5690 598 5747 cillitatem
624 5692 762 5749 adeo
781 5700 1075 5764 superant,
1106 5702 1163 5746 ut
1176 5688 1442 5745 invisibilis
1466 5689 1531 5743 sit
1582 5686 1785 5759 (lbid.,
1803 5703 1921 5759 cap.

323 5785 414 5853 t7,
446 5786 739 5858 1109.375),
774 5786 850 5842 ait
879 5789 1082 5842 Auctor
1110 5794 1315 5855 noster,
1338 5781 1391 5840 id
1416 5790 1520 5850 est,
1535 5780 1785 5839 humanis
1806 5795 1928 5838 ocu-

563 5880 1001 5944 TEBTULLIANI
1039 5880 1096 5943 l.

2024 3283 2079 3337 in
2106 3282 2225 3337 sinu
2253 3282 2432 3340 Patris
2458 3326 2475 3351 ,
2507 3286 2618 3355 ipse
2636 3287 2909 3342 enarravit.

2097 3374 2276 3447 Pergit
2330 3376 2532 3432 AuetOr
2577 3366 2764 3433 noster
2795 3397 2808 3433 :
2837 3378 3208 3435 intestimabilis
3227 3423 3240 3448 ,
3271 3382 3366 3437 etsi
3390 3383 3630 3441 humanis

2022 3466 2253 3522 sensibus
2282 3469 2557 3522 restituetur
2577 3511 2593 3537 ,
2623 3468 2676 3523 id
2706 3478 2810 3533 est,
2841 3469 2894 3524 in
2925 3470 3026 3526 hoc
3052 3482 3199 3528 recte
3228 3473 3296 3529 ab
3321 3475 3630 3532 hominibus

2023 3560 2334 3626 a'stimetnr,
2386 3559 2531 3630 quod
2587 3562 2763 3616 sciunt
2837 3577 2962 3617 eum
3020 3578 3143 3620 esse
3192 3565 3624 3622 inaestimabilem

2024 3650 2354 3726 (Tertullian.
2401 3652 2698 3724 Apologet.,
2720 3670 2836 3724 cap.
2870 3655 2960 3721 17,
2995 3672 3117 3726 pag.
3151 3657 3306 3718 575).
3330 3656 3448 3727 Ipse
3475 3646 3633 3713 enim‘

2024 3757 2148 3798 mox
2168 3742 2371 3799 addidit
2404 3761 2417 3797 :
2468 3741 2579 3797 Hoc
2607 3751 2678 3798 est
2699 3744 2838 3815 quod
2864 3742 3031 3799 Deum
3056 3746 3299 3801 aestimari
3328 3748 3471 3819 facit,
3500 3748 3625 3803 dum

2021 3836 2263 3890 testimari
2315 3852 2417 3890 non
2469 3838 2640 3907 capit,
2692 3837 2918 3909 perinde
2967 3854 3030 3895 ac
3076 3840 3123 3895 si
3175 3840 3440 3898 dixisset:
3474 3842 3627 3901 Tunc

2024 3928 2193 3985 Deum
2223 3938 2371 3986 recte
2396 3932 2765 4001 :estimamus,
2793 3947 2916 3989 eum
2959 3933 3191 3990 fatemur
3220 3949 3318 3991 nec
3363 3935 3393 3991 it
3424 3936 3580 3995 nobis
3601 3980 3617 4005 ,

2021 4034 2122 4077 nec
2150 4020 2218 4076 ah
2240 4022 2353 4077 ullo
2383 4021 2602 4080 homine
2632 4038 2791 4095 posse
2819 4040 2916 4095 pro
2947 4026 3142 4081 merito
3172 4027 3452 4082 mstimari.
3578 4090 3583 4096 ,

2094 4113 2295 4169 Horum
2327 4115 2565 4171 omnimn
2596 4115 2865 4172 rationem
2889 4117 2933 4171 si
2981 4116 3049 4172 ab
3078 4116 3168 4171 illo
3191 4115 3450 4187 postules,
3482 4121 3622 4176 hanc

2022 4203 2114 4260 ille
2159 4203 2357 4260 ibidem
2406 4205 2646 4262 reddet:
2687 4207 2839 4274 Quod
2866 4207 3023 4262 videri
3066 4211 3438 4277 communiter,
3481 4214 3621 4282 quod

2021 4295 2419 4366 comprehendi,
2448 4298 2583 4368 quod
2603 4298 2847 4351 wstimuri
2870 4307 3070 4366 potest,
3118 4300 3285 4355 minus
3330 4312 3402 4357 est
3461 4306 3624 4358 oculis

2019 4389 2199 4460 quibus
2241 4400 2551 4460 occupatur,
2581 4400 2628 4444 et
2649 4388 2881 4444 manibus
2906 4391 3087 4460 quibus
3134 4395 3543 4468 contaminatur,
3574 4396 3624 4449 et

2020 4483 2248 4537 sensibus
2293 4482 2476 4553 quibus
2510 4483 2761 4537 invenitur
2782 4524 2798 4549 ,
2850 4482 2952 4538 hoc
2982 4493 3101 4550 est,
3136 4484 3394 4555 quidquid
3446 4486 3618 4541 oculis

1942 4585 1995 4646 1)
2021 4575 2296 4645 corporeis
2323 4574 2680 4629 communiter
2717 4574 2989 4642 cernitur,
3046 4575 3290 4630 manibus
3340 4578 3573 4648 tangitur
3602 4619 3619 4644 ,
3696 4648 3703 4653 _

2022 4678 2117 4723 aut
2145 4667 2246 4741 sub
2276 4667 2409 4722 alios
2439 4666 2629 4723 sensus
2655 4667 2834 4733 cadit,
2864 4666 2994 4723 illud
3026 4666 3110 4722 his
3156 4668 3407 4725 omnibus
3448 4672 3621 4725 sensi-

2024 4760 2127 4816 bus
2165 4759 2341 4814 minus
2389 4767 2513 4827 est,
2545 4758 2954 4831 inferiorisque,
3000 4775 3158 4830 quam
3203 4761 3373 4826 Deus,
3414 4762 3622 4819 ordinis

1976 4884 1981 4887 -
2027 4850 2237 4923 (Ibid).
2284 4850 2417 4906 Nam
2474 4852 2609 4923 quod
2658 4852 2960 4907 immensum
3012 4863 3124 4920 est,
3170 4856 3624 4927 quemadmodum

2025 4944 2168 5000 Deus
2187 4984 2202 5011 ,
2232 4944 2328 4999 soli
2357 4943 2453 4998 sibi
2474 4953 2648 4999 uotum
2676 4954 2748 5000 est
2778 4943 2993 5019 (lbid.).
3023 4945 3286 5019 Immensi
3313 4935 3490 5005 autem
3516 4966 3619 5005 no-

2025 5037 2172 5094 mine
2200 5036 2330 5092 illud
2360 5036 2724 5095 Tertullianus
2750 5040 3111 5110 praecise'non
3160 5041 3445 5112 intelligit,
3474 5044 3619 5115 quod

2025 5128 2229 5200 ubique
2254 5140 2309 5184 et
2335 5129 2387 5184 in
2415 5130 2561 5184 omni
2590 5130 2712 5185 loco
2765 5130 2985 5198 existit,
3016 5131 3111 5186 sed
3136 5132 3276 5204 quod
3305 5143 3389 5189 est
3442 5135 3623 5209 inlini-

2028 5227 2160 5274 tum.
2189 5219 2269 5275 Eo
2295 5221 2491 5292 quippe
2513 5234 2675 5299 sensu
2696 5236 2725 5273 a
2749 5221 2908 5277 bonis
2931 5224 3243 5278 auctoribus
3291 5224 3488 5281 dicitur
3516 5227 3621 5283 im-

2026 5327 2247 5368 mensus
2272 5311 2423 5367 labor
2442 5353 2456 5380 ,
2483 5320 2537 5367 et
2560 5312 2716 5367 dolor
2745 5311 3076 5380 immensus,
3106 5313 3191 5369 vel
3216 5315 3478 5370 immensa
3527 5332 3624 5374 cu-

2025 5405 2237 5476 piditas.
2284 5404 2426 5460 Deus
2471 5404 2682 5476 itaque,
2733 5414 2917 5477 utpote
2968 5405 3243 5474 inﬁnitus,
3285 5424 3315 5463 a
3378 5424 3467 5467 se.
3506 5412 3625 5467 solo

2024 5506 2254 5569 quantus
2310 5507 2394 5553 est
2425 5499 2766 5569 cognoscitur
2796 5497 3005 5573 (lbid.).
3037 5499 3213 5570 Atque
3245 5501 3315 5556 ita
3347 5503 3531 5572 illum,
3563 5515 3627 5561 ut

2026 5604 2233 5655 rursus,
2255 5591 2329 5644 ait
2357 5589 2557 5645 Auctor
2588 5601 2807 5659 noster,
2836 5590 2909 5646 vis
2937 5591 3323 5671 magnitudinis,
3355 5605 3402 5648 et
3450 5606 3627 5651 notum

2033 5682 2320 5738 hominibus
2365 5681 2573 5754 objicit,
2604 5694 2648 5739 et
2696 5684 2927 5757 ignotum
2983 5684 3281 5753 (Dissertat.
3336 5688 3391 5741 in
3424 5687 3623 5744 Minut.

2047 5776 2253 5845 Oetam,
2276 5791 2393 5848 cap.
2422 5775 2477 5847 5,
2508 5785 2607 5833 art.
2660 5776 2713 5845 l;
2743 5776 2970 5834 Dissert.
3018 5777 3074 5831 in
3101 5774 3338 5833 Lactant.
3383 5797 3502 5848 cap.
3533 5782 3623 5853 l5,

2941 5868 3346 5955 (Vingt-siw.)
