4240 6262
572 312 678 375 8H

1640 316 1708 374 IN
1745 314 2208 375 TERTULLIANI
2242 314 2777 377 APOLOGETICULI

3774 315 3883 375 812

575 443 678 490 art.
734 431 815 506 1).
866 433 1036 491 Tanta
1093 431 1371 489 enimvero
1418 439 1503 488 est
1560 431 1690 503 eius
1726 431 2037 504 magnitudo
2065 475 2081 498 ,
2122 439 2178 487 et
2202 433 2257 493 Α
2280 447 2310 487 a
2338 433 2631 501 nulloalio,
2660 434 2861 491 habere
2886 434 3145 509 quidquid
3176 435 3291 510 ipse
3317 442 3421 495 est.
3463 434 3623 510 Atqui
3672 436 3718 492 si
3746 436 3880 497 nihil

575 526 778 589 divinae
821 527 966 581 illius
1012 535 1217 580 natura:
1269 524 1626 589 excellentia,
1671 532 1753 591 ut,
1786 527 1891 579 etsi
1928 524 2175 579 homines

574 632 726 677 certo
750 620 949 674 certius
979 620 1231 675 noverint
1256 619 1405 673 illum
1468 616 1737 685 existere,
1763 634 1959 691 capere
1990 628 2170 675 tamen

574 724 684 765 non
714 709 922 780 possint
942 719 1157 780 quantas
1177 710 1472 782 qualesque
1491 709 1600 768 sint
1619 725 1810 766 omnes
1831 709 1948 782 ejus
1968 709 2175 781 perfec-

573 800 770 855 tiones.
805 799 912 855 Sed
960 800 1028 857 de
1075 801 1158 858 his
1188 801 1440 859 omnibus
1464 800 1575 873 jam
1604 800 1937 872 disputatum
1989 813 2068 857 est
2120 801 2172 856 in

576 893 946 965 superioribus
972 894 1171 951 nostris
1195 894 1688 952 dissertationibus.

661 988 849 1060 Neque
891 1005 1054 1061 porro
1105 990 1219 1046 lucc
1266 1000 1469 1046 tantum
1490 990 1769 1060 negativa,
1797 997 1855 1045 ut
1881 990 2050 1056 aiunt,
2082 987 2175 1043 Dei

574 1082 831 1137 attributa
895 1096 923 1135 a
979 1080 1310 1137 Tertulliano
1377 1091 1585 1137 asserta
1649 1080 2171 1145 animadvertimus,

571 1174 669 1231 sed
717 1176 869 1245 plura
917 1176 1127 1247 quoque
1159 1176 1262 1231 alia
1292 1218 1306 1242 ,
1361 1191 1483 1246 qua:
1536 1175 1857 1231 alﬁrmantia
1910 1184 2174 1231 vocantur

570 1267 902 1339 (Tertullinn.
920 1269 1209 1341 Apologet.,
1230 1286 1345 1339 cap.
1362 1269 1449 1337 30,
1471 1286 1592 1343 pag.
1607 1269 1707 1326 4H
1722 1270 1764 1340 ).
1792 1268 1957 1326 Deum
1974 1269 2171 1326 etenim

568 1376 759 1417 verum
787 1372 841 1418 et
862 1364 1038 1417 vivum
1070 1363 1339 1433 appellat,
1390 1373 1551 1433 atque
1596 1371 1668 1418 tta
1712 1363 1861 1418 illum
1890 1362 2171 1435 gentilium

570 1453 674 1509 diis
699 1452 847 1510 falsis
872 1464 925 1510 et
948 1456 1177 1510 mortuis
1209 1456 1454 1527 opponit.

643 1550 848 1607 Deinde
898 1567 1025 1609 vero
1053 1554 1213 1611 docet
1243 1554 1415 1625 ipsum
1460 1568 1583 1611 esse
1611 1550 1838 1610 omnium
1880 1553 2162 1625 speculato-

570 1658 709 1707 rem,
769 1644 921 1715 cujus
965 1645 1171 1701 infinita
1226 1656 1309 1702 est
1357 1647 1597 1702 scientiae
1632 1644 1940 1716 plenitudo,
1986 1654 2041 1702 et
2085 1643 2173 1701 cui

568 1733 704 1789 nihil
738 1751 957 1806 prorsus
981 1738 1089 1795 ulla
1121 1738 1448 1793 latebrarum
1490 1737 1810 1793 difﬁcultate
1844 1738 2012 1792 latere
2062 1750 2168 1792 un-

2279 529 2326 582 ci
2358 545 2423 584 ex
2451 529 2556 583 alio
2583 530 2825 598 accidat,
2857 540 2910 588 et
2931 530 3289 604 perfectiones
3341 534 3459 603 ejus
3484 530 3593 586 sint
3618 530 3840 587 inﬁnitae
3860 573 3877 600 ,

2279 635 2379 677 nec
2408 621 2477 677 ab
2499 621 2607 677 nllo
2648 638 2882 696 unquam
2903 624 3271 681 circumscribi
3318 624 3592 690 potuerint
3612 666 3629 691 ,
3656 623 3871 693 simpli-

2279 713 2493 770 cissima
2524 716 2900 785 procul—dubio
2948 726 3030 773 est
3084 717 3224 773 illius
3275 728 3463 771 natura
3491 757 3507 784 ,
3541 730 3605 773 ac
3642 714 3877 787 proinde

2278 806 2574 876 Spiritualis
2600 852 2614 875 ,
2645 817 2701 863 et
2747 810 2924 865 omnis
2953 824 3230 881 corporea:
3262 809 3625 867 coneretionis
3652 823 3873 881 expers.

2279 894 2493 967 Nullum
2540 914 2669 970 ergo
2724 900 2877 956 habet
2926 915 3156 972 corpus,
3203 899 3347 971 quod
3399 899 3585 970 utique
3636 900 3880 973 partibus

2279 990 2619 1061 componitur
2639 1034 2654 1057 ,
2680 1002 2839 1063 atque
2867 991 3069 1049 idcirco
3094 1001 3275 1064 potest
3298 991 3519 1049 dissolvi
3547 1033 3563 1056 ,
3596 1000 3650 1049 et
3674 991 3877 1063 imper-

2278 1078 2475 1136 fectum
2501 1090 2603 1137 est.
2629 1082 2733 1138 Sed
2760 1083 2886 1155 quid
2918 1099 3143 1141 necesse
3169 1092 3252 1139 est
3300 1085 3481 1155 aliqua
3530 1092 3877 1154 argumenta-

2280 1171 2426 1229 tione
2456 1172 2593 1229 hanc
2618 1175 2846 1246 probare
2866 1176 3116 1232 Auctoris
3139 1177 3306 1232 nostri
3329 1175 3667 1232 doctrinam?
3687 1174 3879 1231 Nonne

2278 1264 2329 1320 id
2358 1266 2699 1338 apertissime
2722 1265 2806 1321 his
2850 1267 3158 1339 praedicavit
3187 1268 3363 1325 verbis
3386 1266 3709 1338 (Tertulliau.
3734 1266 3878 1339 Apo-

2278 1359 2457 1432 ἔρρει..
2513 1377 2630 1433 cap.
2683 1360 2779 1434 2i)
2828 1379 2840 1415 :
2897 1361 3063 1417 Deum
3127 1362 3414 1430 ediximus,
3460 1362 3718 1433 propriam
3755 1362 3879 1418 sub-

2275 1455 2517 1509 stantiam
2559 1455 2793 1526 spiritum
2827 1455 3181 1512 inscribimus?
3228 1456 3296 1513 Et
3338 1454 3502 1529 paulo
3539 1468 3701 1527 post:
3732 1453 3877 1511 Nam

2277 1557 2323 1602 et
2344 1547 2482 1603 Deus
2508 1550 2739 1620 spiritus.
3574 1616 3585 1625 .

2346 1640 2531 1713 Neque
2557 1641 2885 1713 respondeas
2907 1642 3066 1698 velim
3095 1640 3170 1697 ibi
3194 1642 3419 1712 spiritus
3442 1640 3663 1699 nomine
3683 1653 3877 1710 corpus

2273 1732 2486 1805 aliquod
2506 1775 2521 1801 ,
2554 1731 2650 1789 sed
2674 1733 2888 1789 caeteris
2918 1732 3075 1804 longe
3123 1732 3377 1789 subtilius
3416 1733 3484 1788 al)
3523 1745 3592 1789 eo
3622 1731 3865 1801 intelligi.

567 1843 729 1898 quant
762 1836 941 1898 potest
963 1828 1149 1902 (Ibid.,
1178 1830 1415 1901 cap.'45,
1459 1847 1579 1902 pag.
1608 1830 1763 1900 500).
1794 1830 1911 1886 Non
1941 1830 1993 1885 in
2041 1829 2162 1885 solo
2193 1826 2242 1886 B
2268 1822 2401 1879 Nam
2453 1823 2648 1882 ibidem
2684 1824 2920 1881 Verbum
2940 1865 2955 1889 ,
3001 1824 3195 1882 Sermo
3220 1834 3276 1881 et
3305 1824 3345 1883 F
3351 1825 3474 1883 ilius
3524 1824 3618 1881 Dei
3661 1825 3730 1881 ab
3760 1824 3877 1893 ipso

568 1929 749 1975 autem
778 1922 1127 1992 Apologetico
1147 1965 1160 1989 ,
1187 1922 1282 1978 sed
1310 1923 1416 1977 alio
1439 1937 1653 1994 quoque
1678 1922 1731 1977 in
1761 1921 1900 1977 libro
1929 1919 2166 1976 divinam
2271 1915 2473 1973 dicitur
2499 1932 2567 1972 ex
2592 1917 2712 1972 sinu
2746 1917 2919 1974 Patris
2946 1916 3031 1972 sui
3060 1918 3248 1975 teterni
3278 1917 3546 1988 prodiisse
3566 1959 3585 1987 ,
3607 1916 3672 1973 de
3686 1916 3874 1988 spiritu

566 2012 709 2067 lianc
738 2014 1017 2069 scientiam
1046 2014 1322 2087 prazdicat.
1344 2014 1427 2069 Ab
1449 2013 1542 2068 illo
1571 2014 1715 2069 enim
1741 2013 1857 2067 tunc
1883 2011 2010 2067 alibi
2037 2011 2171 2069 scri-

568 2108 675 2177 ptis
723 2107 916 2164 tradita
967 2108 1193 2180 legimus
1241 2106 1435 2181 (Idem.
1466 2108 1552 2162 lib.
1603 2107 1667 2161 de
1696 2105 1886 2161 Posuit.
1915 2121 2031 2177 cap.
2061 2102 2120 2176 5)
2151 2122 2167 2160 :

567 2196 753 2270 Neque
802 2201 847 2255 si
898 2201 1218 2256 mediocritas
1268 2201 1496 2256 humana
1530 2200 1652 2270 [acti
1704 2197 1873 2253 solum
1930 2198 2170 2267 judicat,

573 2292 696 2363 quia
746 2292 1020 2347 voluntatis
1078 2293 1282 2348 latebris
1335 2310 1431 2363 par
1486 2309 1588 2347 non
1661 2301 1779 2358 est,
1835 2289 2025 2345 idcirco
2069 2289 2172 2343 cri-

571 2387 715 2461 mina
740 2389 850 2458 ejus
902 2388 1052 2441 etiam
1077 2386 1169 2442 sub
1190 2384 1685 2462 Deo.negligamus.
1733 2383 1873 2439 Deus
1898 2384 1952 2439 in
1996 2383 2171 2437 omnia

567 2479 771 2551 sufﬁcit.
822 2478 975 2533 Nihil
1012 2496 1045 2533 a
1070 2489 1338 2549 conspectu
1366 2480 1475 2548 eius
1503 2487 1771 2545 remotum,
1802 2478 1937 2534 unde
1964 2477 2171 2531 omnino

568 2571 899 2644 delinquitur.
940 2571 1143 2629 Omnes
1186 2573 1348 2643 igitur
1379 2571 1599 2627 humani
1647 2570 1828 2627 cordis
1872 2571 2091 2627 intimos
2116 2580 2171 2626 et

566 2663 892 2719 occultiores
935 2678 1182 2720 recessus
1214 2671 1494 2733 penetrat;
1525 2674 1688 2735 atque
1725 2671 1919 2718 caetera
1945 2662 2170 2735 proinde

572 2755 753 2810 omnia
775 2797 791 2824 ,
824 2770 1158 2826 quaecunque
1185 2755 1291 2809 sint
1312 2797 1327 2822 ,
1354 2754 1590 2825 perfecte
1617 2753 1913 2827 cognoscit.

640 2848 753 2904 Nec
777 2849 954 2903 minus
982 2858 1357 2905 asseveranter
1382 2848 1691 2920 pronuntiat
1719 2863 1846 2904 eum
1875 2848 1943 2904 ab
1967 2857 2171 2911 :eterno
2206 2864 2215 2869 ·

569 2954 693 2997 esse
717 2941 1035 2996 rationalem
1061 2982 1077 3009 ,
1109 2942 1199 3013 qui
1228 2940 1499 3007 Verbum,
1529 2951 1588 2999 ut
1618 2940 1754 2998 inl‘ra
1784 2941 1956 2996 fusius
1983 2950 2170 2996 osten-

569 3034 750 3104 detur,
785 3034 1131 3103 Sermonem,
1162 3034 1446 3107 Sophiam,
1478 3034 1808 3105 Sapientiam
1831 3033 2087 3105 protulit;
2110 3048 2172 3089 ac

570 3129 834 3187 mundum
876 3128 1042 3185 verbo
1062 3170 1078 3196 ,
1110 3130 1319 3184 ratione
1345 3138 1401 3183 et
1438 3127 1704 3199 sapientia
1729 3125 1980 3193 molitus,
2013 3141 2171 3182 crea-

2271 2010 2480 2080 spiritus
2500 2052 2515 2077 ,
2547 2019 2594 2064 et
2617 2011 2682 2064 de
2711 2009 2818 2066 Deo
2848 2008 2988 2066 Deus
3029 2008 3241 2082 (Ibid.).
3267 2011 3338 2066 At
3358 2018 3507 2067 certe
3533 2010 3620 2064 illa
3640 2019 3865 2073 interna,

2275 2113 2332 2159 et
2382 2114 2507 2158 ante
2539 2119 2699 2159 omne
2748 2118 2947 2175 corpus
2990 2114 3275 2173 creatum,
3323 2104 3415 2158 Dei
3455 2102 3687 2179 prolatio
3736 2101 3871 2157 nihil

2275 2196 2437 2267 plane
2486 2197 2737 2266 corporei
2768 2196 3057 2253 admittere
3110 2206 3307 2270 potest.
3337 2196 3457 2268 Ipsa
3495 2195 3756 2266 siquidem
3791 2203 3878 2250 est

2276 2289 2371 2347 Dei
2399 2291 2651 2363 cogitatio
2692 2302 2747 2346 et
2782 2290 3163 2362 intelligentia,
3212 2305 3334 2363 qua:
3364 2290 3578 2363 penitus
3622 2290 3878 2360 incorpo-

2275 2398 2390 2449 rea,
2421 2390 2475 2438 et
2501 2398 2649 2439 mere
2673 2382 2968 2453 spiritualis
2988 2396 3110 2437 esse
3135 2381 3318 2437 debet.
3346 2379 3483 2436 Vere
3510 2395 3640 2449 ergo
3656 2378 3875 2435 Tertul-

2276 2474 2449 2529 lianus
2475 2474 2735 2539 credidit,
2770 2474 2940 2531 Deum
2966 2474 3179 2530 Patrem
3229 2472 3533 2543 Filiumque
3580 2470 3698 2541 ejus
3752 2484 3878 2527 esse

2275 2567 2521 2637 Spiritum
2544 2606 2559 2631 ,
2581 2567 2672 2637 qni
2699 2565 2833 2622 nihil
2853 2580 3075 2637 prorsus
3090 2565 3336 2635 corporis
3359 2573 3417 2621 et
3440 2563 3678 2620 materiae
3706 2577 3879 2633 quan-

2278 2657 2525 2714 tumlibet
2553 2657 2762 2714 subtilis
2788 2658 2999 2715 habeat.

2344 2750 2545 2809 Contra
2592 2761 2770 2809 tamen
2797 2752 3043 2809 nonnulli
3074 2752 3408 2820 reclamant,
3455 2750 3719 2822 nobisque
3743 2750 3882 2821 obji-

2275 2845 2425 2900 ciunt
2467 2843 2856 2901 Tertullianum
2899 2844 3171 2907 docuisse,
3219 2843 3477 2916 quidquid
3514 2851 3599 2899 est
3644 2852 3734 2898 aut
3752 2858 3884 2899 eor-

2277 2951 2377 3008 pus
2417 2951 2538 2992 esse
2559 2979 2574 3005 ,
2603 2946 2696 2993 aut
2723 2937 2894 3006 nihil,
2924 2952 3023 2993 nec
3054 2950 3214 3007 posse
3244 2935 3466 2991 omnino
3486 2933 3687 3006 aliquid
3732 2934 3882 2990 inter

2280 3040 2570 3100 utrumque
2593 3029 2831 3085 medium
2853 3029 3137 3100 assignari.
3169 3026 3301 3083 Nam
3333 3027 3449 3084 haec
3494 3034 3620 3081 sunt
3670 3026 3885 3097 ipsissi-

2248 3139 2364 3179 .ma
2398 3125 2515 3195 ejus
2538 3125 2701 3181 verba
2734 3142 2746 3178 :
2791 3122 2953 3178 Omne
2972 3123 3108 3194 quod
3144 3132 3216 3179 est
3238 3164 3255 3190 ,
3278 3138 3463 3193 corpus
3510 3130 3585 3177 cst
3611 3120 3692 3175 sui
3714 3108 3882 3191 gene-

570 3226 649 3281 vit
674 3240 740 3281 ex
768 3222 940 3280 nihilo
966 3264 981 3289 ,
1006 3232 1165 3294 atque
1191 3221 1397 3279 ideirco
1428 3236 1590 3278 omne
1614 3232 1824 3291 tempus
1843 3220 2170 3287 antecessit,
2199 3218 2245 3282 C
2277 3220 2369 3274 ris.
2404 3216 2555 3272 Nihil
2581 3226 2653 3273 est
2678 3214 3019 3289 incorporate,
3053 3216 3149 3271 nisi
3168 3215 3306 3285 quod
3326 3231 3428 3269 non
3456 3221 3529 3269 est
3557 3210 3750 3284 (Idem,
3777 3211 3875 3265 lib.

577 3328 636 3375 et
661 3328 896 3375 (etet-nus
924 3325 1004 3373 est
1029 3316 1049 3390 (
1076 3315 1247 3385 Idem,
1276 3315 1571 3387 Apologet.,
1612 3331 1727 3386 cap.
1766 3315 1850 3382 l7,
1886 3329 2007 3386 pag.
2032 3312 2172 3378 375;

574 3428 690 3482 cap.
727 3413 814 3477 Η,
847 3429 969 3484 pag.
1005 3409 1153 3484 352).

652 3504 725 3559 At
765 3502 867 3559 hoc
892 3501 1104 3572 quidem
1132 3501 1256 3557 alibi
1303 3500 1452 3556 hisce
1479 3499 1657 3556 verbis
1676 3500 1961 3556 confirmat
1988 3499 2175 3572 (lbid.,

575 3591 880 3666 cap.26):
931 3593 1035 3660 Qui
1090 3601 1207 3647 ante
1259 3601 1455 3662 tempus
1506 3592 1646 3661 fuit,
1699 3600 1747 3644 et
1786 3592 2176 3647 steculumcor-

578 3701 674 3755 pus
725 3693 1012 3754 temporum
1053 3683 1190 3753 fecit.
1250 3682 1458 3738 Nomen
1512 3693 1695 3737 autem
1742 3698 1929 3752 corpus
1983 3683 2053 3737 ibi
2084 3699 2180 3737 sn-

581 3775 749 3830 mitur
769 3790 866 3845 pro
890 3773 1120 3843 plurium
1144 3772 1465 3828 collectione
1486 3786 1663 3828 rerum
1684 3813 1700 3840 ,
1740 3786 1805 3827 ac
1856 3782 2182 3844 congregata

581 3864 946 3922 multitudine.
974 3864 1065 3920 Sic
1093 3877 1290 3934 corpus
1319 3864 1550 3920 civitatis
1571 3905 1586 3931 ,
1615 3873 1709 3918 aut
1749 3864 2058 3934 reipublicae
2102 3865 2184 3919 di-

584 3959 741 4014 citur.
764 3958 840 4015 De
861 3957 1182 4035 Christianis
1204 3970 1332 4013 vero
1356 3956 1471 4029 ipse
1498 3966 1687 4011 auctor
1713 3965 1896 4011 noster
1922 3974 1935 4012 :
1963 3954 2181 4029 Corpus,

583 4050 789 4122 inquit,
820 4066 1012 4105 sumus.
1036 4050 1241 4105 Sensus
1289 4048 1470 4120 itaque
1520 4047 1662 4103 illius
1705 4046 2023 4121 est(Ibid.,
2064 4066 2183 4119 cap.

584 4142 679 4216 59)
710 4160 724 4196 :
751 4143 899 4198 Deus
962 4142 1206 4198 steculum
1270 4157 1453 4211 corpus
1530 4150 1813 4212 temporum
1885 4143 2036 4214 fecit,
2088 4158 2185 4198 seu

592 4235 726 4293 fecit
771 4246 828 4292 ut
870 4235 1103 4292 mundus
1131 4251 1195 4291 ex
1226 4244 1332 4290 tota
1356 4243 1657 4305 temporum
1684 4234 2007 4292 collectione
2058 4252 2189 4293 con-

590 4336 696 4384 stet
727 4327 917 4400 (Ibid.,
946 4344 1063 4398 cap.
1097 4326 1182 4395 t8,
1214 4343 1333 4400 pag.
1367 4326 1518 4397 577).
1552 4326 1886 4399 Quapropter
1913 4328 2002 4384 ille
2031 4338 2189 4386 antea

594 4422 812 4478 dixerat
847 4440 859 4475 :
892 4420 1035 4476 Deus
1062 4420 1307 4476 sarculum
1354 4420 1502 4474 certis
1532 4427 1812 4492 temporum
1842 4420 2191 4491 dispositioni-

594 4516 687 4571 bus
712 4524 758 4572 et
783 4514 1000 4571 exitibus
1031 4513 1305 4569 ordinavit.
1353 4514 1426 4569 At
1470 4512 1521 4567 id
1568 4512 1745 4569 facere
1785 4527 1890 4569 non
1934 4524 2189 4586 poterat,

2280 3310 2346 3366 de
2396 3309 2561 3366 Carne
2614 3309 2823 3377 Christi,
2889 3325 3006 3379 cap.
3065 3309 3125 3363 ll
3154 3306 3528 3379 ).jGeneralis
3572 3304 3757 3375 procul
3783 3304 3885 3360 du-

2282 3405 2374 3462 bio
2423 3412 2509 3461 est
2565 3404 2681 3460 haec
2731 3403 2848 3476 ejus
2880 3402 3206 3475 propositio,
3233 3416 3297 3457 ac
3346 3400 3579 3473 proinde
3605 3399 3675 3456 ab
3713 3414 3779 3455 en
3805 3398 3888 3454 di-

2280 3508 2426 3556 serte
2472 3498 2729 3554 delinitur
2772 3495 3029 3568 quidquid
3060 3497 3164 3562 sit,
3197 3497 3317 3552 sive
3362 3495 3535 3563 Deus,
3585 3496 3703 3552 sive
3754 3494 3885 3565 quid

2283 3592 2460 3659 aliud,
2486 3606 2554 3649 eo
2579 3591 2697 3663 ipso
2718 3590 2864 3664 quod
2890 3599 2975 3647 est
2996 3631 3013 3657 ,
3048 3590 3178 3647 illud
3208 3604 3330 3646 esse
3384 3604 3599 3661 corpus.
3637 3588 3771 3645 Cum
3806 3597 3886 3649 tot

2283 3684 2479 3756 igitur,
2528 3685 2602 3740 nti
2656 3684 2918 3751 vidimus,
2972 3684 3308 3754 argumentis
3356 3680 3665 3753 probaverit
3710 3681 3881 3736 Deum

2283 3792 2451 3833 unum
2479 3785 2535 3832 et
2555 3791 2743 3833 verum
2764 3776 3036 3844 existere,
3059 3790 3183 3831 enm
3227 3773 3404 3846 utique
3449 3787 3637 3829 revera
3683 3786 3885 3844 corpo-

2285 3884 2437 3926 reum
2465 3882 2587 3925 esse
2619 3868 2867 3926 credidit.
3458 3856 3466 3867 ’

2358 3965 2465 4025 Sed
2487 3964 2612 4036 quid
2644 3965 2746 4020 hac
2770 4006 2785 4029 ,
2821 3964 3065 4036 inquient
3085 3963 3209 4030 alii,
3231 3962 3401 4019 aliave
3424 3958 3891 4032 argumentatione

2287 4071 2423 4127 Opus
2453 4055 2572 4112 est?
2624 4055 2810 4112 Nonne
2851 4055 2919 4112 de
2944 4056 3174 4126 ipsumet
3216 4055 3324 4109 Deo
3352 4052 3495 4107 hunc
3526 4052 3766 4122 loquitur
3820 4052 3878 4105 in

2289 4148 2549 4204 modum?
2575 4147 2703 4215 Quis
2747 4148 2946 4221 negabit
3003 4147 3166 4203 Deum
3213 4164 3400 4213 corpus
3427 4163 3537 4201 esse
3559 4188 3575 4213 ,
3603 4146 3698 4200 etsi
3747 4143 3893 4199 Deus

2290 4234 2500 4311 spiritus
2520 4241 2633 4296 est?
2663 4240 2891 4309 Spiritus
2915 4241 3048 4295 enim
3070 4256 3254 4309 corpus
3275 4240 3354 4293 sui
3379 4239 3579 4310 generis
3611 4239 3663 4292 in
3692 4253 3787 4292 sua
3812 4236 3894 4306 cf:-

2291 4334 2429 4407 ﬁgie.
2466 4333 2572 4389 Sed
2611 4345 2657 4389 et
2686 4333 2957 4389 inuisibilia
3010 4333 3106 4387 illa
3156 4348 3478 4404 qua'cunqu
3499 4344 3652 4400 sunt,
3703 4333 3890 4385 habent

2293 4427 2432 4498 apud
2486 4424 2650 4480 Deum
2695 4435 2742 4482 et
2783 4440 2934 4481 suum
2979 4440 3202 4495 corpus,
3245 4434 3293 4479 et
3332 4440 3483 4479 suam
3510 4423 3768 4493 formam,
3798 4437 3892 4491 per

2292 4536 2405 4591 qua
2431 4520 2528 4575 soli
2552 4517 2663 4573 Deo
2705 4517 2924 4573 oisibilia
2974 4527 3093 4574 sunt
3123 4518 3142 4589 (
3173 4514 3344 4586 Idem,
3374 4516 3499 4574 liber
3527 4517 3646 4572 adst.
3698 4514 3889 4583 Praua,

593 4608 697 4663 nisi
726 4616 853 4663 ante
896 4620 1088 4672 omne,
1153 4614 1212 4661 ut
1246 4606 1362 4676 ipse
1415 4604 1678 4676 loquitur,
1728 4615 1970 4678 tempus,
2030 4609 2414 4685 atqueDcap.
2448 4612 2529 4681 7).

594 4699 799 4756 idcirco
823 4709 1059 4756 aeternus
1084 4697 1265 4753 fuerit.
1297 4696 1479 4768 Neque
1501 4695 1716 4754 dubites
1737 4697 1876 4755 hanc
1899 4714 2022 4756 esse
2050 4701 2192 4758 illius

594 4802 835 4849 mentem
864 4833 879 4861 ,
940 4791 1030 4864 qni
1076 4791 1201 4847 alibi
1229 4790 1660 4847 Christianorum
1710 4791 1929 4848 nomine
1977 4794 2196 4866 scripsit

596 4883 787 4957 (Ibid.,
840 4901 958 4956 cap.
1009 4883 1102 4957 50)
1143 4903 1155 4938 :
1195 4881 1309 4941 Nos
1362 4881 1525 4941 Deum
1584 4884 1875 4939 invocamus
1923 4895 2189 4944 aeternum.

596 4981 670 5037 At
720 4979 794 5035 ibi
843 4979 994 5035 illum
1053 4992 1159 5033 non
1215 4976 1377 5033 modo
1428 4988 1687 5033 internum
1753 4978 2045 5049 praedicat,
2102 4996 2194 5037 ve-

598 5085 721 5125 rum
741 5070 904 5127 etiam
928 5068 1356 5141 omnipotentem
1374 5110 1391 5137 ,
1410 5067 1464 5124 in
1482 5067 1635 5140 cujus
1659 5076 1924 5138 potestate
1944 5070 2047 5128 sita
2069 5081 2196 5129 sunt

596 5161 801 5217 omnia.

694 5306 699 5313 .
1202 5268 1492 5310 ARTICULUS
1530 5270 1609 5311 III.

604 5347 903 5405 Ostenditur
930 5346 1305 5404 Tertullianum
1353 5363 1529 5403 revera
1572 5348 1848 5408 credidisse
1876 5349 2043 5407 Deum
2089 5368 2196 5410 esse

673 5444 951 5515 spiritum,
985 5441 1210 5513 nihilque
1237 5440 1421 5499 habere
1447 5444 1680 5514 corporei
1699 5486 1714 5514 ,
1745 5454 1792 5499 et
1821 5446 2079 5501 contraria
2106 5424 2192 5502 ar-

595 5544 606 5594 .'
672 5546 913 5608 gumento
940 5538 1226 5594 solvuntur.

673 5632 806 5700 Quin
836 5630 907 5688 de
943 5639 1021 5687 tot
1051 5630 1321 5702 tantisque
1360 5630 1456 5688 Dei
1486 5631 1902 5704 perfectionibus
1937 5641 1994 5691 et
2039 5634 2196 5690 attri-

2367 4704 2570 4761 Verum
2614 4701 2957 4774 quantumvis
2999 4701 3265 4773 generalis
3305 4700 3375 4757 sit
3402 4700 3575 4772 prima
3602 4698 3719 4771 ejus
3764 4710 3895 4769 pro-

2297 4802 2527 4874 positio,
2573 4792 2815 4855 mediam
2856 4797 3207 4854 nihilominus
3246 4795 3480 4869 aliquam
3510 4795 3653 4850 inter
3694 4806 3895 4864 corpus

2297 4904 2353 4952 et
2383 4894 2516 4951 nihil
2569 4891 2922 4948 snbstantiam
2971 4890 3266 4957 discernit,
3320 4904 3445 4960 quas
3492 4888 3782 4960 spiritalis,
3832 4900 3898 4943 ac

2298 4986 2518 5056 spiritus
2541 5000 2572 5041 a
2599 4999 2829 5056 corpore
2883 4984 3167 5039 distinctus
3196 4991 3298 5038 est.
3340 4975 3632 5037 Enimvero
3659 4980 3715 5035 in
3751 4978 3853 5034 hoc
3877 5020 3896 5048 ,

2297 5078 2367 5136 de
2393 5093 2502 5150 quo
2528 5077 2756 5149 agimus,
2783 5075 3132 5148 Apologetico
3160 5074 3299 5133 libro
3318 5072 3703 5130 dixitcreatam
3728 5084 3759 5123 a
3781 5070 3901 5127 Deo

2299 5173 2455 5231 istam
2481 5171 2666 5228 mundi
2693 5170 2888 5227 molem
2913 5211 2928 5238 ,
2956 5184 3072 5223 cum
3091 5168 3232 5225 omni
3265 5169 3595 5223 instrumento
3621 5162 3903 5218 elemento-

2297 5283 2414 5325 rum
2431 5306 2447 5335 ,
2471 5281 2740 5337 corporum
2768 5306 2784 5332 ,
2805 5264 3079 5335 spirituum
3101 5260 3296 5336 (Idem,
3337 5258 3601 5330 Apotoget.
3627 5271 3746 5327 cap.
3779 5252 3900 5327 Π).

2299 5361 2440 5432 Quid
2495 5367 2678 5417 autem
2733 5371 2960 5416 necesse
3011 5364 3131 5414 erat
3188 5354 3259 5411 ibi
3309 5353 3544 5425 adjicere
3588 5350 3900 5424 spirituum,

2300 5454 2347 5511 si
2410 5467 2607 5523 corpus
2661 5459 2717 5507 et
2775 5449 3055 5520 spiritum,
3106 5462 3270 5504 unum
3316 5445 3571 5518 idemque
3626 5458 3748 5499 esse
3792 5456 3906 5497 cre-

2301 5544 2566 5602 didisset?
2629 5541 2897 5615 Numquid
2950 5539 3304 5612 respondebis
3359 5535 3906 5610 corporum.nomine

2299 5635 2592 5709 signiticnri
2618 5650 2845 5707 corpora
2873 5634 3036 5689 densa
3066 5642 3117 5689 et
3140 5632 3404 5688 crassiora
3426 5672 3441 5695 ,
3487 5631 3767 5701 spirituum
3804 5642 3906 5682 au-

601 5726 744 5779 hutis
771 5724 1034 5782 hactenus
1063 5724 1308 5795 exposita
1325 5734 1471 5795 sunt,
1492 5725 1607 5783 haec
1634 5726 1919 5785 manifeste
1944 5727 2199 5785 demons—
2302 5739 2415 5786 tem
2449 5730 2710 5787 vocabulo
2738 5744 2965 5802 corpora
2995 5726 3277 5784 subtiliora
3309 5739 3373 5781 ac
3400 5722 3758 5781 tenuissima?
3797 5718 3906 5777 Sed

601 5821 746 5868 trant
772 5815 889 5871 illas
919 5828 1040 5873 esse
1077 5829 1316 5873 summas
1340 5855 1355 5882 ,
1385 5829 1448 5873 ac
1478 5818 1641 5873 Deum
1668 5833 1696 5872 a
1729 5831 1788 5875 se
1810 5817 1928 5889 ipso
1956 5820 2073 5875 solo
2096 5858 2111 5888 ,
2143 5828 2197 5877 et

2306 5821 2422 5875 hare
2448 5828 2649 5876 tantum
2673 5818 2902 5876 diversa!
2941 5826 3065 5875 sunt
3107 5831 3391 5889 corporum
3423 5813 3745 5888 qualitates,
3785 5824 3906 5883 tunc
