4240 6262
331 6006 369 6024 δ

422 345 533 408 815

1570 350 2017 416 DISSERTATIO
2055 353 2120 416 Β.
2160 355 2249 417 LE
2284 358 2592 421 NOURRY.

3629 375 3736 432 8H

428 473 679 538 poterant
732 465 849 523 solo
875 480 1167 539 corporum
1201 466 1420 526 nomine
1461 470 1593 527 satis
1624 471 1920 546 designari.
1959 476 2029 531 At
2055 474 2108 537 Α
2134 471 2435 536 adserenda
2456 523 2469 546 ,
2493 479 2739 538 concedit
2764 480 2998 553 aliquam
3024 476 3376 544 substantiam
3406 499 3528 547 esse
3553 489 3731 549 incor-

426 561 705 633 spiritaum
734 563 951 618 nomine
978 576 1085 619 non
1112 576 1398 635 corporum
1427 564 1713 636 qualitates
1735 608 1750 634 ,
1790 566 1885 624 sed
1935 567 2032 623 ali-

425 652 551 725 quid
578 654 647 710 ab
698 654 843 711 omni
875 670 1103 729 corpore
1148 655 1466 727 discretum,
1495 658 1800 731 signiﬁcare
1844 662 2029 734 procul

426 746 588 803 dubio
616 748 847 805 videtur.
916 758 923 767 '

496 839 632 907 Quid
662 856 817 909 vero,
843 841 988 915 quod
1012 842 1102 900 ille
1122 843 1232 899 alio
1258 843 1310 899 in
1354 844 1493 901 libro
1537 861 1649 902 rem
1695 847 2027 918 spiritualem

423 945 455 987 a
483 933 750 1002 corporali
801 935 961 1007 plane
1008 937 1328 1008 penitusque
1375 936 1692 1011 distinguit?
1739 938 1840 996 Ubi
1882 942 2027 996 enim

424 1022 492 1082 de
542 1025 811 1090 hominis.
864 1029 954 1098 qui
1005 1042 1273 1098 corpore,
1324 1030 1398 1086 uti
1451 1030 1541 1087 ille
1568 1033 1676 1099 ait,
1736 1042 1793 1089 et
1834 1033 2027 1103 spiritu

420 1125 671 1187 constat,
730 1121 967 1190 peccatis
994 1119 1317 1193 delictisque
1360 1122 1616 1191 disserit,
1670 1134 1859 1196 aperte
1901 1140 2025 1196 pro-

420 1210 632 1266 nuntiat
665 1230 678 1265 :
712 1209 1030 1269 Delictorum
1056 1214 1294 1285 quaedam
1349 1230 1458 1271 esse
1505 1217 1735 1272 carnalia
1759 1260 1773 1286 ,
1821 1217 1878 1272 id
1913 1227 1986 1273 est
2007 1252 2031 1286 ,η

422 1304 715 1375 corporalia
747 1346 763 1372 ,
821 1307 1056 1378 quaedam
1106 1323 1222 1363 vero
1274 1308 1527 1381 spiritalia
1555 1309 1576 1382 (
1607 1308 1776 1378 Idem,
1824 1310 1913 1366 lib.
1966 1312 2030 1366 de

422 1391 614 1452 Poenit.
674 1413 791 1469 cap.
851 1399 887 1454 3
917 1399 959 1470 ).
1012 1397 1145 1454 Tum
1200 1414 1332 1456 vero
1384 1400 1543 1472 paulo
1600 1410 1771 1473 post:
1825 1401 2030 1458 Exinde

418 1487 674 1558 spiritalia
727 1498 773 1544 et
822 1490 1118 1560 corporalia
1181 1492 1530 1558 nominantur,
1588 1496 1725 1564 quod
1788 1496 2027 1551 delictum

424 1594 575 1632 omne
620 1590 709 1634 aut
762 1582 929 1654 agitur
975 1590 1064 1637 aut
1121 1584 1392 1654 cogitatur.
1426 1584 1494 1640 Ut
1538 1588 1803 1655 corporale
1845 1591 1943 1653 sit,
1973 1590 2025 1644 in

426 1673 566 1740 facto
611 1682 723 1738 est;
750 1674 871 1743 quia
894 1673 1105 1744 factum,
1128 1685 1184 1731 ut
1206 1692 1393 1746 corpus
1410 1718 1428 1744 ,
1478 1687 1524 1732 et
1554 1679 1711 1733 videri
1730 1688 1776 1733 et
1801 1681 2028 1754 contingi

414 1759 585 1815 habet.
615 1760 861 1832 Spiritule
896 1780 1034 1831 vero,
1060 1767 1199 1836 quod
1243 1767 1297 1821 in
1340 1769 1512 1823 animo
1542 1778 1635 1835 est,
1676 1770 1793 1841 quia
1819 1773 2027 1842 spiritus

2136 586 2352 642 peream
2374 614 2389 639 ,
2416 584 2535 644 quae
2562 582 2737 630 tamen
2762 575 2839 632 rei
2866 575 3036 647 ipsius
3058 590 3254 656 corpus
3276 587 3380 637 est.
3410 576 3553 637 Nihil
3579 572 3730 657 ergo,

2134 665 2235 719 nisi
2265 680 2581 736 corporeum
2622 680 2743 724 esse
2782 669 3123 740 opinabatur.
3150 668 3259 726 Sed
3303 672 3733 741 animadvertas,

2132 758 2322 826 velim,
2358 759 2504 815 illum
2552 759 2762 817 inurere
2789 760 3047 819 duntaxat
3072 764 3124 817 in
3142 763 3301 835 hujus
3329 767 3561 824 nominis
3580 810 3595 833 ,
3622 786 3735 824 cor-

2133 867 2259 921 pus,
2294 850 2615 930 signilicatu.
2651 852 2765 910 Non
2797 854 3026 912 obscure
3055 868 3235 914 tamen
3266 859 3464 916 ibidem
3502 863 3735 934 explicat

2131 942 2256 1012 quid
2287 944 2387 998 hoc
2418 945 2637 1001 nomine
2665 944 2988 1002 intellexerit
3015 967 3027 1003 :
3060 947 3219 1019 Ipsa,
3250 951 3455 1023 inquit,
3485 955 3726 1009 substan-

2132 1035 2203 1088 tia
2230 1052 2415 1124 corpps
2461 1047 2533 1092 est
2584 1039 2658 1092 rei
2701 1039 2964 1110 cujusque.
3008 1039 3265 1112 Corporis
3306 1044 3486 1115 itaque
3515 1045 3732 1103 nomine

2132 1125 2419 1198 significari
2455 1137 2604 1198 putat
2652 1129 2917 1201 Cujusque
2940 1133 3016 1188 rei
3045 1131 3424 1189 substantiam.
3476 1138 3544 1191 At
3575 1151 3734 1193 nemo

2130 1230 2211 1277 est
2236 1264 2251 1289 ,
2281 1221 2369 1292 qui
2399 1237 2503 1277 non
2547 1221 2777 1280 fateatur
2807 1224 3008 1279 nullum
3050 1238 3270 1297 prorsus
3321 1242 3443 1285 esse
3498 1230 3732 1286 medium

2130 1321 2222 1367 aut
2260 1314 2469 1369 tertium
2502 1316 2643 1370 inter
2686 1315 3036 1373 subSIantiam
3085 1327 3140 1373 et
3190 1318 3363 1390 ipsum
3391 1320 3544 1377 nihil.
3594 1322 3733 1393 Quid

2130 1414 2307 1461 autem
2340 1406 2533 1462 mirttm
2559 1449 2576 1474 ,
2608 1408 2650 1462 si
2701 1410 2947 1480 corporis
2974 1411 3189 1466 nomine
3231 1413 3398 1483 ipsam
3432 1417 3505 1470 rei
3550 1415 3732 1484 cujus-

2130 1510 2236 1569 que
2280 1499 2635 1555 substantiam
2690 1499 3096 1571 intelligendam
3128 1519 3248 1559 esse
3299 1506 3728 1578 existimaverit,

2130 1604 2252 1645 cum
2281 1589 2479 1647 Paulus
2530 1593 2805 1663 apostolus
2838 1594 2937 1650 hoc
2969 1595 3142 1664 ipsum
3172 1610 3365 1653 nomen
3396 1614 3580 1670 corpus
3607 1615 3728 1655 um-

2132 1680 2245 1736 bris
2274 1692 2327 1737 et
2360 1682 2545 1753 ﬁguris
2567 1696 2833 1755 apponat,
2901 1699 2963 1741 ac
2991 1686 3119 1741 illud
3148 1701 3268 1743 esse
3311 1687 3538 1759 dixerit,
3586 1692 3730 1763 quod

2132 1788 2219 1829 res
2251 1775 2363 1845 ipsa
2392 1784 2445 1830 et
2474 1775 2673 1831 veritas
2702 1777 2819 1832 est?
2850 1777 2926 1832 De
2952 1778 3148 1834 veteris
3176 1779 3372 1851 quippe
3399 1786 3731 1839 TeSIamenti

421 1869 580 1925 neque
635 1854 832 1911 videtur
877 1873 1037 1928 neque
1090 1860 1337 1930 tangitur.
1392 1858 1499 1915 Per
1539 1862 1677 1932 quod
1720 1864 2021 1934 intelligitur
2048 1869 2097 1931 B
2122 1867 2310 1938 ﬁguris
2338 1867 2482 1923 hunc
2510 1869 2695 1924 scribit
2724 1869 2775 1923 in
2807 1868 3028 1925 modum
3058 1868 3239 1944 (Paul.
3296 1873 3365 1927 ad
3411 1870 3729 1942 Coloss.,ll,

416 1960 520 2002 non
547 1947 672 2016 facti
697 1947 862 2002 solum
881 1990 897 2017 ,
926 1965 1117 2005 verunt-
1140 1960 1187 2005 et
1240 1952 1521 2009 uoluntatis
1570 1954 1757 2010 delicta
1784 1956 2014 2011 vitanda.

416 2039 638 2098 Fatetur
666 2042 850 2114 itaque
897 2043 1128 2115 duplicis
1150 2047 1375 2117 generis
1400 2062 1524 2103 esse
1564 2058 1781 2120 peccata
1807 2090 1822 2116 ,
1865 2050 2020 2105 nimi-

412 2150 532 2191 rum
573 2137 876 2206 corporalia
901 2179 916 2205 ,
963 2154 1086 2210 quae
1124 2155 1158 2194 ra
1213 2156 1479 2212 corpore,
1529 2158 1636 2199 non
1684 2154 2017 2217 repugnante

411 2230 596 2287 mrimo
630 2240 688 2287 et
712 2229 993 2288 voluntate
1017 2274 1034 2301 ,
1079 2243 1480 2306 perpetrantur.
1514 2235 1631 2291 Alia
1679 2252 1808 2293 vero
1849 2237 2018 2293 solius

413 2322 633 2394 Spiritus
656 2365 673 2389 ,
699 2339 822 2396 qua:
847 2325 963 2381 sola
990 2326 1349 2384 admittuntur
1364 2329 1700 2400 cogitatione
1725 2340 1781 2387 et
1829 2331 2018 2387 volun-

416 2420 526 2470 tate
557 2456 572 2481 ,
601 2430 664 2471 ac
710 2418 828 2472 sine
859 2417 968 2473 ullo
996 2420 1244 2491 corporis
1274 2420 1598 2477 ministerio.
1657 2422 1797 2490 Quin
1852 2424 2014 2479 etiam

412 2506 546 2563 alios
563 2508 737 2564 adhuc
767 2523 888 2565 esse
908 2508 1069 2566 docet
1111 2511 1361 2583 proprios
1391 2513 1587 2568 anima:
1611 2521 1812 2569 nostra;
1841 2524 2013 2582 actus,

411 2601 481 2659 ab
536 2602 654 2674 ejus
694 2618 923 2674 corpore
971 2620 1311 2677 nequaquam
1366 2605 1767 2678 dependentes,
1824 2607 2017 2679 quibus

406 2712 515 2754 non
569 2696 744 2752 solum
799 2712 994 2768 paena,
1045 2699 1141 2754 sed
1197 2699 1474 2770 praemium
1523 2715 1736 2771 quoque
1791 2700 2017 2756 debetur

408 2788 602 2864 (Idem,
623 2790 709 2846 lib.
729 2790 792 2846 de
816 2792 1011 2861 Anim,
1034 2810 1155 2865 cap.
1188 2793 1304 2864 58).
1329 2794 1487 2866 Atqui
1512 2793 1612 2851 hos
1633 2796 1799 2852 solius
1821 2796 2015 2852 animtc

406 2894 501 2940 aut
517 2884 688 2941 bonos
710 2893 803 2940 aut
831 2884 1005 2940 malos
1027 2894 1208 2952 actus,
1242 2888 1465 2957 praemio
1492 2896 1583 2941 aut
1628 2903 1785 2958 pmna
1814 2887 2009 2959 dignos

408 2990 509 3032 nec
529 2991 756 3048 corpus,
789 2992 892 3033 nec
921 2976 1052 3033 nihil
1078 3020 1092 3046 ,
1121 2977 1215 3034 sed
1240 2978 1440 3050 aliquid
1490 2979 1863 3035 intermedium
1894 2994 2015 3036 esse

406 3069 829 3126 arbitrabuntur.
866 3069 1014 3141 Ergo
1039 3071 1283 3143 qumdam
1315 3087 1437 3128 esse
1465 3066 1666 3144 putavit
1687 3115 1700 3140 ,
1746 3089 1869 3145 quae
1896 3083 2015 3129 tan-

407 3168 518 3218 tum
548 3164 813 3234 spiritalia
853 3178 954 3221 nec
983 3154 1147 3236 plane.
1167 3165 1468 3236 corporalia
1491 3172 1636 3220 sunt.

2126 1960 2272 2033 l7):
2331 1958 2460 2028 Quae
2527 1970 2644 2016 sunt
2720 1960 2902 2016 umbra
2975 1967 3266 2033 futurorum
3292 2006 3307 2032 ,
3363 1980 3548 2038 corpus
3626 1983 3725 2021 an-

2119 2061 2220 2108 tem
2261 2050 2485 2120 Christi,
2520 2052 2570 2108 id
2599 2063 2682 2109 est
2716 2071 2730 2108 :
2760 2054 2854 2108 Hm
2884 2057 3223 2111 cceretnonitc
3270 2057 3402 2112 nihil
3431 2058 3574 2113 aliud
3603 2069 3729 2115 sunt

2119 2161 2278 2217 quam
2315 2147 2524 2202 umbra:
2556 2146 2765 2202 illarum
2793 2157 2972 2204 autem
3003 2162 3236 2220 corpus,
3261 2150 3376 2206 sive
3424 2162 3509 2207 res
3536 2151 3650 2223 ipsa
3677 2161 3732 2207 et

2121 2239 2317 2294 veritas
2345 2246 2430 2295 est
2456 2237 2701 2295 Christus
2722 2280 2735 2305 ,
2770 2240 2821 2295 in
2849 2254 2955 2311 quo
2976 2239 3358 2313 adimplentur.

2191 2333 2549 2401 Quamobrem
2583 2336 2636 2387 in
2666 2332 2730 2388 iis
2753 2375 2767 2399 ,
2798 2348 2918 2402 qtae
2963 2333 3120 2390 nobis
3162 2334 3373 2406 objecta
3408 2344 3554 2402 sunt,
3586 2335 3720 2392 Ter-

2121 2425 2327 2482 tulliani
2359 2425 2528 2481 nostri
2576 2423 2711 2481 locis
2737 2467 2753 2492 ,
2783 2425 2872 2482 ubi
2921 2426 3059 2482 dixit
3097 2442 3312 2484 omnem
3364 2429 3720 2486 substantiam

2118 2534 2238 2575 esse
2266 2535 2482 2590 corpus,
2515 2527 2607 2574 aut
2635 2518 2891 2591 quidquid
2917 2528 3001 2576 est
3037 2519 3140 2577 hoc
3161 2535 3282 2578 esse
3334 2538 3552 2596 corpus,
3578 2522 3721 2581 haud

2121 2609 2422 2666 inconsulte
2453 2608 2527 2665 ibi
2547 2608 2753 2665 addidit
2781 2610 2862 2664 sui
2904 2611 3123 2682 generis,
3154 2611 3205 2667 id
3227 2621 3329 2680 est,
3355 2613 3715 2671 substantiam

2123 2718 2245 2759 esse
2271 2702 2353 2759 sui
2376 2705 2592 2774 generis
2615 2745 2629 2771 ,
2663 2704 2747 2759 vel
2774 2706 3018 2775 corporei
3047 2706 3130 2760 vel
3153 2706 3430 2777 spiritalis.

2195 2796 2388 2851 Verum
2420 2794 2640 2852 instabit
2668 2795 2861 2866 aliquis
2885 2838 2900 2863 ,
2951 2797 3158 2851 etiamsi
3189 2796 3293 2853 hoc
3318 2797 3722 2856 cvidentissime

2117 2888 2438 2958 probaretur
2466 2929 2480 2955 ,
2534 2889 2586 2943 in
2628 2887 2850 2943 dubium
2883 2897 3061 2943 tamen
3112 2889 3292 2945 vorari
3339 2904 3498 2962 posse
3534 2901 3718 2947 utrum

2118 2972 2478 3033 Tertullianus
2500 2977 2790 3049 aliquando
2816 2980 3206 3035 existimaverit
3248 2976 3416 3037 Deum
3448 2997 3567 3039 esse
3596 2994 3722 3040 cor-

2117 3084 2248 3140 pus,
2283 3082 2344 3125 ac
2380 3079 2567 3140 postea
2599 3071 2838 3125 animum
2870 3071 3159 3127 mutaverit
3189 3082 3243 3128 et
3271 3076 3613 3129 sententiam.
3648 3076 3722 3132 De

2117 3164 2212 3219 illo
2262 3179 2494 3234 namque
2549 3165 2877 3235 Augustinus
2934 3165 3077 3220 hunc
3127 3164 3365 3236 loquitur
3390 3166 3443 3220 in
3501 3167 3718 3222 modum

479 3254 561 3310 Ad
612 3256 901 3312 secundam
944 3272 1072 3313 vero
1119 3256 1264 3311 illius
1308 3257 1375 3313 de
1424 3255 1534 3313 Deo
1588 3257 2007 3328 propositionem
2036 3259 2081 3324 C
2116 3256 2382 3328 (Augusl.,
2407 3256 2473 3312 lib
2499 3256 2561 3313 de
2579 3257 2759 3314 Cenes.
2807 3259 2876 3312 ad
2917 3258 3098 3324 litter.,
3131 3274 3243 3330 cap.
3274 3257 3368 3324 26,
3397 3276 3516 3332 pag.
3544 3261 3716 3325 275):

412 3349 554 3421 quod
572 3358 781 3421 spectat
804 3393 817 3415 ,
847 3365 1029 3407 nonne
1049 3391 1065 3419 ,
1097 3351 1171 3405 uti
1198 3348 1432 3406 diximus
1454 3391 1469 3417 ,
1511 3349 1716 3406 diserte
1767 3349 2005 3406 affirmat

411 3440 529 3512 ejus
553 3440 745 3497 Filium
772 3458 891 3498 esse
913 3442 1196 3514 ipsiusmet
1212 3443 1531 3514 sapientiam
1554 3486 1568 3509 ,
1590 3443 1860 3500 internum
1884 3461 2005 3501 ver-

409 3534 537 3590 bum
565 3544 619 3590 et
648 3548 946 3591 sermonem
969 3577 984 3603 ,
1008 3537 1123 3591 sive
1150 3527 1559 3608 intelligentiam
1583 3578 1599 3605 ,
1633 3552 1755 3608 quae
1785 3538 2006 3609 penitus

409 3624 724 3697 incorporea
755 3627 1018 3699 planeque
1042 3627 1301 3699 spiritalis
1321 3632 1445 3685 est?
1482 3627 1586 3698 Qui
1637 3645 1767 3701 ergo
1798 3629 1849 3685 id
1892 3630 2004 3685 ﬁeri

405 3728 622 3792 potest,
652 3720 749 3775 nisi
782 3720 924 3776 Deus
954 3722 1025 3776 sit
1054 3721 1212 3791 plane
1243 3723 1595 3793 incorporeus
1621 3736 1684 3778 ac
1730 3721 1954 3793 Spiritus
1982 3723 2006 3778 7

405 3809 631 3869 Adltrcc
659 3827 821 3877 vero,
850 3812 1009 3884 plane
1053 3810 1249 3868 sufficit
1294 3812 1528 3885 aliquam
1574 3811 1643 3869 ab
1687 3828 1753 3871 eo
1798 3814 2006 3871 admitti

407 3903 764 3960 substantiam
811 3903 1145 3974 spiritualem
1170 3946 1187 3973 ,
1220 3905 1359 3963 inter
1403 3921 1599 3978 corpus
1641 3915 1696 3963 et
1735 3907 1865 3962 nihil
1891 3918 2006 3963 me-

405 3996 569 4053 diam.
592 3997 726 4053 Nam
768 3997 813 4054 si
846 4012 967 4069 qua:
1015 4000 1123 4066 sit,
1155 3998 1295 4056 hanc
1319 4000 1653 4071 potissimum
1680 4000 1845 4056 Deum
1887 4015 2008 4057 esse

406 4089 527 4162 quis
554 4088 871 4145 difﬁtebilur
893 4089 917 4144 ?

486 4180 716 4239 lnstabis
744 4192 920 4239 tamen
949 4183 1018 4238 ab
1048 4183 1138 4239 illo
1165 4183 1295 4240 nihil
1329 4185 1542 4241 tertium
1566 4185 1706 4242 inter
1725 4186 2008 4257 corporale

411 4282 468 4330 et
492 4274 831 4347 incorporale
883 4276 1124 4348 agnosci.
1169 4276 1378 4334 Etenim
1426 4279 1683 4336 adversus
1714 4279 2007 4351 Hermoge-

407 4381 531 4424 nem
579 4368 650 4423 ita
695 4377 1100 4439 argumentatur
1146 4386 1161 4436 ;
1196 4368 1314 4425 Nisi
1363 4371 1553 4443 fallor,
1596 4372 1761 4427 omnis
1797 4388 1877 4426 res
1917 4381 2008 4425 aut

413 4458 694 4531 corporalis
715 4469 803 4514 aut
828 4460 1168 4527 incorporalis
1194 4462 1279 4528 sit,
1308 4479 1505 4519 necesse
1533 4474 1604 4518 est
1634 4462 1708 4535 (ut
1730 4463 2008 4518 concedam

417 4551 626 4607 interim
668 4569 772 4609 esse
814 4555 1012 4627 aliquid
1040 4556 1364 4627 incorporale
1413 4557 1476 4610 de
1503 4556 1796 4613 substantiis
1826 4557 2009 4611 dunta-

2110 3346 2463 3404 Tertulliatms
2484 3350 2604 3421 quia
2659 3366 2847 3422 corpus
2874 3365 2981 3405 esse
3005 3344 3229 3404 animam
3260 3350 3503 3418 credidit,
3533 3368 3634 3407 non
3656 3358 3718 3407 ob

2109 3441 2256 3496 aliud
2273 3441 2408 3513 quod
2434 3457 2543 3495 eam
2566 3442 2915 3511 incorporeum
2937 3442 3161 3513 cogitare
3186 3456 3287 3496 non
3317 3444 3479 3512 potuit
3499 3459 3515 3507 ;
3539 3451 3582 3497 et
3602 3442 3717 3498 ideo

2112 3536 2275 3590 timuit
2302 3551 2365 3589 ne
2390 3534 2520 3588 nihil
2560 3541 2721 3599 esset,
2752 3535 2797 3588 si
2822 3550 3008 3604 corpus
3039 3550 3138 3588 non
3183 3544 3344 3600 esset,
3391 3548 3481 3590 nec
3506 3534 3569 3589 de
3611 3534 3716 3590 Deo

2110 3626 2268 3681 voluit
2295 3627 2443 3681 aliter
2459 3642 2637 3697 sapere
2659 3669 2672 3691 ,
2701 3625 2787 3697 qui
2809 3642 2932 3682 sane
2956 3627 3197 3697 quoniam
3225 3636 3406 3681 acutus
3433 3636 3503 3682 est
3520 3670 3533 3693 ,
3558 3628 3715 3682 inter-

2111 3723 2234 3777 dum
2260 3732 2437 3776 rontra
2483 3721 2772 3791 opinionem
2817 3737 2965 3775 suam
3010 3721 3117 3776 visa
3163 3722 3371 3775 ueritate
3419 3730 3710 3793 superatur.

2113 3810 2251 3880 Quid
2277 3814 2412 3867 enim
2438 3812 2602 3867 verius
2630 3812 2797 3866 dicere
2827 3812 3020 3881 potuit,
3050 3829 3202 3881 quam
3227 3812 3280 3865 id
3316 3813 3453 3881 quod
3490 3813 3562 3866 ait
3588 3826 3713 3881 quo-

2111 3906 2230 3961 dam
2255 3906 2365 3961 loco
2393 3923 2411 3959 :
2443 3904 2606 3959 Omne
2634 3903 2899 3974 corporale
2928 3904 3168 3974 passibile
3196 3912 3265 3958 est
3307 3902 3552 3975 (Tertul.
3601 3900 3672 3958 lib
3691 3947 3706 3961 .

2111 3999 2175 4053 de
2226 3998 2403 4054 Anim.
2462 4013 2577 4069 cap.
2638 3994 2764 4067 7)?
2798 3994 2983 4050 Debuit
3046 4010 3164 4067 ergo
3225 4005 3425 4050 ntutare
3496 4006 3700 4050 senten-

2112 4092 2235 4145 tiam
2294 4106 2394 4159 qua
2444 4090 2598 4161 paulo
2628 4088 2862 4159 superius
2887 4088 3087 4142 dixerat
3137 4087 3288 4141 etiam
3320 4085 3479 4141 Deum
3523 4102 3711 4158 corpus

2111 4199 2236 4237 esse.
2274 4180 2451 4254 Neque
2497 4181 2631 4235 enim
2670 4178 2890 4233 arbitror
2910 4195 3022 4232 eum
3050 4179 3119 4231 ita
3148 4177 3449 4248 desipuisse,
3483 4179 3712 4233 utetiam

2112 4272 2211 4330 Dei
2235 4284 2467 4330 naturam
2499 4273 2786 4344 passibilem
2829 4272 3082 4337 crederet,
3112 4279 3167 4325 ut
3197 4271 3313 4343 jam
3352 4270 3582 4328 Christus
3610 4288 3713 4327 non

2110 4369 2166 4423 in
2208 4384 2361 4423 carne
2401 4375 2627 4430 tantum,
2658 4365 2747 4418 sed
2773 4365 2826 4418 in
2872 4364 2984 4434 ipso
3036 4361 3230 4430 Verbo,
3264 4380 3355 4436 per
3386 4366 3524 4435 quod
3566 4367 3712 4433 facta

2112 4469 2228 4515 sunt
2255 4460 2461 4522 omnia,
2492 4455 2747 4530 passibilis
2805 4467 2849 4508 et
2907 4455 3278 4512 commutabilis
3301 4471 3406 4509 esse
3452 4453 3710 4519 credatur,

2113 4550 2253 4623 quod
2279 4550 2408 4606 absit
2431 4567 2461 4603 a
2488 4549 2639 4605 corde
2665 4549 2967 4604 christiano.

408 4654 524 4713 ttat,
551 4660 665 4700 cum
684 4646 797 4716 ipsa
813 4646 1099 4704 substantia
1128 4665 1314 4721 corpus
1333 4650 1398 4705 sit
1442 4651 1517 4704 rei
1542 4650 1843 4723 cujusque):
1879 4659 2012 4706 certe
2035 4658 2090 4719 Ῑ)
2189 4644 2388 4701 Verum
2412 4642 2664 4699 Petavius
2692 4641 2760 4697 ab
2788 4640 3085 4712 Augustino
3113 4637 3384 4705 dissentit,
3409 4650 3509 4693 nec
3525 4646 3710 4693 censet

410 4746 526 4809 post
576 4741 846 4808 corporale
873 4748 919 4796 et
965 4741 1289 4813 incorporale
1340 4742 1473 4797 nihil
1526 4743 1751 4798 tertium.
1792 4740 2009 4815 (Idem,

408 4827 479 4883 ad
509 4826 775 4903 Hermog.,
808 4849 922 4906 cap.
953 4831 1069 4909 '55).
1126 4833 1326 4891 Verum
1378 4835 1449 4892 ibi
1503 4836 1859 4907 incorporalia
1916 4838 2013 4893 ad-

408 4922 622 4979 mittere
685 4925 899 4995 potius,
940 4942 1098 4998 quam
1159 4943 1356 5000 negare
1407 4928 1753 4998 proculdubio
1782 4930 2010 4987 videtur.

407 5014 541 5071 Nam
570 5017 642 5073 ibi
663 5017 836 5089 ipsum
859 5060 874 5088 ,
908 5027 966 5075 ut
985 5019 1187 5076 dictum
1216 5028 1319 5089 est,
1358 5020 1556 5077 refellit
1585 5020 1973 5095 Hermogenem
1993 5063 2009 5091 ,

408 5110 498 5182 qui
523 5110 823 5179 materiam,
852 5112 954 5167 etsi
977 5127 1164 5168 revera
1204 5095 1522 5170 existen'tem
1547 5154 1561 5178 ,
1593 5123 1649 5170 et
1697 5128 2013 5186 corpoream

410 5213 463 5257 et
511 5201 883 5274 incorporeum
933 5218 1054 5261 esse
1103 5203 1400 5261 ell‘utiebat.
1452 5203 1814 5262 Tertullianus
1846 5219 2011 5273 vero,

412 5304 471 5348 ut
507 5292 612 5349 hoc
639 5309 793 5351 vana:
821 5294 1092 5365 opinionis
1112 5305 1479 5353 commentum
1520 5296 1761 5353 funditus
1787 5304 2013 5365 evertat,

411 5398 525 5439 rem
553 5398 771 5442 omnem
799 5385 986 5443 dividit
1005 5387 1057 5443 in
1082 5402 1396 5459 corpoream
1424 5396 1478 5444 et
1504 5388 1891 5459 incorporeum.
1913 5387 2020 5444 Ita-

410 5492 516 5549 que
537 5479 770 5552 aliquam
798 5478 997 5537 fatetur
1017 5496 1139 5538 esse
1166 5479 1578 5553 incorporalem.
1606 5482 1676 5536 At
1694 5481 1741 5536 si
1779 5494 1899 5553 qum
1925 5479 2017 5550 sit,

411 5587 523 5645 pra:
543 5574 755 5629 creteris
781 5584 930 5632 certe
966 5576 1215 5632 omnibus
1247 5576 1389 5633 Deus
1417 5583 1520 5632 est.

492 5664 722 5737 Urgebis
746 5663 975 5725 fortasse
1012 5668 1157 5725 hanc
1180 5666 1503 5724 divisionem
1532 5666 1631 5736 ipsi
1661 5665 1879 5721 omnino
1902 5678 2022 5737 per-

414 5752 611 5813 fectam
633 5774 739 5815 non
763 5758 957 5817 videri.
983 5759 1100 5817 Non
1129 5760 1377 5818 absolute
1414 5759 1683 5831 siquidem
1706 5758 1759 5815 id
1786 5773 2021 5829 pronunc

415 5844 547 5918 tiat,
590 5849 685 5908 sed
712 5848 1023 5911 adversario
1070 5866 1171 5911 suo
1198 5850 1412 5911 interim
1455 5859 1512 5910 et
1538 5851 1708 5925 gratis
1732 5888 1748 5920 ,
1773 5849 2021 5924 nihilque

2114 4737 2502 4795 'l'crtullianmn
2529 4748 2712 4790 secum
2747 4746 2982 4805 pugnare
3006 4774 3020 4799 ,
3051 4739 3141 4786 aut
3171 4745 3322 4786 suam
3368 4729 3436 4786 de
3466 4729 3573 4785 Deo
3593 4742 3714 4785 cor-

2116 4844 2282 4903 poreo
2330 4838 2567 4885 mutasse
2616 4826 2981 4892 sententiam,
3043 4823 3254 4878 tametsi
3305 4836 3468 4878 omne
3513 4834 3713 4893 corpus

2116 4923 2377 4998 possibile,
2408 4932 2651 4978 naturam
2684 4934 2814 4976 vero
2843 4919 2938 4975 Dei
2991 4917 3211 4973 minimc
3254 4915 3560 4988 passibilem
3591 4926 3715 4971 esse

2117 5014 2410 5073 crediderit
2441 5011 2646 5086 (Petav.
2707 5022 2827 5067 tom.
2858 5011 2901 5077 l,
2945 5006 3191 5081 Theolog.
3226 5009 3479 5078 dogmat.,
3506 5023 3623 5079 cap.
3659 5007 3715 5071 1,

2118 5106 2202 5181 §5
2226 5117 2272 5163 et
2292 5106 2477 5180 seqq).
2509 5104 2641 5161 Nam
2682 5106 2847 5170 alias,
2876 5104 3077 5175 inquit,
3109 5101 3187 5158 rei
3216 5115 3513 5173 corporea»,
3556 5113 3717 5170 quam

2121 5200 2232 5257 Deo
2276 5199 2461 5255 tribuit
2509 5197 2809 5269 passiones,
2839 5197 2952 5253 sive
2997 5195 3132 5250 alios
3164 5203 3340 5249 motus
3383 5203 3438 5249 et
3467 5192 3719 5249 affectus.

2120 5291 2375 5350 Marciani
2419 5290 2682 5363 siquidem
2730 5290 2821 5344 irae
2853 5297 3055 5343 motum
3094 5286 3146 5341 in
3193 5285 3303 5340 Deo
3327 5298 3447 5341 esse
3473 5283 3719 5356 neganti,

2125 5394 2284 5457 atque
2309 5383 2585 5454 obiicienti
2620 5383 2766 5437 illum
2792 5424 2803 5447 ,
2837 5383 2881 5436 si
2913 5378 3199 5451 aliquando
3228 5379 3572 5440 irasceretur,
3600 5389 3724 5430 cor-

2125 5477 2358 5548 rupzioni
2383 5484 2438 5531 et
2459 5475 2617 5530 morti
2647 5471 2760 5529 fore
2788 5473 3076 5528 obnoxium
3096 5512 3110 5535 ,
3139 5468 3430 5539 respondet
3459 5469 3573 5539 ipse
3593 5465 3725 5522 Ter-

2125 5572 2377 5627 tullianus
2400 5568 2678 5641 passiones
2704 5611 2719 5637 ,
2776 5567 2889 5623 sive
2917 5576 3127 5630 motus,
3160 5572 3214 5619 et
3259 5574 3453 5619 sensus
3475 5560 3639 5615 animi
3670 5559 3725 5615 in

2126 5662 2235 5720 Deo
2255 5672 2308 5718 ct
2335 5661 2551 5717 homine
2575 5659 2763 5717 iisdem
2788 5672 2974 5715 revera
3001 5655 3308 5713 nominibus
3322 5653 3602 5727 appellari,
3627 5653 3726 5709 sed

2124 5762 2332 5811 tantum
2364 5753 2415 5808 in
2445 5763 2673 5823 utroque
2692 5767 2813 5808 esse
2833 5749 3080 5808 diversos
3116 5758 3371 5821 quantum
3424 5746 3721 5804 substantia

2124 5856 2179 5905 et
2206 5856 2400 5918 corpus
2425 5859 2455 5901 a
2481 5858 2538 5902 se
2561 5842 2788 5901 invicem
2818 5841 3148 5915 discrepant.
3182 5838 3505 5898 Marcionem
3526 5840 3728 5911 quippe
