4198 6260
512 324 623 382 8ιὸ

1607 320 1676 377 ΙΝ
1713 315 2172 378 TERTULLIANI
2210 314 2744 376 APOLOGETICUM

3710 314 3816 372 816

516 441 608 497 his
631 437 920 508 compellat
945 434 1122 495 verbis
1152 453 1166 492 :
1200 433 1447 490 Discerue
1467 434 1797 499 substantias,
1819 442 1869 488 et
1897 448 2017 488 suos
2044 432 2121 496 eis
2141 432 2196 492 A
2218 445 2380 502 supra
2405 429 2814 495 observavimus
2832 470 2847 497 ,
2872 434 2979 485 tam
3000 425 3307 485 luculenter
3326 423 3613 482 vindicatae
3640 464 3656 490 ,
3682 423 3817 481 nihil

518 530 771 588 distribue
795 546 972 586 sensus
994 571 1012 598 ,
1054 537 1158 583 tam
1192 528 1438 594 diversos,
1485 544 1639 599 quam
1666 526 1965 581 substantia!
2009 525 2139 580 emi»

492 612 497 615 ’
518 632 667 697 gunt,
691 623 804 678 licet
826 621 1085 676 uocabulis
1101 622 1476 676 communicare
1491 619 1757 675 uideantur
1796 619 1989 693 (Idem,
2025 617 2114 672 lib.

519 713 567 779 ll
596 714 795 767 advers.
844 710 1125 778 Marciam,
1164 729 1281 783 cap.
1325 710 1414 787 16)
1445 710 1758 778 ....Quonta
1810 712 1904 766 erit
1953 712 2120 766 diver-

516 807 644 860 sitas
704 804 864 859 divini
920 804 1147 876 corporis
1201 814 1249 859 et
1297 804 1508 859 humani
1559 804 1652 860 sub
1696 804 1879 859 iisdem
1954 802 2121 858 nomi-

516 895 1079 965 nibusmembrorum,
1130 906 1271 953 tanta
1295 898 1390 952 erit
1439 907 1484 952 et
1511 897 1669 952 animi
1712 896 1870 950 divini
1924 905 1971 950 et
2020 895 2119 949 hu-

518 991 661 1047 mani
690 988 980 1069 diﬁerentia
1004 993 1097 1046 sub
1117 992 1297 1047 iisdem
1319 990 1434 1046 licet
1452 991 1735 1046 nominibus
1755 990 2114 1056 membrorum,

517 1101 646 1155 quos
691 1096 794 1142 tam
837 1086 1183 1158 corruptorios
1225 1086 1383 1158 efﬁgit
1410 1086 1461 1140 in
1492 1085 1695 1140 homine
1719 1083 2116 1155 corruptibilitas

518 1180 816 1236 substantia:
860 1180 1118 1246 humanae,
1147 1195 1304 1250 quam
1348 1179 1748 1249 incorruptorios
1796 1177 1851 1231 in
1901 1175 2012 1230 Deo
2041 1174 2117 1246 ef-

520 1273 628 1343 ﬁcit
656 1273 1111 1344 incorruptibililas
1158 1270 1453 1327 substantia:
1494 1271 1699 1325 divinas.

597 1366 849 1422 Petavius
876 1366 1056 1436 itaque
1095 1363 1221 1420 inde
1265 1363 1468 1435 colligit
1507 1362 1893 1419 Tertullianum
1924 1360 2116 1419 existi-

516 1460 751 1516 mavisse
775 1469 879 1514 tam
928 1459 982 1514 in
1011 1458 1141 1523 Deo,
1169 1472 1330 1528 quam
1376 1456 1429 1511 in
1457 1456 1676 1512 homine
1702 1470 1823 1512 esse
1874 1469 2071 1526 corpus
2096 1495 2112 1521 ,

514 1550 968 1624 quemadmodum
992 1550 1268 1621 passiones
1295 1550 1408 1605 sive
1436 1554 1840 1612 sensus.'motus
1870 1556 1924 1604 et
1950 1546 2115 1623 allec:

513 1653 634 1711 tus,
670 1642 765 1698 sed
795 1658 859 1699 eo
888 1641 1198 1698 discrimine
1218 1683 1233 1709 ,
1266 1639 1406 1712 quod
1437 1641 1488 1723 in
1519 1639 1738 1696 homine
1768 1640 2076 1711 corruptorii
2097 1678 2112 1702 ,

512 1736 571 1792 in
592 1735 706 1792 Deo
729 1744 909 1791 autem
936 1734 1296 1805 iucorruptorii
1322 1733 1449 1788 sint.
1474 1732 1621 1788 Nihil
1644 1748 1772 1804 ergo
1813 1741 2076 1805 repugnat
2098 1774 2113 1798 ,

512 1827 692 1898 inquit
739 1827 827 1883 ille
851 1867 867 1893 ,
910 1826 1202 1898 quominus
1248 1835 1423 1881 stante
1476 1824 1791 1881 Tertulliani
1821 1826 2113 1896 opinione,
2146 1830 2195 1890 B

513 1919 659 1975 Deus
685 1916 880 1973 habeat
908 1932 1103 1988 corpus
1124 1959 1139 1984 ,
1169 1916 1309 1988 quod
1342 1931 1447 1971 non
1477 1915 1716 1986 possibile
1739 1916 1953 1987 quidem
1978 1958 1994 1983 ,
2022 1915 2118 1970 sed

514 2009 950 2080 incorruptorium
977 2022 1098 2064 esse
1128 2008 1414 2078 putaverit.
1451 2010 1520 2062 At
1558 2006 1829 2077 expendas
1853 2047 1869 2073 ,
1911 2006 2070 2062 velim
2097 2045 2113 2073 ,

513 2111 698 2158 utrum
754 2101 1002 2157 Petavius
1056 2110 1398 2173 perspectum
1455 2100 1676 2156 omnino
1723 2098 1967 2156 habuerit
2010 2112 2118 2169 quo

514 2208 680 2250 sensu
729 2180 1088 2249 Tertullianus
1127 2194 1393 2262 acceperit
1437 2190 1565 2247 illud
1598 2190 1851 2261 passibitis
1882 2205 2076 2245 nomen
2098 2232 2113 2258 ,

516 2289 662 2360 quod
691 2303 722 2343 a
766 2287 878 2344 Deo
917 2287 1173 2344 excludit.
1207 2285 1323 2341 Non
1354 2275 1499 2341 enim
1529 2272 1673 2339 aliud
1699 2298 1767 2339 eo
1810 2282 2116 2354 significare

516 2380 733 2436 videtur
753 2421 769 2446 ,
802 2378 903 2434 nisi
931 2377 1071 2449 quod
1097 2375 1296 2447 aliquid
1321 2368 1619 2446 imperfecti
1640 2384 1694 2431 et
1722 2373 2118 2431 commutabilis

515 2488 700 2529 secum
732 2474 1004 2543 importat.
1043 2471 1233 2527 Nonne
1261 2486 1390 2542 ergo
1418 2471 1746 2541 Augustinus
1788 2478 1935 2525 recte
1984 2468 2120 2523 dixit

517 2568 908 2625 Tertullianum
935 2575 1029 2623 aut
1074 2580 1259 2622 secum
1285 2579 1523 2637 pugnare
1542 2607 1559 2632 ,
1607 2574 1699 2621 aut
1723 2573 1963 2621 mutasse
1986 2578 2116 2619 sen-

522 2662 745 2719 tentiam
765 2701 781 2728 ,
811 2675 935 2717 cum
981 2661 1213 2715 asseruit
1242 2659 1408 2714 Deum
1454 2672 1574 2713 esse
1613 2672 1809 2729 corpus
1827 2699 1843 2725 ,
1873 2664 1929 2712 et
1954 2671 2117 2713 omne

518 2769 719 2826 corpus
747 2768 868 2810 esse
921 2752 1192 2825 possibile?
1226 2752 1357 2807 Nant
1390 2752 1531 2806 Deus
1551 2750 1977 2822 perfectissimus
2003 2790 2018 2816 ,
2053 2763 2118 2804 ac

515 2845 862 2916 simplicitate
890 2844 1141 2916 omnique
1168 2842 1555 2915 perfectionum
1578 2857 1779 2913 genere
1807 2840 2118 2897 cumulatis-

517 2937 689 2993 simus
714 2945 817 2993 est.
846 2935 988 2992 Nihil
1026 2936 1185 3008 igitur
1212 2951 1432 3006 prorsus
1457 2934 1754 3006 imperfecti
1793 2934 1992 2992 habere
2023 2950 2119 3006 po-

519 3037 645 3087 test.
677 3028 822 3101 Ergo
846 3043 1057 3085 summa
1086 3027 1345 3099 perfectio
1377 3028 1468 3083 Dei
1499 3036 1554 3084 et
1576 3042 1774 3098 corpus
1800 3042 1983 3084 secum
2014 3014 2115 3098 pti-

519 3131 719 3196 gnant,
746 3122 881 3199 etin
912 3122 1024 3179 Deo
1049 3137 1171 3178 esse
1198 3137 1302 3177 non
1329 3132 1578 3193 possunt.
2016 3178 2017 3181 η
2091 3122 2094 3129 λ

2220 522 2441 580 omnino
2460 521 2711 594 corporei
2744 519 2946 577 habere
2992 528 3240 591 possunt.
3285 517 3499 574 Nullum
3551 516 3816 588 siquidem

2221 628 2418 686 corpus
2438 656 2454 681 ,
2495 612 2838 686 quantumvis
2869 620 3061 678 tenue;
3114 611 3260 673 nulla
3288 611 3511 666 materia
3534 650 3550 676 ,
3578 608 3817 679 quolibet

2220 715 2370 762 motu
2397 706 2632 778 agitata;
2661 705 2824 760 nulla:
2849 703 3037 771 atomi,
3079 703 3270 775 quovis
3299 715 3562 763 concursu
3595 701 3733 755 inter
3757 713 3820 757 se

2221 799 2580 866 cohaerentes,
2600 806 2829 870 possunt
2853 797 2930 853 rei
2951 796 3176 868 alicujus
3193 838 3206 861 ,
3236 796 3403 852 multo
3424 796 3600 851 minus
3631 808 3817 851 rerum

2220 897 2461 951 omnium
2475 895 2689 953 efficere
2709 894 3094 967 cognitionem.
3115 892 3230 949 Non
3260 892 3428 963 potuit
3445 878 3574 963 ergo
3584 889 3818 961 ,Tertul-

2221 990 2396 1046 lianus
2421 991 2532 1047 Deo
2554 1006 2774 1062 corpus,
2802 990 2888 1047 vel
2917 991 3161 1061 corporei
3194 987 3391 1058 aliquid
3417 987 3683 1056 tribuere,
3711 985 3816 1045 nisi

2221 1081 2324 1139 hoc
2357 1084 2577 1140 nomine
2598 1126 2613 1151 ,
2644 1084 2789 1159 sicut
2816 1081 3069 1150 vidimus,
3092 1079 3447 1136 substantiam
3487 1081 3568 1135 sui
3586 1080 3814 1151 generis,

2220 1175 2274 1232 id
2295 1184 2413 1243 est,
2434 1175 2600 1232 divini
2632 1184 2688 1233 et
2711 1174 2971 1246 spiritalis
3009 1172 3361 1230 intellexerit.
3400 1171 3508 1228 Sed
3537 1171 3622 1227 his
3642 1172 3818 1227 lucem

2157 1254 2165 1263 Ἀ
2220 1269 2398 1326 adhuc
2440 1285 2504 1327 ea
2533 1269 2811 1337 afferent,
2861 1285 2983 1342 qua:
3009 1268 3186 1340 capite
3213 1276 3476 1339 sequente
3513 1265 3584 1322 de
3620 1265 3818 1322 Christi

2219 1360 2519 1430 divinitate,
2546 1377 2610 1417 ac
2628 1371 2812 1433 postea
2834 1363 2901 1417 de
2931 1359 3220 1433 angelis'ac
3245 1358 3582 1417 daemonibus
3600 1398 3617 1427 ,
3656 1369 3820 1431 atque

2219 1453 2399 1510 anima
2426 1453 2679 1523 humana,
2701 1453 2967 1511 dicentur.

2808 1583 3103 1627 ABTICULUS
3138 1584 3212 1626 ιν.

2223 1685 2358 1754 Quot
2385 1687 2623 1760 qualesve
2643 1687 2834 1759 fuerint
2855 1684 3126 1758 gentilium
3161 1681 3589 1756 philosophorum
3619 1680 3685 1737 de
3709 1680 3823 1738 Deo

2294 1780 2634 1836 dissensiones
2656 1823 2671 1849 ,
2703 1778 2934 1835 Thaletis
2956 1821 2973 1846 ,
3024 1794 3116 1833 seu
3146 1775 3434 1834 Simonidis
3455 1818 3469 1840 ,
3509 1776 3597 1847 qui
3642 1775 3708 1830 de
3729 1773 3821 1830 illo

2293 1874 2665 1945 interrogatus,
2687 1872 2819 1927 nihil
2845 1870 3155 1942 respondere
3178 1862 3380 1942 pot'uit;
3410 1867 3819 1937 Platonicorum,

2293 1966 2379 2038 qui
2413 1965 2626 2032 omnia;
2655 1952 3055 2036 Epicureorum,
3078 1963 3164 2034 qui
3192 1961 3322 2017 nihil
3362 1970 3665 2026 curantem;
3693 1958 3825 2013 Pla-

2212 2076 2217 2081 ’
2295 2057 2597 2124 tonicorum,
2623 2061 2708 2127 qui
2732 2071 2847 2110 eum
2875 2055 3015 2109 intra
3047 2052 3297 2109 mundum
3320 2068 3338 2118 ;
3366 2052 3661 2108 Stoicorum
3683 2089 3701 2117 ,
3734 2048 3823 2120 qui

2295 2158 2438 2205 extra
2458 2149 2720 2220 positunt;
2751 2145 2990 2202 Platonis
3011 2188 3026 2213 ,
3056 2146 3144 2215 qui
3164 2144 3345 2199 mundi
3368 2152 3683 2210 creatorem;
3706 2139 3823 2212 Py-

2296 2242 2541 2313 thagorae,
2581 2242 2669 2310 qui
2697 2238 2946 2294 mundum
2974 2240 3257 2299 increatum
3286 2253 3393 2292 esse
3417 2236 3699 2291 docuerunt
3726 2238 3815 2300 ;et

2293 2347 2465 2390 utrum
2499 2334 3007 2391 Tertullianus-rectc
3048 2333 3261 2389 illorum
3286 2332 3554 2405 Opiniones
3595 2329 3826 2402 explica-

2294 2428 2441 2482 verit.

2293 2562 2609 2633 Quanquam
2664 2559 2975 2634 philosophi
3022 2561 3252 2633 gentiles
3279 2560 3362 2616 vel
3413 2561 3616 2616 ratione
3661 2566 3823 2615 natu-

2220 2655 2319 2711 rali
2346 2697 2360 2721 ,
2392 2655 2477 2711 vel
2506 2670 2574 2711 ex
2602 2656 2813 2724 sacris,
2860 2665 2916 2711 ut
2962 2655 3037 2710 ait
3083 2655 3485 2722 Tertullianus,
3530 2651 3827 2725 Scripturis

2221 2751 2571 2821 agnoverint,
2604 2750 2690 2804 vel
2713 2763 3012 2821 agnoscere
3043 2747 3185 2803 haud
3213 2747 3511 2804 difficiliter
3552 2746 3828 2818 potuerint

2220 2858 2386 2899 unum
2415 2842 2678 2898 duntaxat
2702 2858 2823 2898 esse
2852 2841 3019 2898 Deum
3052 2839 3382 2914 (Tertullian.
3409 2840 3672 2912 Apolaget.
3701 2854 3819 2910 cap.

2215 2932 2516 3007 47);inter
2567 2948 2627 2990 se
2684 2943 2887 2999 tamen,
2947 2935 3031 2990 vel
3088 2933 3263 2988 inanis
3307 2932 3494 3004 gloriae
3554 2931 3702 2996 vitio,
3734 2929 3821 2987 vel

2218 3026 2525 3098 diSputandi
2572 3027 2928 3094 libidine,de
2973 3025 3087 3097 ipsa
3139 3026 3233 3081 Dei
3287 3034 3496 3093 natura,
3553 3024 3817 3096 qualitate

2221 3114 2285 3175 ac
2323 3118 2453 3175 sede
2494 3120 2762 3189 nunquam
2812 3134 2917 3173 non
2975 3116 3445 3189 digladiabantur:
3505 3114 3645 3181 Quid
3688 3116 3824 3169 enim

504 3178 551 3270 ,υ
589 3178 877 3281 Caeterum,
898 3215 1139 3285 quamvis
1168 3178 1418 3270 Petavius
1447 3214 1782 3284 probavisset
1825 3214 2111 3287 Tertullia-
2142 3221 2190 3287 ο
2225 3211 2438 3279 Thales,
2469 3210 2557 3266 ille
2574 3178 2807 3283 princeps
2833 3178 3180 3282 physicorum,
3205 3208 3439 3263 auctoris
3463 3178 3631 3263 nostri
3657 3206 3822 3263 verba

517 3321 649 3362 num
675 3320 781 3361 non
814 3304 1066 3361 incidisse
1095 3304 1149 3359 in
1178 3304 1364 3360 vitium
1394 3305 1611 3375 aliquod
1640 3305 2117 3372 contra‘dictionis;

517 3396 716 3456 fa'lelur
744 3405 924 3454 tamen
952 3397 1035 3453 vir
1063 3397 1152 3452 ille
1177 3396 1569 3453 eruditissimus
1600 3396 1817 3468 majoris
1842 3398 1974 3454 illud
1999 3412 2121 3454 esse

520 3490 820 3553 momenti,
850 3487 994 3560 quod
1020 3488 1351 3558 Augustinus
1386 3487 1493 3542 alio
1520 3488 1570 3541 in
1600 3487 1737 3543 libro
1761 3487 1825 3543 ad
1858 3504 2120 3545 excusan-
2154 3550 2171 3565 .

517 3578 648 3633 dum
677 3578 1064 3634 Tertullianum
1088 3577 1204 3633 haec
1226 3581 1278 3632 iu
1309 3579 1472 3633 verba
1491 3579 1672 3634 retulit
1700 3596 1712 3632 :
1738 3578 2002 3652 (August.,
2026 3580 2116 3636 lib.

519 3669 584 3724 de
618 3669 893 3737 Haeresib.,
922 3688 1041 3739 cap.
1094 3670 1186 3736 86,
1238 3688 1356 3741 pag.
1384 3669 1481 3740 25)
1511 3688 1523 3723 :
1548 3670 1904 3726 Tcrtullianus
1952 3660 2120 3742 posset

518 3776 723 3832 quoquo
751 3760 903 3815 modo
933 3763 1103 3832 putari
1130 3747 1296 3830 ipsam
1322 3772 1558 3815 naturaut
1578 3761 2011 3833 substantiamque
2039 3764 2118 3817 di-

517 3859 690 3913 uinam
715 3855 1099 3925 corpusscujus
1121 3863 1310 3924 partes,
1335 3854 1454 3909 alia:
1479 3855 1699 3924 majores
1721 3896 1736 3920 ,
1767 3855 1885 3910 alite
1900 3857 2121 3912 minores

519 3949 721 4004 ualeant
746 3946 823 4000 vel
861 3945 1071 4011 debeant
1106 3945 1359 4016 cogitari,
1408 3946 1582 4017 qualia
1612 3956 1730 4001 sunt
1766 3949 1939 4002 omnia
1961 3991 1976 4014 ,
2005 3965 2119 4016 quas

518 4039 735 4112 proprie‘
763 4036 979 4091 dicinms
1007 4053 1295 4106 corpora...
1338 4037 1427 4092 sed
1452 4038 1634 4108 potuit,
1667 4047 1720 4091 ut
1746 4039 1873 4104 dixi,
1908 4037 2117 4111 propte-

516 4149 606 4188 rea
632 4133 802 4203 putnri
820 4147 1005 4200 corpus
1034 4129 1195 4185 Deum
1216 4130 1414 4198 dicere;
1447 4133 1567 4201 quia
1597 4149 1696 4186 non
1726 4143 1798 4188 est
1821 4134 1951 4188 nihil
1973 4176 1988 4202 ,
2016 4151 2119 4190 non

522 4235 596 4279 est
621 4225 863 4288 inanitas,
889 4240 990 4278 non
1030 4234 1103 4278 est
1153 4224 1380 4294 corporis
1424 4224 1500 4279 vel
1523 4225 1708 4279 anima:
1753 4226 1997 4296 qualitas,
2028 4227 2119 4282 sed

522 4318 707 4389 ubique
736 4327 888 4383 totus,
907 4327 952 4372 et
982 4333 1069 4386 per
1089 4318 1316 4372 locorum
1335 4318 1500 4385 spatia
1524 4319 1664 4373 nulla
1685 4320 1923 4389 partitus,
1951 4321 2003 4374 in
2024 4337 2119 4376 sua

520 4420 687 4466 tamen
702 4420 887 4464 natura
902 4418 1051 4480 atque
1066 4409 1346 4464 substantia
1358 4412 1424 4464 im
1433 4428 1513 4464 mu
1522 4411 1740 4466 tabiliter
1756 4400 2038 4483 permanet.
2088 4408 2093 4483 ξ

590 4500 778 4557 Mirum
806 4509 985 4556 tamen
1036 4500 1307 4555 nonnullis
1331 4542 1344 4566 ,
1373 4502 1569 4572 quibus
1593 4503 1721 4558 satis
1756 4496 1886 4559 nota
1912 4521 2017 4561 non
2045 4507 2118 4562 sit

2224 3315 2349 3362 sunt
2370 3348 2385 3372 ,
2404 3306 2681 3361 sciscitanti
2700 3303 2870 3360 Crwso
2892 3303 2955 3359 de
2976 3303 3253 3357 Divinitate
3272 3312 3464 3356 certum
3489 3298 3822 3357 renuntiavit?

2224 3396 2364 3452 Nihil
2392 3397 2570 3466 plane,
2598 3394 2691 3451 sed
2720 3404 3029 3449 commeatus
3064 3393 3380 3448 deliberandi
3424 3408 3562 3463 sazpe
3607 3395 3822 3465 [rustra-

2225 3497 2380 3544 tusest
2425 3486 2640 3564 (lbid.,
2687 3504 2805 3557 cap.
2860 3487 3031 3552 46;et
3078 3486 3169 3540 lib.
3216 3483 3281 3539 ll.
3311 3486 3380 3538 ad
3427 3481 3649 3539 Nation.
3701 3499 3819 3553 cap.

2220 3581 2277 3650 2,
2308 3581 2348 3653 ).
2415 3583 2484 3636 At
2533 3581 2779 3645 Cicero,.
2819 3588 2876 3633 et
2920 3579 3012 3650 qui
3061 3593 3220 3642 eum,
3277 3584 3335 3631 ut
3383 3576 3509 3632 alibi
3565 3574 3819 3643 vidimus,

2224 3676 2487 3747 sequitur,
2532 3674 2785 3730 Minatius
2829 3673 2999 3737 Felix.
3054 3672 3156 3727 hoc
3181 3670 3447 3728 Simonidi
3500 3680 3553 3727 et
3596 3668 3821 3725 Hieroni

2223 3780 2454 3841 tyranno
2491 3767 2896 3838 adscripserunt
2923 3765 3236 3841 (Dissertat.
3280 3767 3331 3819 in
3370 3763 3581 3828 Μίνωι,
3610 3779 3727 3832 cap.
3751 3761 3812 3830 5,

2222 3880 2321 3919 art.
2346 3863 2424 3935 2).
2452 3863 2634 3934 Neque
2655 3857 3232 3934 respondeas'subesse
3255 3860 3308 3914 in
3330 3857 3640 3915 Tertulliani
3663 3864 3819 3913 textu

2223 3957 2476 4013 mendum
2503 3955 2738 4026 aliquod.
2769 3954 2901 4010 Nam
2927 3954 3126 4011 Thales
3150 3953 3219 4009 ab
3255 3969 3321 4010 eo
3357 3952 3651 4023 appellatur
3679 3951 3821 4023 phy-

2220 4052 2440 4104 sicorum
2467 4048 2703 4120 princeps
2724 4045 2907 4117 (lbid.,
2934 4063 3049 4117 cap.
3082 4046 3134 4111 4,
3160 4054 3262 4099 art.
3298 4046 3322 4100 i
3352 4086 3368 4113 ,
3402 4053 3525 4098 tom.
3559 4041 3609 4111 l;
3642 4042 3822 4113 Appa-

2221 4153 2320 4197 rat.
2345 4158 2467 4214 pag.
2499 4141 2640 4197 1H9
2665 4153 2711 4195 et
2732 4141 2887 4213 scq.),
2912 4140 2963 4195 id
3010 4149 3127 4208 est,
3160 4154 3346 4195 eorum
3378 4139 3603 4210 primus,
3626 4138 3715 4208 qui
3747 4137 3819 4195 de

2220 4236 2383 4291 rebus
2423 4234 2695 4306 physicis,
2749 4244 2806 4289 ut
2852 4235 3012 4289 etiam
3040 4233 3412 4299 ostendimus,
3468 4233 3820 4287 instituerunt

2219 4325 2632 4397 disputationes.
2669 4324 2861 4382 Utrum
2904 4324 3095 4381 autem
3128 4325 3309 4380 verior
3357 4324 3429 4379 sit
3466 4323 3817 4394 Tertulliani,

2221 4406 2381 4491 quam
2415 4418 2694 4498 Ciceronis
2742 4428 2797 4473 et
2826 4417 3038 4473 Minutii
3083 4418 3305 4488 Opinio,
3338 4426 3396 4471 ut
3446 4405 3771 4488 percipiatur
3796 4456 3817 4486 ,

2219 4511 2537 4581 inquirenda
2580 4520 2663 4566 est
2689 4508 2964 4579 Thaletis,
3006 4511 3297 4566 Simonidis
3318 4552 3332 4577 ,
3365 4521 3421 4567 et
3457 4510 3630 4568 Crassi
3661 4520 3812 4567 mtas.

517 4604 801 4675 Augustini
828 4603 1095 4681 modestia
1116 4645 1132 4670 ,
1166 4602 1393 4659 fortasse
1437 4602 1703 4659 videbitur
1727 4646 1741 4671 ,
1771 4619 1868 4660 cur
1890 4604 1982 4661 ille
2019 4620 2116 4676 pc-
2141 4615 2196 4676 D
2221 4606 2293 4662 At
2307 4605 2463 4674 juxta
2492 4594 2851 4659 Eusebianum
2880 4598 3231 4674 Chg‘onieum,
3263 4617 3404 4658 anno
3445 4602 3584 4659 19.66
3631 4602 3815 4658 Thales

496 4698 662 4754 ,nitus
691 4697 961 4769 afﬁrmare
1003 4712 1108 4751 non
1157 4695 1348 4751 audeat
1380 4696 1518 4751 hanc
1544 4697 1712 4766 ipsam
1743 4712 1930 4753 revera
1952 4741 1967 4766 ,
2017 4698 2112 4755 sed

513 4804 714 4860 quoquo
740 4790 890 4844 modo
918 4803 1078 4860 posse
1105 4789 1280 4865 putari
1315 4787 1629 4843 Tertulliani
1675 4787 1839 4845 fuisse
1887 4800 2108 4847 senten-

514 4884 662 4938 tiam.
697 4881 814 4938 Jam
839 4883 983 4938 enim
1006 4881 1339 4938 ostendimus
1360 4896 1482 4936 eum
1513 4880 1652 4935 haud
1680 4881 1907 4939 obscure
1934 4882 2111 4939 decla-

510 4971 718 5029 ravisse
744 4972 986 5043 corporis
1016 4972 1293 5047 nominea
1340 4986 1399 5026 se
1442 4971 1662 5042 intelligi
1692 4954 2107 5042 substantiam,

511 5077 633 5134 qua:
688 5064 878 5134 quovis
906 5062 1070 5119 modo
1098 5063 1320 5143 existit,
1347 5070 1403 5119 et
1433 5062 1599 5118 nihilo
1626 5065 1935 5135 opponitur.
1965 5065 2113 5123 Prac-

486 5166 660 5225 _terea
711 5155 1193 5213 animadvertimus
1244 5155 1597 5211 substantiam
1639 5156 1708 5211 ab
1750 5172 1815 5213 eo
1863 5157 2027 5214 dividi
2055 5161 2110 5216 in

486 5261 830 5325 ﬁcorpoream
867 5258 922 5305 et
966 5250 1371 5320 iucorporcam,
1422 5247 1473 5304 id
1507 5257 1617 5316 est,
1666 5251 1843 5305 omnis
1884 5237 2109 5309 omnino

505 5340 750 5414 corporis
775 5349 1071 5413 expertem,
1106 5349 1160 5397 et
1188 5356 1309 5413 qua:
1337 5341 1407 5396 sit
1430 5356 1577 5397 mere
1606 5341 1881 5412 spiritalis.
1917 5344 2103 5417 Atqui,

468 5418 556 5491 ἐἰ
580 5436 664 5507 vel
696 5450 858 5491 unam
887 5434 1191 5507 hujusmodi
1241 5451 1476 5506 unquam
1505 5450 1626 5492 esse
1656 5436 1960 5503 arbitratus
1984 5422 2101 5507 est,

505 5540 825 5599 persuasum
855 5528 1036 5599 utique
1062 5526 1249 5584 habuit
1273 5526 1442 5583 Deum
1465 5541 1585 5583 esse
1609 5527 1855 5599 spiritum
1882 5570 1899 5598 ,
1926 5537 1983 5586 et
2001 5545 2105 5587 cas-

505 5619 645 5674 teris
674 5634 822 5691 sane
865 5618 1321 5700 omnibus‘longe
1348 5618 1800 5691 praestantiorem.
1836 5620 1905 5677 Et
1954 5629 2105 5679 certe

497 5724 726 5766 summa:
754 5711 897 5766 illius
924 5711 1303 5781 perfectiones,
1334 5721 1495 5783 atque
1542 5711 1747 5769 infinita
1776 5728 1956 5770 rerum
1985 5729 2103 5771 om-

498 5799 651 5856 nium
680 5802 918 5870 cognitio
944 5811 999 5860 et
1024 5802 1248 5860 scientia
1273 5844 1288 5872 ,
1316 5819 1345 5859 a
1375 5804 1729 5872 Tertulliano,
1762 5806 1917 5864 sicuti
1939 5809 2101 5880 paulo

2222 4697 2456 4753 Milesius
2502 4698 2742 4769 physicus
2771 4698 3108 4768 philosOphus
3136 4698 3461 4768 agnoscitur.
3490 4695 3570 4752 Ad
3611 4696 3809 4751 annum

2217 4801 2394 4845 autem
2420 4788 2579 4855 1465,
2627 4806 2685 4845 ea
2712 4806 2826 4861 qua:
2848 4790 2911 4844 de
2935 4788 3105 4845 Cressa
3144 4799 3491 4844 memorantur
3509 4831 3525 4856 ,
3561 4788 3814 4860 quomodo

2216 4892 2429 4939 tentaret
2480 4882 2725 4949 oracula,
2770 4883 2850 4938 his
2891 4887 3032 4955 [uere
3057 4876 3387 4955 temporibus.
3420 4883 3487 4939 Et
3530 4882 3667 4938 duos
3691 4889 3815 4953 post

2215 4992 2406 5040 annos.
2439 4976 2628 5033 Thales
2671 4978 2906 5033 moritur.
2929 4977 3045 5032 Duo
3066 4978 3264 5048 itaque,
3289 4987 3345 5033 ut
3375 4986 3522 5033 notat
3549 4976 3812 5049 Scaliger,

2216 5069 2472 5127 Thaleles
2499 5079 2869 5127 memorantur
2894 5113 2907 5135 ,
2932 5084 3160 5141 quorum
3191 5071 3336 5140 prior
3360 5069 3614 5142 physicus
3634 5067 3811 5140 philoe

2198 5152 2419 5233 sophus
2461 5162 2690 5235 Lycurgi
2716 5171 2769 5218 et
2795 5161 2995 5232 Orphei
3037 5171 3229 5228 aetate,
3259 5163 3525 5233 posterior
3555 5170 3679 5233 post
3706 5159 3814 5216 du-

2195 5248 2404 5311 'ccntos
2441 5271 2579 5344 pene
2609 5269 2781 5310 annos
2808 5253 2982 5312 (ἰνωεί
3036 5264 3281 5326 tempore
3324 5252 3575 5310 ﬂoruisse
3629 5251 3815 5325 perhi-

2184 5347 2406 5423 bentur
2434 5343 2791 5429 (Scalig.'not.
2821 5348 2874 5402 in
2896 5347 3090 5404 Chron.
3115 5346 3328 5414 Euseb.,
3357 5363 3477 5419 pag.
3502 5343 3618 5419 7i).
3636 5344 3815 5429 ,Διφιί

2210 5436 2572 5495 Tertullianus
2606 5437 2676 5494 de
2719 5426 2942 5495 Thalete
2990 5439 3336 5512 physicorum
3365 5436 3607 5509 principe
3634 5423 3815 5509 loqui-

2209 5537 2327 5599 tur,
2355 5530 2445 5603 qui
2474 5529 2686 5587 duobus
2710 5529 2926 5585 saeculis
2953 5528 3141 5587 Croeso
3166 5530 3441 5601 antiquior
3485 5543 3608 5585 cum
3635 5542 3702 5585 eo
3729 5527 3815 5585 Vis

2206 5637 2365 5691 vere,
2392 5637 2456 5680 ac
2480 5622 2708 5694 proinde
2732 5622 2811 5678 illi
2839 5622 3193 5695 respondere,
3220 5638 3330 5680 non
3357 5630 3627 5694 potuerat.
3774 5614 3779 5647 ⁵

2279 5714 2587 5773 Simonides
2630 5723 2809 5773 autem
2857 5715 2912 5773 in
2962 5714 3155 5773 eodem
3198 5715 3504 5774 Eusebiano
3531 5713 3813 5774 Chronico

2205 5809 2407 5868 vixisse
2435 5808 2664 5867 traditur
2706 5824 2848 5871 anno
2875 5810 3037 5870 1551.
3066 5808 3146 5869 ibi
3189 5808 3336 5874 enim
3364 5802 3642 5882 legimus:
3672 5806 3815 5868 Pin-
