4240 6262
426 300 543 402 iri

1578 337 2033 423 DISSERTATIO
2069 337 2135 395 D.
2175 337 2265 395 LE
2301 340 2611 401 NOURRY.

3634 354 3742 413 818

429 460 587 514 dorus
642 465 690 513 et
742 455 1033 514 Simonides
1087 455 1235 529 lyrici
1280 463 1441 527 poeta:
1485 455 1706 528 insignes
1758 454 2026 511 habentur.
2057 452 2110 516 Α
2134 469 2235 511 nus
2262 466 2449 513 noster
2478 459 2701 530 Diogeni
2727 458 3026 530 adscribit,
3052 460 3121 518 ab
3148 461 3255 519 alio
3280 462 3527 535 ejusdem
3550 467 3732 522 nomi-

426 553 618 610 Postea
637 568 768 609 vero
783 551 850 609 ad
879 568 1079 608 annum
1119 550 1280 616 1542,
1311 550 1530 607 Hieron.
1552 593 1567 619 ,
1598 550 1750 622 cujus
1776 549 2028 606 Minutius

427 644 578 704 Felix
610 646 888 713 meminit,
938 656 1052 718 post
1096 644 1341 701 Gelonem
1383 644 1657 717 Syracusis
1704 644 2028 716 tyrannidem

428 737 709 795 exercebat.
735 736 1002 806 Quantum
1033 753 1163 808 ergo
1201 737 1347 809 prior
1371 735 1568 792 Thales
1594 750 1625 791 a
1650 734 1839 793 Crasso
1868 735 2029 792 distat

430 818 625 900 aztate,
665 840 871 887 tantum
925 830 1232 888 Simonides
1263 830 1437 885 eidem
1483 829 1701 885 Hieroni
1752 829 2028 900 proximus

429 906 551 981 esse
579 924 793 980 dicitur.
825 922 961 979 Huic
987 924 1146 996 igitur
1175 921 1438 980 Simonidi
1468 923 1636 992 magis
1655 963 1670 988 ,
1701 937 1858 992 quam
1887 922 2028 975 'l‘ha-

429 1017 525 1074 leti
565 1017 915 1089 physicorum
973 1017 1237 1088 principi,
1286 1015 1614 1072 conveniunt
1642 1014 1818 1070 citata:
1847 1013 1913 1070 de
1943 1015 2029 1069 Di-

427 1112 649 1168 vinitate
680 1110 1030 1182 interrogatio
1054 1120 1109 1166 et
1150 1094 1455 1182 responsio.
1504 1108 1585 1165 Ad
1614 1108 1728 1165 haec
1756 1124 1887 1164 vero
1927 1108 2025 1164 Mi-

428 1204 561 1259 nutii
588 1202 773 1274 opinio
803 1218 869 1257 eo
897 1201 1075 1258 adhuc
1099 1201 1309 1259 videtur
1340 1201 1687 1274 probabilior,
1710 1201 1853 1274 quod
1879 1202 2030 1259 Cice-

430 1296 581 1373 ronis
604 1293 927 1350 auctoritate
956 1293 1277 1349 slabiliatur.
1312 1292 1319 1297 ’

497 1386 683 1458 Neque
706 1386 914 1441 dixeris
936 1387 1194 1455 plurimos
1216 1386 1268 1441 in
1292 1385 1599 1442 Eusebiano
1618 1384 1887 1443 Chronico
1908 1401 2031 1443 esse

425 1480 479 1535 in
513 1478 829 1551 assignanda
858 1479 1143 1535 illustrium
1169 1479 1405 1535 virorum
1433 1489 1593 1535 mtate
1622 1495 1872 1547 errores;
1905 1496 2028 1535 nam

426 1577 736 1645 quicunque
811 1572 887 1626 illi
935 1572 1085 1640 sint,
1143 1586 1304 1627 nemo
1344 1586 1477 1627 sane
1524 1573 1742 1644 negabit
1789 1572 2030 1630 Thaletis

427 1665 639 1737 physici
679 1665 957 1735 Crtesique
1008 1672 1249 1735 tempora
1279 1665 1451 1736 magis
1479 1680 1508 1720 a
1553 1680 1613 1720 se
1668 1666 1896 1721 invicem
1934 1681 2029 1723 se-

427 1757 605 1829 jungi,
636 1772 796 1829 quam
828 1769 884 1813 ut
914 1756 1077 1813 simul
1114 1757 1318 1813 vixisse
1346 1757 1609 1813 dicantur.
1643 1755 1753 1814 Nec
1775 1767 1859 1816 est
1887 1759 2030 1827 quod

2131 546 2217 605 nis
2236 590 2251 618 ,
2284 547 2379 604 sed
2410 548 2591 619 _atheo
2610 592 2626 619 ,
2656 552 2857 623 scripta
2886 551 3058 609 fuisse
3096 555 3397 611 contendas
3421 596 3436 624 ,
3467 556 3733 615 habemus

2132 641 2348 713 quidem
2377 642 2648 700 Amanum
2670 686 2686 710 ,
2718 645 2841 716 qui,
2876 653 2934 701 ut
2956 644 3172 716 quidam
3190 646 3396 714 'aiunt,
3428 645 3729 718 ﬂagitiose-

2131 752 2253 790 rum
2282 735 2538 793 horumce
2566 736 2843 793 hominum
2869 737 3019 810 gregi
3042 737 3421 795 adnumeravit
3440 740 3731 812 Diogenem

2131 826 2391 899 phrygem
2413 814 2639 900 (.‘Ettan.
2665 829 2752 883 tib.
2783 830 2824 884 u
2842 845 2947 883 var.
2977 829 3142 898 una,
3174 829 3202 903 ε
3225 829 3571 903 51).Verum,
3597 849 3743 905 prae.

2134 928 2381 990 terquam
2407 921 2551 990 quod
2579 921 2634 975 in
2658 931 2845 976 nostra
2872 919 3132 976 librorum
3162 920 3362 977 Atiliani
3391 922 3630 982 editione
3654 926 3741 983 le-

2131 1012 2277 1081 gitur
2326 1012 2614 1084 Dionysius
2649 1012 2835 1084 Phryx
2862 1055 2877 1081 ,
2934 1012 3115 1068 nullus
3160 1013 3316 1070 nobis
3359 1013 3619 1073 indicavit
3643 1016 3735 1074 ubi

2134 1104 2397 1177 Diogenes
2425 1105 2547 1173 iste,
2566 1106 2680 1163 sive
2704 1106 3015 1178 Dionysius,
3040 1106 3203 1163 citata
3223 1108 3291 1165 ab
3309 1118 3737 1169 auctoretnostro

2132 1200 2298 1256 verba
2327 1200 2777 1270 prouuntiaverit.

2100 1360 2107 1365 κ
2203 1292 2445 1347 Aliorum
2483 1306 2610 1346 vero
2643 1290 3081 1362 phil050phorum
3112 1292 3346 1349 maxima
3383 1291 3486 1349 fuit
3511 1292 3584 1350 de
3626 1295 3739 1353 Deo

2133 1385 2447 1455 Opinionem
2488 1382 2737 1439 varietas
2761 1394 2815 1438 et
2854 1384 3160 1441 dissensio:
3210 1384 3316 1439 Alii
3357 1385 3513 1453 enim,
3563 1386 3739 1458 inquit

2134 1477 2495 1534 Tertullianus
2517 1518 2533 1544 ,
2570 1479 2826 1532 nimirum
2853 1476 3136 1544 Platonici,
3167 1478 3539 1550 incorporalem
3565 1479 3736 1536 Deum

2134 1580 2422 1626 asseverant
2465 1570 2484 1640 (
2526 1569 2818 1642 Apologet.,
2864 1587 2979 1640 cap.
3026 1570 3127 1638 47,
3170 1588 3289 1642 pag.
3333 1572 3440 1628 515
3476 1569 3520 1644 ).
3576 1572 3740 1631 Visne

2134 1663 2367 1733 aliquem
2396 1662 2488 1717 tibi
2521 1671 2716 1718 testem
2757 1661 3025 1731 proferri?
3054 1661 3137 1716 En
3181 1662 3335 1719 adest
3371 1663 3564 1722 Cicero
3584 1707 3599 1733 ,
3623 1667 3736 1737 'qui

2135 1756 2399 1813 Velleium
2442 1757 2523 1811 sic
2559 1755 2628 1811 de
2669 1755 2894 1811 Platone
2940 1755 3246 1825 loquentem
3308 1756 3549 1812 induxit:
3585 1757 3738 1826 Quod

427 1862 622 1918 urgeas
645 1857 1034 1904 memorantem
1048 1847 1461 1918 responsionem
1479 1849 1689 1906 'l‘haleti
1707 1849 2031 1923 philosopho
2058 1849 2107 1910 B
2136 1863 2249 1902 vero
2276 1848 2385 1902 sine
2408 1863 2623 1918 corpore
2649 1847 2755 1901 ullo
2789 1845 2957 1901 Deum
2978 1846 3086 1902 vult
3113 1864 3240 1913 esse,
3280 1857 3337 1902 ut
3365 1846 3529 1904 δι’ωοὶ
3560 1850 3737 1905 dicunt

429 1950 479 1995 et
510 1939 854 2011 physicorum
885 1939 1115 2011 principi
1134 1948 1280 1997 recte
1303 1955 1627 2012 congruere,
1655 1942 1878 1999 minime
1900 1957 2032 1999 vero

428 2031 726 2098 Simonidi,
777 2032 868 2104 qui
900 2033 1145 2104 poeticre,
1174 2045 1233 2088 ut
1258 2031 1383 2088 alibi
1403 2033 1634 2090 vidimus
1654 2076 1669 2101 ,
1695 2048 1913 2105 operam
1938 2033 2032 2091 da-

429 2129 521 2186 bat
551 2128 840 2201 (Dissertat.
865 2128 919 2183 in
941 2126 1141 2183 Minue.
1161 2127 1367 2196 Θείαν..
1395 2144 1513 2199 cap.
1541 2128 1597 2198 5,
1617 2140 1718 2184 art.
1743 2129 1780 2184 2
1798 2146 1812 2196 ;
1832 2138 1877 2184 et
1905 2139 2026 2185 tam.

429 2219 472 2277 I.
505 2221 756 2293 Apparet.
782 2238 902 2293 pag.
937 2218 1121 2293 1284).
1163 2207 1298 2276 Nam
1323 2228 1507 2290 poeta:
1535 2220 1678 2292 apud
1707 2219 1953 2277 ethnicos
1976 2221 2032 2277 in

437 2314 808 2385 theologorum
833 2313 1171 2369 habebantur
1197 2327 1447 2377 numew.

505 2407 743 2478 Denique
789 2406 1067 2474 Minutius,
1119 2404 1399 2463 Ciceronis
1452 2404 1766 2461 testimonio
1817 2404 2027 2474 fretus,

434 2500 605 2572 potuit
630 2497 968 2566 Tertulliani,
1000 2498 1213 2553 tametsi
1241 2498 1412 2569 plura,
1440 2497 1578 2553 sicut
1606 2496 2029 2565 observavimus,

435 2605 498 2645 ex
528 2590 642 2662 l‘jllS
682 2590 833 2645 libris
863 2588 1197 2657 excerpscrit
1217 2629 1231 2654 ,
1262 2588 1408 2644 hanc
1434 2589 1710 2659 corrigere
1758 2587 1827 2643 dc
1858 2588 2032 2659 primo

432 2683 656 2739 Thalete
682 2693 736 2739 et
758 2682 948 2740 Crceso
976 2683 1308 2754 Opinionem.
1360 2682 1426 2738 Et
1454 2695 1602 2738 certe
1650 2680 1919 2752 quomodo
1948 2680 2033 2737 bic

433 2776 628 2833 Thales
671 2775 739 2832 de
783 2776 1069 2831 Divinitate
1109 2775 1468 2846 interrogatus
1510 2774 1643 2829 nihil
1698 2772 2034 2845 respondere

428 2885 590 2928 ausus
612 2868 823 2935 fuisset,
848 2870 960 2941 qui,
983 2869 1122 2924 sicut
1148 2867 1272 2923 alibi
1304 2878 1421 2938 post
1442 2868 1690 2923 eumdem
1715 2866 2031 2922 Ciceronem

430 2962 839 3030 annotavimus,
873 2970 978 3016 tam
1032 2970 1181 3017 certo
1232 2977 1392 3032 quam
1438 2960 1575 3016 falso
1616 2961 1799 3016 docuit
1836 2974 2031 3030 aquam

430 3072 552 3114 esse
573 3072 751 3112 rerum
776 3040 1014 3111 oruuium
1043 3054 1293 3121 initium,
1324 3070 1388 3110 ac
1414 3055 1582 3110 Deum
1612 3061 1846 3109 mentem
1870 3068 1990 3109 esse
2008 3094 2024 3121 ,

427 3166 546 3222 qua:
574 3167 641 3207 ex
684 3165 820 3221 aqua
843 3149 1021 3205 omnia
1053 3147 1305 3204 formavit
1331 3148 1542 3218 (Cicer.,
1571 3148 1659 3202 lib.
1691 3146 1713 3201 Ι
1740 3146 1803 3201 de
1830 3144 2027 3201 Natur.

2136 1949 2386 2012 ἀσώματον
2409 1983 2423 2007 ,
2463 1942 2518 1995 id
2554 1942 2705 2010 quale
2764 1957 2870 1995 esse
2922 1942 3110 2012 possit,
3159 1941 3379 2013 intelligi
3422 1959 3524 1997 non
3575 1952 3738 2014 potest

2133 2033 2322 2107 (Cicer.
2356 2035 2395 2090 ι.
2427 2032 2442 2087 l
2473 2034 2536 2088 de
2564 2034 2758 2089 Natur.
2776 2035 2943 2100 deor.,
2971 2050 3091 2105 pag.
3115 2032 3246 2102 200,
3274 2034 3312 2089 ι.
3340 2033 3501 2106 XIII).
3532 2036 3731 2092 Eadem

2134 2127 2203 2184 de
2228 2127 2333 2184 hoc
2353 2126 2799 2198 phi1050phorum
2824 2126 3065 2197 principe
3089 2134 3274 2181 narrat
3296 2125 3545 2182 Laertius
3572 2145 3586 2182 :
3616 2124 3741 2197 Opi.

2135 2230 2316 2286 natur,
2346 2220 2549 2291 inquit,
2576 2219 2823 2283 animam,
2843 2219 2970 2273 sicut
3002 2216 3189 2285 Deum,
3212 2234 3321 2274 esse
3360 2219 3736 2292 incorporalem

2135 2322 2388 2385 ἀσώματον
2445 2314 2569 2368 εἶναι
2609 2311 2834 2383 (Laert.
2889 2312 2979 2366 lib.
3041 2310 3152 2378 ΙΙΙ,
3212 2312 3267 2366 in
3336 2312 3455 2367 Vita
3498 2311 3739 2384 Platon.,

2139 2408 2264 2482 §77
2291 2408 2330 2481 ).
2376 2407 2593 2464 Laertio
2630 2415 2810 2461 autem
2860 2404 3208 2471 Plutarchus,
3253 2403 3556 2474 Eusebius,
3589 2407 3739 2479 Apu-

2136 2501 2295 2568 leius,
2326 2509 2381 2556 et
2408 2499 2495 2555 alii
2528 2496 2886 2568 suffragantur
2911 2495 2929 2565 (
2947 2494 3245 2563 Plutarch.,
3278 2496 3368 2551 lib.
3405 2496 3513 2553 Ide
3539 2496 3734 2554 Placit.

2139 2594 2464 2667 pltilosOplt.,
2485 2609 2604 2662 cap.
2641 2591 2695 2657 7,
2730 2606 2851 2660 pag.
2896 2587 3023 2654 881;
3069 2587 3260 2644 Euseb.
3290 2599 3424 2645 orat.
3452 2590 3730 2660 Constant,

2136 2686 2380 2759 pag.200
2404 2702 2418 2752 ;
2446 2683 2642 2740 Platon
2663 2695 2785 2739 tom.
2816 2681 2906 2749 ΙΙΙ,
2937 2698 3056 2753 pag.
3089 2681 3279 2752 27-28,
3306 2692 3354 2738 et
3377 2683 3501 2738 alibi
3526 2684 3733 2755 Apulei.

2136 2779 2199 2834 de
2219 2778 2350 2834 Deo.

2207 2869 2611 2939 Quantumlibet
2648 2879 2828 2926 autem
2864 2886 2988 2927 vera
3016 2870 3086 2924 sit
3123 2868 3242 2926 haec
3270 2868 3485 2941 opinio,
3519 2868 3588 2924 ab
3616 2869 3735 2926 aliis

2137 2972 2314 3018 tamen
2360 2963 2652 3034 gentilibus
2698 2962 3035 3033 philosophis
3066 2964 3264 3032 rejecta
3301 2971 3404 3018 est.
3442 2960 3576 3017 Nam
3612 2962 3735 3018 Vel-

2132 3054 2267 3110 leius
2291 3053 2430 3124 apud
2458 3054 2792 3122 Ciceronem,
2822 3056 2897 3109 uti
2929 3069 3053 3109 mox
3083 3054 3416 3122 dicebamus,
3435 3054 3730 3111 contende-

2133 3144 2225 3200 bat
2252 3146 2473 3216 intelligi
2494 3161 2599 3201 non
2628 3161 2785 3217 posse
2811 3146 2936 3216 quid
2968 3146 3193 3217 qualeve
3217 3149 3287 3202 sit
3315 3147 3457 3217 quod
3487 3147 3733 3218 incorpo-

429 3243 572 3297 deor.
596 3284 611 3308 ,
642 3260 757 3314 pug.
794 3242 936 3308 199;
970 3239 1245 3295 Dissertat.
1276 3240 1329 3295 in
1355 3239 1552 3294 Minut.
1582 3257 1698 3311 cap.
1731 3239 1799 3306 4,
1834 3248 1936 3293 art.
1971 3240 2024 3305 1;
2052 3236 2098 3301 C
2132 3253 2282 3293 reum
2310 3247 2531 3293 vocatur
2569 3237 2588 3308 (
2617 3237 2845 3305 Socrat.,
2871 3236 3059 3303 Cicer.,
3094 3239 3193 3293 loc.
3216 3240 3305 3293 cit.
3343 3238 3385 3309 ).
3412 3237 3599 3309 Neque
3640 3238 3732 3294 alii

432 3345 478 3390 et
525 3337 577 3388 in
606 3333 836 3390 Lactant.
870 3353 987 3407 cap.
1035 3334 1133 3402 12,
1161 3344 1261 3389 art‘.
1316 3336 1395 3407 1).
1426 3334 1598 3390 Nemo
1641 3343 1820 3389 autem
1872 3332 2029 3390 nobis

430 3428 678 3500 probavit
701 3428 848 3484 illum
890 3428 957 3485 de
1002 3426 1415 3496 hac'sententia,
1436 3437 1528 3482 aut
1555 3424 1841 3497 aliquando
1867 3424 2028 3480 dubi-

433 3530 583 3579 tasse
603 3563 618 3588 ,
650 3530 742 3576 aut
788 3536 906 3578 eam
938 3535 1172 3591 unquam
1197 3528 1457 3575 mutasse.
1486 3518 1542 3575 Si
1571 3518 1689 3589 quis
1711 3532 1873 3589 porro
1898 3515 2029 3573 illud

432 3613 498 3672 de
530 3615 639 3671 Deo
676 3629 993 3686 responsum
1023 3613 1232 3690 Thaleti
1259 3612 1499 3670 secundo
1536 3610 1879 3668 tribuendum
1907 3625 2029 3667 esse

348 3726 357 3729 -
444 3707 770 3780 probaverit,
793 3707 1018 3764 delenda
1034 3722 1154 3763 esse
1182 3704 1432 3763 ostendet
1451 3720 1522 3761 ex
1545 3702 1857 3760 Tertulliani
1881 3710 2030 3758 textu

426 3802 546 3859 lucc
597 3802 759 3858 verba
793 3801 1170 3873 :Pltgsicorum
1224 3800 1477 3871 princeps.
1528 3797 1820 3862 Caeterum,
1847 3795 2029 3866 cujus-

427 3912 657 3967 cumque
712 3893 1015 3967 philosOphi
1060 3892 1220 3950 fuerit
1267 3894 1355 3948 illa
1398 3893 1714 3964 responsio,
1744 3890 1863 3962 quis
1906 3906 2026 3947 eam

425 3976 494 4044 ab
523 3991 615 4045 illo
645 3989 917 4045 adsertam
941 4004 1061 4044 esse
1092 3989 1144 4044 iu
1174 3987 1394 4043 dubium
1437 3985 1691 4043 vocabit?
1722 3985 1902 4041 Palam
1926 3984 2027 4057 igi-

427 4091 512 4138 tur
538 4081 819 4138 confessus
842 4091 925 4137 est
949 4081 1185 4152 ignotam
1211 4079 1313 4135 sibi
1335 4078 1496 4134 fuisse
1518 4078 1881 4133 Divinitatem.

498 4181 554 4234 lu
602 4177 839 4235 secundo
884 4186 1060 4232 autem
1093 4174 1159 4230 ad
1187 4173 1445 4229 Nationes
1482 4173 1619 4228 libro
1664 4171 2027 4228 Tertullianus

427 4272 637 4329 Thaleti
670 4271 932 4342 praemisit
953 4270 1244 4340 Diogenem
1266 4308 1282 4335 ,
1311 4267 1400 4338 qui
1426 4270 1689 4321 consultus
1711 4264 1834 4335 quid
1855 4265 1905 4318 in
1928 4279 2028 4318 cae-

406 4366 489 4443 Jis
532 4375 716 4438 agatur
763 4364 1018 4437 (ipsamct
1059 4371 1187 4417 sunt
1229 4361 1375 4416 illius
1420 4358 1651 4432 verba):
1700 4358 2024 4427 Nunquam,

430 4457 637 4528 inquit,
684 4458 739 4511 in
785 4455 967 4511 caelum
1027 4453 1268 4508 adscendi
1297 4451 1540 4527 (Tertull.
1575 4452 1663 4506 lib.
1711 4450 1757 4506 ll
1796 4450 1863 4505 ad
1893 4449 2020 4504 Nat.

427 4566 552 4619 cap.
604 4548 701 4620 2).
762 4547 918 4615 Item,
971 4565 1038 4601 an
1107 4547 1181 4601 dii
1231 4554 1395 4601 essent
1441 4561 1461 4600 :
1511 4543 1734 4611 Nescio,
1804 4558 2028 4613 respon-

2131 3328 2293 3384 etiam
2321 3327 2626 3400 philosophi
2650 3329 2919 3398 explicare
2949 3339 3238 3401 potuerunt
3257 3344 3376 3401 quae
3404 3329 3474 3385 sit
3499 3344 3624 3385 vera
3637 3328 3727 3401 Arei

2132 3421 2466 3492 incorporeas
2489 3421 2609 3478 idea
2631 3430 2686 3477 et
2712 3423 2881 3477 notio.
3632 3397 3659 3419 ’

2201 3513 2367 3571 Stoici
2397 3528 2549 3579 vero,
2584 3515 2757 3585 pergit
2792 3515 2996 3570 Auctor
3030 3521 3233 3581 noster,
3269 3513 3439 3570 Deum
3468 3526 3729 3585 corpora-

2132 3606 2237 3661 lem
2286 3619 2407 3661 esse
2453 3604 2817 3676 praedicarunt
2855 3605 2876 3678 (
2914 3603 3224 3660 Tertullian.
3275 3606 3572 3677 Apologet.,
3601 3622 3724 3677 cap.

2132 3698 2261 3768 515,
2308 3708 2430 3754 tant.
2489 3697 2513 3753 Ι
2561 3698 2838 3771 Apparat.,
2889 3698 2978 3754 lib.
3059 3697 3123 3754 lll
3155 3741 3171 3767 ,
3226 3698 3427 3754 dissert.
3494 3700 3522 3755 1
3550 3741 3566 3768 ,
3611 3715 3730 3771 cap.

2132 3794 2222 3863 11,
2246 3803 2346 3848 art.
2386 3792 2455 3861 2;
2488 3791 2762 3848 Dissertat.
2793 3793 2848 3847 in
2876 3791 3089 3858 Minut.,
3122 3809 3237 3864 cap.
3275 3793 3331 3861 4,
3362 3802 3463 3850 art.
3496 3793 3625 3867 10).
3656 3795 3733 3852 De
3774 3800 3779 3805 ’

2128 3887 2234 3944 hac
2272 3894 2450 3943 autem
2492 3887 2794 3943 Stoicorum
2838 3888 3125 3958 opinione,
3158 3903 3278 3959 qua:
3318 3889 3465 3955 suis,
3512 3899 3733 3961 propter

2130 3983 2345 4038 illorum
2377 3983 2789 4054 repugnantias,
2816 3980 3223 4038 difﬁcultatibus
3261 3998 3367 4039 non
3408 3992 3585 4051 caret,
3629 3998 3730 4041 nos

2130 4075 2259 4131 alibi
2293 4074 2705 4145 disputavimus.
2739 4073 2929 4129 Plures
2953 4083 3134 4130 autem
3164 4059 3578 4147 citavimus,qui
3601 4076 3726 4134 illos

2129 4168 2183 4224 in
2216 4167 2360 4222 hunc
2379 4182 2619 4222 errorem
2643 4182 2830 4222 revera
2853 4166 3030 4236 lapsos
3057 4165 3221 4223 fuisse
3242 4168 3615 4226 testificantur.

2203 4260 2551 4330 Prosequitur
2578 4258 2970 4315 Tertullianus:
3003 4258 3128 4325 Alii,
3159 4259 3411 4316 nimirum
3459 4262 3725 4334 Epicurus

2130 4354 2355 4426 ejusque
2381 4361 2697 4419 sectatores,
2724 4367 2786 4406 ea:
2810 4350 3011 4418 atomis,
3044 4352 3137 4407 alii
3157 4368 3223 4407 ea:
3263 4356 3510 4422 numeris,
3534 4371 3729 4427 quem-

2129 4444 2419 4501 admodum
2476 4442 2843 4514 Pythagoras,
2875 4442 2967 4495 alii
3024 4458 3087 4496 ea;
3128 4444 3274 4513 igne,
3303 4445 3441 4500 sicut
3484 4444 3728 4503 Heracli-

2133 4548 2237 4607 tus,
2271 4538 2440 4593 Deum
2466 4543 2717 4592 constare
2745 4535 3051 4606 garriebant
3078 4536 3097 4609 (
3122 4535 3453 4603 Tertullian.,
3483 4537 3584 4593 loc.
3607 4540 3724 4609 cit.,

428 4640 543 4703 dit,
570 4641 667 4695 nisi
697 4650 751 4694 ut
789 4641 888 4695 sint
916 4639 1186 4710 expedire,
1223 4639 1325 4693 hoc
1354 4645 1457 4704 est,
1487 4636 1681 4692 Nescio
1701 4678 1715 4702 ,
1739 4635 1837 4692 sed
1863 4651 2023 4694 cunc-
2046 4629 2103 4692 Β
2129 4644 2252 4688 tom.
2281 4630 2320 4698 Ι,
2350 4631 2622 4703 Apparat.,
2646 4647 2766 4701 pag.
2799 4629 2944 4694 455;
2972 4628 3243 4684 Dissertat.
3288 4630 3342 4684 in
3382 4628 3572 4687 Μίνωι.
3623 4631 3725 4686 loc.

428 4732 496 4788 tis
519 4731 647 4788 utile
674 4740 756 4788 est
775 4741 829 4787 et
858 4731 1071 4803 expedit
1099 4730 1231 4787 deos
1256 4728 1528 4786 esse.Non
1552 4728 1781 4784 multum
1808 4729 2023 4799 quidem

427 4806 455 4885 a
489 4824 666 4895 priore
688 4840 948 4892 responso
967 4822 1097 4878 illud
1123 4823 1311 4890 abest,
1339 4820 1485 4893 quod
1511 4837 1542 4876 a
1572 4820 1810 4892 Diogene
1832 4822 2028 4892 cynico

427 4916 627 4972 homini
665 4915 734 4971 de
785 4916 1097 4973 cmlestibus
1155 4914 1437 4971 disserenti
1479 4914 1659 4970 datum
1681 4913 1929 4971 Laertius
1949 4914 2029 4971 sic

424 5009 602 5065 retulit
628 5027 641 5064 :
672 5014 900 5071 Ποσταῖος
925 5016 1069 5082 πάρει
1095 5014 1194 5065 ἀπὸ
1237 5016 1319 5064 τοῦ
1355 5013 1569 5080 οὐρανοῦ,
1603 5006 1942 5075 Quandonam
1967 5006 2031 5063 de

424 5102 550 5157 cwlo
576 5102 752 5157 venisti
773 5101 967 5173 (Laert.
986 5100 1132 5157 ιῖνι.
1155 5102 1219 5156 de
1243 5099 1343 5156 Vit.
1365 5100 1591 5174 Diog.,§
1624 5101 1752 5173 '59)?
1783 5103 1852 5157 At
1881 5100 2025 5167 vide,

427 5174 613 5267 quaeso
634 5236 650 5262 ,
684 5204 864 5250 utrum
893 5210 922 5248 a
949 5178 1187 5250 secunda
1233 5194 1445 5265 longius
1474 5193 1614 5249 absit
1643 5193 1761 5248 haec
1786 5191 2029 5264 ejusdem

428 5286 677 5359 Diogenis
697 5287 989 5344 sciscitanti
1009 5288 1182 5361 Lysia:
1205 5286 1725 5358 pharmacopolae,“
1752 5285 1884 5342 deos
1909 5299 2031 5342 esse

308 5402 321 5409 ‘
425 5381 674 5437 crederet
699 5423 714 5443 ,
747 5382 1028 5452 responsio
1065 5400 1076 5437 :
1108 5390 1212 5442 Πῶς
1261 5385 1313 5437 οὗ
1338 5390 1532 5450 νομίζω,
1561 5388 1679 5435 ὅπου
1718 5387 1799 5434 καὶ
1820 5403 1869 5433 σε
1909 5383 2030 5439 Θεοῖς

424 5485 591 5549 ἐχθρὸν
620 5483 960 5545 υπολαμϐάνω,
993 5474 1263 5543 Quomodo
1281 5492 1383 5529 non
1408 5474 1581 5541 credo,
1610 5475 1764 5545 quite
1806 5474 1903 5528 diis
1929 5473 2031 5528 ini-

424 5570 613 5624 micam
658 5581 782 5636 puto
813 5569 1005 5643 (lbid.,
1035 5570 1064 5644 ἐ
1094 5571 1166 5625 42
1191 5570 1244 5642 )‘l
1283 5569 1394 5626 Nos
1434 5577 1611 5625 tamen
1657 5569 1901 5627 Laertius
1932 5571 2030 5626 ibi-

426 5662 552 5720 dem
582 5663 841 5719 admonet
871 5664 1009 5721 hanc
1035 5664 1354 5722 sententiam
1390 5661 1551 5718 tribui
1592 5662 1914 5733 Theodoro,
1935 5664 2029 5736 qui

426 5753 572 5815 haud
598 5755 763 5813 dubie
791 5756 984 5811 atheus
1004 5799 1018 5824 ,
1049 5766 1110 5813 ut
1155 5772 1186 5812 a
1217 5755 1374 5813 nobis
1401 5755 1542 5812 haud
1568 5756 1735 5813 semel
1772 5755 2059 5841 observao'

428 5857 578 5918 tum,
609 5848 1020 5922 cognominatus
1055 5858 1160 5910 est.
1192 5849 1252 5907 Si
1273 5864 1337 5907 ea
1368 5859 1546 5907 tamen
1577 5863 1698 5921 quae
1735 5847 2025 5913 Tertullia-

2131 4727 2218 4781 cit.
2260 4723 2532 4780 Dissertat.
2561 4724 2615 4778 in
2640 4721 2904 4792 Lactant.,
2927 4738 3042 4794 cap.
3077 4721 3167 4788 12,
3199 4730 3298 4777 art.
3330 4710 3502 4793 1).Ἠί
3544 4732 3725 4781 autem

2131 4834 2323 4876 omnes
2370 4802 2728 4890 opinabantur
2775 4830 2837 4873 ea
2886 4830 3006 4872 esse
3062 4815 3233 4886 prima
3275 4831 3453 4871 rerum
3484 4816 3726 4872 omnium

2132 4912 2412 4985 principia,
2439 4927 2538 4967 nec
2567 4911 2702 4967 alios
2727 4924 2847 4965 esse
2876 4907 3027 4977 deos,
3054 4918 3112 4965 ut
3136 4908 3262 4964 alibi
3292 4924 3392 4966 nec
3414 4912 3581 4969 semel
3609 4912 3727 4982 qui-

2108 4998 2113 5003 ”
2133 5007 2255 5063 dem
2282 5006 2773 5062 animadvertimus.

2203 5099 2389 5171 Neque
2420 5099 2597 5154 minus
2620 5096 2901 5154 manifeste
2926 5095 3270 5168 probavimus
3297 5098 3472 5154 varias
3498 5140 3513 5165 ,
3540 5107 3595 5155 et
3622 5099 3729 5156 sibi

2134 5193 2363 5250 invicem
2403 5191 2677 5264 oppositas
2721 5191 2885 5246 fuisse
2936 5190 3375 5262 philosophorum
3407 5190 3476 5248 de
3523 5191 3727 5261 divina,

2135 5287 2275 5343 sicut
2298 5284 2777 5351 aitTertullianus,
2807 5282 3143 5355 providentia
3175 5282 3462 5354 opiniones
3491 5301 3504 5337 :
3536 5283 3727 5339 Plata-

2136 5377 2239 5432 nici
2291 5375 2455 5441 enim,
2486 5376 2656 5445 inquit
2678 5375 2784 5441 ille,
2816 5384 3074 5429 curantem
3095 5390 3265 5428 rerum
3290 5391 3306 5440 ;
3330 5384 3507 5429 contra
3536 5372 3733 5445 Epicu-

2133 5474 2206 5530 rei
2227 5472 2442 5528 otiosum
2471 5481 2519 5525 et
2546 5470 2892 5535 inexercitum,
2926 5478 2973 5523 et
3013 5479 3068 5522 ut
3096 5468 3168 5522 ita
3190 5468 3438 5534 dixerim,
3480 5467 3733 5522 neminem

2135 5567 2373 5624 Immanis
2425 5566 2574 5621 rebus
2619 5581 2727 5620 esse
2782 5561 3128 5635 prwdicabant
3181 5560 3538 5631 (Tertullian.
3583 5561 3725 5631 Apo-

2131 5664 2311 5735 loget.,
2363 5678 2478 5730 cap.
2531 5661 2622 5727 47,
2677 5668 2725 5715 et
2780 5658 2868 5714 lib.
2930 5656 2974 5713 ll
3030 5657 3099 5712 ad
3159 5655 3396 5725 Nation.,
3432 5673 3550 5727 cap.
3606 5655 3713 5728 2).

2132 5756 2209 5815 De
2259 5754 2483 5814 Platone
2534 5755 2579 5810 si
2636 5753 2791 5825 plura
2837 5751 2995 5820 velis,
3064 5750 3150 5807 adi
3207 5750 3502 5817 Lacrtium,
3535 5757 3593 5806 et
3635 5748 3729 5805 di.

2131 5857 2342 5913 ceutem
2369 5848 2553 5906 audies
2592 5857 2784 5907 ibitur
2828 5849 2907 5904 καὶ
2946 5853 3071 5909 θεοὺς
3111 5841 3281 5919 ἐφορᾷν
3320 5845 3733 5921 ⁸αι’ἑιξοὶνθρςὶνιιίνι.
