4240 6262
499 293 606 356 819

1570 288 1639 347 ΙΝ
1674 280 2135 347 τειὶτυιιιΑΝι
2172 282 2707 344 APOLOGETICUM
2778 328 2785 332 .

3707 278 3823 344 820

502 411 792 467 Arbitratur
817 418 864 463 et
893 408 1012 465 deos
1042 408 1265 462 humana
1308 420 1515 459 eernere
1554 413 1600 458 et
1626 418 1809 458 curare
1851 402 1870 473 (
1902 401 2103 469 Laert.,
2133 400 2183 460 A
2212 398 2376 456 Stoici
2417 400 2591 454 volunt
2632 398 2799 453 Deum
2837 398 2909 455 sic
2933 414 3021 471 per
3043 397 3310 454 materiam
3349 396 3653 464 decurrisse,
3684 414 3816 471 quo-

505 503 593 558 lib.
613 503 699 563 ill.
728 505 779 556 in
818 501 898 556 Vit
940 499 1173 564 Platon.,
1203 497 1231 570 ς
1260 497 1374 567 τ8).
1404 496 1514 553 Nec
1545 496 1633 551 alii
1668 495 1850 567 plures
1879 495 2100 563 citandi,

508 594 700 666 quam]:
726 595 939 665 quidem
974 590 1077 646 hoc
1108 600 1159 644 ct
1189 591 1417 661 ipsemet
1457 587 1612 643 Plato
1654 588 1853 658 srepius
1876 588 2107 644 asseruit

506 687 527 758 (
558 686 697 741 Plat.
735 683 943 749 Phaed,
975 692 1096 736 tam.
1129 681 1185 747 Ι,
1221 696 1342 753 pag.
1375 679 1465 748 62,
1491 688 1628 750 post.
1661 677 1797 734 med.
1823 682 1862 751 ).
1894 679 2106 749 Alicubi

504 780 648 844 enim
676 776 751 830 ait
775 776 939 833 Deum
969 774 1135 835 nostri
1163 788 1349 829 curam
1369 787 1577 844 gerere,
1611 786 1717 827 non
1748 786 1906 829 secus
1936 786 1997 827 ac
2028 771 2107 827 rei

508 883 621 923 suae
662 875 715 922 ei
748 864 1105 939 possessionis
1132 882 1144 918 :
1178 870 1250 917 Τὸ
1286 867 1383 918 θεόν
1407 887 1458 920 τε
1496 862 1616 917 sim
1644 872 1724 920 τδν
1751 871 2110 933 ἐπιμελουμένον

510 971 665 1029 ἡμῶν,
716 961 800 1015 καὶ
850 964 974 1028 ἡμᾶς
1020 964 1193 1012 ἐκείνου
1244 971 1472 1026 κτῆμιτιι
1515 956 1658 1011 εἶναι.
1699 954 1910 1027 (Idem,
1942 956 2027 1011 lib.
2062 955 2109 1012 Χ

508 1053 571 1107 de
593 1052 741 1123 Leg.,
775 1069 895 1123 pag.
918 1048 1025 1106 285
1054 1049 1093 1117 ).
1121 1048 1261 1105 Alibi
1294 1063 1421 1104 vero
1446 1048 1585 1107 haud
1617 1048 1921 1104 dubitanter
1958 1063 2109 1104 asse-

510 1156 664 1201 verat
702 1143 928 1215 primam
969 1141 1228 1196 insaniam
1266 1155 1386 1196 esse
1413 1139 1544 1195 deos
1572 1156 1788 1210 negare,
1819 1141 2108 1195 secundam

506 1251 688 1297 autem
719 1252 967 1297 asserere
994 1252 1087 1291 eos
1116 1250 1298 1289 curam
1333 1250 1442 1289 non
1465 1233 1662 1289 habere
1690 1232 1965 1288 ltomiuum
1995 1253 2008 1288 :
2040 1240 2110 1287 Ta

512 1338 718 1406 δεύτερον
746 1340 880 1393 ενι-εις
912 1336 963 1387 οὗ
993 1333 1249 1402 φροντίζειν
1275 1335 1543 1400 ἀνθρώπων.
1578 1326 1766 1400 (Ῑὺὶά.,
1788 1345 1908 1399 pag.
1937 1326 2044 1384 899
2067 1337 2115 1381 et

513 1426 671 1497 seq.).
700 1423 804 1485 Sed
839 1423 942 1477 hoc
970 1418 1058 1478 ille
1089 1432 1272 1492 postea
1298 1420 1471 1475 fusius
1495 1419 1853 1490 prosequitur,
1889 1429 1944 1475 et
1973 1420 2115 1474 insa-

515 1534 644 1573 num
679 1516 830 1573 illum
852 1531 1093 1570 errorem
1137 1513 1381 1584 proﬂigat
1408 1522 1461 1567 et
1484 1512 1671 1566 evertit
1702 1511 1719 1576 (
1747 1510 2018 1566 Dissertat.
2061 1512 2115 1565 in

513 1610 776 1675 Lactant.,
805 1626 922 1680 cap.
954 1608 1041 1671 ii,
1076 1616 1180 1674 art,
1210 1608 1234 1661 1
1278 1609 1315 1674 ).
1351 1607 1419 1660 At
1453 1604 1874 1660 absttrdissitnus
1915 1604 2003 1659 ille
2029 1619 2116 1660 er-

512 1717 603 1757 ror
644 1710 728 1757 est
789 1699 1006 1769 Ειιὶουιὶ
1050 1708 1484 1767 sectatorumque
1536 1695 1684 1767 ejus,
1718 1695 1857 1750 sicut
1898 1711 1928 1750 a
1960 1695 2118 1753 nobis

514 1795 943 1851 demonstratum
979 1800 1080 1847 est.

583 1884 945 1955 Quamobrem
978 1885 1178 1939 Auctor
1209 1889 1393 1938 noster
1417 1882 1578 1952 paulo
1605 1891 1726 1953 post
1752 1881 1951 1952 adjecit
1994 1880 2111 1937 Pla-

514 1979 815 2036 tonicorum
866 1976 933 2039 de
979 1975 1107 2031 sede
1132 1976 1221 2030 Dei
1250 1975 1559 2047 opinionem
1589 1974 1772 2042 fuisse,
1802 1975 1949 2029 illum
1981 1973 2115 2030 resi-

513 2072 643 2128 dere
673 2073 806 2126 intra
837 2070 1080 2125 mundum
1099 2112 1110 2133 ,
1140 2069 1229 2141 qui
1252 2111 1266 2132 ,
1298 2069 1654 2140 gubernatoris
1686 2066 1950 2139 exemplo,
1981 2066 2117 2122 intra

516 2163 651 2223 illud
704 2161 906 2219 maneat
978 2161 1117 2233 quod
1191 2170 1333 2232 regat
1385 2157 1752 2232 (Tertullian.
1815 2158 2112 2229 Apologet.,

519 2273 634 2328 cap.
689 2256 780 2321 Π,
834 2265 880 2308 et
931 2254 1018 2308 lib.
1059 2253 1200 2309 Ilad
1255 2252 1496 2320 Notium,
1554 2270 1649 2325 cap
1713 2252 1817 2323 2).
1872 2252 1940 2308 Et
1986 2267 2116 2310 sane

524 2349 676 2402 Plato
715 2346 967 2407 decernit,
1008 2346 1301 2417 probatque
1352 2345 1581 2400 mirabili
1640 2344 1868 2414 quadam
1937 2352 2117 2406 tuente

518 2448 571 2497 et.
600 2440 884 2512 sapientia,
918 2455 1037 2513 qua:
1066 2437 1212 2492 Deus
1239 2438 1353 2507 ipse
1377 2450 1479 2499 est,
1510 2437 1649 2494 hunc
1691 2438 1946 2495 mundum
1969 2448 2118 2495 certo

520 2533 919 2601 constituthue
969 2530 1159 2586 ordine
1197 2541 1513 2586 constanter
1556 2531 1843 2602 gubernari
1893 2530 1914 2605 (
1972 2531 2113 2587 Plat.

523 2623 688 2690 ΡΜ,
724 2634 846 2679 tom.
882 2622 947 2689 ll,
979 2639 1098 2695 pag.
1132 2622 1203 2678 28
1231 2633 1278 2677 et
1303 2622 1493 2694 seqq.).
1523 2623 1644 2677 Alio
1668 2632 1849 2682 autem
1890 2624 1943 2679 in
1980 2623 2117 2681 libro

518 2716 777 2788 scriptum
823 2716 973 2772 abeo
1015 2716 1262 2787 legimus,
1302 2716 1490 2780 Deum,
1520 2718 1753 2772 universi
1782 2717 2114 2789 gubernato-

521 2823 657 2874 rem,
701 2817 821 2877 post
850 2806 1105 2862 mundum
1138 2821 1333 2878 resque
1374 2821 1565 2862 omnes
1590 2817 1818 2875 creatas,
1847 2808 2117 2866 dimisisse

521 2898 663 2953 illius
689 2897 911 2969 regendi
938 2897 1198 2962 habenas,
1231 2908 1286 2953 et
1313 2899 1363 2953 in
1403 2914 1552 2953 suam
1577 2900 1801 2956 rediisse
1823 2901 1972 2972 quasi
2001 2917 2119 2973 spe-

523 2992 696 3046 culam
728 2990 920 3063 (Idem,
955 2990 1139 3057 Polit.,
1170 3008 1293 3064 pag.
1324 2991 1431 3046 9.72
1454 3003 1498 3047 et
1524 2994 1708 3065 seqq).
1743 2992 1935 3051 Postea
1961 3012 2113 3065 vero,

522 3102 590 3141 ne
617 3085 869 3152 mundus,
905 3084 1066 3140 rariis
1106 3086 1516 3155 tempestatibus
1543 3096 1597 3142 et
1625 3087 1782 3143 malis
1809 3100 2114 3159 quassatus,

2210 492 2358 546 modo
2418 490 2518 546 mel
2567 507 2656 561 per
2698 492 2840 562 favos
2898 489 3244 563 (Tcrtullian.
3296 490 3387 544 lib.
3434 489 3555 544 adv.
3588 488 3815 545 Hermo-

2208 603 2303 659 gen
2334 626 2351 653 ,
2383 602 2500 657 cap.
2558 582 2672 654 44).
2695 581 3148 640 Contradictionis
3192 584 3371 654 itaque
3419 583 3619 656 potius,
3653 598 3821 655 quam

2218 678 2510 734 oblivionis
2566 687 2659 731 aut
2728 677 3041 749 ignorantia:
3112 674 3409 731 insimulari
3453 674 3658 733 debuit.
3709 674 3822 733 Sed

2211 772 2444 841 majores
2498 769 2682 841 procul
2725 767 2889 825 dubio
2932 776 3088 825 erant
3134 768 3461 835 Stoicorum,
3492 783 3653 838 quam
3694 768 3819 824 Ter-

2213 864 2464 930 tulliani,
2516 862 2922 935 repugnantia),
2967 878 3103 934 quas
3149 860 3465 917 Plutarchus
3509 861 3733 934 integris
3765 862 3822 919 in

2214 957 2366 1011 libris
2391 954 2664 1024 patefecit,
2694 969 2900 1025 nosque
2930 953 3127 1010 alicubi
3156 953 3460 1008 notavimus
3486 952 3506 1023 (
3532 952 3811 1010 Dissertat.

2212 1049 2267 1105 in
2317 1048 2578 1114 Lactant,
2625 1064 2743 1117 cap.
2770 1047 2861 1111 21,
2894 1057 2996 1101 art.
3034 1047 3070 1101 2
3098 1046 3141 1118 ).
3191 1044 3378 1101 Nonne
3420 1060 3550 1116 ergo
3596 1045 3814 1103 illorum

2216 1142 2415 1212 potius,
2444 1154 2600 1210 quam
2643 1137 2799 1208 hujus
2829 1137 3197 1210 repugnantiis
3225 1136 3277 1192 id
3305 1135 3536 1191 adscribi
3567 1138 3819 1207 poterat?

2285 1229 2422 1301 Quid
2454 1245 2601 1296 vero,
2630 1231 2674 1286 si
2701 1229 2937 1298 Seneca,
2967 1239 3020 1286 et
3058 1231 3174 1302 ipse
3199 1229 3401 1285 stoicus
3422 1271 3438 1295 ,
3487 1229 3622 1285 hanc
3682 1246 3817 1287 eon-

2220 1324 2596 1380 tradictionem
2648 1322 2870 1378 tollendi
2921 1321 3075 1379 nobis
3114 1322 3378 1381 rationem
3432 1323 3706 1393 suggerit?
3737 1323 3813 1378 De

2221 1416 2332 1470 Deo
2359 1414 2621 1484 siquidem
2655 1412 2796 1467 hunc
2830 1413 2917 1469 ille
2942 1413 3160 1470 disserit
3182 1414 3234 1469 in
3269 1416 3486 1473 modum
3515 1435 3526 1472 :
3575 1415 3713 1483 Quid
3740 1423 3814 1470 est

2222 1508 2407 1563 Dens?
2458 1488 2603 1561 Mens
2650 1505 2907 1561 Unicersi.
2959 1505 3100 1571 Quid
3136 1517 3210 1561 est
3251 1506 3439 1566 Deus?
3483 1507 3633 1576 Quod
3680 1507 3818 1562 vides

2220 1608 2400 1663 totunt,
2433 1610 2477 1653 et
2505 1598 2643 1669 quod
2667 1614 2767 1652 non
2795 1597 2933 1652 vides
2962 1607 3143 1653 totum.
3178 1598 3267 1655 Sic
3287 1601 3492 1655 demum
3515 1599 3815 1671 magnitudo

2219 1712 2313 1749 sua
2352 1693 2429 1747 illi
2468 1692 2720 1757 redditur,
2752 1691 3010 1763 quonihil
3050 1693 3220 1760 majus
3249 1693 3527 1766 excogitari
3568 1700 3748 1763 potest,
3776 1692 3824 1748 si

2147 1792 2196 1855 Β
2223 1786 2361 1840 solus
2388 1794 2477 1838 est.
2515 1781 2703 1839 Omnia
2729 1799 2859 1853 opus
2885 1799 3034 1837 suum
3059 1794 3105 1837 et
3132 1784 3272 1838 intra
3298 1794 3344 1839 et
3369 1796 3515 1840 extra
3539 1793 3671 1840 tenet
3694 1782 3822 1852 (Sc-

2219 1895 2354 1945 nec.,
2381 1876 2588 1949 pracfat.
2616 1874 2704 1930 lib.
2738 1875 2759 1930 I
2785 1876 3007 1931 natural.
3041 1877 3259 1945 Quwst.,
3290 1897 3409 1951 pag.
3443 1879 3606 1950 795).
3634 1877 3822 1934 Nonne

2220 1968 2363 2023 enim
2420 1966 2501 2021 his
2546 1966 2726 2021 verbis
2770 1967 3041 2037 signitiCat
3090 1968 3255 2023 Deum
3304 1978 3361 2025 et
3402 1970 3539 2024 intra
3580 1978 3636 2023 et
3664 1979 3815 2035 extra

2218 2059 2478 2114 mundum
2503 2073 2652 2126 esse;
2684 2059 2805 2130 quia
2840 2059 2985 2114 omni
3013 2075 3179 2130 opere
3205 2076 3304 2117 suo
3333 2061 3505 2131 major
3529 2072 3609 2117 est
3630 2062 3653 2117 ?
3676 2066 3745 2117 At
3771 2063 3820 2118 si

2222 2152 2308 2207 illa
2356 2152 2452 2207 fuit
2480 2151 2771 2206 stoicorum
2804 2152 3007 2221 opinio,
3032 2151 3151 2206 diue
3180 2153 3394 2208 fuerunt
3427 2153 3667 2223 ejusdem
3702 2154 3819 2223 api-

2221 2244 2394 2299 nienis
2426 2250 2625 2313 partes.
2667 2242 2803 2311 Quid
2847 2257 2998 2314 ergo,
3024 2243 3066 2297 si
3110 2243 3473 2300 Tertullianus
3511 2244 3667 2300 unius
3697 2252 3816 2300 tan-

2220 2346 2331 2393 tunt
2376 2338 2544 2407 partis
2592 2330 2899 2392 memiuet‘ﬂ.
2924 2380 2938 2402 ,
2977 2344 3037 2391 ut
3061 2335 3277 2393 Stoicos
3323 2338 3616 2394 Platonicis
3651 2352 3819 2410 oppo-

2221 2436 2376 2485 neret
2402 2429 2427 2482 ’ἶ

2291 2520 2457 2592 Objici
2484 2531 2658 2576 tamen
2674 2529 2851 2593 potest
2863 2521 3000 2576 hanc
3019 2522 3261 2579 eamdem
3285 2522 3594 2594 opinionem
3609 2522 3677 2578 ab
3701 2524 3818 2593 ipso

2220 2613 2430 2671 Seneca
2460 2614 2618 2670 tribui
2646 2612 2959 2685 Epicureis,
2980 2630 3116 2686 quos
3145 2614 3345 2670 idcirco
3375 2615 3574 2671 acriter
3594 2616 3819 2686 corripit

2220 2718 2275 2763 et
2298 2707 2531 2778 exagitat
2562 2723 2575 2759 :
2607 2704 2709 2773 Tu,
2745 2704 3009 2778 Epicure,
3042 2706 3332 2775 inquiebat,
3370 2707 3535 2762 Deum
3576 2710 3818 2763 inermem

2221 2801 2441 2872 facis...
2482 2798 2743 2866 projecisti
2768 2816 2884 2853 eum
2911 2808 3055 2854 extra
3081 2800 3307 2869 utetum(
3339 2801 3428 2854 alii
3457 2800 3560 2872 legi
3593 2801 3813 2868 volunt,

2220 2905 2365 2948 extra
2402 2902 2587 2946 metam
2613 2895 2651 2963 ).
2692 2890 2848 2946 llnnc
2874 2893 3032 2962 igitur
3057 2903 3256 2962 septum
3285 2894 3479 2964 ingenti
3520 2893 3741 2965 quodam
3768 2900 3818 2948 el

2218 2984 2568 3056 inexplicabili
2595 3000 2765 3051 muro,
2792 2984 3107 3053 divisumque
3132 2983 3194 3038 de
3213 2994 3479 3037 contractu
3501 2994 3548 3039 et
3578 3001 3817 3054 conspec-

2221 3088 2274 3133 tu
2305 3078 2620 3142 mortalium,
2654 3094 2754 3132 non
2788 3077 2940 3132 habes
2965 3093 3121 3148 quare
3145 3079 3387 3132 verearis.
3420 3077 3582 3132 Nulla
3620 3078 3699 3132 illi
3723 3095 3814 3133 nec

518 3178 735 3248 penitus
763 3178 1167 3244 dissolveretur,
1197 3178 1493 3248 resumpsit
1518 3180 1637 3249 ejus
1664 3181 2110 3252 gubernaculum,
2140 3181 2195 3249 CI
2220 3171 2492 3239 tribuendi,
2518 3188 2608 3225 nec
2644 3170 2858 3226 nocendi
2885 3171 3096 3225 materia
3122 3180 3216 3225 est.
3246 3169 3313 3225 In
3349 3171 3514 3226 medio
3539 3171 3808 3226 intervallo

522 3270 706 3341 illique
732 3270 960 3326 Sollicite
989 3270 1248 3335 insidens,
1272 3270 1514 3341 ejusdem
1544 3272 1725 3327 mundi
1756 3282 1937 3343 partes
1960 3291 2118 3332 orna-

521 3364 567 3415 vi
582 3373 620 3427 t,
647 3370 701 3417 et
729 3363 1056 3417 moderatur.

593 3457 663 3510 At
717 3456 880 3512 Stoici
931 3466 1116 3512 contra
1162 3455 1298 3510 hanc
1332 3456 1756 3512 'Platonicorum
1808 3459 2115 3532 opinionem

523 3546 907 3616 praedicabant,
940 3548 1012 3600 uti
1044 3547 1118 3600 ait
1146 3544 1532 3613 Tertulliantts,
1555 3547 1723 3602 Deum
1749 3563 1871 3605 esse
1894 3552 2119 3619 positum

520 3645 664 3691 extra
712 3637 983 3703 mundum,
1027 3636 1113 3706 qui
1166 3636 1315 3707 ﬁguli
1363 3637 1515 3691 modo
1537 3639 1854 3695 extrinsecus
1890 3650 2119 3710 torqueat

521 3729 708 3785 molem
775 3733 907 3783 hanc
963 3728 1312 3799 (Tertullian.
1389 3730 1678 3800 Apologet.,
1737 3747 1855 3802 cap.
1922 3733 2016 3800 47,
2071 3746 2117 3790 et

524 3818 613 3874 lib.
670 3817 715 3874 Il
768 3819 836 3871 ad
885 3817 1125 3882 Nation.,
1181 3834 1296 3889 cap.
1353 3818 1458 3889 2).
1536 3819 1642 3875 Sed
1701 3836 1807 3874 non
1866 3823 2120 3882 minimus

522 3908 802 3964 dubitandi
841 3908 994 3963 locus
1047 3918 1129 3963 est
1160 3917 1335 3962 tttrum
1370 3907 1487 3965 hare
1538 3911 1651 3981 ipsa
1695 3909 1851 3967 fuerit
1908 3914 2118 3971 Stoico-

523 4018 639 4056 rum
696 4000 982 4055 seutentia.
1042 3998 1173 4053 Nam
1216 3998 1397 4054 Zenon
1458 4000 1671 4056 illorum
1710 4006 2113 4075 antesignanus,

523 4094 748 4164 ejusque
776 4093 1017 4158 asseclae,
1065 4092 1140 4147 uti
1169 4104 1234 4147 ex
1266 4091 1477 4147 Laertia
1511 4102 1565 4149 et
1592 4092 1878 4153 Plutarcho
1907 4096 2118 4155 discere

519 4195 623 4248 est,
657 4185 1055 4240 arbitrabantur
1093 4185 1256 4255 Deum
1304 4199 1424 4242 esse
1472 4194 1734 4255 mentem,
1779 4204 1900 4260 qua:
1938 4191 2117 4247 omnia

521 4277 784 4348 pertingat
805 4291 868 4329 ac
899 4285 1143 4347 penetret
1169 4275 1390 4347 (Laert.,
1421 4277 1511 4332 lib.
1542 4278 1650 4346 νη,
1674 4281 1730 4335 in
1760 4279 1864 4336 Vit.
1888 4280 2114 4351 Zenon.,

523 4370 552 4443 ᾗ
592 4369 691 4426 l38
716 4381 762 4423 et
790 4368 915 4427 M7;
972 4367 1237 4423 Plutarch.
1287 4369 1427 4425 lib.'I
1457 4370 1521 4425 de
1558 4371 1744 4427 Placit.
1798 4373 2115 4446 philosoph.,

518 4480 635 4534 cap.
657 4464 711 4530 7,
743 4480 860 4535 pag.
886 4458 993 4518 882
1017 4464 1054 4531 ).
1087 4461 1194 4517 Nos
1215 4464 1373 4518 etiam
1398 4464 1521 4519 alibi
1544 4464 1949 4523 observavimus
1978 4468 2116 4526 hanc

2224 3264 2378 3334 ltajas
2407 3273 2478 3316 est
2509 3263 2721 3317 alterius
2756 3261 2869 3316 ειυιὶ
2897 3261 3123 3316 desertus
3142 3304 3157 3327 ,
3186 3261 3295 3317 sine
3323 3261 3555 3329 animali,
3588 3262 3693 3317 sine
3722 3264 3816 3317 Ito-

2224 3356 2380 3418 mine,
2411 3356 2520 3410 sine
2547 3371 2619 3417 re,
2648 3354 2825 3408 ruinas
2867 3353 3192 3419 mandarunt,
3222 3370 3381 3424 supra
3418 3369 3471 3407 se
3502 3354 3737 3424 circaque
3763 3370 3817 3409 se

2221 3446 2506 3501 cadentium
2529 3445 2702 3510 evitat,
2728 3461 2830 3499 non
2870 3443 3149 3499 exaudiens
3184 3455 3317 3512 vota,
3342 3461 3433 3499 nec
3456 3446 3617 3500 nostri
3643 3447 3816 3500 curio-

2220 3557 2306 3594 sus
2335 3537 2537 3613 (Idem,
2565 3540 2655 3595 lib.
2689 3536 2754 3593 IV
2786 3538 2848 3592 de
2887 3536 3134 3608 Bene/ia,
3178 3554 3292 3607 cap.
3321 3537 3405 3604 l9,
3449 3556 3568 3609 pag.
3601 3537 3728 3609 79).
3758 3537 3816 3593 In

2222 3632 2450 3700 quadam
2499 3645 2712 3702 quaque
2755 3629 2979 3700 epistola
3025 3628 3273 3684 eumdem
3321 3629 3533 3684 illorum
3574 3645 3816 3686 errorem

2222 3725 2301 3778 sic
2328 3723 2578 3794 reprobat
2601 3738 2663 3777 ac
2685 3722 2973 3794 proscribit
3000 3741 3011 3776 :
3049 3719 3171 3776 Non
3204 3723 3268 3775 de
3302 3737 3360 3775 ea
3391 3722 3713 3791 philosophia
3736 3723 3819 3776 lo-

2220 3834 2368 3884 quor,
2398 3830 2511 3890 qua:
2544 3817 2697 3870 civem
2736 3824 2879 3870 extra
2912 3816 3130 3883 patriam
3173 3815 3358 3887 posuit,
3389 3824 3533 3869 extra
3563 3815 3813 3869 mtmdum

2221 3909 2360 3974 deos,
2383 3924 2496 3978 ante
2510 3908 2999 3978 virtutemvoluptati
3032 3906 3371 3979 dedir(ldem
3396 3906 3433 3961 l.
3462 3905 3682 3979 Epistol.
3717 3908 3812 3974 79,

2222 4018 2340 4073 pag.
2371 4001 2432 4054 Ἠ
2463 4000 2504 4069 ),
2552 3998 2888 4070 philosophia
2926 3999 3173 4054 videlicet
3213 3998 3483 4068 cpicurea.
3519 3988 3635 4053 Non
3666 3999 3813 4054 Stoi-

2219 4108 2403 4147 corum
2423 4106 2579 4162 ergo,
2600 4091 2693 4145 sed
2721 4091 3108 4161 Epicureorum
3140 4089 3278 4146 hanc
3294 4089 3477 4146 falsam
3504 4090 3817 4161 opinionem

2221 4186 2384 4241 fuisse
2414 4185 2750 4241 testiﬁcatur.

2291 4277 2480 4334 Nonne
2510 4286 2691 4333 autem
2718 4293 2785 4332 ex
2817 4276 2940 4344 hoc,
2971 4276 3174 4347 inquiet
3217 4275 3431 4347 aliquis,
3463 4277 3682 4333 Senecas
3704 4285 3816 4333 tes-

2221 4371 2444 4427 timonio
2497 4370 2743 4426 concludi
2800 4378 2995 4439 potest,
3024 4367 3417 4424 emendandum
3446 4382 3566 4424 esse
3604 4367 3821 4424 Tertul-

2217 4466 2341 4520 liani
2393 4475 2617 4529 textum,
2649 4474 2809 4535 atque
2854 4464 2905 4517 in
2947 4478 3012 4519 eo
3058 4461 3401 4517 scribendum
3439 4461 3682 4533 epicurei,
3715 4478 3815 4534 pro

518 4572 705 4611 revera
739 4556 902 4611 fuisse
932 4556 1142 4611 illorum
1187 4557 1517 4626 Opinionem.
1568 4562 1680 4627 Qua
1728 4575 1859 4632 ergo
1902 4564 2109 4620 ratione
2136 4558 2404 4645 nstoici?
2444 4558 2609 4614 Recte
2653 4556 2891 4628 quidem.
2942 4558 2989 4610 si
3039 4556 3166 4610 illud
3211 4555 3419 4610 ratione
3459 4556 3636 4623 aliqua
3684 4555 3814 4610 satis

516 4651 721 4704 Auctor
769 4659 952 4704 uoster
1001 4659 1108 4703 tam
1167 4660 1546 4705 assererauter
1593 4653 1865 4709 alirmare
1940 4656 2114 4726 potuit

514 4740 727 4798 Stoicos
778 4740 1029 4796 docuisse
1077 4740 1253 4795 Deum
1299 4742 1527 4811 positum
1573 4758 1692 4800 esse
1747 4745 1918 4800 instar
1966 4746 2113 4817 figuli

516 4842 666 4886 extra
695 4829 1008 4888 fabricatam
1040 4847 1069 4885 a
1095 4847 1155 4887 se
1184 4841 1349 4887 totam
1380 4832 1562 4889 mundi
1598 4836 1793 4891 molem
1822 4836 2013 4909 (Tom.
2053 4839 2092 4906 i,

513 4924 793 4993 Apparet,
839 4941 960 4995 pag.
1022 4923 1166 4990 780;
1223 4924 1366 4996 Lips.
1413 4925 1501 4980 lib.
1534 4926 1555 4980 Ι
1584 4925 1899 5002 Psycholog.
1942 4932 2109 5001 stoic.,

510 5017 768 5072 dissertet.
801 5017 891 5080 5|,
922 5034 1040 5088 pag.
1073 5017 1200 5079 565,
1233 5031 1355 5073 tom.
1392 5017 1513 5087 IV)?

585 5108 923 5164 Difﬂcultatis
950 5109 1107 5178 hujus
1134 5109 1332 5164 nodum
1354 5120 1498 5165 secat
1528 5112 1726 5182 potius,
1757 5129 1914 5184 quam
1948 5115 2110 5171 solvit

508 5200 742 5270 Lipsius.
779 5200 933 5257 Hand
985 5200 1297 5257 dubitanter
1346 5203 1542 5258 ctenim
1588 5202 1975 5262 Tertullianum
2033 5208 2117 5263 ibi

507 5292 686 5363 arguit
704 5293 925 5354 erroris,
950 5306 1058 5363 quo
1082 5292 1278 5349 Stoicis
1299 5293 1427 5349 illud
1448 5294 1651 5361 tribuit,
1672 5297 1899 5367 quodab
1927 5300 1990 5354 iis
2007 5316 2106 5357 nec

503 5385 746 5449 dictum,
790 5399 891 5441 nec
930 5387 1219 5457 cogitatum
1261 5387 1476 5457 quidem
1525 5386 1715 5442 fuerat.
1772 5389 1919 5447 Itane
1969 5408 2102 5449 vero

503 5478 707 5535 erravit
750 5477 1161 5534 Tertullianus?
1202 5477 1470 5549 Numquid
1527 5480 1841 5552 ignorabat,
1897 5494 1986 5539 aut
2032 5500 2099 5541 ex

500 5581 680 5625 mente
704 5570 847 5624 illius
874 5569 1166 5637 exciderat,
1195 5570 1337 5640 quod
1368 5569 1533 5626 Stoici
1565 5570 1635 5627 de
1667 5583 1847 5629 mettle
1892 5573 2094 5641 divina,

496 5661 757 5717 mundum
780 5663 1085 5717 universum
1113 5661 1455 5731 pervadente,
1485 5663 1854 5720 tradiderant?
1880 5666 2096 5724 Minime

485 5751 723 5820 quidem.
770 5754 905 5808 Nam
946 5754 1051 5809 alio
1107 5756 1158 5809 in
1211 5756 1348 5809 libro
1380 5756 1492 5812 lucc
1522 5757 1734 5827 scriptis
1770 5758 2042 5816 mandavit
2075 5777 2088 5816 :

2219 4650 2403 4720 utique
2430 4650 2599 4704 valida
2645 4649 2923 4719 probetur.
2975 4649 3039 4701 At
3089 4655 3235 4702 certe
3286 4661 3390 4701 non
3424 4661 3526 4701 una
3559 4645 3654 4701 fuit
3682 4646 3816 4701 stoi-

2218 4757 2402 4797 corum
2449 4741 2516 4797 de
2545 4740 2653 4796 Ben
2680 4740 2944 4795 sententia
2970 4782 2986 4808 ,
3026 4738 3121 4794 sed
3167 4738 3426 4803 maxima,
3456 4739 3531 4792 uti
3558 4738 3811 4807 diximus,

2226 4833 2541 4904 opinionum
2576 4832 2828 4887 varietas.
2860 4830 2915 4887 Si
2939 4832 3026 4902 qui
3059 4841 3236 4886 autem
3264 4847 3328 4887 ex
3358 4830 3484 4898 illis,
3514 4833 3591 4886 uti
3624 4829 3816 4901 prosla-

2218 4938 2301 4984 tus
2333 4929 2575 4993 Seneca,
2611 4926 2782 4981 Deum
2830 4925 3009 4995 aliquo
3060 4925 3222 4979 modo
3268 4933 3417 4980 extra
3460 4924 3643 4979 mundi
3677 4923 3813 4981 lines

2219 5022 2450 5091 positum
2497 5019 2934 5080 somniaveram,
2968 5016 3107 5071 illud
3125 5016 3457 5071 Tertulliano
3488 5016 3617 5070 satis
3643 5014 3811 5071 fuisse

2212 5112 2331 5182 quis
2382 5124 2617 5179 unquam
2680 5107 3041 5163 inticiabitur?
3084 5107 3264 5162 Potuit
3326 5107 3469 5162 enim
3497 5106 3805 5177 Epicureis,

2210 5219 2346 5274 quos
2387 5202 2584 5258 ethnici
2633 5203 3077 5270 aspernabantur,
3111 5200 3327 5256 omissis
3356 5241 3372 5268 ,
3406 5198 3707 5255 Stoicorum
3738 5198 3812 5254 fa-

2208 5310 2332 5351 cere
2385 5295 2732 5349 mentionem.
2779 5291 3551 5363 Verumtamen,quotcumque
3576 5292 3809 5363 genuina

2205 5391 2276 5444 sit
2301 5388 2621 5444 Tertulliani
2652 5386 2835 5450 lectio,
2866 5385 3007 5441 idem
3037 5386 3141 5441 erit
3170 5385 3653 5456 argumentationis
3690 5384 3810 5455 ejus

2206 5481 2413 5551 pondus
2433 5496 2496 5536 ac
2522 5480 2705 5536 robur.
2729 5478 2859 5533 Nam
2896 5493 2962 5533 es
3001 5493 3086 5542 ea.
3150 5488 3205 5534 et
3252 5478 3335 5533 bis
3382 5477 3633 5533 omnibus
3691 5491 3811 5547 quas

2205 5574 2463 5629 hactenus
2487 5573 2751 5643 disputata
2777 5579 2923 5638 sunt,
2953 5570 3123 5625 euiris
3148 5569 3355 5641 liquido
3382 5569 3611 5640 patebit,
3645 5582 3810 5638 quam

2201 5667 2394 5723 merito
2418 5668 2538 5735 jure
2566 5665 2658 5722 ille
2686 5673 2971 5721 assereret
2997 5673 3102 5720 tam
3134 5662 3353 5720 difficile
3381 5664 3546 5719 fuisse
3572 5661 3811 5734 philoso-

2197 5761 2320 5834 phis
2347 5762 2593 5818 erunibus
2620 5768 2880 5828 naturam,
2908 5760 3217 5831 qualitatem
3256 5768 3310 5816 et
3345 5756 3528 5816 sedem
3556 5757 3647 5813 Dei
3668 5754 3814 5813 desi-
