4240 6262
366 313 471 375 821

1512 308 1964 368 DISSEBTATIO
2004 310 2074 369 D.
2112 310 2201 370 LE
2236 312 2543 372 NOURRY.

3570 324 3682 382 822

368 447 558 506 gnare,
579 444 738 505 quam
762 430 815 489 id
841 431 926 490 vel
950 430 1148 489 inﬁma:
1175 430 1337 489 sortis
1351 429 1646 489 christiano
1668 439 1974 505 promptum
2001 434 2057 495 Α
2080 440 2127 487 et
2154 449 2271 504 cap.
2300 431 2367 488 21
2394 430 2436 506 ).
2503 432 2660 503 Quod
2704 432 2921 506 quidem
2959 435 3028 491 ab
3080 449 3145 492 eo
3197 437 3487 509 repetitum
3520 478 3535 507 ,
3561 448 3618 495 ct
3642 444 3701 496 a‘

368 525 634 599 facileque
656 524 778 582 fuit.

388 682 391 685 λ
440 618 640 675 Verum
668 618 795 675 illud
825 618 1003 675 adhuc
1030 618 1356 675 auctoritate
1385 615 1736 674 conﬁrmatur
1783 615 1966 671 Plato-

368 711 474 778 nis,
504 710 714 767 illorum
746 712 987 768 omnium
1028 711 1183 769 facile
1229 710 1508 782 principis,
1533 711 1647 782 qui,
1682 710 1822 766 sicut
1852 708 1969 780 ipse

371 804 731 885 Tertullianus
769 815 1037 862 memorat
1077 820 1279 876 nosque
1323 805 1462 869 haud
1510 803 1676 860 semel
1718 803 1964 859 animad-

368 900 651 968 vertimus,
680 901 854 972 palam
883 900 1156 971 professus
1177 909 1296 966 est,
1325 899 1663 969 factitatorem
1712 898 1963 953 universi-

373 994 491 1048 tatis
516 1008 677 1065 neque
728 994 946 1049 inueniri
988 992 1215 1063 facilem,
1241 1003 1288 1048 et
1336 993 1599 1048 inventum
1634 992 1867 1047 enarrari
1910 992 1964 1047 in

369 1102 542 1141 onmes
612 1085 866 1159 difﬁcilem
917 1084 1277 1158 (Tertullian.
1354 1085 1648 1158 Apologet.,
1699 1100 1815 1156 cap.
1876 1085 1960 1153 16,

368 1178 510 1235 Plat.
537 1178 670 1235 Tim.
699 1197 821 1253 pag.
844 1179 915 1237 28
940 1182 979 1249 ).
1007 1178 1368 1255 Quamobrem
1401 1188 1694 1235 sectatores
1718 1176 1855 1248 ejus,
1884 1176 1963 1232 uti

364 1271 471 1328 alio
500 1273 553 1328 in
586 1272 724 1329 libro
749 1275 826 1328 ait
852 1275 1050 1328 Auctor
1077 1254 1283 1340 noster,
1318 1272 1486 1339 illum,
1514 1288 1664 1343 quem
1694 1288 1795 1325 non
1818 1271 1964 1343 peni-

364 1372 446 1417 tus
476 1363 821 1432 admiserant,
859 1380 1017 1436 neque
1044 1379 1192 1419 nosse
1231 1373 1505 1433 potuerunt
1533 1404 1546 1431 ,
1576 1379 1735 1433 neque
1765 1363 1958 1427 timere,

361 1470 452 1509 nec
472 1456 594 1510 inde
612 1471 811 1527 sapere,
836 1454 1177 1510 exorbitantes
1202 1455 1393 1509 scilicet
1419 1454 1481 1508 ab
1504 1454 1653 1508 initio
1672 1453 1956 1525 sapientior,

360 1544 416 1598 id
444 1553 546 1611 est,
592 1555 728 1601 metu
768 1546 822 1600 in
861 1545 1023 1600 Deum
1063 1545 1251 1617 (Tom.
1284 1544 1307 1600 Ι
1353 1544 1630 1616 Apparat.,
1665 1561 1782 1617 pag.
1829 1544 1957 1611 948;

357 1635 633 1692 Dissertat.
676 1640 729 1692 in
777 1637 967 1693 Minut.
1002 1638 1204 1706 0ctau.,
1232 1650 1348 1709 cap.
1389 1639 1443 1703 ιι,
1468 1649 1568 1692 art.
1592 1636 1688 1711 2).
1726 1637 1961 1705 Quilibet

358 1744 492 1786 vero
517 1729 844 1786 christianus
870 1724 1358 1794 illum-inveniuet
1386 1729 1596 1801 quodin
1629 1729 1735 1784 Deo
1772 1731 1960 1800 quieri-

2074 522 2297 581 Miuutio
2360 523 2571 592 Felice,
2623 534 2684 582 ut
2734 525 2863 583 alibi
2911 527 3431 598 animadvertimus,
3499 539 3676 588 trans«

2071 619 2301 690 criptum
2351 628 2435 676 est
2482 620 2795 693 (Dissertat.
2852 623 2906 676 in
2929 621 3118 677 Minut.
3172 622 3375 690 Oetam,
3426 640 3543 695 cap.
3593 624 3668 693 2,

2071 721 2171 767 art.
2204 713 2238 768 5
2266 711 2309 783 ).
2337 710 2444 769 Sed
2474 716 2618 785 quod
2638 714 2707 770 de
2727 715 2832 770 hoc
2864 713 2957 771 Dei
2985 715 3152 772 verbo
3178 715 3545 775 Tertullianus
3566 718 3687 775 do-‘

2070 812 2174 872 cet,
2198 804 2333 876 jam,
2358 805 2401 862 si
2427 807 2626 877 placet,
2654 807 2939 880 diligenter
2962 809 3349 880 expendamus.

2665 942 2893 999 CAPUT
2936 941 3069 997 VIII.

2556 1084 2637 1140 De
2663 1084 2850 1140 Christi
2877 1085 3154 1139 divinitate.

2596 1214 2889 1255 ARTICULUS
2916 1215 3130 1255 Ριιιυυε.

2066 1313 2145 1371 De
2173 1317 2328 1371 uariis
2356 1314 2483 1372 Filii
2508 1316 2607 1372 Dei
2630 1317 2938 1384 nominibus,
2971 1332 3031 1371 ac
3051 1332 3205 1387 quam
3240 1295 3518 1371 luculénter
3540 1316 3665 1371 Ter-

2138 1409 2386 1465 tullianus
2432 1410 2612 1465 doceat
2663 1411 2768 1465 neri
2820 1411 3102 1483 summique
3153 1410 3247 1465 Dei
3297 1412 3541 1465 attributa
3591 1412 3672 1466 illi

2135 1502 2419 1568 conuenire,
2452 1518 2664 1573 eumque
2689 1519 2848 1556 unum
2885 1512 2932 1557 et
2974 1511 3219 1557 aeternum
3248 1519 3364 1557 cum
3396 1501 3553 1558 Patre
3576 1518 3670 1558 suo

2137 1609 2243 1647 esse
2263 1592 2452 1648 Deum.

2135 1730 2273 1798 Quid
2293 1731 2364 1786 sit
2384 1729 3111 1800 Verbum,Ratio,Sermo,et
3133 1730 3302 1787 Filius
3330 1732 3507 1799 Dei,ut
3530 1733 3655 1790 Ter-

362 1831 461 1887 tur,
490 1837 547 1875 re
571 1837 771 1892 quoque
798 1821 1035 1893 adsignat
1053 1821 1406 1894 (Tertullian.,
1432 1820 1522 1877 lib.
1549 1820 1592 1876 ll
1613 1822 1681 1876 ad
1713 1821 1955 1891 Nation.,
1989 1833 2038 1894 Β
2068 1826 2322 1882 tullianus
2350 1826 2601 1882 omnibus
2631 1825 2931 1897 patefaciat,
2957 1825 3167 1881 duobus
3190 1825 3367 1881 modis
3393 1834 3449 1882 et
3471 1826 3657 1893 Deum,

362 1912 623 1986 cap.2)?
660 1912 833 1983 ipsum
889 1914 1139 1969 videlicet
1187 1928 1309 1969 esse
1371 1929 1566 1979 unum,
1621 1915 1958 1985 omnipoten-

363 2014 494 2074 tem,
523 2005 817 2071 inﬁnitum,
853 2007 1037 2061 mundi
1066 2015 1393 2073 creatorem,
1423 2016 1478 2062 et
1530 2022 1636 2077 quo
1683 2008 1812 2062 nihil
1847 2024 1960 2063 ma-

360 2097 447 2169 jus
506 2097 807 2168 meliusque
849 2099 1140 2171 excogitari
1206 2108 1402 2170 potest.
1448 2099 1787 2171 Quapropter
1837 2115 1958 2155 eum

269 2214 285 2227 ο
362 2188 531 2254 timet,
562 2197 615 2245 et
644 2188 802 2261 longe
829 2189 999 2261 magis
1028 2190 1190 2262 sapit,
1214 2206 1371 2262 quam
1401 2190 1453 2246 hi
1480 2192 1694 2248 caeteris
1725 2191 1961 2263 philoso-

363 2282 482 2354 phis
508 2283 884 2354 sapientiores.

433 2373 672 2445 Denique
700 2390 807 2430 non
834 2375 1110 2430 minimam
1139 2376 1317 2431 adhuc
1354 2392 1415 2432 ea
1446 2375 1765 2432 Tertulliani
1792 2376 1956 2432 verba

364 2463 565 2521 habent
599 2466 990 2535 difﬁcultatem,
1022 2467 1217 2537 quibus
1244 2468 1388 2524 aliud
1419 2470 1863 2540 philosophorum
1892 2470 1961 2527 de

364 2558 477 2613 Deo
519 2561 702 2615 mundi
749 2571 995 2616 creatore
1035 2560 1314 2616 dissidium
1346 2562 1549 2617 notarit
1576 2580 1589 2615 :
1621 2561 1810 2617 Totum
1836 2606 1851 2631 ,
1882 2564 1961 2619 in-

363 2654 497 2723 quit,
528 2653 623 2707 hoc
646 2654 823 2709 mundi
843 2671 1047 2726 corpus,
1069 2655 1172 2710 sive
1190 2656 1423 2710 innatant
1442 2667 1488 2710 et
1512 2658 1758 2729 infectum
1783 2674 1962 2713 secun-

365 2744 484 2798 dum
514 2744 888 2818 Pythagoram,
920 2747 1024 2801 sive
1047 2756 1224 2801 natum
1248 2758 1293 2802 et
1321 2750 1513 2819 factum
1535 2749 1813 2805 secundum
1837 2750 1963 2805 Pla-

364 2846 529 2893 tonem
562 2840 579 2908 (
608 2837 909 2893 Tertullian.
934 2838 1223 2911 Apologet.,
1252 2856 1369 2911 cap.
1402 2841 1488 2907 11,
1519 2859 1573 2911 p.
1600 2841 1751 2913 552).
1784 2842 1955 2910 Quam

364 2931 504 2987 enim
528 2941 736 2987 certum
756 2942 841 2988 est
867 2932 1006 2988 hanc
1026 2932 1096 2988 de
1119 2933 1321 2989 mundo
1338 2942 1526 2990 creato
1548 2935 1734 3003 fuisse,
1759 2947 1816 2992 ut
1836 2937 1962 2994 alibi

365 3026 720 3094 ostendimus,
756 3025 995 3081 Platonis
1018 3022 1351 3095 Opinionem,
1384 3036 1488 3082 tam
1516 3028 1710 3085 falsum
1747 3031 1961 3087 videtur

364 3117 721 3191 Pythagoram
791 3119 1041 3176 docuisse
1090 3120 1234 3175 illum
1306 3121 1546 3178 innatum
1603 3134 1658 3179 et
1700 3125 1953 3180 inlectum

2063 1931 2117 1976 et
2145 1919 2378 1976 Verbum
2419 1920 2510 1975 Dei
2539 1919 2735 1975 Filium
2760 1919 3092 1975 considerari
3118 1934 3273 1989 posse
3293 1918 3666 1975 ἀοοοιίΑιιιὺο

2061 2012 2215 2069 enim-
2236 2012 2471 2083 Spectari
2508 2020 2731 2082 possunt
2758 2022 3044 2081 antequam
3083 2012 3196 2081 ipse
3235 2011 3376 2066 Deus
3405 2011 3662 2067 mundum

2062 2103 2143 2159 vel
2175 2112 2475 2158 creaturam
2510 2102 2669 2156 ullam
2702 2101 3026 2167 condiderit,
3059 2102 3145 2157 vel
3174 2102 3388 2173 quando
3435 2101 3666 2158 mundus

2062 2197 2130 2250 ab
2157 2209 2223 2250 eo
2252 2203 2465 2249 creatus
2486 2201 2587 2249 est.
2618 2194 2695 2248 De
2725 2201 2954 2263 utroque
2981 2202 3159 2248 autem
3177 2202 3303 2247 ante
3330 2190 3663 2248 creationem

2063 2287 2246 2342 mundi
2297 2286 2400 2341 bne
2445 2296 2694 2357 tanquam
2753 2286 3119 2341 certissimum
3167 2284 3485 2341 constituit:
3535 2285 3665 2340 Ante

2064 2380 2235 2435 omnia
2271 2378 2413 2434 Deus
2455 2388 2567 2433 erat
2600 2377 2761 2446 solus,
2789 2382 2901 2449 ipse
2935 2379 3029 2433 sibi
3070 2378 3310 2446 mundus,
3343 2387 3389 2433 et
3425 2378 3586 2446 locus,
3618 2388 3667 2434 et

2063 2471 2255 2547 om_nia.
2287 2471 2444 2528 Solus
2462 2479 2655 2537 autem,
2683 2472 2805 2543 quia
2827 2472 2955 2525 nihil
2978 2471 3123 2526 aliud
3151 2473 3460 2528 extrinsecus
3482 2483 3666 2543 prteter

2061 2566 2228 2621 illum.
2254 2565 2505 2620 Caeterum
2520 2580 2582 2619 ne
2607 2575 2724 2618 tunc
2748 2564 2951 2635 quidem
2979 2564 3156 2630 solus;
3183 2562 3393 2618 ltabebat
3421 2566 3556 2619 enim
3580 2581 3664 2618 se-

2063 2672 2198 2727 cum,
2221 2676 2374 2729 quam
2397 2658 2609 2712 habebat
2634 2658 2687 2712 in
2704 2642 2993 2729 semetipso,
3015 2659 3267 2712 rationem
3289 2673 3433 2711 suam
3448 2658 3661 2712 scilicet.

2064 2753 2376 2821 Rationalis,
2401 2764 2445 2807 et
2471 2753 2604 2807 ratio
2633 2753 2685 2806 in
2710 2753 2822 2823 ipso
2864 2753 3026 2821 prius,
3052 2762 3097 2805 et
3119 2753 3193 2805 ita
3228 2752 3291 2805 ab
3312 2753 3422 2822 ipso
3467 2754 3659 2808 omnia.

2068 2848 2197 2916 Qua:
2220 2848 2351 2903 ratio
2375 2863 2554 2902 sensus
2578 2847 2740 2916 ipsius
2763 2854 2852 2900 est.
2890 2844 3040 2898 Hanc
3070 2844 3235 2901 (ἐνωσὶ
3263 2849 3393 2917 λόγον
3438 2846 3614 2902 dicunt
3642 2889 3660 2916 ,

2064 2959 2165 3013 quo
2189 2942 2432 2997 uocabulo
2461 2941 2614 2995 etiam
2639 2954 2918 2994 sermonem
2943 2938 3280 3007 appellamus.
3309 2938 3537 3010 Ideoque
3548 2941 3664 3011 jam

2064 3034 2119 3089 in
2150 3050 2249 3089 usu
2285 3044 2358 3087 est
2396 3042 2682 3087 nostrorum
2714 3047 2803 3101 per
2829 3031 3204 3101 simplicitatem
3234 3033 3667 3103 interpretationis

2065 3139 2345 3178 sermonem
2381 3122 2547 3176 dicere
2572 3121 2627 3175 in
2670 3120 2948 3191 primordio
2972 3121 3115 3191 apud
3136 3119 3303 3174 Deum
3343 3122 3516 3193 fuisse,
3548 3139 3667 3176 cum

363 3210 551 3268 fuisse.
580 3211 712 3266 Nam
748 3212 944 3268 ibidem
997 3210 1401 3268 observavimus
1430 3230 1459 3267 a
1491 3214 1768 3270 Lactantio
1793 3214 1952 3271 adﬁr-
1987 3222 2032 3284 ρ
2067 3218 2232 3288 magis
2256 3216 2507 3270 rationem
2536 3198 2786 3284 competat
2809 3214 3145 3284 antiquiorem
3173 3214 3383 3278 haberi;
3417 3217 3537 3284 quia
3563 3231 3666 3268 non

365 3313 512 3358 mate
548 3305 881 3374 pronuntiari
926 3321 1120 3363 omnes
1149 3306 1217 3362 ad
1260 3307 1551 3378 Epicurum
1581 3307 1956 3379 phiIOSOphos,

369 3411 434 3452 ac
475 3397 786 3452 nominatim
838 3398 1253 3472 Pythagoricos,
1301 3409 1612 3457 constanter
1652 3403 1961 3459 adseruisse

368 3488 633 3544 mundum
657 3505 777 3545 esse
802 3489 997 3547 factum
1028 3502 1082 3549 et
1108 3495 1389 3565 creatum(
1421 3492 1697 3549 Dissertat.
1734 3496 1789 3550 in
1831 3495 1962 3550 Lac-

372 3589 528 3645 tant.,
550 3596 666 3652 cap.
696 3583 787 3649 21,
812 3592 909 3637 art.
939 3583 976 3637 2
994 3584 1038 3657 ).
1088 3585 1227 3653 Quin
1255 3586 1416 3641 etiam
1451 3586 1767 3643 Plutarchus
1792 3587 1964 3643 discr-

375 3674 583 3730 tissime
631 3675 870 3733 declarat
916 3678 1163 3734 eamdem
1211 3679 1376 3735 fuisse
1434 3679 1750 3752 Pythagora
1801 3690 1964 3752 atque

368 3765 612 3823 Platonis
634 3782 697 3824 ea
725 3768 793 3824 de
814 3784 875 3824 re
900 3771 1246 3825 sententiam.
1283 3771 1361 3826 En
1402 3787 1575 3843 grteca
1610 3772 1727 3843 ejus
1757 3774 1916 3830 verba
1947 3791 1961 3829 :

369 3864 639 3934 Πυθιγόρεις
657 3866 739 3917 uti
754 3871 948 3921 Πλάτων
957 3875 1145 3936 γενητὸν
1160 3871 1249 3920 ὑπὸ
1262 3872 1382 3921 Θεοῦ
1397 3876 1476 3924 τὸν
1495 3869 1679 3936 κόσμθν.
1700 3866 1747 3921 Ρ
1750 3868 1937 3940 ythago
1948 3897 1965 3909 -

370 3972 454 4009 ras
480 3965 524 4009 et
558 3954 711 4010 Plato
733 3956 981 4010 mundum
1001 3973 1031 4009 a
1053 3954 1161 4010 Deo
1192 3957 1381 4027 factum
1406 3958 1643 4013 arbitrati
1667 3970 1785 4013 sunt
1809 3956 1965 4032 (Pilu-

372 4054 521 4110 tarc.,
556 4045 646 4102 lib.
671 4045 716 4101 II
764 4047 828 4101 de
858 4045 1029 4100 Placi.
1065 4048 1344 4118 pltilosOp.,
1380 4064 1497 4118 cap.
1529 4050 1583 4110 4,
1617 4066 1738 4121 pag.
1785 4048 1962 4124 886

372 4133 507 4203 Quid
534 4137 707 4209 ergo?
735 4136 1022 4194 Erravitne
1048 4138 1227 4193 adhuc
1257 4138 1642 4208 Tertullianus,
1675 4156 1739 4197 ac
1764 4157 1966 4198 nomen

373 4228 692 4300 Pythagorae
745 4247 842 4301 pro
877 4230 987 4285 alio
1016 4230 1089 4285 ibi
1122 4230 1256 4301 ipse,
1286 4231 1374 4286 vel
1404 4231 1653 4289 librarius
1684 4235 1967 4306 scripsisse

373 4321 629 4378 dicendus
660 4322 778 4378 est?
803 4321 1067 4393 Numquid
1097 4324 1295 4393 potius,
1327 4324 1450 4395 quia
1479 4325 1811 4397 Celebrisjhic
1851 4326 1969 4394 phi-

372 4415 626 4486 1050phus
650 4415 716 4471 ab
745 4414 935 4471 eodem
966 4415 1288 4481 Plutarcho,
1318 4415 1563 4483 Laertio,
1599 4417 1965 4487 Theodoreto,

375 4518 430 4564 et
474 4508 595 4564 aliis
649 4509 897 4565 docuisse
948 4509 1263 4579 perhibetur
1300 4508 1560 4564 unitatem
1611 4524 1732 4565 esse
1785 4526 1966 4566 rerum

2063 3309 2415 3366 sermonalisa
2451 3308 2721 3379 principio,
2768 3309 2856 3362 sed
2875 3307 3142 3363 rationalis
3174 3305 3317 3362 Deus
3353 3309 3504 3363 etiam
3549 3318 3666 3363 ante

2064 3406 2408 3477 principium,
2448 3412 2492 3458 et
2520 3404 2640 3474 quia
2670 3404 2778 3473 ipse
2815 3417 3016 3473 quoque
3053 3417 3218 3457 sermo
3248 3403 3444 3457 ratione
3489 3404 3663 3457 consi-

2064 3507 2221 3566 stens,
2243 3496 2460 3568 priorem
2491 3510 2625 3563 eam,
2644 3503 2700 3548 ut
2718 3493 3055 3549 substantiam
3082 3509 3250 3561 suam,
3279 3496 3532 3548 ostendat.
3564 3493 3666 3547 Ta-

2066 3605 2179 3644 men
2207 3602 2254 3643 et
2288 3589 2380 3651 sic,
2404 3588 2533 3642 nihil
2563 3588 2789 3641 interest.
2821 3585 2962 3640 Nam
2991 3594 3039 3640 et
3064 3588 3108 3641 si
3136 3585 3273 3641 Deus
3302 3587 3530 3641 nondum
3561 3602 3669 3641 ser-

2066 3698 2264 3737 manem
2284 3698 2435 3737 suum
2454 3682 2681 3745 miserat,
2713 3680 2930 3752 proinde
2957 3696 3073 3735 eum
3102 3696 3218 3735 cum
3241 3680 3356 3753 ipsa
3385 3689 3433 3734 et
3458 3680 3510 3733 in
3550 3680 3666 3751 ipsa

2067 3778 2265 3833 ratione
2291 3778 2425 3830 intra
2462 3776 2787 3847 semetipsum
2812 3774 3043 3841 habebat,
3104 3774 3254 3828 tacite
3296 3773 3586 3845 cogitando,
3620 3781 3668 3827 et

2067 3872 2383 3942 disponendo
2412 3886 2598 3936 secum,
2634 3884 2747 3940 qua:
2771 3884 2860 3939 per
2881 3883 3161 3922 sermonem
3200 3882 3319 3921 mea:
3355 3876 3463 3921 erat
3504 3866 3668 3920 dictu-

2067 3980 2175 4019 rus.
2200 3963 2326 4019 Cum
2378 3962 2576 4017 ratione
2615 3962 2749 4016 enim
2775 3976 2870 4015 sua
2898 3960 3147 4032 cogitans,
3180 3970 3331 4030 atque
3362 3960 3665 4030 disponens,

2068 4070 2345 4110 sermonem
2402 4070 2517 4108 eam
2570 4052 2821 4123 efﬁciebat
2845 4093 2860 4116 ,
2910 4067 3064 4117 quam
3132 4065 3363 4105 sermone
3416 4050 3665 4104 tractabat

2069 4147 2425 4221 (Tertullian.
2478 4145 2566 4200 lib.
2626 4144 2744 4198 adu.
2802 4142 2992 4206 Ρναω..
3044 4158 3162 4211 cap.
3220 4142 3314 4212 5).
3389 4142 3513 4197 Haec
3558 4157 3659 4196 au-

2071 4250 2202 4308 tem,
2231 4240 2334 4297 etsi
2364 4239 2524 4311 paulo
2572 4238 2832 4309 longiora,
2864 4234 3064 4290 ideirco
3108 4234 3311 4306 integra
3339 4234 3619 4290 retulimus
3642 4272 3658 4298 ,

2074 4334 2197 4403 quia
2248 4332 2427 4387 omnia
2471 4329 2727 4401 singulari
2765 4326 3061 4383 attentione
3121 4334 3176 4382 et
3216 4327 3465 4383 examine
3505 4326 3667 4397 digna

2072 4435 2216 4482 sunt.

2144 4516 2325 4571 Primo
2363 4515 2542 4584 itaque
2585 4511 2823 4568 declarat
2862 4510 3031 4567 Deum
3059 4519 3184 4567 ante
3224 4509 3581 4581 principium,
3612 4506 3668 4561 id

376 4606 618 4659 omnium
668 4606 1015 4677 principium,
1045 4615 1204 4677 atque
1234 4622 1299 4662 ex
1338 4608 1577 4662 numeris
1617 4606 1797 4662 omnia
1830 4607 1968 4674 ﬁeri,
1994 4616 2051 4678 ])
2076 4618 2178 4674 est,
2201 4607 2268 4663 ab
2286 4605 2432 4661 omni
2460 4604 2780 4670 aeternitate,
2809 4618 2871 4658 ac
2900 4602 3097 4673 poinde
3122 4609 3410 4672 antequam
3435 4596 3668 4655 mundus
3722 4654 3727 4657 .

377 4699 506 4755 inde
549 4700 751 4756 Auctor
790 4711 973 4758 noster
1014 4700 1204 4757 conﬁci
1250 4716 1410 4771 posse
1449 4702 1656 4771 putavit
1687 4702 1967 4768 mundum,

375 4792 514 4847 sit-nt
545 4794 796 4849 unitatem
846 4805 899 4849 et
923 4809 1197 4862 numeros,
1230 4809 1326 4849 nec
1346 4803 1523 4861 ortum
1550 4792 1713 4849 fuisse
1740 4811 1839 4850 nec
1867 4794 1975 4851 fac-

378 4894 489 4940 tum
531 4883 719 4956 (Idem
762 4886 909 4953 ibid.,
972 4885 1060 4940 lib.
1100 4884 1178 4951 Il,
1228 4902 1343 4954 cap.
1381 4887 1433 4942 5.
1487 4884 1656 4940 Laert.
1716 4884 1806 4941 lib.
1833 4885 1970 4954 VIII,

382 4978 411 5051 ᾗ
441 4978 547 5044 25;
576 4977 883 5033 Theodoret.
912 4995 1063 5034 serm.
1108 4977 1145 5032 2
1182 4978 1245 5031 de
1292 4977 1544 5048 principio
1578 5018 1593 5044 ,
1645 4994 1767 5048 pag.
1798 4976 1975 5051 489)?

379 5072 487 5129 Sed
513 5074 556 5127 si
586 5073 663 5127 ira
694 5087 781 5129 res
810 5087 870 5127 se
898 5071 1113 5138 habeat,
1140 5070 1289 5126 citati
1312 5070 1343 5126 a
1370 5070 1523 5127 nobis
1548 5080 1798 5127 auctores
1826 5087 1977 5127 erro-

380 5165 455 5220 ris
484 5166 669 5236 procul
693 5163 861 5219 dubio
881 5163 1291 5220 convincentur.
1316 5161 1586 5235 Numquid
1603 5163 1762 5236 igitur
1782 5167 1977 5235 proba-

380 5257 543 5314 bilius
572 5258 676 5314 tliei
706 5266 885 5329 potest
914 5256 1276 5329 Pythagoram
1306 5256 1604 5312 errantium
1632 5271 1783 5312 more
1805 5257 1857 5313 in
1889 5272 1984 5313 ea.

381 5351 505 5408 dem
546 5367 651 5408 non
693 5352 1061 5424 permansisse
1102 5351 1411 5407 sententia?
1442 5350 1567 5406 Πςρο
1592 5351 1754 5407 velim
1779 5365 1981 5422 expen-

381 5445 499 5513 das,
529 5454 577 5501 et
609 5445 946 5517 pronunties.
1317 5447 1331 5459 '

455 5536 623 5595 Multo
672 5540 854 5611 itaque
902 5537 1089 5594 verius
1132 5537 1439 5609 certiusque
1488 5535 1617 5592 illud
1673 5544 1787 5603 est,
1839 5536 1982 5608 quod

383 5614 587 5688 Auctor
611 5641 797 5689 noeter
815 5630 1052 5696 tradidit,
1085 5630 1342 5687 mundum
1369 5644 1435 5685 ex
1459 5628 1625 5684 nihilo
1650 5629 1682 5683 ὲ
1706 5629 1815 5684 Deo
1842 5645 1985 5686 crea-

386 5736 526 5790 tum,
572 5727 720 5781 verba
772 5742 873 5798 quo
919 5726 1108 5801 jussit;
1160 5724 1356 5779 ratione
1412 5738 1515 5794 qua
1561 5720 1848 5793 disposuit,
1882 5723 1977 5778 vir-

386 5825 492 5874 tute
532 5835 632 5890 qua
686 5819 848 5892 potuit
917 5818 1272 5893 (Tertullian.
1349 5814 1618 5894 Apologet.
1651 5857 1666 5887 ,
1717 5831 1834 5890 cap.
1891 5816 1982 5887 17,

2077 4707 2374 4766 crearetur,
2408 4695 2570 4751 inisse
2597 4704 2650 4749 et
2676 4694 2849 4750 solum
2876 4702 2932 4750 et
2957 4709 3065 4749 non
3096 4692 3292 4748 solum.
3319 4692 3457 4746 Ante
3482 4689 3669 4745 mundi

2077 4790 2275 4862 quippe
2301 4787 2627 4844 creationem
2654 4785 2802 4841 solus
2830 4793 2967 4852 erat,
2996 4785 3104 4855 ipse
3132 4783 3226 4839 sibi
3258 4783 3501 4850 mundus,
3527 4783 3667 4836 locus

2080 4892 2125 4938 et
2153 4881 2361 4946 omnia;
2386 4878 2509 4951 quia
2552 4879 2681 4934 nihil
2713 4887 2908 4948 praeter
2938 4892 2996 4934 se
3034 4876 3370 4933 extrinsecus
3414 4876 3665 4932 habebat.

2081 4974 2219 5030 Tum
2269 4984 2445 5027 tamen
2477 4987 2585 5026 non
2600 4979 2717 5027 erat
2737 4970 2906 5039 solus,
2930 4970 3051 5041 quia
3079 4984 3229 5025 suam
3255 4968 3485 5025 habebat
3510 4969 3676 5023 ratio-

2083 5085 2228 5125 nem.
2254 5070 2392 5123 Ante
2420 5066 2737 5138 principium
2766 5065 3070 5130 enimvero,
3109 5079 3202 5119 seu
3247 5078 3278 5117 a
3320 5072 3426 5118 tota
3452 5062 3671 5117 aeterni-

2083 5173 2189 5220 tate
2211 5161 2489 5219 rationalis
2518 5160 2648 5227 fuit;
2675 5158 3108 5232 quandoquidem
3131 5159 3273 5215 Deus
3299 5172 3422 5213 esse
3443 5172 3549 5211 non
3583 5171 3679 5227 po-

2086 5267 2209 5325 test,
2241 5256 2341 5311 nisi
2370 5256 2439 5310 sit
2466 5269 2631 5311 sensu
2658 5261 2712 5309 et
2740 5253 2950 5309 ratione
2976 5253 3255 5323 praeditus.

2156 5347 2424 5413 Secundo,
2457 5344 2691 5400 divinam
2720 5344 2865 5399 illam
2893 5352 3259 5414 mternamque
3291 5341 3388 5397 Dei
3417 5341 3680 5398 rationem

2083 5440 2255 5511 grteci,
2285 5437 2478 5509 inquit,
2535 5440 2666 5509 λόγον
2720 5436 2918 5503 dicunt,
2972 5434 3113 5491 haud
3150 5434 3312 5491 dubie
3360 5434 3483 5506 quia
3508 5433 3675 5489 Joan-

2088 5548 2185 5588 nes
2232 5530 2505 5602 Evangelii
2550 5530 2630 5585 sui
2662 5529 2817 5585 initio
2864 5529 3115 5599 scripsit:
3150 5517 3217 5585 ἑν
3240 5536 3368 5603 ἀρχῇ
3398 5534 3454 5591 ἧν
3483 5536 3508 5585 ὁ
3535 5534 3691 5602 Λόγος

2087 5625 2413 5697 (Joann.,l,
2458 5625 2546 5697 1).
2602 5623 2737 5681 Nam
2799 5625 2914 5696 ipse
2967 5624 3327 5682 Tertullianus
3394 5628 3509 5681 haec
3569 5623 3694 5680 lati-

2088 5735 2157 5777 ne
2205 5720 2276 5775 ita
2332 5718 2547 5775 citavit:
2577 5716 2646 5774 In
2693 5718 2945 5791 principio
2991 5728 3100 5774 erat
3136 5735 3418 5787 sermo....,
3446 5728 3493 5773 et
3518 5732 3686 5774 sermo

2088 5811 2229 5887 apud
2247 5811 2432 5885 Deum,
2448 5821 2496 5869 et
2516 5811 2652 5873 Deus
2668 5822 2778 5872 erat
2802 5828 2966 5871 sermo
2982 5811 3316 5887 (Tertullian.
3334 5811 3450 5869 adu.
3476 5809 3697 5882 Herum,

3686 6042 3731 6071 ί.
