4240 6262
523 349 640 408 89.3

1611 341 1678 399 IN
1708 337 2169 418 TERTULDIANI
2209 338 2743 398 APOLOGETICUM

3729 339 3836 398 824

527 485 639 541 cap.
686 466 820 540 20).
892 466 1024 536 Ejus
1089 471 1267 519 autem
1323 468 1567 532 tempore
1631 475 1751 516 mos
1797 459 2128 525 invaluerat,
2157 455 2375 517 Anium
2401 460 2550 515 multi
2579 460 2819 514 dicuntur
2860 457 3007 527 Filii,
3053 460 3139 531 qui
3183 474 3286 515 non
3329 466 3446 516 sunt
3474 456 3498 529 (
3528 455 3836 513 Tertullian.

530 572 590 618 ut
620 562 788 618 Filius
836 561 930 615 Dei
962 559 992 612 a
1041 557 1244 613 Latinis
1302 556 1572 611 diceretur
1612 567 1823 621 sermo,
1856 568 1976 609 cum
2011 566 2129 608 me-

527 655 633 709 lius
685 665 916 722 grtecum
968 647 1097 703 illud
1161 662 1359 703 nomen
1413 650 1540 717 λόγος
1570 643 1638 700 ab
1686 645 1794 700 illis
1841 644 1979 700 ratio
2025 642 2130 698 dici

533 743 826 799 debuisset.
876 739 990 808 Qua
1021 738 1238 810 quidem
1275 738 1343 794 de
1409 737 1850 808 interpretatione
1901 737 2130 808 egimus,

534 838 624 894 ubi
651 835 986 893 ostendimus
1015 834 1394 904 transcriptum
1427 831 1590 888 fuisse
1620 831 1652 886 it
1681 831 1960 887 Lactantio
1992 830 2134 886 hunc

533 927 846 984 Tertulliani
888 927 1061 982 locum
1095 929 1112 996 (
1145 925 1418 981 Dissertat.
1464 925 1519 978 in
1561 923 1825 989 Lactant.,
1871 938 1989 992 cap.
2041 923 2131 990 16,

534 1031 636 1076 art.
681 1020 708 1074 2
729 1021 766 1090 ).

607 1135 812 1200 Tertio,
849 1150 947 1191 nos
989 1135 1078 1190 ille
1109 1133 1340 1190 monitos
1379 1132 1504 1188 facit
1541 1149 1637 1188 cur
1677 1147 1908 1202 grmcum
1940 1146 2134 1208 nomen

536 1232 664 1298 λόγος
719 1227 882 1281 latine
930 1229 1059 1280 ratio
1116 1227 1315 1296 potius,
1365 1239 1524 1294 quam
1567 1239 1730 1278 sermo
1757 1224 1892 1278 verti
1921 1223 2134 1278 debeat.

541 1321 704 1384 Deus,
729 1318 919 1389 inquit,
949 1329 1074 1372 ante
1102 1316 1422 1387 principium
1462 1315 1731 1370 rationalis
1755 1314 1872 1377 fuit,
1901 1312 2142 1370 nondum

543 1421 721 1467 tamen
754 1411 1077 1474 sermonalis,
1100 1411 1222 1481 quia
1246 1409 1478 1466 habebat
1508 1410 1643 1463 intra
1667 1424 1724 1463 se
1741 1410 2025 1473 rationem,
2045 1407 2140 1463 sed

539 1506 776 1562 nondum
803 1521 1108 1562 sermonem
1137 1514 1286 1560 extra
1309 1519 1366 1558 se
1395 1505 1566 1573 ipsum
1597 1503 1870 1558 emiserat.
1907 1505 1976 1555 At
2002 1516 2142 1571 quo-

546 1599 687 1654 niam
717 1600 784 1654 ab
815 1609 1021 1654 aeterno
1047 1599 1187 1654 sicut
1217 1599 1501 1660 rationem,
1537 1597 1607 1652 ita
1646 1604 1702 1652 et
1727 1611 2031 1652 sermonem
2058 1597 2142 1651 in-

544 1702 624 1748 tra
652 1707 710 1748 se
741 1691 957 1758 habuit,
985 1691 1257 1747 licentiam
1293 1691 1656 1745 Tertullianus
1685 1689 1971 1760 unicuique
1997 1689 2146 1744 dedit

545 1795 776 1854 utroque
817 1784 1041 1839 rationis
1069 1793 1123 1839 et
1146 1784 1413 1854 sermonis
1435 1787 1652 1838 nomine
1682 1798 1778 1853 pro
1811 1783 1962 1838 libito
1990 1793 2143 1838 uten-

2237 554 2325 608 lib.
2348 555 2467 609 adv.
2499 553 2720 620 Praxe.,
2749 571 2862 625 cap.
2891 554 2960 610 17
2979 554 3023 618 ).

2307 649 2378 703 At
2413 647 2643 720 quibus,
2691 648 2920 704 obsecro
2966 656 3048 714 te,
3096 649 3281 706 verbis
3323 647 3522 704 clarius
3573 647 3838 704 declarari

2237 749 2291 796 et
2315 739 2481 796 asseri
2514 747 2690 810 potest
2716 753 2968 809 suprema
2996 739 3195 795 Christi
3243 739 3359 795 Filii
3406 738 3501 794 Dei
3532 738 3833 796 divinitas?

2239 832 2368 900 Quis
2393 847 2456 888 ea
2479 832 2656 888 omnia
2675 833 2786 887 veri
2812 833 3116 904 summique
3141 833 3255 900 Dei,
3275 831 3528 887 attributa
3555 831 3838 903 possidere

2239 937 2452 1000 potest,
2502 927 2606 983 nisi
2653 943 2898 982 summus
2949 937 3004 984 et
3073 942 3213 982 unus
3259 943 3380 982 eum
3434 935 3641 982 aeterno
3685 926 3846 982 Patre

2241 1021 2426 1077 Deus?
2463 1020 2603 1088 Quid
2648 1036 2777 1076 vero
2799 1063 2813 1084 ,
2847 1020 2990 1092 quod
3031 1019 3399 1076 Tertttlliamts
3429 1017 3549 1074 haec
3580 1018 3758 1073 omnia
3789 1026 3846 1074 et

2246 1115 2454 1185 singula
2482 1113 2731 1170 Sermoni
2762 1113 3011 1182 Filioque
3045 1113 3142 1168 Dei
3181 1112 3493 1175 convenire,
3534 1126 3641 1166 non
3669 1110 3847 1166 solum

2243 1207 2514 1273 adﬁrmat,
2536 1207 2630 1260 sed
2658 1206 2847 1276 prohat
2873 1205 3058 1271 etiam,
3090 1204 3360 1274 variisque
3387 1203 3683 1258 rationibus
3712 1217 3846 1258 con-

2245 1298 2459 1355 ﬁrmare
2509 1299 2737 1354 nititur?
2779 1299 3107 1354 Persuasum
3138 1313 3268 1369 ergo
3317 1297 3500 1352 habuit
3528 1296 3718 1352 Filium
3748 1295 3847 1352 Dei

2245 1408 2408 1448 unum
2437 1391 2792 1462 eumtlemque
2813 1407 2938 1447 cum
2973 1406 3073 1447 suo
3103 1391 3260 1445 Patre
3289 1405 3410 1446 esse
3438 1389 3624 1444 Deum.

2317 1484 2500 1556 Neque
2533 1485 2771 1554 insurgat
2827 1483 3009 1540 nescio
3039 1483 3158 1554 quis
3199 1492 3292 1536 aut
3329 1481 3544 1535 ariauus
3584 1488 3675 1536 aut
3708 1480 3852 1536 soci-

2247 1579 2459 1645 nianus,
2482 1587 2534 1632 et
2559 1577 2711 1631 nobis
2732 1577 2950 1646 objiciat
2978 1577 3044 1630 ab
3069 1591 3136 1630 eo
3161 1591 3264 1630 non
3294 1584 3438 1629 recte
3471 1573 3682 1644 probari
3709 1587 3846 1643 quo-

2248 1672 2411 1728 modo
2436 1671 2615 1726 divina
2639 1671 2724 1725 illa
2747 1670 2998 1724 attributa
3032 1667 3166 1723 Filio
3199 1667 3291 1723 Dei
3318 1667 3662 1722 conveniant.
3698 1665 3851 1720 Nunc

2250 1766 2392 1820 enim
2422 1780 2526 1819 non
2560 1763 2878 1834 inquirimus
2904 1775 3062 1832 quam
3095 1759 3290 1821 valida,
3338 1758 3480 1829 quod
3511 1757 3736 1827 probatu
3767 1765 3849 1810 ta-

548 1879 624 1932 di.
668 1878 751 1936 Ab
781 1877 872 1932 illo
898 1887 1077 1932 autem
1110 1852 1278 1931 Filius
1301 1877 1395 1932 Dei
1420 1892 1524 1932 non
1555 1849 1758 1932 tantum
1782 1891 1984 1942 sermo,
2011 1877 2149 1932 ratio

2262 1873 2379 1912 men
2427 1855 2736 1912 facillimum
2775 1863 2892 1918 est,
2925 1869 2988 1907 ac
3027 1851 3178 1906 ﬁrma
3222 1851 3329 1906 sint
3372 1849 3487 1920 ejus
3515 1857 3853 1920 argumenta.

551 1979 605 2024 et
634 1969 860 2024 verbum
880 2009 896 2034 ,
927 1968 1022 2023 sed
1070 1967 1260 2038 sepltia
1303 1968 1465 2024 etiam
1508 1984 1605 2024 seu
1640 1968 1902 2039 sapientia
1930 1976 2153 2024 vocatur

501 2125 510 2132 ἢ
549 2060 569 2132 (
591 2060 900 2115 Tertullian.
934 2061 1022 2114 lib.
1065 2061 1128 2114 de
1167 2077 1317 2115 carne
1369 2061 1576 2128 Christi,
1622 2077 1737 2131 cap.
1772 2059 1879 2125 18;
1909 2058 2000 2114 lib.
2028 2060 2146 2113 adv.

556 2152 833 2223 Ilermog.,
853 2170 970 2224 cap.
1005 2153 1070 2207 18
1096 2154 1134 2222 ).

624 2293 889 2347 Praeterea
917 2292 1007 2346 ille
1036 2293 1088 2346 in
1110 2306 1209 2346 suo
1226 2290 1599 2362 Apologetieo,
1623 2305 1687 2347 ac
1710 2300 1896 2361 postea
1918 2291 2150 2348 Lactan-

551 2386 682 2454 tius,
704 2395 764 2439 ut
785 2400 884 2440 suo
908 2387 1024 2440 loco
1052 2384 1304 2448 vidimus,
1327 2385 1588 2440 certiores
1615 2399 1715 2440 nos
1741 2383 1983 2440 fecerunt
2009 2384 2152 2440 hunc

549 2482 683 2550 λόγον
719 2493 748 2532 a
799 2477 1016 2532 Zenone
1055 2475 1272 2532 etltnico
1320 2475 1640 2547 philosopho
1697 2476 1958 2546 agnitum,
1990 2492 2151 2546 quem

551 2572 898 2626 universitatis
931 2569 1284 2625 faetitatorem
1307 2583 1428 2623 esse
1455 2567 1984 2642 prmdieabatUdem,
2009 2565 2152 2640 Apo-

556 2664 734 2736 loget.,
803 2679 917 2734 cap.
968 2662 1058 2725 21;
1129 2660 1394 2716 Dissertat.
1447 2661 1501 2715 in
1572 2659 1835 2726 LactanL,
1884 2678 1999 2732 cap.
2061 2661 2150 2728 16,

555 2765 656 2810 art.
691 2756 718 2810 1
753 2754 792 2825 ).
821 2753 983 2809 Addit
1026 2755 1229 2809 Auctor
1258 2764 1472 2808 noster:
1503 2753 1773 2808 Cleanthes
1822 2755 1876 2808 in
1915 2755 2155 2824 spiritum

553 2848 800 2918 congerit,
826 2863 972 2918 quem
997 2857 1356 2916 permeatorem
1378 2846 1712 2900 universitatis
1735 2846 1975 2914 ad/irmat
2007 2846 2156 2919 (Ter-

556 2939 762 2993 tullian.
791 2939 890 2993 loc.
914 2940 1030 3004 cit.;
1051 2949 1172 2994 tom.
1210 2938 1226 2992 Ι
1254 2941 1529 3010 Apparat.,
1563 2957 1681 3010 pag.
1707 2939 1848 3005 782;
1879 2939 2154 2997 Dissertat.

551 3033 606 3086 in
635 3030 830 3085 Minue.
860 3030 999 3095 0cl.,
1025 3047 1136 3101 cap.
1168 3031 1222 3096 4,
1245 3041 1344 3084 art.
1372 3031 1424 3098 1,
1447 3040 1495 3084 et
1519 3029 1795 3088 Dissertat.
1814 3032 1868 3086 in
1889 3030 2153 3100 Lactant.,

557 3139 675 3192 cap.
709 3123 798 3191 1'2,
825 3135 924 3178 art.
957 3125 979 3178 1
1011 3125 1048 3192 ).
1083 3125 1151 3178 At
1173 3123 1259 3178 hie
1285 3121 1571 3179 Cleanthes
1602 3124 1834 3180 Zenonis
1861 3125 2157 3196 discipulus

2256 1949 2350 2006 sed
2399 1964 2518 2018 qua:
2566 1949 2636 2002 sit
2685 1945 2801 2016 ejus
2845 1944 3145 2010 sententia,
3177 1959 3336 2014 quam
3390 1941 3618 2013 probare
3667 1939 3854 1996 voluit.

2255 2041 2416 2112 Atqui
2447 2056 2510 2096 ex
2536 2041 2701 2110 ipsius
2731 2039 2910 2095 verbis
2935 2035 3339 2091 evidentissime
3364 2027 3650 2089 conﬁcitur
3681 2031 3853 2100 illutn,

2255 2133 2498 2204 aliosque
2541 2145 2727 2186 omnes
2757 2128 3089 2184 ortltodoxos
3128 2127 3246 2194 ejus
3292 2127 3465 2180 artatis
3507 2124 3858 2187 christianos,

2259 2241 2356 2296 pro
2385 2234 2532 2280 certo
2561 2225 2772 2293 penitus
2800 2221 3050 2276 habuisse
3079 2219 3310 2275 Verbum
3341 2226 3396 2273 et
3426 2217 3620 2272 Filium
3649 2215 3740 2270 Dei
3765 2231 3857 2272 ve-

2257 2333 2374 2374 rum
2396 2331 2517 2372 esse
2543 2315 2732 2378 Demn,
2751 2328 2974 2383 eosque,
2995 2312 3148 2366 sicuti
3174 2310 3460 2374 Praxeam,
3484 2316 3670 2363 contra
3692 2322 3851 2376 quem

2259 2410 2332 2466 ibi
2374 2409 2462 2464 ille
2504 2395 2763 2478 disputat,
2793 2415 2848 2461 et
2877 2405 3012 2460 alios
3065 2403 3284 2459 omnino
3313 2415 3547 2468 errasse,
3580 2399 3670 2472 qui
3700 2413 3876 2456 secus.

2257 2500 2580 2558 sentiebaut.

2330 2579 2669 2665 Quapropter
2690 2591 2818 2646 alibi
2839 2591 2979 2646 hunc
3003 2590 3094 2646 Dei
3114 2603 3420 2644 sermonem
3437 2597 3489 2644 et
3504 2587 3699 2642 Filium
3716 2585 3862 2642 Patri

2258 2703 2356 2744 suo
2387 2701 2568 2757 parem
2611 2692 2665 2740 et
2692 2683 2973 2753 mqualem,
3008 2682 3130 2736 alibi
3162 2681 3280 2751 ipso
3308 2695 3414 2734 non
3444 2679 3706 2734 minorem
3731 2694 3854 2734 esse

2262 2777 2621 2835 disertissime
2660 2776 2978 2846 proﬁtetur:
3009 2773 3140 2828 Nam
3187 2789 3298 2826 eum
3341 2771 3591 2837 Patrem,
3654 2769 3861 2840 inquit,

2259 2887 2434 2941 parem
2456 2869 2549 2923 sibi
2581 2868 2796 2940 faciens,
2824 2867 2885 2920 de
2931 2883 3031 2936 quo
3085 2865 3404 2936 procedendo
3465 2861 3638 2918 Filius
3691 2867 3861 2935 factus

2261 2975 2334 3019 est
2375 2964 2413 3032 ’(
2449 2961 2612 3027 Ibitl.,
2663 2978 2782 3030 cap.
2850 2960 2957 3030 7).
2994 2959 3184 3014 Postea
3233 2974 3398 3015 vero:
3433 2957 3576 3014 Idem
3635 2958 3726 3014 Dei
3775 2957 3866 3014 Fi-

2264 3057 2386 3122 lius,
2423 3053 2594 3110 Unum
2619 3070 2814 3118 sumus,
2847 3052 3040 3114 dicens,
3072 3067 3166 3122 ego
3197 3061 3241 3104 et
3275 3049 3449 3117 Pater,
3479 3049 3695 3105 ostendit
3730 3049 3862 3104 duos

2263 3167 2408 3218 esse,
2458 3164 2586 3216 quos
2623 3157 2790 3212 cequat
2843 3155 2890 3199 et
2926 3145 3094 3215 iungit
3141 3142 3350 3216 (Ibid,
3380 3160 3491 3213 cap.
3546 3141 3617 3196 2‘2
3645 3143 3685 3212 ).
3729 3141 3866 3196 Rur-

557 3216 690 3283 mil’
739 3215 1191 3287 quemadmodum
1238 3215 1362 3307 alibi
1411 3216 1822 3307 “notavimus'
1856 3215 1943 3272 ubi
1993 3217 2156 3273 etiam
2183 3242 2228 3306 C
2262 3259 2354 3300 sus
2381 3215 2558 3298 autem
2582 3241 2685 3295 alio
2707 3241 2759 3295 in
2795 3239 2965 3294 libro:
2992 3237 3059 3291 Et
3087 3215 3290 3302 sermo,
3329 3237 3530 3307 inquit,
3563 3235 3730 3302 Deus,
3769 3235 3860 3306 qui

558 3309 906 3377 exposuimus
932 3324 1052 3378 qua:
1076 3307 1215 3362 illius
1237 3306 1398 3361 fuerit
1421 3306 1488 3362 de
1517 3307 1626 3362 Deo
1652 3308 1940 3373 sententia,
1970 3324 2033 3364 ex
2054 3324 2156 3380 qua

558 3401 634 3468 id,
667 3403 806 3472 quod
834 3411 1014 3457 narrat
1041 3401 1426 3466 Tertullianus,
1460 3400 1798 3472 desumptum
1824 3401 2051 3459 videtur.

632 3514 750 3569 Iam
777 3529 993 3569 veroex
1026 3514 1130 3578 his,
1163 3529 1283 3584 quae
1308 3513 1398 3566 ille
1450 3512 1517 3567 de
1548 3511 1642 3568 Dei
1668 3511 1870 3579 Verbo,
1909 3530 2164 3572 sermone

563 3613 620 3660 et
662 3605 869 3659 ratione
915 3603 1081 3668 dixit,
1115 3607 1184 3658 ita
1215 3604 1528 3673 explicatis,
1555 3605 1737 3675 colligi
1767 3606 1949 3676 utique
1987 3616 2164 3677 potest

566 3708 883 3760 persuasum
947 3697 1166 3750 omnino
1230 3696 1327 3764 ipsi
1382 3697 1545 3751 fuisse
1599 3697 1728 3751 illud
1778 3698 2002 3754 interius
2069 3700 2164 3756 Dei

561 3784 799 3841 Verbum
824 3796 929 3840 tam
952 3795 1210 3842 aeternum
1243 3801 1386 3852 esse,
1411 3802 1568 3857 quam
1601 3789 1887 3857 ipsmnmet
1913 3790 2031 3860 ejus
2060 3791 2159 3848 Pa-

570 3890 730 3943 trem,
762 3878 850 3947 qui
889 3877 1036 3931 illum
1082 3878 1152 3932 ab
1181 3885 1385 3933 aiterno
1409 3878 1646 3948 quidem,
1681 3880 1777 3935 sed
1821 3881 1957 3935 intra
1985 3897 2164 3940 seme-

565 3973 766 4042 tipsum
796 3971 1074 4038 duntaxat,
1112 3971 1353 4042 protulit.
1381 3972 1456 4026 De
1480 3972 1577 4027 hac
1599 3982 1775 4028 autem
1807 3973 1967 4031 Verbi
1999 3976 2165 4032 divini

566 4067 865 4122 aeternitate
889 4066 1026 4120 inira
1059 4065 1228 4121 fusius
1254 4064 1518 4136 agendum
1541 4065 1676 4138 (lnf.
1708 4077 1809 4121 art.
1841 4068 1876 4122 8
1905 4078 1951 4122 et
1975 4069 2162 4141 seqq.).

568 4157 729 4212 Prius
758 4158 900 4214 enim
925 4173 1048 4213 vera
1073 4173 1136 4212 ac
1167 4157 1379 4213 sincera
1410 4158 1660 4213 Auctoris
1683 4159 1853 4213 nostri
1883 4159 1951 4215 de
1981 4141 2167 4230 supre-

570 4265 660 4304 ma
693 4250 838 4305 illius
867 4250 1147 4305 divinitate
1174 4250 1888 4333 sententiaaccuratissime
1933 4266 1962 4304 a
2009 4251 2191 4308 nobis-

567 4340 899 4396 enucleanda
931 4339 1356 4412 exponendaque
1384 4349 1484 4395 est.

641 4457 880 4513 Primum
930 4456 1109 4526 itaque
1151 4456 1307 4512 docet
1344 4454 1467 4511 huic
1509 4455 1693 4512 divino
1743 4456 1922 4514 Verbo
1962 4467 2017 4515 et
2075 4459 2168 4514 Dei

569 4549 708 4604 Filio
753 4550 929 4604 omnia
974 4549 1145 4604 Patris
1190 4547 1270 4602 sui
1312 4548 1498 4603 a-terni
1540 4549 1754 4604 nomina
1813 4560 1865 4605 et
1913 4551 2167 4606 attributa

2264 3339 2317 3392 in
2359 3336 2522 3408 cﬁigie
2560 3333 2658 3388 Dei
2677 3333 3003 3394 constitutus,
3032 3346 3133 3384 non
3160 3331 3396 3399 rapinam
3435 3327 3741 3382 existimavit
3768 3342 3866 3396 pa-

2273 3430 2403 3483 riari
2457 3424 2616 3494 Deo(
2655 3423 2802 3478 Idem
2852 3425 2938 3478 lib.
2982 3423 3046 3476 de
3108 3423 3324 3476 Resurr.
3381 3436 3548 3486 carn.,
3608 3435 3726 3488 cap.
3786 3416 3864 3488 6).

2266 3519 2531 3576 Audivisti
2575 3534 2706 3573 sane
2755 3532 2912 3586 quam
2955 3517 3240 3586 perspicue
3294 3511 3490 3566 Filium
3562 3511 3658 3567 Dei
3722 3509 3867 3565 Patri

2266 3629 2364 3669 suo
2415 3627 2595 3683 parem
2648 3609 3014 3679 aequalemqne
3060 3606 3311 3670 adserat;
3344 3604 3872 3676 jam'audiquomo-

2266 3705 2336 3759 do
2361 3704 2506 3760 illum
2541 3719 2644 3757 non
2678 3702 2940 3755 minorem
2967 3714 3086 3754 esse
3116 3698 3370 3767 prmdicet
3396 3716 3408 3751 :
3433 3697 3620 3751 Oninia
3640 3695 3736 3750 sibi
3758 3704 3863 3750 tra-

2268 3796 2375 3848 dita
2419 3794 2542 3848 dicit
2593 3811 2624 3846 a
2656 3790 2833 3846 Patre.
2876 3789 3088 3852 Credas,
3126 3789 3170 3842 si
3207 3789 3448 3842 creatoris
3490 3797 3564 3842 est
3599 3786 3865 3850 Christus,

2268 3888 2416 3956 cuius
2445 3886 2618 3940 omnia
2637 3925 2652 3950 ,
2675 3885 2794 3954 quia
2829 3900 2931 3938 non
2972 3884 3157 3936 minori
3183 3899 3236 3936 se
3274 3882 3483 3934 tradidit
3512 3880 3682 3934 omnia
3721 3877 3888 3944 Filio

2268 3987 2487 4039 creator,
2506 3993 2618 4042 quw
2647 3992 2736 4047 per
2761 3992 2876 4029 eum
2896 3975 3145 4041 condidit,
3176 3990 3266 4044 per
3287 3989 3568 4028 sermonem
3591 3988 3740 4026 suum
3767 3973 3868 4026 sci-

2270 4072 2385 4126 licet
2441 4068 2649 4141 (Idem,
2705 4067 2792 4120 lib.
2850 4067 3050 4120 advers.
3107 4065 3366 4130 Marcion,
3412 4081 3530 4134 cap.
3584 4063 3657 4119 25
3688 4065 3729 4134 ).
3763 4064 3864 4118 At-

2272 4165 2365 4236 qui
2411 4165 2457 4218 si
2504 4178 2614 4219 non
2669 4162 2864 4227 mittor,
2908 4161 3003 4217 sed
3043 4176 3136 4232 par
3165 4171 3218 4217 et
3257 4161 3478 4231 aequalis
3508 4160 3650 4216 Patri
3681 4175 3778 4216 suo
3803 4161 3874 4216 sit

2273 4257 2365 4312 Dei
2394 4255 2583 4322 Filius,
2617 4270 2774 4311 \erus
2813 4253 3000 4324 procul
3033 4252 3194 4308 dubio
3223 4263 3305 4308 est
3331 4267 3455 4307 cum
3494 4267 3561 4307 eo
3608 4251 3770 4307 Deus.
3805 4247 3873 4306 Et

2271 4350 2415 4405 enim
2441 4349 2510 4404 ab
2537 4347 2729 4403 eodem
2761 4347 3099 4402 Tertulliano
3118 4387 3134 4411 ,
3167 4346 3304 4400 sicut
3334 4360 3458 4400 mox
3491 4345 3726 4400 vidimus
3747 4387 3762 4409 ,
3789 4345 3873 4400 al-

2275 4441 2513 4496 tissimus
2538 4447 2594 4494 et
2619 4439 2961 4509 omnipotens
2987 4437 3202 4492 dicitur.
3235 4439 3304 4492 At
3340 4452 3438 4492 nec
3473 4433 3580 4492 duo
3619 4437 3869 4493 altissimi

2274 4545 2326 4591 et
2348 4535 2766 4604 omnipotentes,
2795 4532 2930 4586 sicut
2961 4546 3060 4586 nec
3087 4531 3195 4585 duo
3223 4530 3298 4584 dii
3321 4545 3441 4586 esse
3464 4540 3708 4600 possunt.
3735 4529 3868 4584 Nam

571 4643 866 4698 convenire
893 4660 905 4696 :
934 4629 1184 4705 Nomina,
1212 4639 1588 4711 ittquit,Patris
1613 4657 1630 4695 :
1654 4640 1792 4696 Deus
1823 4645 2155 4712 omnipotens1

2273 4626 2420 4692 alibi,
2460 4626 2534 4679 uti
2579 4624 3087 4690 animadvertimus,
3129 4623 3339 4677 dixerat
3375 4623 3542 4677 Deum
3587 4622 3708 4679 ideo
3751 4636 3874 4677 esse

574 4737 883 4800 altissimus,
925 4735 1173 4789 Dominus
1210 4736 1473 4799 virtutum,
1505 4751 1594 4788 rex
1641 4733 1872 4799 lsraelis,
1907 4736 2010 4804 Qui
2053 4747 2168 4797 est;

570 4837 817 4895 quatenus
846 4829 916 4880 ita
951 4827 1234 4894 Scriptura:
1259 4826 1459 4889 docent,
1502 4827 1608 4880 haec
1656 4827 1870 4880 dicimus
1896 4836 1941 4880 et
1986 4827 2038 4880 in
2069 4825 2167 4881 Fi-

572 4919 698 4972 lium
727 4919 1042 4988 competisse,
1068 4930 1113 4973 et
1144 4921 1194 4972 in
1224 4920 1299 4972 his
1326 4916 1519 4970 Filium
1543 4919 1750 4982 venisse,
1783 4929 1828 4971 et
1855 4919 1907 4973 in
1937 4919 2016 4974 his
2035 4936 2170 4974 sem-

570 5029 664 5080 per
692 5013 865 5082 egisse,
910 5022 954 5064 ct
981 5013 1053 5065 sic
1073 5029 1131 5065 ea
1159 5013 1210 5065 in
1232 5029 1284 5064 se
1320 5011 1608 5064 hominibus
1635 5011 2002 5079 munifestasse.
2039 5011 2166 5066 0m-

569 5108 680 5167 nia,
706 5108 888 5178 inquit,
925 5105 1096 5160 Patris
1118 5124 1227 5160 mea
1255 5118 1392 5160 sunt.
1426 5106 1529 5162 Cur
1555 5123 1654 5161 non
1701 5118 1747 5160 et
1779 5109 2021 5163 nomina?
2042 5108 2168 5162 Cum

573 5213 692 5267 ergo
721 5197 844 5269 legis
870 5196 1029 5250 Deum
1065 5198 1474 5265 omnipotentem,
1503 5207 1550 5250 et
1575 5197 1902 5255 altissimum.
1932 5209 1980 5252 et
2005 5198 2171 5252 Deum

573 5290 836 5354 virtutum,
868 5298 916 5342 et
947 5287 1131 5357 Regem
1166 5287 1394 5351 Israelis,
1414 5299 1458 5342 et
1479 5287 1580 5356 Qui
1605 5299 1696 5354 est,
1727 5289 1838 5344 vide
1862 5307 1924 5345 ne
1943 5307 2033 5360 per
2061 5291 2169 5345 hazc

580 5379 745 5434 Filius
783 5382 933 5435 etiam
979 5380 1370 5440 demonstretur.
1399 5397 1490 5433 suo
1526 5380 1648 5450 jure
1691 5381 2030 5451 onmipotens,
2067 5399 2169 5452 qua

573 5488 740 5526 sermo
773 5471 864 5524 Dei
902 5472 1278 5542 omnipotentis,
1304 5471 1499 5542 quoque
1534 5473 1760 5526 onmium
1787 5475 1982 5544 accepit
2024 5484 2170 5544 pote-

573 5572 755 5618 statem
783 5578 801 5617 :
826 5562 1146 5628 Altissimus,
1178 5579 1278 5632 qua
1309 5564 1518 5616 dextera
1574 5560 1673 5616 Dei
1713 5565 2000 5630 exaltatus,
2045 5565 2173 5619 sicut

575 5653 764 5707 Petrus
802 5653 856 5707 in
898 5654 1034 5707 Actis
1074 5654 1444 5707 concionatur:
1474 5653 1722 5708 Dominus
1762 5657 2022 5720 virtutum,
2049 5657 2174 5726 quia

575 5743 752 5795 omnia
772 5744 998 5812 subjecta
1023 5753 1140 5798 sunt
1160 5744 1236 5798 illi
1258 5761 1290 5798 a
1310 5743 1472 5799 Patre
1497 5761 1510 5798 :
1545 5744 1656 5800 Rea:
1683 5743 1915 5814 Israelis,
1943 5747 2064 5817 quia
2092 5747 2172 5802 illi

572 5833 778 5899 proprie
807 5831 992 5886 excidit
1019 5850 1129 5887 sors
1181 5835 1343 5902 gentis
1381 5834 1547 5888 istius.
1580 5833 1733 5902 Item,
1775 5836 1877 5902 Qui
1917 5846 2019 5902 est,
2041 5854 2170 5907 quo-

2275 4735 2460 4783 unum,
2483 4718 2606 4789 quia
2633 4726 2716 4772 est
2736 4732 2999 4780 summus,
3035 4727 3196 4787 atque
3223 4716 3446 4783 idcircn,
3475 4715 3634 4786 Deus,
3659 4716 3859 4789 inquit,

2271 4815 2315 4868 si
2342 4829 2442 4868 non
2473 4829 2606 4867 unus
2635 4815 2728 4876 est,
2760 4820 2949 4865 nonest
2973 4809 3127 4881 (cap.
3157 4825 3355 4878 super.,
3385 4818 3485 4864 art.
3511 4811 3535 4866 I
3565 4810 3608 4878 ).

2349 4907 2510 4963 Plura
2549 4913 2729 4960 autem
2770 4904 2814 4958 si
2852 4903 2972 4973 quis
3015 4901 3306 4967 desideret,
3339 4901 3382 4955 is
3426 4901 3623 4970 ipsum,
3655 4901 3724 4957 de
3767 4914 3876 4970 quo

2272 5001 2500 5070 agimus,
2525 4995 2927 5066 Apologetieum
2945 4994 3062 5063 ejus
3090 4994 3282 5048 librum
3298 4992 3476 5060 adeat,
3497 4993 3586 5047 ubi
3617 4993 3725 5059 ille,
3751 5001 3877 5062 post

2276 5096 2494 5152 brevem
2518 5093 2825 5148 christiana:
2843 5090 2910 5144 de
2929 5089 3071 5146 Filio
3100 5088 3214 5154 Dei,
3231 5087 3450 5142 Christo
3474 5086 3719 5151 Domino,
3743 5085 3875 5142 doo—

2279 5189 2438 5244 trinat
2470 5184 2884 5256 expositionem,
2920 5181 3164 5236 ethnicos
3188 5179 3303 5235 haec
3331 5179 3617 5249 alloquitur
3656 5177 3707 5232 in
3751 5192 3877 5233 ver-

2277 5282 2344 5336 ba
2373 5297 2386 5334 :
2433 5277 2658 5348 Quwrite
2684 5292 2820 5346 ergo,
2861 5275 2902 5326 si
2931 5289 3046 5328 vera
3077 5281 3149 5327 est
3175 5273 3272 5326 ista
3305 5272 3545 5326 divinitas
3578 5268 3768 5326 Christi
3791 5285 3809 5324 :
3832 5271 3880 5326 si

2277 5391 2337 5429 ea
2365 5382 2458 5438 est,
2487 5387 2585 5440 qua
2613 5368 2838 5440 cognita,
2867 5368 2935 5420 ad
2963 5366 3152 5421 bonum
3179 5366 3293 5419 auis
3321 5367 3676 5437 reformatur;
3711 5361 3878 5432 sequi-

2275 5475 2358 5520 tur
2383 5474 2437 5518 ut
2458 5463 2593 5537 falsa
2614 5463 2677 5515 sit
2702 5459 2890 5531 quwvis
2914 5459 3017 5512 alia
3040 5469 3323 5527 comperta,
3339 5473 3391 5511 in
3420 5473 3599 5528 prmus
3627 5457 3738 5521 eius,
3764 5469 3880 5524 quas

2280 5557 2299 5630 (
2317 5555 2666 5627 inanttscripti
2695 5554 2863 5609 nostri
2898 5552 3115 5608 codices
3144 5559 3199 5605 et
3225 5550 3353 5605 editi
3383 5550 3589 5604 addunt
3613 5549 3750 5604 omni
3784 5564 3877 5602 ra-

2274 5653 2429 5714 tione,
2453 5664 2574 5720 qua:
2603 5647 2862 5717 Rigaltius
2907 5644 3163 5713 sustulit)
3196 5642 3497 5697 delitescens
3523 5641 3616 5695 sub
3654 5639 3878 5696 nomini-

2275 5743 2367 5798 bus
2395 5751 2440 5796 et
2461 5741 2761 5812 imaginibus
2789 5748 3124 5801 mortuorum,
3154 5735 3462 5805 quibusdam
3487 5735 3668 5804 signis,
3692 5743 3742 5789 et
3778 5735 3877 5788 mi-

2274 5833 2466 5890 raculis
2505 5841 2552 5889 et
2598 5830 2820 5886 oraculis
2850 5829 3002 5899 ﬁdem
3051 5827 3332 5885 divinitatis
3358 5835 3600 5898 operatur
3648 5824 3868 5900 (Idem,
