4198 6260
312 318 420 382 825

314 551 567 608 suprema
619 537 820 604 Christi
893 541 1144 599 divinitas
1216 547 1392 616 potuit
1444 564 1678 621 unquam
1751 554 1920 624 magis

315 640 505 701 aperte
548 641 600 688 et
634 643 1010 691 asseveranter
1046 637 1215 695 asseri
1244 654 1310 695 ac
1349 642 1669 710 praedicari?
1703 645 1918 704 Tertul-

324 722 503 779 lianns
523 725 718 796 quippe
750 725 927 799 palam
972 740 1247 787 asseverat
1271 748 1390 789 eam
1424 745 1531 793 tam
1561 751 1680 793 esse
1710 754 1916 807 veram,

316 831 478 887 quam
516 816 649 873 falsa
693 830 779 875 est
817 821 1072 891 quaelibet
1114 824 1215 878 alia
1255 826 1508 884 divinitas
1550 844 1579 883 a
1631 833 1924 901 gentilibus

315 911 491 979 agnita
514 919 569 965 et
596 910 924 969 introducta.
966 914 1079 971 lmo
1115 932 1245 975 vero
1270 920 1465 976 clamat
1490 923 1559 978 ita
1594 940 1775 981 veram
1798 942 1920 984 esse

315 998 516 1056 Christi
570 1002 903 1061 divinitatem
958 1017 1014 1063 ut
1062 1009 1189 1067 inde
1236 1023 1491 1080 sequatur
1551 1016 1733 1072 falsam
1797 1034 1919 1077 esse

316 1090 543 1148 aliorum
573 1096 838 1165 omnium,
857 1109 1018 1170 atque
1036 1103 1198 1158 etiam
1223 1104 1528 1163 dictnonum
1555 1108 1915 1179 divinitatem,

315 1185 407 1256 qui
436 1185 536 1241 sub
562 1196 896 1245 mortuorum
941 1194 1249 1252 nominibus
1292 1207 1349 1253 et
1385 1199 1706 1272 imaginibus
1731 1203 1919 1260 delite-

317 1285 550 1343 scentes,
588 1280 777 1351 signis,
810 1282 1101 1352 miraculis,
1136 1288 1367 1344 oraculis
1409 1291 1569 1348 iidem
1616 1293 1916 1354 divinitatis

317 1368 703 1440 operabantur,
724 1372 775 1427 id
798 1384 905 1441 est,
932 1376 1185 1434 omnibus
1225 1383 1552 1449 persuadere
1579 1387 1917 1446 conabantur

314 1455 434 1514 bare
478 1461 653 1533 signa,
681 1463 962 1533 miracula,
989 1478 1045 1524 et
1084 1473 1304 1527 oracula
1340 1475 1456 1530 ﬁeri
1484 1475 1664 1534 divina
1693 1496 1786 1535 sua
1816 1496 1914 1553 po-

316 1561 533 1624 testate,
563 1572 627 1612 ac
650 1574 810 1615 veros
835 1575 895 1618 se
917 1578 1038 1619 esse
1062 1563 1214 1620 deos.
1253 1566 1384 1635 Quis
1418 1585 1548 1642 ergo
1569 1589 1693 1641 ;non
1735 1576 1914 1634 videat

312 1644 418 1702 bac
446 1648 726 1721 utriusque
753 1668 892 1708 verae
928 1665 984 1710 et
1014 1656 1218 1712 fictilia:
1246 1658 1542 1719 divinitatis
1572 1668 1912 1736 oppositione

312 1752 497 1794 veram
518 1756 583 1796 ae
603 1758 872 1800 summam
896 1761 927 1801 a
947 1745 1281 1806 Tertulliano
1306 1750 1568 1810 declarari
1597 1738 1796 1813 Christi
1827 1759 1909 1815 di-

311 1831 590 1888 vinitatem
613 1835 637 1888 ?

340 1980 345 1985 ,
381 1921 564 1995 Neque
601 1926 734 1982 satis
765 1928 941 1985 adhuc
962 1946 1084 1988 esse
1114 1936 1316 2006 putavit
1341 1935 1446 1994 hoc
1474 1938 1544 1995 ibi
1570 1939 1796 2011 dixisse,
1817 1944 1913 2001 sed

312 2015 468 2085 paulo
488 2026 612 2088 post
639 2018 857 2077 eosdem
891 2022 1138 2082 ethnicos
1159 2027 1242 2083 his
1270 2029 1445 2087 adhuc
1475 2035 1764 2105 compellat
1791 2053 1912 2093 ver-

313 2105 427 2162 bis:
461 2108 649 2165 Dicere
673 2127 779 2167 non
808 2116 1031 2185 potestis
1054 2116 1326 2176 Christum
1349 2139 1469 2181 esse
1489 2129 1770 2184 communis
1789 2145 1914 2185 con-

310 2199 515 2256 ditionis
564 2202 834 2262 hominem
870 2208 1074 2281 (lbid.,
1123 2230 1238 2285 cap.
1274 2215 1392 2288 25).
1426 2218 1691 2277 Vcnturus
1739 2223 1907 2293 siqui-

308 2290 431 2347 detn
478 2303 563 2350 est
608 2296 662 2351 in
711 2300 819 2354 line
877 2298 1083 2371 mundi,
1110 2315 1163 2359 ut
1205 2306 1305 2363 Dei
1356 2311 1537 2378 virtus,
1562 2322 1611 2366 et
1636 2312 1736 2368 Dei
1758 2290 1914 2385 spiri-

310 2391 413 2451 tus,
444 2395 491 2441 et
518 2404 705 2457 sermo,
745 2402 794 2446 et
819 2395 1094 2466 sapientia,
1125 2408 1173 2453 et
1202 2402 1355 2467 ratio,
1383 2406 1431 2457 ει
1465 2403 1561 2460 Dei
1592 2404 1780 2463 Filius.
1805 2409 1908 2464 Pa-

309 2475 419 2532 lam
451 2478 628 2550 igitur,
671 2491 830 2555 atque
876 2487 929 2543 in
975 2506 1071 2546 ore
1118 2501 1174 2548 et
1211 2494 1382 2550 oculis
1423 2496 1927 2565 infensissimornmf

320 2566 613 2627 Christiani
660 2577 895 2635 nominis
936 2579 1169 2638 hostium
1217 2584 1471 2643 audacter
1511 2591 1821 2658 pronuntiat
1854 2601 1911 2649 et

308 2672 638 2722 contestatur
665 2666 935 2727 Christum
966 2688 1088 2731 esse
1127 2679 1314 2733 :eterni
1350 2679 1525 2735 Patris
1552 2681 1636 2737 sui
1682 2681 1907 2740 Sermo-

306 2770 451 2824 nem,
478 2758 805 2830 Sapientiam
837 2776 892 2820 et
917 2765 1216 2836 Rationem,
1258 2786 1361 2841 qua
1390 2772 1460 2828 ab
1493 2783 1700 2831 teterno
1729 2775 1899 2833 Filius

307 2846 424 2919 ejus
453 2860 553 2905 est.
585 2851 924 2926 Quapropter
951 2858 1155 2916 diserte
1187 2862 1431 2947 adiirmat
1457 2864 1519 2921 in
1533 2864 1747 2924 Christo
1771 2869 1906 2927 duas

309 2952 431 2995 esse
455 2940 548 2997 Dei
575 2952 632 2998 et
654 2945 889 3004 hominis
911 2959 1149 3019 naturas,
1172 2940 1429 3027 illumque
1449 2964 1557 3012 tam
1574 2973 1762 3015 verum
1784 2975 1906 3019 esse

305 3029 496 3100 Deum,
523 3049 681 3106 quam
715 3053 898 3095 verum
932 3040 1228 3100 hominem.

912 3152 1207 3196 ARTICULUS
1245 3156 1303 3197 ll.

374 337 420 393 :5
1462 337 1912 403 DISSERTATIO
1948 345 2011 404 Ι).
2052 347 2142 407 LE
2176 349 2477 415 NOURRY.
3120 424 3125 427 _

312 442 769 557 Apologetuncap.
824 444 887 502 21
918 443 964 519 )ο
1018 446 1137 517 QUO
1194 457 1375 508 amem
1432 453 1595 511 modo
1669 472 1798 513 vera
1865 467 1919 514 et
1944 464 2000 523 A
2028 463 2098 543 At
2123 481 2229 537 quo
2256 471 2427 543 magis
2447 486 2574 530 vera
2596 482 2849 550 certaque
2872 488 2957 538 est
2976 480 3077 539 ista
3104 484 3387 557 expositio,
3410 502 3477 547 eo
3502 505 3621 550 ma-

2022 554 2104 626 gis
2130 559 2371 618 studiose
2399 578 2429 618 a
2455 566 2613 623 nobis
2633 569 2925 627 exantinari
2953 573 3132 630 debet.

2094 649 2233 706 Dicit
2266 652 2445 725 itaque
2471 657 2682 727 primo:
2715 659 2875 718 Hunc
2900 679 2966 719 ea:
2994 663 3105 721 Deo
3136 669 3390 738 prolatum
3432 673 3619 730 didici-

2023 757 2154 797 mus.
2185 743 2293 800 Sed
2326 747 2487 816 unde,
2518 766 2725 821 quaeso,
2750 753 2840 811 ille
2871 756 3069 829 aliique
3094 759 3372 818 christiani
3397 764 3450 820 id
3470 766 3620 822 'didi-

2022 839 2251 894 cerant?
2275 839 2392 915 Non
2431 843 2647 901 aliunde
2698 847 2959 919 profecto,
2992 851 3096 907 nisi
3124 868 3192 909 ex
3230 856 3399 912 sacris
3439 856 3631 930 Scrip-t

2025 930 2179 995 turis,
2231 947 2296 987 ac
2322 944 2471 989 certa
2520 940 2907 1011 constantique
2927 942 2995 998 ab
3039 946 3314 1014 Apostolis
3352 948 3420 1004 ad
3461 965 3619 1009 suum

2024 1035 2190 1091 usque
2213 1031 2422 1095 tempus
2442 1027 2748 1086 traditione.
2778 1031 2940 1088 Plura
2964 1042 3144 1091 autem
3171 1037 3297 1093 alibi
3320 1039 3451 1096 citat
3476 1041 3633 1109 hanc,

2023 1113 2074 1168 in
2102 1130 2214 1171 rem
2236 1116 2475 1187 ejusdem
2504 1134 2674 1178 sacra:
2692 1123 2982 1197 Scriptura:
2998 1127 3138 1197 loca,
3166 1141 3327 1203 atque
3349 1133 3400 1188 in
3432 1137 3620 1206 primis

2020 1204 2073 1259 in
2107 1206 2243 1273 libro
2270 1209 2528 1267 adversus
2558 1214 2840 1283 Praxeam,
2894 1218 3171 1278 haereseos
3200 1204 3621 1297 patripassiatto-

2020 1315 2138 1355 rum
2181 1299 2463 1391 fautorem.
2494 1308 2563 1363 At
2607 1309 2678 1365 ibi
2716 1326 2932 1383 quoque
2981 1316 3238 1385 prmclare
3279 1317 3438 1376 docet
3482 1322 3621 1380 hanc

2019 1409 2139 1450 esse
2161 1397 2280 1453 lidei
2311 1410 2509 1456 nostra:
2535 1404 2775 1475 regulam
2820 1424 2939 1479 qua:
2961 1408 3032 1465 ab
3058 1402 3327 1484 Evangelii
3353 1416 3506 1472 initio
3525 1419 3622 1476 dc-

2017 1491 2293 1565 cucurrit‘,
2341 1503 2397 1549 et
2441 1495 2769 1569 quibuslibet
2838 1499 3108 1559 haereticis
3159 1516 3245 1561 est
3298 1509 3569 1580 antiquior
3600 1529 3629 1567 εκ

2018 1578 2224 1636 Constat
2253 1594 2420 1639 autem
2453 1586 2528 1649 id,
2555 1588 2744 1659 inquit,
2792 1607 2963 1645 verum
2988 1610 3095 1649 esse
3134 1578 3469 1670 quodcunque
3510 1603 3622 1672 pri-

2018 1688 2176 1741 mum,
2207 1674 2266 1728 id
2302 1674 2408 1732 esse
2450 1677 2642 1748 falsum
2686 1682 3021 1753 quodcunque
3057 1689 3309 1755 posterius
3349 1693 3367 1762 (
3396 1689 3614 1750 Tertull.

2015 1766 2106 1824 lib.
2169 1769 2288 1824 adv.
2332 1768 2547 1840 Proxe,
2594 1790 2711 1845 cap.
2765 1775 2859 1849 2).
2906 1778 3231 1849 Perperam,
3292 1782 3452 1855 igitur
3504 1789 3622 1857 qni-

1939 1860 1988 1920 B
2016 1858 2136 1915 dam
2179 1861 2515 1919 insulsissitni
2545 1864 2791 1923 homines
2835 1870 3175 1927 venditarunt
3201 1873 3331 1929 illud
3364 1875 3434 1931 de
3484 1882 3621 1950 λόγου

2017 1962 2069 2007 et
2102 1952 2236 2009 Filio
2260 1955 2355 2011 Dei
2385 1956 2580 2027 dogma
2608 1959 2880 2029 Apostolis
2911 1962 3207 2035 primisque
3230 1980 3418 2021 eorum
3449 1968 3616 2024 disci-

2017 2047 2155 2118 pnlis
2183 2046 2353 2103 fuisse
2386 2050 2736 2121 incognitum,
2768 2069 2833 2109 ac
2861 2055 3102 2111 secundo
3130 2055 3393 2115 duntaxat
3424 2060 3619 2119 Eccle-

2015 2143 2110 2197 siae
2139 2143 2340 2197 saeculo
2368 2141 2620 2198 haustum
2648 2161 2718 2201 ex
2765 2147 3207 2220 philosophorum
3245 2153 3615 2225 opinionibus,

2015 2242 2070 2289 et
2093 2249 2122 2287 a
2144 2232 2468 2291 Christianis
2493 2247 2786 2308 receptum.
2820 2240 2874 2296 Si
2907 2256 3027 2311 quae
3057 2243 3200 2297 enim
3222 2284 3237 2309 ,
3270 2244 3320 2298 in
3349 2245 3619 2317 praecipuo

2014 2324 2139 2381 ﬁdei
2185 2326 2495 2382 christiana:
2538 2330 2713 2398 capite
2757 2329 2896 2386 facta
2930 2332 3116 2389 luisset
3146 2334 3466 2405 immutatio,
3502 2337 3619 2396 lure

2013 2419 2254 2475 omnium
2301 2435 2365 2475 ac
2407 2421 2677 2492 prmcipue
2707 2422 3022 2481 Tertulliani
3052 2428 3290 2485 animum
3323 2432 3617 2501 percellere

2012 2511 2261 2569 debebat.
2291 2512 2409 2569 Non
2452 2514 2795 2573 mediocriter
2823 2518 2964 2574 enim
3008 2520 3249 2577 eruditus
3282 2523 3371 2580 ille
3407 2524 3489 2581 vir
3513 2527 3617 2583 sub

2011 2605 2230 2661 secundi
2249 2606 2427 2662 smculi
2450 2616 2499 2663 et
2531 2608 2672 2663 tertii
2699 2609 2904 2665 initium
2931 2611 3128 2678 ﬂoruit,
3161 2629 3260 2670 nec
3282 2616 3504 2686 proinde
3528 2634 3615 2689 po-

2012 2699 2113 2765 tuit
2134 2698 2381 2771 ignorare
2402 2716 2561 2771 quam
2587 2712 2738 2777 certo
2760 2702 2874 2758 haec
2896 2706 3453 2767 communisomnium
3480 2709 3610 2767 doc-

2012 2791 2147 2846 trina
2178 2791 2247 2848 ab
2276 2793 2549 2863 Apustolis
2574 2792 2641 2848 ad
2667 2809 2824 2850 suum
2860 2811 3026 2868 ttsquc
3054 2806 3264 2869 tempus
3290 2801 3609 2861 transmissa

2008 2883 2099 2940 sit.

2079 2975 2349 3043 Secundo,
2376 2980 2464 3036 ille
2492 2979 2653 3038 docet
2681 2980 2912 3038 Verbum
2936 2982 3178 3040 divinum
3201 3000 3321 3043 esse
3338 2982 3401 3041 de
3413 2986 3613 3050 Spiritu
3666 3008 3685 3019 ε

2009 3068 2295 3138 Spiritum;
2324 3073 2447 3144 quia
2498 3073 2592 3129 Dei
2640 3083 2726 3131 est
2775 3074 3047 3145 Verbum,
3098 3076 3279 3145 Ratio,
3327 3089 3383 3135 et
3403 3079 3613 3149 .Sertno

2006 3159 2028 3233 (
2054 3160 2226 3232 Idem,
2257 3164 2527 3237 Apologet.
2576 3183 2691 3238 cap.
2717 3167 2783 3223 21
2809 3168 2853 3240 ).
2882 3168 3014 3224 Nam
3036 3171 3175 3226 sicut
3202 3171 3331 3227 alibi
3362 3172 3613 3245 ait:Spi-

314 3219 479 3288 Quam
523 3224 706 3281 diserte
745 3225 1095 3286 Tertullianus
1121 3243 1373 3288 asseverat
1399 3252 1552 3290 unam
1592 3248 1641 3293 et
1665 3239 1902 3296 eamdem

2011 3219 2026 3233 .
2213 3219 2226 3232 .
2303 3219 2356 3236 ,ν
2425 3219 2524 3237 ,πν-
2581 3219 2590 3221 ρ
2639 3219 2690 3238 τ-
2721 3219 2783 3223 --
3037 3219 3174 3226 --ν--ν
3203 3219 3331 3227 —--—-
3363 3219 3466 3227 —---
3489 3219 3579 3245 wr-

2008 3257 2160 3311 ritum
2180 3258 2511 3331 intelligimus
2539 3262 2591 3314 in
2609 3261 2812 3316 nomine
2838 3263 3085 3317 sermonis
3105 3278 3125 3318 :
3148 3263 3221 3317 ita
3252 3272 3298 3318 et
3327 3279 3611 3319 sermonem

380 3330 487 3369 esse
510 3314 681 3372 Patris
706 3321 885 3375 arterni
903 3322 1110 3394 ejusque
1139 3321 1267 3380 Filii
1291 3326 1625 3384 substantiam
1661 3348 1723 3385 ac
1750 3342 1902 3387 natu~

376 3422 510 3474 ram,
540 3407 653 3463 licet
679 3410 917 3468 distincta
946 3416 1013 3483 sit
1038 3417 1301 3489 utriusque
1326 3436 1562 3490 persona.

386 3527 557 3594 Quam
592 3531 791 3587 diserte
835 3547 899 3588 ac
934 3522 1246 3591 constanter
1285 3535 1651 3595 Tertullianus
1687 3542 1894 3610 docuit,

304 3624 505 3682 Filium
548 3623 637 3680 Dei
669 3640 831 3679 unum
879 3633 937 3680 et
973 3625 1222 3681 eumdem
1268 3644 1391 3685 esse
1433 3646 1557 3686 cum
1603 3632 1763 3689 Patre
1802 3650 1902 3691 suo

302 3716 471 3773 Deum
498 3733 514 3783 ;
552 3717 622 3770 ita
655 3731 786 3772 sane
818 3731 976 3770 unam
999 3727 1052 3773 et
1078 3718 1322 3775 eamdem
1350 3722 1628 3794 utriusque
1652 3726 1903 3782 substan-

302 3808 431 3864 tiam
459 3822 523 3864 ac
559 3819 827 3875 naturam,
857 3808 952 3863 sed
979 3808 1260 3866 distinctas
1299 3822 1559 3883 pers'onas
1592 3818 1902 3876 esseesse-

300 3900 429 3955 ruit.
459 3898 573 3955 Non
596 3900 763 3955 semel
791 3899 989 3969 quippe
1020 3900 1073 3955 id
1097 3900 1254 3966 dixit,
1280 3904 1379 3959 sed
1407 3908 1624 3976 sacpius,
1666 3923 1736 3964 ac
1756 3925 1898 3980 prae-

300 3991 486 4045 sertim
534 3990 587 4043 in
629 4004 728 4043 suo
766 3990 1140 4060 Apologetico,
1172 3992 1258 4047 ubi
1299 3994 1369 4050 de
1411 3995 1570 4052 Verbi
1615 3998 1735 4055 sive
1776 3999 1898 4057 Filii

297 4082 396 4139 Dei
422 4083 767 4153 generatione
804 4083 884 4137 sic
921 4082 1197 4153 diSpntat:
1229 4084 1404 4153 Hunc,
1436 4089 1625 4159 inquit,
1669 4095 1801 4164 λόγων
1836 4110 1901 4149 ea:

297 4175 407 4231 Deo
440 4175 695 4247 prolatum
734 4175 1024 4240 didicimus,
1060 4187 1106 4232 et
1150 4178 1436 4248 prolatione
1469 4193 1808 4253 generatum,
1846 4198 1897 4240 et

297 4269 489 4324 idcirco
516 4267 714 4322 Filium
739 4266 852 4330 Det,
878 4278 923 4321 et
951 4266 1114 4323 Deum
1136 4270 1327 4324 dictum
1348 4288 1411 4327 ex
1436 4274 1626 4329 unitate
1651 4278 1886 4332 substan-

297 4362 399 4417 tite.
421 4359 561 4415 Nam
586 4370 633 4415 et
666 4359 802 4415 Deus
827 4361 1037 4431 spiritus
1067 4377 1085 4415 :
1114 4372 1160 4416 et
1199 4378 1313 4417 cum
1343 4366 1522 4420 radius
1552 4383 1615 4421 ea:
1639 4368 1746 4423 sole
1772 4385 1896 4439 por-

293 4453 515 4524 rigitur,
549 4454 731 4524 portio'
750 4469 814 4507 ex
849 4470 1081 4518 summa;
1130 4455 1220 4509 sed
1257 4456 1335 4510 sol
1360 4458 1452 4511 erit
1483 4458 1535 4512 in
1564 4458 1745 4527 radio,
1774 4462 1897 4533 quia

294 4546 419 4601 solis
454 4554 528 4599 est
550 4546 746 4611 radius,
775 4562 864 4600 nec
902 4556 1174 4616 separatur
1198 4548 1501 4615 substantia,
1531 4551 1620 4604 sed
1657 4553 1891 4607 extendi-

2005 3365 2206 3421 quoque
2227 3352 2552 3422 agnoscimus
2581 3352 2636 3406 in
2660 3354 2865 3408 nomine
2887 3354 3118 3423 spiritus.
3152 3352 3294 3409 Nam
3320 3364 3367 3410 et
3397 3356 3610 3426 spiritus

2005 3445 2285 3499 substantia
2329 3454 2400 3501 est
2439 3447 2687 3502 sermonis
2708 3488 2722 3513 ,
2751 3456 2798 3501 et
2838 3464 3004 3503 sermo
3031 3449 3258 3519 operatio
3288 3448 3520 3520 spiritus,
3562 3457 3611 3503 et

2006 3534 2109 3589 duo
2143 3552 2302 3590 unum
2352 3536 2706 3607 sunt(Idem,
2765 3539 2855 3595 lib.
2883 3539 3001 3594 adv.
3066 3538 3283 3605 Prome,
3315 3556 3432 3610 cap.
3492 3538 3608 3610 26).

2007 3625 2347 3683 Existimavit
2400 3630 2578 3702 itaque
2625 3629 2966 3698 Sermonem,
2998 3646 3094 3688 seu
3137 3631 3395 3697 Verbum,
3424 3640 3481 3688 et
3516 3631 3611 3689 Fi-

2005 3717 2134 3773 lium
2154 3712 2169 3721 ’
2189 3719 2281 3775 Dei
2326 3735 2448 3776 esse
2492 3721 2737 3792 spiritum
2761 3763 2777 3788 ,
2809 3738 3031 3794 remque
3060 3724 3220 3794 plane
3245 3724 3608 3794 spiritualem,

2003 3810 2034 3865 ὸ
2080 3801 2415 3885 quacumque
2443 3816 2694 3882 materia,
2719 3826 2773 3872 et
2804 3817 2948 3871 omni
3002 3832 3062 3873 re
3094 3833 3353 3889 corporea
3401 3817 3610 3876 discre-

2003 3910 2131 3958 tam.
2165 3905 2297 3971 Qnae
2322 3905 2539 3976 quidem
2591 3906 2733 3964 illius
2769 3909 3036 3964 sententia
3068 3908 3192 3964 inde
3232 3910 3606 3976 conﬁrmatur,

2002 3996 2145 4067 quod
2176 3998 2290 4068 ipse
2333 4000 2531 4056 ibidem
2573 4004 2883 4071 pronuntiat
2912 4002 3059 4057 illum
3098 4018 3221 4058 esse
3268 4003 3502 4073 spiritum
3528 4004 3610 4070 .de

2001 4091 2205 4161 spiritu,
2238 4092 2287 4148 id
2311 4103 2415 4161 est,
2444 4095 2633 4164 spiritu
2654 4109 2717 4150 ac
2743 4096 3069 4166 cogitatione
3098 4095 3289 4151 :eterni
3319 4095 3494 4153 Patris
3523 4097 3608 4153 sui

2002 4185 2267 4253 prolatum
2319 4203 2381 4240 ac
2433 4188 2679 4258 genitum
2722 4185 2933 4258 (Idem,
2988 4188 3282 4259 Apologet.,
3342 4205 3458 4260 cap.
3489 4187 3607 4261 21).

2002 4276 2208 4333 Divina:
2260 4278 2537 4349 siquidem
2590 4280 2932 4350 cogitationis
2984 4266 3212 4349 prolatio
3277 4297 3387 4337 non
3435 4283 3619 4369 solum

2000 4371 2147 4425 nihil
2168 4373 2413 4441 corporei
2454 4371 2723 4437 admittit,
2756 4373 2850 4428 sed
2883 4389 3021 4428 unus
3049 4388 3172 4429 cunt
3202 4388 3302 4430 suo
3348 4376 3538 4441 Patre,
3576 4376 3606 4430 it

2000 4478 2104 4532 quo
2136 4449 2422 4533 profertur,
2460 4464 2600 4519 Dens
2631 4473 2734 4519 est.
2765 4466 2835 4519 At
2864 4464 2988 4535 quid
3020 4481 3156 4536 opus
3183 4475 3266 4522 est
3302 4465 3352 4521 id
3384 4466 3416 4520 ἐι
3446 4466 3605 4520 nobis

2002 4553 2233 4624 probari,
2254 4553 2398 4622 quod
2421 4554 2488 4609 ab
2513 4554 2605 4608 illo
2627 4554 3200 4629 disertissime-hisque
3223 4556 3467 4626 ipsisntet
3484 4572 3608 4612 ver-

292 4647 379 4693 tur
405 4654 425 4692 :
454 4638 528 4691 ita
550 4647 596 4691 et
624 4638 687 4691 de
708 4640 915 4709 Spiritu
946 4640 1174 4709 Spiritus
1194 4683 1208 4705 ,
1238 4629 1288 4694 et
1318 4640 1383 4694 de
1408 4640 1516 4696 Deo
1548 4641 1707 4709 Deus,
1741 4655 1795 4698 ut
1822 4646 1895 4700 ιιι-
1920 4648 1972 4708 D
2001 4646 2082 4700 bis
2106 4648 2402 4702 asseritur:
2430 4647 2578 4714 Quod
2606 4647 2668 4700 de
2697 4647 2805 4702 Deo
2834 4648 3114 4718 profectum
3137 4659 3230 4714 est,
3268 4646 3406 4702 Deus
3440 4656 3533 4715 est,
3556 4657 3605 4703 et

292 4747 410 4787 mea
437 4731 501 4787 de
527 4730 719 4789 lumine
761 4750 1054 4790 accensum.
1094 4735 1270 4792 Manet
1301 4738 1499 4809 integra
1536 4748 1588 4795 et
1635 4740 1890 4813 indefecta

292 4826 519 4881 materiis
551 4828 770 4894 matrix,
810 4829 902 4882 etsi
950 4830 1120 4899 plures
1161 4830 1278 4885 inde
1318 4833 1552 4889 traduces
1579 4833 1889 4898 qualitatum

295 4922 582 4977 mutueris:
607 4922 678 4975 ita
707 4922 845 4992 quod
878 4922 941 4977 de
971 4923 1075 4978 Deo
1104 4928 1388 4997 profectum
1429 4937 1522 4995 est,
1555 4927 1695 4985 Deus
1719 4938 1811 4994 est,
1840 4938 1890 4984 et

289 5013 394 5069 Dei
423 5012 474 5068 F
474 5015 615 5082 ilius,
647 5024 694 5070 et
723 5033 854 5071 unus
883 5018 1030 5072 ambo
1052 5034 1073 5073 :
1101 5019 1171 5072 ita
1202 5020 1264 5074 de
1295 5022 1477 5092 spiritu
1494 5024 1720 5094 spiritus,
1754 5034 1803 5079 et
1831 5025 1895 5080 tle

289 5107 402 5165 Deo
425 5108 564 5166 Deus
592 5109 799 5169 modulo
821 5112 1070 5166 alternum
1102 5130 1365 5169 numerum
1398 5118 1584 5187 gradu,
1611 5135 1714 5173 non
1755 5129 1893 5175 statu

286 5202 432 5272 fecit,
462 5210 509 5256 et
559 5218 591 5255 a
631 5202 843 5257 matrice
891 5207 1126 5272 excessit,
1159 5223 1261 5261 non
1309 5209 1512 5262 recessit
1544 5206 1732 5281 (Ibid,
1772 5228 1890 5281 cap.

282 5293 346 5349 21
376 5292 418 5366 ).
448 5294 522 5351 Ita
568 5309 702 5353 sane
749 5294 820 5350 ibi
862 5297 1150 5367 gentilibus
1216 5299 1533 5366 simpliciter
1577 5315 1641 5355 ac
1678 5303 1891 5360 sincere

283 5384 533 5442 declarat
558 5385 684 5457 quid
724 5385 1016 5444 Christiani
1045 5388 1114 5445 de
1134 5388 1300 5444 divini
1335 5389 1530 5456 Verbi,
1562 5406 1626 5446 ac
1665 5392 1890 5462 proinde

281 5477 403 5535 Filii
436 5478 528 5535 Dei
560 5487 748 5535 natura
780 5494 845 5534 ac
872 5481 1221 5551 generatione
1245 5481 1532 5537 sentirent.
1565 5483 1735 5552 Quam
1774 5485 1887 5540 sin-

280 5584 407 5625 cera
435 5581 615 5626 autem
659 5572 730 5626 sit
777 5572 894 5628 hmc
934 5572 1240 5643 explicatio,
1274 5571 1397 5629 inde
1437 5573 1624 5645 liquet,
1665 5575 1809 5648 quod
1839 5578 1885 5633 si

280 5661 460 5719 celare
496 5674 587 5718 ant
619 5663 969 5721 dissimulare
996 5664 1197 5737 aliquid
1228 5665 1526 5736 potuisset,
1555 5668 1683 5725 illud
1727 5680 1878 5728 certe

281 5766 392 5806 non
420 5765 536 5810 erat
559 5757 807 5814 dicturus
830 5759 882 5813 in
907 5759 1044 5814 libro
1074 5757 1306 5825 publico,
1326 5774 1483 5829 quem
1511 5761 1743 5818 ethnicis
1758 5778 1883 5818 om-

282 5845 464 5915 nibus,
485 5861 548 5908 ac
574 5850 804 5908 llomani
823 5850 986 5908 etiam
1019 5850 1226 5922 imperii
1250 5851 1575 5910 antistitibus
1602 5853 1862 5913 oﬂerebat

1998 4734 2099 4790 Dei
2128 4735 2313 4802 Filius,
2346 4747 2390 4791 et
2418 4754 2548 4792 unus
2572 4739 2740 4804 ambo,
2765 4749 2811 4791 et
2836 4738 2900 4793 de
2926 4737 3034 4792 Deo
3055 4737 3195 4797 Dens
3221 4737 3494 4810 (Ibidem).

2072 4832 2282 4898 Tertio,
2308 4832 2676 4889 Tertullianus
2722 4833 2956 4889 'allirntat
2982 4834 3129 4889 illum
3156 4851 3277 4891 cuni
3309 4835 3419 4891 Deo
3444 4835 3607 4891 Patre

1999 4942 2165 4982 unum
2211 4942 2332 4983 esse
2364 4928 2533 4983 Deum
2564 4943 2628 4981 ea:
2672 4928 2866 4982 unitate
2911 4929 3207 4985 substantia:
3231 4971 3246 4996 ,
3278 4944 3342 4985 ac
3370 4929 3596 5000 proinde

2001 5038 2161 5077 unam
2187 5030 2242 5076 et
2267 5020 2512 5076 eamdem
2543 5036 2667 5076 esse
2693 5021 2973 5093 utriusque
2996 5022 3352 5079 substantiam
3383 5022 3600 5096 (lbid.).

1996 5115 2038 5170 A
2070 5114 2227 5170 Patre
2255 5112 2400 5169 enim
2427 5127 2527 5167 suo
2573 5129 2674 5167 non
2705 5125 3004 5187 separatur,
3040 5114 3241 5187 inquit,
3270 5116 3554 5170 substantia
3583 5157 3599 5181 ,
3632 5124 3641 5129 '

1994 5206 2085 5261 sed
2112 5207 2441 5271 extenditur;
2462 5207 2715 5276 quoniam
2746 5209 2881 5262 hunc
2914 5222 2978 5269 ea:
3004 5205 3114 5262 Deo
3133 5248 3149 5273 ,
3194 5206 3270 5261 uti
3301 5206 3477 5263 adhuc
3508 5207 3603 5263 illo

1994 5298 2235 5368 loquitur
2254 5341 2268 5360 .
2299 5298 2562 5369 prolatum
2591 5299 2869 5354 didicimus
2887 5342 2901 5367 ,
2926 5309 2976 5353 et
3005 5299 3292 5369 prolatione
3308 5309 3603 5370 generatum

1993 5390 2204 5463 (Ibid).
2238 5394 2370 5462 Quia
2406 5408 2536 5449 vero
2576 5393 2645 5447 ab
2680 5393 2776 5448 illo
2802 5393 2874 5448 ita
2900 5392 3121 5464 prodiit,
3144 5402 3198 5450 et
3226 5393 3438 5464 genitus
3470 5404 3595 5459 est;

1990 5485 2221 5554 idcirco,
2245 5486 2695 5558 quemadmodum
2727 5503 2760 5542 a
2809 5486 2968 5542 Patre
3007 5502 3108 5542 suo
3152 5501 3260 5543 non
3314 5496 3596 5556 separatur

1990 5579 2287 5635 substantia
2309 5621 2323 5645 ,
2354 5580 2431 5634 sie
2447 5580 2515 5636 ab
2537 5579 2631 5635 illo
2655 5595 2884 5650 persona
2915 5579 3275 5650 distinguitur.
3305 5577 3423 5634 Non
3446 5579 3592 5634 enim

1989 5670 2175 5727 cadem
2199 5686 2321 5727 esse
2346 5682 2522 5742 potest
2551 5671 2725 5728 Patris
2755 5682 2809 5728 et
2854 5670 2975 5728 Filii
3005 5671 3098 5726 Dei
3125 5685 3384 5743 persona.
3408 5672 3477 5727 At
3498 5686 3594 5726 ea-

1989 5764 2111 5821 dem
2145 5774 2321 5822 tamen
2348 5776 2432 5822 est
2476 5766 2757 5839 utriusque
2785 5766 3114 5832 substantia;
3138 5765 3579 5838 quandoquidem

1989 5870 2127 5913 unus
2151 5867 2235 5913 est
2259 5872 2380 5913 cum
2408 5858 2563 5916 Patre
2589 5858 2733 5916 Deus
2758 5875 2822 5915 ea:
2844 5859 3038 5915 unitate
3059 5857 3356 5916 substantia:
3378 5896 3394 5929 ,
3423 5872 3453 5915 a
3478 5873 3583 5932 qua
