4240 6262
549 292 656 352 827

1629 287 1701 346 ΙΝ
1735 285 2200 344 TEBTULLIANI
2239 285 2768 346 APOLOGETICUM

3742 289 3854 359 828

547 422 652 464 non
671 414 958 480 separatur,
976 405 1065 463 sed
1079 403 1368 460 extenditur
1386 401 1595 474 (Ibid.).
1615 401 1698 458 Ex
1715 401 1814 458 hac
1836 401 1977 456 enim
1996 400 2152 456 subs-
2177 403 2230 463 Α
2255 400 2469 472 quidem
2500 400 2567 458 de
2593 400 2782 458 eodem
2829 401 2965 460 Filio
2997 402 3088 461 Dei
3117 405 3170 460 in
3211 404 3561 479 Apologetico
3589 408 3848 483 scripsit:

551 503 714 558 lautia
741 543 755 568 ,
798 499 1066 571 tamquam
1119 497 1328 551 matrice
1356 511 1459 550 non
1480 495 1720 563 recessit,
1754 495 1843 550 sed
1891 494 2101 550 excessit
2127 509 2148 560 ;

549 603 710 666 atque
738 594 807 648 ita
839 590 1053 662 quidem
1084 589 1243 644 ambo
1273 603 1410 645 unus
1441 588 1689 660 idemque
1718 588 1860 645 Deus
1889 596 2032 644 sunt.

622 687 804 758 Neque
854 684 926 740 ibi
975 692 1215 750 tantum,
1269 681 1365 738 sed
1413 683 1467 737 in
1519 697 1619 738 suo
1660 681 1836 739 adhuc
1888 683 2150 738 adversus

551 779 818 835 Praxeam
848 775 988 832 libro
1013 818 1028 842 ,
1062 775 1191 831 illud
1215 774 1298 830 his
1318 776 1600 831 conﬁrmat
1628 775 1807 831 verbis
1831 791 1844 830 :
1879 776 2150 831 Rationem

549 868 862 925 reddidimus
886 911 901 937 ,
951 884 1051 939 qua
1082 865 1168 922 Dii
1211 884 1312 923 non
1342 867 1443 922 duo
1469 867 1706 922 dicantur
1727 910 1742 934 ,
1787 885 1878 922 nec
1909 866 2147 934 Domini,

551 962 640 1018 sed
667 977 769 1032 qua
795 959 957 1015 Pater
984 968 1031 1015 et
1060 958 1231 1014 Filius
1252 960 1388 1026 duo;
1419 967 1467 1014 et
1498 961 1591 1015 Itoc
1620 976 1721 1014 non
1742 976 1805 1015 ea:
1826 961 2150 1030 separatione

552 1053 848 1109 substantia:
867 1093 881 1118 ,
903 1052 992 1107 sed
1013 1067 1075 1107 ea:
1100 1052 1432 1124 dispositione
1451 1093 1466 1119 ,
1498 1067 1612 1106 cum
1655 1053 1972 1107 individuum
1999 1063 2042 1106 et
2067 1054 2150 1107 in-

553 1157 850 1220 separatum
883 1145 1074 1201 Filium
1100 1162 1133 1200 a
1178 1144 1338 1200 Patre
1368 1145 1757 1216 pronuntiamus
1781 1186 1794 1210 ,
1840 1161 1929 1199 nec
1975 1155 2111 1198 statu
2135 1187 2148 1210 ,

555 1239 645 1295 sed
667 1237 834 1310 gradu
859 1235 1018 1291 alium
1045 1278 1061 1304 ,
1086 1236 1195 1308 qui,
1229 1237 1318 1290 etsi
1339 1234 1480 1289 Deus
1507 1235 1724 1303 dicatur,
1754 1235 1960 1307 quando
1987 1237 2154 1289 nomi-

557 1342 708 1390 natur
728 1331 1004 1403 singularis
1022 1372 1037 1398 ,
1066 1346 1168 1384 non
1189 1329 1302 1384 ideo
1333 1329 1462 1383 duos
1486 1328 1619 1382 Deos
1641 1329 1835 1400 faciat,
1863 1329 1952 1383 sed
1974 1345 2152 1398 unum,

558 1428 654 1481 hoc
704 1425 815 1495 ipso
835 1466 850 1490 ,
901 1422 1037 1492 quod
1084 1432 1131 1476 et
1186 1419 1326 1475 Deus
1354 1437 1415 1474 ea:
1442 1421 1636 1474 unitate
1665 1419 1845 1474 Patris
1873 1421 2042 1475 vocari
2070 1421 2156 1474 Ita-

560 1517 672 1572 beat
717 1514 1002 1586 (Tertull.,
1072 1512 1160 1567 lib.
1226 1512 1340 1566 adv.
1397 1510 1590 1566 Praxe.
1652 1527 1767 1582 cap.
1822 1511 1889 1566 i9
1920 1509 1962 1583 ).
1994 1510 2158 1567 Vides

559 1629 690 1670 sane
720 1627 881 1683 quam
926 1610 1132 1665 diserte
1182 1609 1252 1662 ibi
1300 1609 1421 1670 ille.
1481 1607 1620 1662 sicut
1673 1606 1838 1673 alibi,
1885 1616 2158 1662 asseveret

561 1703 755 1758 Filium
810 1701 906 1756 Dei
937 1701 1097 1755 alium
1133 1715 1256 1756 esse
1307 1715 1335 1753 a
1385 1698 1543 1754 Patre
1591 1713 1691 1754 suo
1735 1714 1837 1753 non
1867 1708 2037 1767 statu,
2071 1699 2160 1754 sed

2254 493 2472 550 Modqu
2493 536 2506 560 ,
2535 495 2986 567 quemadmodum
3011 497 3275 554 adversus
3303 499 3643 557 Valentinum
3676 503 3848 574 dixit,

2251 587 2504 641 alternum
2531 604 2818 655 numerum,
2849 589 3036 659 gradu,
3057 606 3158 644 non
3180 599 3339 659 statu,
3368 591 3509 661 fecit.
3537 594 3640 650 Sed
3670 596 3854 668 Rigal-

2256 679 2358 734 tius
2388 687 2575 733 contra
2606 681 3095 751 manuscriptorum
3139 691 3446 739 nostrorum
3470 727 3482 749 ,
3531 696 3584 742 et
3610 691 3854 747 omnium

2253 780 2407 825 antea
2432 770 2698 826 editorum
2744 772 2990 828 codicum
3037 773 3198 829 ﬁdem
3230 775 3300 830 ibi
3346 778 3522 847 priora
3565 781 3727 836 verba
3774 784 3856 841 sic

2255 865 2450 936 corrigi
2488 865 2694 921 voluit:
2732 865 2946 922 Modulo
2997 867 3236 935 alterunt,
3264 886 3366 925 non
3404 888 3613 928 numero
3659 874 3852 946 (Idem,

2255 957 2524 1029 Apologet.
2596 975 2712 1029 cap.
2758 959 2824 1015 ‘21
2867 958 2911 1031 ).
2966 959 3177 1016 Nullam
3234 961 3587 1021 nihilominus
3633 967 3857 1038 hujusce

2257 1051 2654 1107 emendationis
2701 1052 2937 1109 reddidit
2984 1055 3269 1111 rationem.
3303 1055 3572 1129 Numquid
3607 1076 3733 1133 ergo
3756 1079 3860 1134 pu-

2261 1144 2409 1209 tavit,
2461 1144 2620 1199 sicuti
2659 1145 2908 1214 videtur,
2951 1149 3028 1203 sic
3069 1149 3366 1205 immutatis
3386 1153 3623 1209 auctoris
3653 1155 3854 1225 verbis,

2259 1235 2400 1293 illius
2425 1237 2758 1296 aceurralius
2799 1242 2999 1296 servari
3027 1242 3365 1300 antitheses?
3411 1244 3516 1302 Sed
3546 1247 3695 1304 nefas
3724 1265 3856 1317 pro-

2259 1330 2346 1388 cul
2375 1329 2540 1387 dubio
2581 1340 2667 1387 est
2693 1333 2891 1389 veteris
2917 1336 3154 1392 auctoris
3183 1345 3388 1392 textum
3416 1337 3678 1395 levissima
3718 1355 3856 1397 eon-

2255 1423 2464 1494 jectura
2502 1424 2824 1492 immutare,
2871 1427 3041 1482 multo
3082 1427 3260 1482 minus
3289 1439 3616 1500 praepostera
3656 1433 3859 1488 immu-

2264 1515 2465 1571 tatione
2495 1532 2714 1572 sensum
2747 1517 2864 1588 ejus
2893 1517 2944 1572 in
2975 1518 3138 1573 alium
3167 1519 3488 1590 detorquere
3515 1521 3670 1590 plane
3693 1537 3864 1594 oppo-

2262 1609 2422 1663 situm
2447 1651 2462 1676 ,
2505 1618 2560 1664 et
2602 1611 2656 1664 in
2686 1626 2808 1666 eum
2831 1651 2847 1678 ,
2879 1627 3037 1682 quem
3069 1613 3345 1684 impugnat
3368 1655 3382 1678 ,
3429 1629 3692 1671 errorem.
3724 1616 3861 1672 Nam

2262 1698 2656 1768 Tertullianus,
2709 1702 2785 1756 uti
2828 1702 3026 1757 aﬂ‘atim
3059 1704 3341 1774 probatum
3381 1713 3492 1772 est,
3525 1707 3864 1779 apertissime

564 1793 752 1866 gradu,
788 1793 837 1848 id
863 1802 976 1860 est,
1001 1806 1107 1848 non
1141 1800 1331 1847 natura
1358 1834 1369 1856 ,
1401 1791 1496 1846 sed
1527 1805 1756 1862 persona
1779 1833 1792 1860 ,
1825 1808 1944 1864 qua:
1969 1792 2160 1849 ordine
2190 1805 2240 1864 Β
2263 1793 2422 1850 docet
2449 1793 2642 1849 Filium
2676 1795 2767 1850 Dei
2786 1797 2995 1851 modulo
3017 1806 3070 1853 et
3096 1799 3282 1869 gradu,
3311 1799 3421 1855 sive
3443 1815 3674 1871 persona
3701 1803 3862 1860 alium

563 1886 798 1942 secunda
828 1885 1192 1956 distinguitur,
1213 1895 1375 1955 atque
1410 1883 1510 1938 bac
1525 1885 1869 1941 distinctione
1890 1900 2008 1941 esse
2035 1885 2157 1957 qui-

563 1980 684 2035 dem
708 1979 843 2034 duos
862 2021 876 2046 ,
921 1979 1038 2034 sive
1063 1975 1195 2034 duas
1220 1991 1507 2047 personas,
1536 1992 1564 2030 a
1591 1992 1651 2033 se
1679 1978 1908 2033 invicem
1937 1977 2161 2034 distinc-

565 2080 648 2126 tas
669 2113 682 2135 ,
715 2071 810 2126 sed
849 2069 985 2125 duos
1033 2068 1174 2124 Deos
1199 2068 1304 2124 diei
1341 2083 1445 2124 non
1486 2082 1683 2140 posse;
1717 2071 1838 2139 quia
1860 2068 2045 2126 eadem
2078 2079 2161 2126 est

447 2237 465 2251 κ
564 2163 845 2233 utriusque
891 2162 1224 2230 substantia,
1273 2170 1328 2217 et
1377 2161 1577 2216 idcirco
1622 2162 1782 2217 ambo
1833 2177 1971 2217 unus
2020 2161 2162 2218 Deus

569 2256 730 2329 (Ibid.
751 2273 867 2327 cap.
895 2253 977 2328 2).

637 2349 822 2421 Neque
853 2347 1055 2404 dixeris
1075 2347 1147 2403 ibi
1173 2347 1334 2404 taceri
1361 2361 1604 2418 persona:
1627 2361 1842 2402 nomen.
1869 2345 2002 2400 Nam
2034 2343 2163 2400 illud

567 2443 668 2498 liae
697 2442 875 2497 Patris
902 2450 956 2497 et
999 2440 1115 2496 Filii
1161 2441 1505 2496 distinctione
1548 2440 1679 2495 satis
1722 2439 2161 2512 subintelligitur.

567 2535 702 2604 Quia
728 2534 872 2589 enim
905 2547 1065 2588 unam
1113 2533 1246 2587 dixit
1275 2546 1395 2587 esse
1439 2530 1714 2601 utriusque
1733 2539 1976 2585 naturam
2007 2572 2022 2598 ,
2051 2530 2164 2584 sola

566 2627 828 2683 duntaxat
895 2640 1121 2696 persona
1188 2623 1444 2696 distingui
1499 2632 1554 2678 et
1596 2622 1702 2678 duo
1747 2637 1869 2678 esse
1913 2632 2160 2692 possunt.

568 2721 1011 2777 Deinde-nomen
1053 2734 1318 2790 personae,
1354 2719 1458 2774 hoc
1499 2718 1614 2790 ipso
1655 2732 1762 2788 quo
1785 2732 1926 2772 nunc
1968 2717 2168 2772 utimur

567 2815 891 2886 signiﬁcatu,
916 2815 966 2868 in
989 2813 1180 2869 eodem
1201 2813 1457 2868 adversus
1482 2811 1737 2866 Praxeam
1755 2809 1892 2864 libro
1914 2811 2165 2878 sumitur,

569 2910 710 2966 sicut
735 2925 796 2965 ex
822 2909 954 2964 locis
982 2908 1118 2964 infra
1152 2907 1390 2964 eitaudis
1410 2907 1813 2964 evidentissimc
1838 2905 2058 2976 patebit.

643 3005 733 3069 At,
767 3018 875 3057 non
905 3002 1078 3057 solum
1112 3001 1371 3057 adversus
1398 3000 1658 3056 Praxeam
1685 3042 1698 3065 ,
1732 2998 1827 3054 sed
1877 2997 2038 3053 etiam
2069 2996 2169 3052 ad-

571 3112 761 3153 versus
809 3095 1151 3152 Valentinum
1193 3097 1358 3150 alium
1417 3095 1729 3150 litereticum
1780 3091 1918 3147 hanc
1945 3090 2013 3146 de
2056 3089 2169 3145 dis-

2263 1901 2386 1942 esse
2409 1902 2439 1940 a
2471 1887 2635 1943 Patre
2655 1902 2785 1955 suo,
2839 1888 2934 1944 sed
2965 1905 3128 1944 unum
3157 1900 3212 1945 et
3248 1890 3496 1946 eumdem
3528 1893 3824 1949 substantia
3844 1937 3861 1963 ,

2263 1987 2320 2033 et
2340 1978 2510 2034 idireo
2530 1978 2664 2034 duas
2691 1993 2812 2036 esse
2843 1995 3101 2052 personas
3131 1981 3446 2052 distinctas,
3493 2001 3656 2040 unum
3686 1996 3863 2043 tamen

2265 2072 2456 2128 Deum.
2475 2071 2763 2144 Utriusque
2781 2089 2908 2145 ergo
2935 2090 3178 2146 persona:
3202 2091 3232 2132 a
3259 2091 3318 2132 se
3345 2078 3569 2134 invicem
3598 2080 3865 2138 distincta:

2265 2180 2552 2222 numerum
2576 2172 2836 2226 alternum
2858 2169 3076 2224 Iaciunt.

2338 2257 2606 2313 Prmterea
2647 2259 2732 2314 ille
2765 2259 2936 2329 palam
2960 2300 2975 2327 ,
3017 2261 3474 2331 quemadmodum
3517 2263 3570 2318 in
3619 2266 3866 2338 sequenti

2265 2348 2494 2404 articulo
2519 2349 2825 2406 videbimus
2845 2395 2858 2417 ,
2903 2367 3024 2407 cum
3071 2364 3182 2409 tota
3214 2354 3452 2411 Ecclesia
3475 2357 3740 2414 catholica
3771 2360 3866 2416 de-

2267 2443 2434 2498 clarat
2477 2451 2588 2498 tres
2615 2458 2737 2499 esse
2782 2444 2835 2499 in
2881 2447 3223 2502 sanctissima
3271 2447 3536 2506 Trinitate
3583 2467 3864 2520 personas.

2267 2533 2397 2590 Jure
2423 2534 2588 2604 igitur
2634 2536 2830 2592 merito
2856 2537 2990 2592 dixit
3037 2539 3228 2594 Filium
3260 2539 3355 2596 Dei
3387 2542 3596 2596 modulo
3615 2544 3866 2600 alternum

2269 2642 2390 2683 cum
2422 2629 2581 2686 Patre
2605 2644 2704 2685 suo
2753 2647 3020 2686 numerum
3048 2631 3249 2690 facere.
3278 2634 3396 2690 Jam
3428 2636 3568 2690 enim
3616 2653 3737 2693 eum
3780 2639 3865 2694 di-

2269 2732 2482 2778 centem
2515 2725 2819 2782 audivimus
2851 2745 2863 2780 :
2892 2725 3014 2781 Non
3035 2715 3106 2782 esi
3132 2729 3264 2784 idem
3301 2727 3460 2784 Pater
3479 2739 3526 2784 et
3554 2730 3602 2784 F
3605 2731 3720 2786 ilius
3753 2749 3868 2788 mo-

2270 2815 2427 2884 dulo,
2461 2816 2514 2872 id
2559 2827 2675 2884 est,
2723 2834 2790 2874 eo
2858 2820 3173 2889 prolationis
3241 2821 3435 2886 modo,
3489 2838 3594 2894 quo
3642 2823 3871 2882 Filiusa

2272 2909 2431 2966 Patre
2485 2911 2720 2982 prodit-it
2783 2911 3001 2985 (Idem,
3035 2912 3123 2966 tib.
3177 2913 3292 2968 adu.
3340 2912 3556 2982 Praxe.,
3614 2933 3729 2986 cap.
3783 2919 3865 2988 8).

2273 3003 2442 3058 Filius
2468 3021 2596 3074 ergo
2643 3021 2764 3060 cum
2798 3005 2956 3060 Patre
3001 3020 3284 3061 numerum
3335 3005 3458 3062 facit
3499 3009 3784 3078 alternum,
3814 3011 3870 3066 id

2274 3105 2386 3162 est,
2421 3105 2644 3168 uterque
2673 3098 2832 3152 Pater
2881 3107 2934 3153 et
2963 3097 3128 3154 Filius
3174 3099 3472 3154 alternatim
3524 3102 3870 3173 vicissimque

573 3190 735 3246 tincta
755 3189 874 3244 Filii
899 3189 1178 3260 Patrisque
1206 3202 1454 3260 persona,
1480 3187 1573 3243 sed
1598 3201 1698 3241 una
1719 3185 1994 3254 utriusque
2011 3182 2170 3238 subs-
2200 3200 2244 3263 ρ
2279 3187 2504 3242 duarum
2548 3204 2901 3261 personarum
2953 3206 3236 3246 numerum
3283 3189 3499 3247 faciunt.
3554 3193 3870 3251 Tertulliani

575 3283 741 3339 tantia
767 3282 1070 3338 doctrinam
1105 3290 1305 3337 tutatur
1325 3293 1389 3335 ac
1412 3288 1733 3352 propugnat.
1761 3278 1874 3333 Duo
1894 3275 2172 3332 enimvero

574 3389 724 3436 erant
757 3376 1024 3432 Valentini
1047 3390 1260 3433 errores
1283 3416 1297 3439 ,
1345 3389 1480 3444 quos
1507 3373 1597 3428 ille
1628 3373 1709 3426 bis
1736 3371 2022 3442 descripsit
2048 3385 2172 3424 ver-

574 3470 662 3526 bis
694 3489 705 3522 :
753 3469 1054 3524 Valentinus
1082 3467 1318 3538 probatas
1347 3483 1465 3520 suas
1489 3508 1502 3532 ,
1534 3465 1586 3519 id
1614 3473 1728 3532 est,
1753 3465 1961 3519 divinas
1990 3462 2173 3533 prola-

576 3564 790 3630 tiones,
843 3563 1084 3617 discernit
1129 3574 1176 3617 et
1226 3571 1465 3632 separat,
1496 3571 1538 3616 et
1590 3562 1663 3614 ita
1716 3561 1866 3632 longe
1909 3561 2089 3629 partit,
2120 3568 2176 3612 ut

579 3653 725 3710 Adon
783 3653 996 3708 Patrem
1067 3655 1258 3708 nesciat
1303 3655 1321 3726 (
1365 3653 1503 3708 Ibid.
1553 3669 1668 3722 cap.
1715 3652 1821 3722 8).
1867 3651 2175 3708 Secundum

581 3758 766 3804 autem
815 3746 957 3802 hunc
999 3762 1270 3812 errorem,
1307 3746 1375 3801 de
1415 3745 1590 3801 Aione
1627 3744 1840 3799 Palrem
1880 3744 2175 3810 nesciente,

583 3844 777 3902 refellit
819 3843 1044 3899 Joannis
1088 3843 1452 3915 Evangelistm
1498 3846 1764 3900 auctorite
1794 3862 1806 3898 :
1841 3843 1992 3912 Apud
2047 3859 2174 3908 nos,

585 3937 799 4008 inquit,
850 3937 990 3993 solus
1022 3936 1192 3992 Filius
1239 3937 1451 3992 Patrem
1493 3938 1662 4004 novit,
1713 3948 1758 3993 et
1791 3939 1959 3993 sinum
2002 3935 2179 3993 Patris

589 4031 699 4104 ipse
719 4031 970 4102 exposuit.
1006 4030 1142 4086 Tum
1174 4029 1371 4086 deinde
1418 4030 1652 4101 primum
1703 4030 1967 4086 Valentini
1997 4031 2065 4086 de
2092 4045 2182 4087 sc-

584 4124 787 4194 paratis
829 4122 1026 4178 divinis
1056 4122 1443 4195 prolationibus
1468 4138 1708 4180 errorem
1728 4165 1745 4192 ,
1796 4121 1881 4180 his
1904 4166 1919 4191 ,
1953 4139 2085 4194 qua:
2113 4125 2182 4181 ad

584 4217 919 4287 propositum
953 4213 1194 4274 nostrum
1226 4218 1394 4290 magis
1443 4218 1681 4287 faciunt,
1728 4219 1906 4276 verbis
1949 4222 2179 4276 evertit:

593 4309 776 4366 Sermo
804 4315 923 4366 etin
954 4311 1113 4366 Patre
1137 4329 1334 4385 semper
1353 4355 1367 4379 ,
1391 4314 1522 4368 sicut
1546 4314 1674 4368 dixit
1706 4332 1718 4369 :
1752 4313 1864 4386 Ego
1894 4315 1947 4370 in
1981 4314 2182 4384 Patre;

585 4414 632 4458 et
654 4404 793 4475 apud
808 4403 974 4460 Deum
994 4421 1210 4475 semper,
1235 4407 1363 4460 sicut
1380 4397 1625 4478 scriptum
1653 4419 1724 4462 est
1754 4427 1766 4463 :
1793 4407 1861 4461 Et
1878 4407 2060 4464 Sermo
2077 4419 2185 4464 erat

589 4499 730 4573 apud
754 4501 938 4555 Deum.
968 4500 1036 4555 Et
1057 4517 1314 4573 nunquam
1339 4511 1604 4572 separatus
1632 4520 1664 4556 a
1707 4501 1868 4558 Patre
1892 4546 1907 4571 ,
1939 4513 2027 4558 aut
2053 4504 2186 4558 alius

2277 3290 2455 3336 autem
2487 3281 2630 3338 hunc
2661 3298 2782 3340 esse
2812 3299 3029 3339 sensum
3070 3286 3248 3357 colligi
3305 3286 3444 3342 haud
3475 3288 3652 3358 inepte
3695 3297 3874 3358 potest

2279 3371 2362 3426 IIIS
2389 3373 2509 3444 ejus
2557 3375 2610 3428 in
2641 3375 2832 3431 eodem
2865 3376 3001 3432 libro
3028 3377 3241 3434 verbis:
3286 3377 3445 3433 Pater
3475 3377 3670 3433 Filium
3717 3381 3871 3450 facit,

2279 3477 2324 3520 et
2359 3466 2572 3522 Patrem
2595 3467 2784 3523 Filius.
2809 3469 2873 3522 Et
2897 3471 2982 3540 qui
2999 3486 3060 3525 ea:
3075 3471 3319 3525 alterutro
3347 3471 3476 3540 fiunt
3499 3513 3512 3537 ,
3541 3489 3572 3525 α
3599 3473 3877 3543 semetipsis

2279 3560 2374 3614 sibi
2426 3561 2536 3629 ﬁeri
2570 3562 2866 3616 nullomodo
2899 3573 3143 3634 possunt,
3191 3573 3245 3616 ut
3275 3561 3433 3618 Pater
3460 3581 3514 3619 se
3562 3565 3656 3619 sibi
3681 3563 3878 3619 Filium

2281 3656 2460 3725 faciat,
2489 3667 2536 3710 et
2567 3655 2734 3710 Filius
2761 3673 2812 3710 se
2833 3657 2931 3711 sibi
2962 3654 3316 3711 Patrem......
3345 3655 3546 3712 Ilabeat
3581 3675 3779 3713 necesse
3805 3668 3878 3714 est

2288 3747 2440 3806 Patet
2465 3747 2680 3815 Filium,
2701 3761 2754 3802 ut
2770 3748 2927 3803 Pater
2950 3750 3034 3816 sit,
3057 3761 3102 3804 et
3118 3749 3284 3804 Filius
3303 3747 3532 3817 Patrem,
3552 3760 3606 3804 ut
3631 3749 3676 3803 F
3680 3751 3795 3804 ilius
3814 3750 3881 3805 sit

2283 3839 2470 3910 (Ibid.,
2503 3857 2618 3911 cap.
2647 3840 2758 3913 10).
2789 3841 3028 3921 Audjsne
3057 3860 3214 3914 quam
3240 3844 3538 3899 luculenter
3571 3844 3657 3898 ille
3686 3843 3884 3898 doceat

2284 3931 2497 3988 Patrem
2540 3943 2594 3989 et
2639 3934 2836 3990 Filium
2883 3937 2960 3990 sic
3002 3936 3140 3992 inter
3186 3952 3244 3992 se
3290 3935 3540 4006 componi
3571 3977 3583 4001 ,
3614 3946 3670 3990 ut
3722 3935 3884 3990 Pater

2283 4041 2406 4079 cum
2434 4025 2592 4095 Filio,
2619 4041 2679 4081 ac
2710 4027 2945 4086 vicissim
2968 4029 3137 4085 Filius
3163 4046 3283 4086 cum
3315 4029 3472 4085 Patre
3493 4043 3774 4084 numerum
3802 4028 3885 4082 al-

2287 4130 2494 4177 ternum
2525 4120 2756 4177 faciant?

2361 4214 2580 4282 Verum,
2611 4217 2734 4286 quia
2778 4217 3040 4272 inﬁnitum
3068 4227 3151 4273 est
3202 4219 3340 4273 inter
3368 4217 3615 4274 homines
3637 4225 3692 4271 et
3715 4216 3882 4270 Deum

2288 4307 2616 4373 discrimen,
2651 4307 2774 4364 hinc
2797 4310 3018 4366 minime
3047 4309 3355 4366 dubitanter
3380 4318 3659 4364 asseverat
3685 4308 3884 4362 Filium

2290 4401 2382 4456 Dei
2410 4401 2571 4456 alimn
2602 4417 2722 4459 esse
2742 4419 2770 4458 a
2813 4403 2971 4459 Patre
2998 4404 3162 4473 gradu
3193 4402 3442 4474 quidem,
3477 4403 3565 4457 sed
3591 4418 3690 4456 non
3715 4411 3884 4465 statu,

2291 4493 2394 4550 hoc
2421 4505 2538 4562 est,
2571 4496 2713 4550 illum
2773 4510 2866 4550 sua
2919 4495 3268 4566 generatione
3317 4509 3438 4549 esse
3481 4494 3644 4548 alium
3696 4491 3882 4563 gradu,

589 4611 621 4648 a
649 4593 837 4661 Patre,
863 4597 987 4664 quia
1017 4593 1129 4667 ligo
1155 4606 1200 4650 et
1246 4595 1401 4649 Pater
1443 4613 1596 4652 unum
1649 4613 1844 4652 sunms.
1875 4597 2003 4654 Inde
2054 4611 2171 4653 vert

2291 4602 2386 4642 seu
2446 4587 2640 4643 ordine
2710 4587 3003 4643 secundum
3055 4587 3264 4659 (Ibid.,
3321 4603 3437 4656 cap.
3477 4585 3514 4640 2
3544 4587 3598 4657 ),
3656 4594 3714 4640 ιιι
3763 4594 3890 4654 pote

589 4689 861 4746 concludit
892 4689 1032 4746 hunc
1062 4705 1364 4746 sermonem
1390 4690 1694 4760 Filiumque
1721 4691 1811 4746 Dei
1842 4707 1870 4745 a
1912 4691 2070 4746 Patre
2089 4705 2188 4747 suo

591 4798 713 4838 esse
741 4782 1086 4849 distinctum,
1113 4783 1235 4854 quia
1265 4783 1333 4838 ab
1353 4797 1419 4838 eo
1465 4783 1699 4854 prodivit
1718 4799 1780 4840 ac
1805 4786 2047 4855 prolatus
2067 4795 2187 4853 est;

593 4873 688 4929 sed
719 4875 786 4929 ab
813 4890 877 4929 eo
906 4890 1010 4930 non
1041 4875 1300 4945 separari,
1326 4875 1754 4946 quandoquidem
1786 4893 1886 4930 una
1912 4876 2190 4948 utriusque

594 4976 679 5023 est
707 4976 914 5022 natura.
946 4968 1084 5035 Quin
1113 4969 1271 5024 etiam
1306 4968 1461 5038 paulo
1513 4979 1632 5038 post
1667 4967 1864 5037 adjecit
1893 4986 1906 5021 z
1941 4967 2064 5023 Non
2104 4969 2189 5022 di-

594 5060 826 5114 uersitate
849 5059 1011 5114 alium
1037 5077 1140 5114 esse
1183 5058 1379 5113 Filium
1405 5076 1436 5111 τι
1462 5059 1622 5114 Patre
1641 5101 1654 5126 ,
1682 5061 1770 5114 sed
1801 5060 2191 5125 distributione;

597 5167 686 5206 nec
715 5151 958 5206 divisione
984 5151 1144 5204 alium
1169 5193 1180 5213 ,
1213 5153 1302 5204 sed
1327 5151 1679 5216 distinctione;
1703 5152 1820 5222 quia
1842 5169 1942 5206 non
1970 5153 2031 5207 sit
2057 5152 2195 5207 idem

597 5244 759 5302 Pater
807 5255 853 5300 et
923 5245 1111 5311 Filius,
1143 5245 1219 5299 vel
1259 5243 1466 5298 modulo
1526 5243 1658 5298 alius
1711 5243 1772 5296 ab
1822 5245 1924 5299 alio
1977 5244 2191 5316 (Ibid.).

596 5339 670 5393 At
706 5351 848 5393 nunc
896 5335 1295 5392 animadvertas
1334 5335 1492 5390 velim
1542 5333 1731 5389 Filium
1760 5335 1850 5390 Dei
1893 5335 1959 5390 ab
1998 5351 2064 5391 eo
2089 5335 2195 5391 dici

597 5430 763 5486 alium
790 5445 819 5484 a
847 5429 1024 5498 Patre,
1054 5438 1107 5486 et
1135 5444 1240 5485 non
1276 5427 1472 5494 alium,
1502 5427 1747 5483 videlicet
1777 5428 1939 5483 alium
1983 5444 2012 5481 a
2036 5428 2195 5484 Patre

597 5539 828 5596 persona
849 5565 864 5591 ,
897 5533 950 5580 et
977 5523 1272 5580 substantia
1300 5537 1404 5578 non
1429 5521 1624 5593 alium,
1655 5523 1776 5594 quia
1804 5523 1917 5577 Inec
1939 5523 2194 5579 substan-

597 5619 670 5675 tia
699 5619 752 5673 in
775 5627 1002 5688 utroque
1030 5619 1189 5690 plane
1215 5617 1403 5674 eadem
1428 5626 1532 5673 est.

671 5710 802 5767 Cum
835 5709 993 5780 igitur
1032 5709 1200 5766 Filius
1231 5726 1259 5764 a
1287 5711 1444 5766 Patre
1471 5725 1570 5766 suo
1602 5710 1669 5766 sit
1714 5711 2000 5766 distinctus
2022 5751 2036 5776 ,
2064 5709 2188 5781 quia

602 5799 722 5854 duae
750 5811 876 5856 sunt
896 5801 948 5856 in
975 5817 1078 5857 una
1101 5801 1394 5871 eademque
1421 5801 1715 5860 substantia
1736 5816 2012 5877 personae,
2047 5811 2194 5859 recte

2293 4679 2530 4750 genitura
2562 4695 2592 4734 a
2637 4679 2797 4736 Patre
2819 4723 2832 4745 ,
2863 4679 2957 4734 sed
3008 4695 3114 4734 non
3151 4689 3286 4733 statu
3308 4721 3322 4745 ,
3354 4679 3549 4746 idest,
3606 4695 3710 4733 non
3758 4676 3888 4732 sub-

2300 4772 2494 4827 stantia
2525 4787 2588 4826 ae
2619 4781 2829 4840 natura,
2850 4788 2970 4842 quae
2994 4787 3094 4826 una
3127 4771 3425 4841 eademque
3447 4771 3498 4824 in
3529 4771 3618 4825 illo
3649 4781 3703 4826 et
3733 4770 3894 4827 Patre

2295 4882 2393 4922 suo
2421 4876 2520 4921 est.
2572 4866 2676 4922 Sed
2707 4867 2787 4921 his
2817 4867 2960 4922 illius
2994 4867 3154 4922 dictis
3184 4881 3378 4922 novam
3427 4877 3576 4922 certe
3623 4867 3796 4922 lucem
3827 4881 3894 4922 ea

2296 4958 2520 5025 dabunt,
2552 4976 2671 5030 qua:
2701 4959 2769 5014 de
2797 4959 3038 5029 ejusdem
3070 4958 3191 5014 Filii
3218 4969 3272 5015 et
3291 4959 3525 5030 Spiritus
3554 4961 3734 5015 Sancti
3757 4959 3894 5014 divi-

2296 5053 2460 5106 nitate
2499 5067 2561 5106 ac
2588 5067 2744 5106 sacro
2773 5053 3052 5108 Trinitatis
3103 5053 3364 5125 mysterio
3421 5053 3509 5107 ille
3553 5051 3799 5120 tradidit,
3833 5060 3896 5108 et

2297 5163 2327 5202 a
2352 5147 2502 5203 nobis
2526 5147 2636 5219 jam
2664 5147 2943 5203 enodanda
2968 5146 3411 5218 explanandaque
3439 5155 3578 5202 sunt.

2895 5278 3050 5318 ARTIC
3060 5278 3192 5319 ULUS
3233 5280 3312 5319 Ill.

2303 5381 2471 5449 Quam
2509 5381 2693 5437 diserte
2731 5380 3078 5436 Tertullianus
3101 5380 3440 5436 orthodoxam
3469 5380 3642 5435 adhuc
3671 5378 3732 5433 de
3760 5377 3890 5433 Filii

2375 5473 2490 5541 Dei,
2510 5490 2601 5528 nec
2627 5491 2728 5529 non
2750 5475 2978 5545 Spiritus
3013 5476 3174 5530 sancti
3195 5460 3455 5528 divinitate
3492 5490 3555 5528 ac
3581 5490 3726 5529 sacro
3775 5470 3895 5526 Tri-

2374 5571 2548 5624 nitatis
2573 5570 2810 5641 mysterio
2836 5569 3122 5625 doctrinam
3149 5569 3371 5640 explicet
3399 5585 3461 5622 ac
3488 5567 3730 5622 vindicet.

2376 5707 2736 5764 Tertullianus
2765 5722 2870 5763 non
2918 5707 2982 5764 iis
3037 5715 3241 5762 tantum
3303 5721 3424 5776 qua:
3452 5704 3735 5760 retulimus
3756 5743 3772 5769 ,
3804 5699 3902 5756 sed

2305 5799 2424 5858 aliis
2450 5800 2622 5856 adhuc
2647 5800 2888 5872 pluribus
2919 5800 2969 5856 in
3003 5799 3154 5868 locis,
3185 5798 3502 5855 catholicam
3549 5796 3617 5853 dc
3644 5806 3894 5866 suprema
