4198 6260
241 338 355 400 829

1384 329 1840 391 DISSERTATIO
1878 329 1944 388 D.
1976 329 2066 388 LE
2103 329 2415 389 NOURRY.

3443 326 3559 392 830

243 442 371 513 Filii
391 455 487 513 Dei
511 452 818 525 Christique
847 449 1065 507 Domini
1084 447 1365 506 divinitate
1387 448 1707 506 sententiam
1732 454 1841 503 tam
1870 449 1925 511 Α
1947 461 2063 501 cum
2096 445 2300 517 Spiritu
2331 451 2506 500 sancto
2523 442 2802 500 secundum
2828 443 3077 498 rationem
3102 442 3413 507 oeconomica,
3434 453 3551 515 qute

243 557 621 607 asseveranter
651 559 813 617 quam
843 543 1128 616 perspicue
1160 550 1344 598 tuetur
1372 556 1436 599 ac
1466 541 1718 599 vindicat.
1738 540 1847 598 Sed

243 643 369 712 quia
393 641 447 698 in
468 642 534 698 iis
558 638 878 697 catholicum
901 650 1115 708 quoque
1144 635 1213 692 de
1239 635 1472 706 Spiritus
1492 635 1674 693 Sancti
1704 635 1845 691 divi-

244 736 414 791 nitate
448 748 509 790 ac
558 731 913 789 sanctissima:
934 729 1211 785 Trinitatis
1239 728 1498 802 mysterio
1525 726 1715 800 dogma
1740 742 1847 783 non

244 828 424 883 minus
462 825 663 883 diserte
684 821 885 880 asserit
910 830 965 878 et
997 820 1285 893 praedicat,
1317 818 1447 875 illud
1471 819 1758 892 separatim
1791 820 1845 875 in

245 920 350 977 hoc
377 918 607 976 articulo
633 915 1010 989 exponendum
1041 929 1163 971 csse
1193 913 1466 972 duximus.
1492 914 1728 969 Primum
1748 915 1848 971 ita-

244 1026 351 1084 que
394 1022 579 1067 contra
612 1010 870 1066 Praxeam
920 1006 1370 1078 patripassianum
1396 1048 1411 1074 ,
1455 1006 1543 1078 qui
1595 1005 1845 1063 eumdem

246 1107 459 1163 Patrem
487 1114 547 1165 et
570 1103 766 1160 Filium
812 1102 905 1158 Dei
930 1116 1053 1158 esse
1076 1099 1351 1156 et‘t‘utiebat
1371 1141 1387 1168 ,
1412 1099 1527 1155 hzec
1550 1099 1618 1155 de
1658 1098 1840 1155 Trini-

248 1198 372 1253 tatis
419 1196 718 1269 mysterio,
773 1195 941 1250 tribus
970 1192 1222 1249 videlicet
1269 1192 1465 1247 divinis
1519 1191 1768 1263 personis
1792 1200 1847 1249 et

246 1308 349 1348 una
379 1292 673 1362 eademque
713 1304 898 1345 earum
932 1297 1144 1354 natura,
1173 1287 1396 1343 ﬁrmiter
1428 1286 1695 1343 credenda
1725 1301 1846 1344 esse

245 1382 485 1439 declarat
508 1399 521 1438 :
546 1381 895 1447 Custodiatur,
922 1377 1114 1450 inquit,
1137 1379 1430 1434 oeconomia:
1446 1388 1843 1448 sacramentum,

243 1492 358 1547 qua:
378 1478 621 1531 unitatem
653 1476 704 1530 in
727 1474 1034 1529 Trinitatem
1061 1473 1324 1544 disponit,
1348 1483 1449 1529 tres
1474 1474 1716 1546 dirigens,
1745 1473 1847 1529 Pa-

245 1578 372 1623 trem
392 1609 411 1636 ,
439 1577 487 1623 et
513 1567 710 1623 Filium
729 1609 745 1634 ,
766 1576 812 1623 et
843 1564 1101 1636 Spiritum
1123 1574 1356 1620 sanctum
1380 1582 1398 1620 :
1421 1574 1521 1623 tres
1544 1576 1716 1622 autem
1743 1583 1849 1624 non

240 1671 413 1730 statu,
435 1662 526 1717 sed
554 1661 754 1733 gradu;
776 1676 865 1715 nec
892 1658 1202 1724 substantia,
1230 1659 1319 1713 sed
1340 1658 1545 1728 forma;
1565 1676 1654 1715 nec
1680 1668 1846 1731 potes-

243 1764 347 1810 tate
373 1794 388 1821 ,
413 1754 504 1809 sed
532 1752 731 1824 specie;
759 1752 911 1806 utrius
948 1761 1118 1807 autem
1142 1750 1439 1806 substantia:
1461 1792 1478 1817 ,
1499 1760 1547 1805 et
1574 1752 1723 1809 unius
1746 1753 1846 1807 stti-

1952 537 2076 611 facit
2106 553 2404 602 numerum,
2441 553 2504 593 ne
2544 545 2602 591 ut
2644 544 2807 591 vestra
2831 534 3128 606 perversitas
3170 534 3358 606 infert,
3389 533 3550 591 Pater

1951 630 2060 701 ipse
2113 630 2353 685 credatur
2405 640 2554 684 natus
2600 639 2647 685 et
2696 645 2914 701 passus,
2963 628 3101 699 quod
3126 645 3229 684 non
3271 629 3385 684 licet
3438 645 3549 685 creo

1950 724 2025 791 di,
2046 725 2286 796 quoniam
2314 741 2415 779 non
2464 725 2538 778 ita
2572 722 2816 777 traditum
2867 731 2943 777 est
2972 723 2993 793 (
3020 720 3183 787 Ibid.,
3235 739 3352 792 cap.
3401 722 3470 779 1'5
3504 725 3547 792 ).

1950 814 2082 872 Cum
2113 825 2292 872 autem
2314 815 2405 870 ille
2431 815 2546 869 haec
2573 815 2872 880 scriberet,
2900 818 3009 883 jam
3054 812 3328 870 defecerat
3348 813 3417 870 ab
3449 813 3550 870 Ec-

1951 909 2116 965 clesia
2155 907 2416 963 catholica
2464 908 2533 961 ad
2586 904 3029 962 Montanistarum
3071 921 3321 974 errores,
3352 913 3406 962 et
3448 904 3551 960 ab-

1943 990 2170 1058 surdum
2200 1000 2318 1057 falsi
2338 998 2603 1056 Paracleti
2624 1008 2988 1055 commentum
3018 998 3324 1055 imbiberat.
3351 998 3550 1055 Sanam

1950 1104 2133 1152 tamen
2162 1101 2219 1149 et
2266 1091 2623 1149 orthodoxam
2676 1091 2745 1147 de
2790 1090 3070 1147 Trinitatis
3107 1092 3362 1163 mysterio
3390 1089 3551 1147 ﬁdem

1948 1186 2149 1244 diserte
2175 1186 2372 1242 asserit
2417 1173 2482 1240 ac
2526 1190 2725 1240 tuetur.
2757 1181 2891 1252 Quis
2938 1199 3069 1255 ergo
3095 1184 3312 1255 negabit
3358 1198 3548 1239 verum

1949 1293 2071 1334 esse
2101 1277 2206 1334 hoc
2236 1277 2566 1349 praecipuum
2598 1274 2910 1331 christiana:
2939 1275 3214 1347 religionis
3258 1274 3553 1331 documen-

1951 1380 2097 1438 tum,
2126 1370 2268 1442 quod
2323 1369 2413 1426 ille
2436 1384 2775 1440 quocumque
2822 1369 2875 1423 in
2906 1375 3050 1423 statu
3072 1409 3087 1436 ,
3128 1382 3193 1423 ac
3238 1384 3333 1440 per
3384 1377 3550 1425 totam

1947 1464 2136 1531 vitam,
2160 1472 2266 1518 tam
2313 1471 2624 1518 constanter
2651 1462 3007 1532 propugnavit
3028 1502 3043 1528 ,
3074 1469 3128 1516 et
3156 1474 3187 1514 a
3232 1461 3361 1516 solis
3395 1461 3551 1533 plane

1949 1555 2253 1611 errantibus
2276 1554 2647 1625 impugnatum
2679 1551 2846 1608 fuiSse
2876 1552 3213 1608 testiﬁcatur.

2020 1647 2177 1705 Prius
2223 1649 2501 1704 enimvero
2552 1646 2683 1701 illud
2724 1646 2791 1701 ab
2837 1660 2904 1701 eo
2960 1645 3221 1716 scriptum
3282 1645 3549 1716 legimus:

1952 1738 2116 1808 Quale
2144 1753 2215 1795 est
2236 1749 2291 1794 ut
2320 1738 2457 1795 Deus
2478 1738 2777 1793 divisionem
2802 1747 2848 1791 et
2872 1737 3239 1808 dispersionem
3257 1738 3361 1807 pati
3380 1738 3553 1793 videa-

245 1856 325 1901 tus
348 1886 365 1910 ,
396 1854 449 1899 et
493 1844 646 1899 unius
683 1843 945 1915 potestatis
970 1859 987 1909 ;
1012 1844 1133 1913 quia
1177 1859 1307 1898 unus
1337 1841 1479 1898 Deus
1500 1883 1512 1907 .
1561 1860 1627 1899 ea:
1672 1860 1772 1916 quo
1796 1852 1846 1900 et
1873 1847 1923 1909 Β
1951 1843 2034 1888 tur
2062 1833 2115 1891 in
2143 1832 2280 1888 Filio
2337 1843 2384 1888 et
2425 1832 2629 1903 Spiritu
2679 1841 2852 1887 sancto
2879 1873 2895 1899 ,
2946 1830 3227 1887 secundum
3274 1841 3321 1887 et
3347 1833 3553 1888 tertium

243 1937 435 2010 gradus
470 1936 587 2005 isti,
625 1945 673 1990 et
702 1938 917 2008 formas,
964 1944 1010 1989 et
1036 1936 1226 2007 species
1252 1937 1306 1989 in
1331 1935 1536 1990 nomine
1562 1934 1767 2010 Patris,
1794 1946 1844 1992 et

246 2006 375 2085 Filii
396 2070 415 2096 ,
441 2038 491 2084 et
516 2006 744 2099 Spiritus
768 2029 931 2083 sancti
956 2006 1271 2099 deputantur
1296 2026 1580 2101 (Tertull.,
1606 2006 1694 2082 lib.
1723 2029 1841 2084 adv.

246 2119 467 2188 Proca,
522 2116 771 2192 cap.2).
816 2117 1096 2184 Nemo‘est
1149 2129 1328 2176 autem
1382 2119 1472 2190 qui
1524 2134 1632 2176 non
1682 2119 1842 2175 intel-

245 2214 415 2285 ligat,
470 2212 687 2271 nomine
735 2221 935 2279 status,
984 2212 1124 2267 sicut
1175 2212 1226 2267 in
1291 2212 1570 2282 superiore
1619 2213 1845 2270 articulo

243 2305 589 2371 monuimus,
632 2303 777 2361 idem
802 2302 1089 2375 signiﬁcari
1136 2318 1198 2360 ac
1223 2303 1577 2359 subetantiam
1606 2313 1660 2360 et
1690 2313 1845 2361 natu-

246 2413 365 2454 ram
397 2397 521 2465 Dei;
549 2397 748 2473 gradus
774 2406 987 2466 autem,
1034 2397 1220 2453 formae
1260 2408 1317 2452 et
1360 2396 1559 2468 speciei
1615 2397 1844 2454 nomini-

243 2489 350 2553 bus
374 2531 393 2557 ,
422 2488 628 2547 divinas
668 2502 962 2563 personas,
1011 2497 1174 2560 atque
1220 2503 1408 2544 eorum
1452 2487 1695 2545 ordinem
1723 2529 1738 2554 ,
1790 2497 1845 2545 et

247 2582 517 2639 existendi
570 2583 809 2639 modum.
842 2581 1123 2639 Manifesta
1172 2581 1335 2653 igitur
1373 2583 1534 2639 docet
1585 2591 1694 2638 tres
1722 2597 1843 2640 esse

244 2674 598 2733 sanctissima:
642 2674 920 2730 Trinitatis
970 2689 1228 2744 personas
1254 2716 1271 2741 ,
1305 2690 1426 2745 qua:
1451 2691 1716 2730 numerum
1736 2676 1844 2731 sine

245 2765 491 2821 diuisione
510 2766 798 2837 patiuntur,
826 2765 921 2822 sed
947 2781 1104 2837 unam
1127 2765 1480 2838 eamdemque
1508 2781 1631 2825 esse
1655 2782 1841 2823 earum

245 2860 620 2919 substantiam.

317 2954 509 3011 Postea
534 2968 663 3010 vero
689 2953 831 3009 hanc
870 2952 1153 3009 catholicae
1196 2952 1455 3009 Ecclesia:
1500 2953 1799 3011 doctrinam
1823 2995 1839 3021 ,

244 3055 430 3117 atque,
460 3056 517 3101 ut
545 3047 661 3118 ipse
687 3045 1043 3117 ait,regulam
1074 3044 1245 3101 fusius
1275 3044 1524 3116 hancque
1546 3046 1599 3101 in
1623 3045 1843 3101 modum

245 3144 464 3209 exponit
520 3154 585 3195 ac
633 3137 955 3197 conﬁrmat:
990 3135 1219 3192 Trinitas
1247 3152 1337 3208 per
1360 3146 1618 3192 consertes
1642 3146 1689 3191 et
1714 3152 1841 3191 con-

1945 1925 2135 1980 sortitis
2165 1924 2333 1979 locum
2360 1966 2376 1992 ,
2410 1937 2513 1978 tam
2540 1923 2859 1979 consortibus
2885 1922 3182 1978 substantiae
3208 1921 3403 1989 Patris,
3424 1940 3551 1995 quas

1946 2034 2048 2073 non
2093 2018 2287 2088 patitur
2336 2019 2389 2071 in
2457 2026 2529 2071 tot
2588 2015 2890 2089 angelorum
2944 2033 3157 2072 numero
3182 2056 3197 2082 ,
3242 2027 3289 2071 et
3345 2018 3551 2089 quidem

1947 2120 2053 2164 tant
2099 2125 2132 2163 a
2184 2108 2464 2164 substantia
2507 2109 2691 2165 alienis
2731 2107 2917 2183 (Ibid.
2946 2124 3075 2179 cap.
3099 2109 3133 2165 5
3168 2108 3234 2182 )‘t
3293 2107 3552 2183 lntelligis

1946 2200 2188 2273 profecto
2251 2210 2451 2273 quanta
2518 2199 2902 2273 perspicuitate
2955 2199 3131 2256 adhuc
3199 2202 3550 2272 pronuntiet,

1948 2295 2161 2352 Patrem
2189 2311 2219 2351 a
2249 2294 2387 2350 Filio
2418 2304 2477 2366 et
2506 2294 2709 2366 Spiritu
2756 2301 2945 2350 sancto
2990 2294 3068 2349 sic
3097 2308 3326 2364 persona
3357 2294 3549 2351 distin-

1944 2389 2057 2459 gui,
2088 2397 2143 2443 ut
2168 2385 2334 2443 Filius
2357 2396 2413 2443 et
2437 2388 2670 2459 Spiritus
2689 2396 2908 2442 sanctus
2928 2384 3223 2441 secundum
3250 2398 3303 2441 et
3332 2387 3549 2444 tertium

1946 2481 2121 2538 locum
2165 2480 2413 2537 habeant.
2446 2480 2610 2537 Plane
2642 2489 2817 2535 tamen
2842 2493 3171 2550 prorsusque
3196 2480 3471 2536 contendit
3495 2488 3552 2537 et

1945 2574 2199 2632 adﬁrmat
2227 2575 2431 2630 nullam
2462 2574 2602 2630 inter
2634 2589 2730 2630 eos
2758 2589 2883 2631 esse
2910 2574 3263 2642 divisionem,
3297 2586 3389 2631 aut
3432 2576 3548 2633 dis-

1948 2668 2251 2741 persionem
2275 2710 2290 2736 ,
2314 2667 2408 2724 sed
2434 2654 2677 2739 ejusdem
2718 2678 3002 2724 consortes
3038 2667 3358 2724 substantiae
3378 2710 3393 2735 ,
3426 2684 3547 2739 quae

1946 2760 2000 2817 in
2026 2760 2106 2816 eis
2136 2767 2241 2815 tam
2269 2775 2412 2828 una,
2443 2775 2603 2831 quam
2645 2760 2698 2815 in
2745 2760 2950 2831 angelis
2970 2801 2985 2827 ,
3012 2760 3405 2831 quantumlibet
3427 2777 3549 2832 per-

1947 2854 2133 2923 fectis,
2165 2853 2338 2910 divisa
2366 2865 2422 2910 et
2443 2864 2691 2926 separata
2718 2863 2823 2911 est.

2021 2947 2218 3003 Verum
2249 2946 2394 3002 nulla
2427 2946 2615 3016 procul
2663 2946 2828 3002 dubio
2858 2946 3228 3017 explicatione
3257 2946 3386 3003 illud
3411 2947 3548 3004 indi-

1945 3049 2036 3113 get
2054 3082 2070 3109 ,
2100 3040 2242 3113 quod
2263 3040 2332 3096 ab
2357 3038 2450 3094 illo
2477 3054 2584 3095 non
2613 3039 2791 3095 solum
2812 3041 3153 3109 apertissime
3182 3041 3544 3111 renuntiatur,

1946 3132 2043 3189 sed
2070 3132 2181 3203 ipsa
2212 3131 2375 3186 etiam
2402 3129 2661 3202 probatur
2683 3146 2853 3187 sacrae
2884 3131 3174 3203 Scriptura:
3202 3133 3541 3201 auctoritate,

244 3249 398 3287 nexos
436 3232 629 3304 gradus
671 3249 704 3287 a
736 3231 889 3286 Patre
914 3231 1187 3287 decurrens
1208 3271 1223 3296 ,
1270 3239 1319 3283 ‘et
1353 3229 1665 3285 mouarchite
1709 3229 1843 3285 nihil
1867 3240 1915 3304 ρ
1948 3238 2011 3279 ac
2039 3222 2122 3279 liis
2152 3221 2491 3294 potissimum
2536 3221 2758 3281 Joannis
2799 3222 3157 3294 Evangelisue
3189 3224 3399 3278 verbis:
3432 3222 3545 3296 Ego

241 3324 520 3395 obstrepit,
554 3334 602 3379 et
642 3323 937 3378 oeconomica
973 3330 1162 3376 statum
1208 3321 1444 3391 protegit.
1475 3318 1626 3375 Hanc
1650 3336 1731 3374 nte
1758 3337 1835 3375 re-

240 3419 420 3495 gulam
448 3419 751 3489 professum,
778 3419 897 3488 quia
915 3418 1236 3485 inseparatos
1260 3414 1324 3469 ab
1341 3415 1587 3469 alterutro
1606 3412 1834 3481 Patrem,

241 3519 290 3565 et
320 3508 517 3569 Filium
535 3551 550 3576 ,
579 3519 635 3565 et
653 3510 904 3582 Spiritum
927 3520 1161 3564 sanctum
1205 3517 1362 3564 testor
1380 3550 1396 3575 ,
1420 3517 1532 3563 tene
1557 3507 1769 3578 ubique,
1791 3514 1839 3561 et

247 3600 321 3657 ita
351 3611 401 3655 et
425 3601 679 3671 quomodo
705 3601 906 3656 dicatur
930 3616 1195 3672 agnosces.
1227 3598 1358 3654 Ecce
1380 3598 1515 3654 enim
1538 3598 1652 3653 dico
1678 3598 1839 3654 alium

241 3710 352 3749 esse
373 3693 583 3748 Patrem
604 3735 618 3760 ,
648 3704 694 3748 et
720 3692 879 3747 alium
910 3691 1129 3759 Filium,
1166 3702 1214 3746 et
1235 3692 1395 3745 alium
1417 3690 1669 3762 Spiritum
1690 3708 1840 3746 sanc-

246 3796 372 3841 tum.
416 3784 557 3840 Male
582 3785 766 3855 accipit
823 3785 1009 3840 idiotes
1052 3785 1266 3855 quisque
1312 3792 1401 3837 aut
1432 3798 1696 3854 perversus
1744 3785 1839 3837 hoc

253 3879 472 3944 dictum,
502 3879 647 3949 quasi
685 3879 1025 3957 diversitatem
1054 3886 1196 3932 sonet
1215 3919 1231 3944 ,
1264 3886 1311 3931 et
1354 3892 1419 3931 ea:
1443 3876 1740 3932 diversitate
1758 3893 1838 3931 se-

247 3975 566 4046 parationem
596 3973 867 4044 protendat
892 3972 1082 4038 Patris,
1112 3983 1160 4027 et
1187 3972 1346 4039 Filii,
1378 3983 1424 4028 et
1452 3972 1699 4043 Spiritus.
1727 3971 1839 4029 Ne-

240 4068 472 4123 cessitate
508 4075 675 4121 autem
720 4067 817 4121 hoc
869 4065 1010 4131 dico,
1063 4081 1177 4120 cum
1229 4066 1460 4121 eumdem
1487 4064 1699 4122 Patrem
1721 4107 1734 4133 ,
1790 4075 1838 4122 et

243 4159 475 4228 Filium,
504 4170 550 4215 et
583 4158 840 4230 Spiritum
874 4159 1188 4214 contendunt
1226 4159 1469 4214 adversus
1497 4160 1836 4215 teconomiam

240 4254 553 4311 monarchite
594 4253 898 4320 adulantes,
950 4239 1054 4307 non
1096 4260 1296 4306 tantum
1342 4251 1631 4308 diversitate
1675 4253 1834 4306 alium

240 4344 435 4405 Filium
456 4364 489 4401 a
518 4345 682 4401 Patre
706 4387 721 4411 ,
749 4361 839 4400 nec
858 4345 1104 4400 divisione
1132 4344 1328 4410 alium,
1358 4345 1447 4398 sed
1473 4344 1834 4411 distinctione;

237 4437 357 4508 quia
406 4419 508 4491 non
562 4438 628 4493 sit
674 4436 811 4490 idem
842 4434 1002 4490 Pater
1026 4444 1073 4490 et
1121 4434 1322 4502 Filius,
1351 4436 1427 4490 vel
1467 4435 1675 4489 modulo
1701 4434 1835 4488 alius

236 4530 301 4583 ab
345 4528 449 4583 alio
511 4527 737 4599 (Ibid.,
786 4544 903 4599 cap.
959 4526 1068 4596 9).
1119 4525 1385 4598 Numquid
1457 4526 1654 4581 clarius
1717 4541 1833 4580 me-

1944 3328 1991 3374 et
2022 3314 2180 3373 Pater
2213 3334 2371 3373 unum
2408 3333 2600 3372 sumus.
2656 3315 2946 3388 Postquam
2990 3317 3135 3373 enim
3185 3316 3301 3373 hinc
3338 3317 3542 3382 citavit,

1943 3408 2022 3464 sic
2074 3409 2420 3479 prosequitur
2463 3409 2483 3479 (
2526 3406 2667 3461 Ibid.
2718 3423 2836 3478 cap.
2894 3406 2965 3461 22
2993 3405 3014 3479 )
3045 3426 3057 3462 :
3088 3406 3186 3473 Hic
3249 3424 3368 3481 ergo
3431 3410 3544 3481 jam

1943 3502 2160 3575 gradum
2210 3503 2379 3558 volunt
2424 3502 2581 3574 ﬁgere
2619 3501 2803 3568 stulti,
2860 3502 2963 3556 imo
2992 3503 3150 3568 caeci,
3180 3502 3267 3574 qui
3311 3520 3412 3557 non
3464 3504 3543 3558 vi-

1944 3596 2117 3661 deant,
2136 3595 2320 3664 primo,
2338 3593 2451 3665 Ego
2468 3604 2521 3650 et
2543 3593 2703 3649 Pater
2719 3593 2940 3648 duorum
2963 3609 3072 3648 esse
3097 3593 3544 3666 signiﬁcationem;

1943 3687 2125 3743 dehinc
2152 3689 2205 3741 in
2234 3688 2507 3742 novissimo
2529 3729 2544 3753 ,
2578 3686 2779 3743 Sumus
2798 3730 2812 3755 ,
2856 3703 2959 3742 non
3003 3703 3067 3741 ea:
3111 3688 3263 3741 unius
3289 3704 3397 3742 esse
3422 3705 3544 3759 per-

1944 3799 2068 3836 sona
2090 3823 2106 3849 ,
2137 3780 2273 3847 quod
2325 3780 2594 3853 pluraliter
2636 3780 2830 3834 dictum
2862 3791 2932 3835 est
2954 3823 2968 3846 ,
3015 3790 3121 3835 tum
3167 3781 3304 3853 quod
3328 3824 3342 3847 ,
3378 3797 3543 3838 unum

1942 3888 2161 3941 sumus,
2206 3890 2306 3928 non
2328 3915 2342 3941 ,
2386 3890 2516 3929 unus
2541 3890 2736 3929 sumus.
2770 3872 2832 3928 Si
2860 3872 2993 3927 enim
3022 3873 3257 3941 dixisset,
3287 3871 3432 3928 Unus
3455 3890 3545 3928 su-

1942 3984 2083 4035 mus,
2114 3966 2355 4038 potuisset
2381 3967 2629 4034 adiuvare
2653 3967 2956 4022 sententiam
2978 3966 3205 4021 illorum.
3237 3964 3382 4021 Unus
3408 3966 3545 4021 enim

1940 4064 2218 4133 singularis
2246 4064 2443 4119 numeri
2488 4062 2798 4133 signiﬁcatio
2843 4061 3070 4115 videtur:
3102 4060 3273 4114 adhuc
3297 4076 3411 4114 cum
3439 4059 3542 4114 duo

1942 4158 2213 4215 masculini
2241 4158 2465 4232 generis:
2488 4156 2661 4213 Unum
2691 4156 2812 4209 dicit
2835 4155 3055 4210 neutrali
3082 4154 3248 4221 verbo,
3271 4154 3407 4225 quod
3438 4169 3541 4209 non

1944 4252 2242 4324 pertinetad
2260 4252 2686 4323 singularitatem,
2706 4248 2797 4304 sed
2823 4246 2891 4301 ad
2923 4246 3185 4311 unitatem,
3202 4247 3269 4299 ad
3298 4246 3541 4301 similitu-

1941 4345 2132 4414 dinem,
2149 4344 2218 4398 ad
2229 4343 2652 4414 conjunctionem,
2671 4339 2740 4393 ad
2754 4338 3071 4394 dilectionem
3095 4335 3311 4393 Patris..
3325 4379 3338 4394 .
3363 4337 3538 4394 Unum

1941 4451 2146 4502 sumus,
2176 4436 2368 4497 dicens.
2402 4434 2513 4506 Ego
2550 4443 2605 4489 et
2625 4432 2804 4496 Pater,
2840 4430 3059 4484 ostendit
3100 4430 3229 4484 duos
3257 4446 3381 4494 esse,
3414 4444 3540 4499 quas

1940 4538 2107 4598 requat
2138 4540 2181 4582 et
2197 4529 2392 4598 jungit.
2423 4526 2611 4580 Postea
2628 4539 2758 4580 vero
2785 4524 2899 4580 haec
2924 4523 3137 4579 brevius
3161 4521 3373 4593 quidem
3396 4563 3411 4588 ,
3442 4520 3539 4577 sed

237 4618 411 4676 liusve
465 4621 720 4691 explicari
774 4630 953 4690 potest
990 4635 1116 4674 vera
1157 4630 1213 4675 et
1263 4619 1525 4675 catholica
1566 4618 1634 4674 de
1677 4633 1835 4674 sacro
1859 4635 2047 4697 Dnon
2069 4619 2776 4691 minuselareacperspicue
2796 4618 3347 4687 explicat2Connexus
3365 4612 3539 4669 Patris

235 4712 516 4771 Trinitatis
540 4715 795 4787 mysterio
821 4712 1106 4770 doctrina?
1132 4713 1314 4769 Palam
1363 4715 1509 4769 enim
1538 4724 1593 4769 et
1642 4723 1831 4770 contra

235 4805 613 4864 haereticorum
632 4822 845 4864 errores
869 4811 1071 4865 Auctor
1096 4815 1280 4863 noster
1298 4808 1578 4880 proﬁtetur
1600 4809 1835 4880 Patrem,

235 4910 291 4958 et
316 4902 543 4969 Filium,
574 4911 631 4957 et
658 4901 915 4972 Spiritum
945 4907 1190 4956 sanctum
1221 4909 1330 4956 tres
1371 4916 1493 4956 esse
1542 4917 1827 4973 personas,

232 5010 263 5050 a
291 5009 352 5052 se
396 4996 627 5053 invicem
671 4996 991 5063 distinctas,
1024 4994 1120 5051 sed
1147 4996 1268 5051 sine
1317 4994 1660 5063 diversitate,
1694 4996 1830 5053 divi-

232 5088 415 5156 sione,
448 5098 505 5146 et
523 5090 864 5162 separatione
885 5131 900 5155 ,
935 5090 1059 5161 quia
1090 5105 1194 5144 una
1222 5098 1305 5145 est
1339 5089 1553 5145 illarum
1580 5092 1831 5148 substan-

233 5182 327 5237 tia.
358 5184 427 5238 At
455 5181 595 5238 hanc
622 5197 745 5239 esse
765 5191 1039 5238 asseverat
1068 5181 1382 5238 orthodoxae
1419 5182 1539 5239 ﬁdei
1566 5186 1828 5255 regulam,

232 5290 353 5345 qua:
380 5274 432 5329 in
464 5274 634 5330 sacris
676 5272 970 5344 Scripturis
999 5272 1190 5329 tradita
1215 5315 1229 5340 ,
1260 5286 1424 5345 atque
1455 5290 1484 5329 a
1535 5277 1832 5346 majoribus

230 5375 452 5437 accepta
472 5408 487 5433 ,
519 5365 587 5421 ab
613 5365 864 5422 omnibus
897 5365 1124 5422 tenenda
1142 5377 1244 5422 est.

250 5526 255 5529 _
303 5458 645 5531 Quapropter
667 5458 719 5515 id
743 5474 850 5514 non
872 5458 1040 5514 semel
1072 5458 1262 5530 bisque
1286 5452 1483 5515 dixisse
1510 5460 1828 5529 contcntus‘,

232 5562 419 5623 posma
452 5551 629 5609 adhuc
669 5551 892 5623 repetit,
945 5560 1001 5606 et
1042 5550 1399 5607 corroborat:
1435 5550 1549 5607 Nos
1572 5595 1587 5620 ,
1621 5554 1828 5624 inquit,

229 5644 318 5716 qui
345 5653 391 5700 et
420 5653 649 5717 tempora
677 5653 724 5701 et
745 5660 952 5700 caussas
982 5643 1368 5714 Scripturarum
1389 5659 1478 5712 per
1495 5642 1593 5699 Dei
1608 5646 1829 5716 gratiam

230 5737 531 5808 inspicimus
550 5780 566 5805 ,
595 5737 816 5793 maxime
843 5735 1103 5792 Paracleti
1124 5778 1139 5802 ,
1162 5751 1265 5791 non
1282 5735 1543 5791 hominum
1564 5737 1824 5810 discipuli,

226 5830 360 5886 duos
385 5830 587 5903 quidem
616 5830 890 5900 deﬁnimus
921 5828 1149 5900 Patrem,
1188 5836 1234 5884 et
1267 5827 1483 5897 Filium,
1518 5842 1565 5887 et
1581 5832 1696 5900 jam
1727 5840 1829 5890 tres

1939 4718 1993 4771 in
2022 4714 2193 4782 Filio,
2242 4724 2288 4768 et
2317 4711 2445 4767 Filii
2471 4714 2523 4765 in
2559 4710 2850 4774 Paracleto,
2878 4720 2979 4763 tres
3004 4709 3160 4781 efﬁcit
3190 4707 3498 4763 coluerentcs
3518 4749 3534 4776 ,

1939 4810 2156 4864 alterum
2179 4824 2243 4862 ea:
2266 4806 2427 4861 altera
2452 4847 2466 4870 ,
2496 4806 2582 4877 qui
2604 4814 2704 4859 tres
2738 4820 2896 4858 unum
2924 4803 3024 4857 sint
3048 4844 3062 4868 ,
3092 4819 3194 4857 non
3217 4820 3348 4858 unus
3365 4818 3384 4869 ;
3405 4820 3536 4874 quo-
3633 4844 3648 4860 κ

1939 4904 2091 4959 modo
2129 4902 2323 4956 dictum
2372 4909 2487 4955 est:
2534 4898 2648 4971 Ego
2688 4905 2744 4953 et
2791 4896 2950 4952 Pater
3001 4912 3165 4952 unum
3218 4912 3438 4963 sumus,
3468 4896 3539 4952 ad

1938 4994 2239 5050 substantia:
2301 4992 2581 5058 unitatem,
2627 5006 2732 5046 non
2770 4989 2839 5044 ad
2880 4989 3079 5045 numeri
3129 4989 3539 5062 singularitatem

1937 5086 2094 5158 (Ibid.
2123 5102 2238 5157 cap.
2260 5084 2394 5155 25).

2006 5178 2263 5247 Quamvis
2287 5184 2465 5232 autem
2492 5173 2564 5231 ibi
2603 5189 2798 5230 nomen
2824 5189 3055 5245 personae
3091 5190 3200 5230 non
3245 5172 3533 5243 adhibeat;

1937 5271 2201 5345 superiori
2239 5279 2416 5324 tamen
2446 5268 2567 5323 loco
2613 5268 2762 5324 illum
2800 5283 2867 5323 eo
2895 5283 3047 5324 usum
3094 5268 3257 5323 fuisse
3286 5268 3533 5324 animad-

1938 5375 2150 5420 vertere
2192 5360 2430 5433 potuisti.
2472 5358 2579 5416 Sed
2611 5360 2914 5416 distinctius
2945 5359 3121 5415 adltue
3161 5359 3427 5430 prolatum
3453 5362 3535 5417 vi-

1939 5456 2113 5522 debis,
2143 5456 2231 5512 ubi
2261 5469 2477 5510 rursum
2503 5454 2669 5510 variis
2695 5468 2862 5509 sacra:
2890 5452 3181 5524 Scriptura:
3210 5454 3531 5512 testimoniis

1935 5549 2270 5606 demonstrat
2300 5555 2411 5601 tres
2449 5545 2502 5601 in
2548 5544 2884 5600 sanctissima
2937 5543 3200 5600 Trinitate
3236 5559 3358 5600 esse
3406 5560 3530 5616 per-

1934 5656 2118 5708 sonas,
2189 5652 2454 5709 unamque
2507 5635 2768 5693 duntaxat
2828 5647 3093 5692 naturam.
3169 5635 3381 5693 Etenim
3461 5637 3518 5695 id

1932 5735 2021 5792 ille
2071 5732 2259 5807 probat
2315 5730 2400 5788 his
2449 5730 2723 5790 Geneseos
2766 5731 2943 5788 verbis
2978 5750 2992 5786 :
3027 5729 3303 5787 Faciamus
3347 5732 3515 5789 hami.

1934 5846 2048 5887 nem
2090 5827 2157 5885 ad
2205 5825 2474 5899 imaginem
2519 5834 2565 5882 et
2615 5824 2997 5885 similitudinem
3037 5833 3261 5882 nostram
3289 5823 3309 5897 (
3340 5822 3525 5885 Cenes.
