4198 6260
636 311 740 411 est

1718 350 1783 409 IN
1819 350 1862 408 Τ
1866 348 2281 442 ERTULLIANI
2318 348 2848 410 APOLOGETICUM

3832 355 3938 414 832

637 469 678 539 1,
709 467 918 540 26).Ει
939 466 1058 523 aliis
1086 482 1100 521 :
1133 462 1266 521 Ecce
1288 463 1452 520 Adam
1485 464 1651 536 factus
1702 474 1775 522 est
1823 477 2062 538 tanquam
2100 484 2231 524 unus
2258 467 2312 529 Α
2339 467 2510 524 tribus
2535 468 2748 524 illorum
2761 467 3004 540 personis
3031 466 3502 526 sententiam.Nec
3525 467 3703 526 minus
3720 445 3932 526 eviden-

635 581 700 620 επ
754 558 1572 632 uobis(1bid.,]ll,22).Nam
1626 560 1750 616 inde
1803 561 1893 617 ille
1949 563 2026 618 sic
2077 578 2237 632 argu-

638 663 908 711 mentatur
941 670 953 706 :
987 653 1122 721 Quia
1159 655 1276 724 jam
1327 651 1613 707 adhwrebat
1657 653 1736 708 illi
1791 653 1977 722 Filius,
2009 655 2236 711 secunda

641 763 874 818 persona,
905 745 1086 802 Sermo
1117 746 1298 816 ipsius,
1328 757 1373 800 et
1403 747 1568 812 tertia,
1596 746 1823 818 Spiritus
1864 749 1917 802 in
1964 747 2232 818 Sermone,

639 839 752 893 ideo
783 839 1051 910 pluraliter
1076 839 1423 909 pronuntiavit
1449 854 1466 892 :
1498 838 1781 894 Faciamus
1805 881 1819 906 ,
1853 850 1920 906 et,
1970 850 2232 908 nostram,

640 941 710 997 et,
745 930 921 986 nobis.
958 930 1092 984 Tum
1140 932 1300 1002 paulo
1343 941 1463 1000 post
1493 948 1507 984 :
1545 929 1772 1003 Denique
1815 949 2024 1002 sequens
2057 934 2237 1005 Scrip-

639 1032 752 1078 tura
791 1023 1058 1094 distinguit
1102 1024 1237 1078 inter
1271 1040 1516 1094 personas
1547 1045 1558 1079 :
1592 1023 1658 1078 Et
1702 1025 1830 1080 fecit
1877 1026 2020 1081 Deus
2056 1026 2235 1082 homi-

637 1131 762 1172 nem
795 1134 807 1169 :
839 1115 908 1170 ad
950 1116 1236 1186 imaginem
1262 1115 1358 1170 Dei
1405 1115 1532 1172 fecit
1581 1117 1752 1172 illttm.
1807 1118 1912 1172 Cur
1939 1137 2038 1174 non
2067 1139 2234 1189 suam,

637 1212 682 1266 si
707 1227 839 1265 unus
884 1211 972 1282 qui
1001 1211 1240 1282 faciebat,
1287 1219 1336 1265 et
1379 1227 1478 1264 non
1517 1220 1622 1264 erat
1669 1213 1737 1264 ad
1791 1214 1940 1283 cujus
1977 1215 2240 1285 faciebat?

638 1301 767 1357 Erat
793 1311 983 1368 autem,
1013 1303 1080 1355 ad
1110 1303 1259 1373 cujus
1283 1302 1556 1372 imaginem
1582 1301 1818 1374 faciebat,
1853 1303 1920 1356 ad
1953 1305 2077 1358 lt'ilii
2098 1306 2237 1360 scili-

638 1404 732 1458 cet,
765 1396 850 1464 qui
876 1395 1025 1448 homo
1057 1397 1259 1464 futurus
1279 1395 1464 1448 certior
1490 1405 1536 1449 et
1567 1398 1748 1460 verior,
1781 1396 2052 1466 imaginem
2093 1414 2237 1453 suam

639 1487 826 1557 fecerat
853 1485 953 1539 dici
973 1487 1249 1550 hominem,
1275 1486 1360 1557 qui
1377 1496 1494 1539 tunc
1523 1487 1584 1540 de
1612 1487 1732 1540 limo
1757 1490 1971 1560 formari
2001 1489 2234 1560 habebat,

640 1580 808 1651 imago
831 1580 930 1633 veri
958 1579 1004 1633 el
1029 1579 1330 1633 similitudo.
1365 1579 1474 1634 Nec
1501 1579 1656 1649 longe
1679 1591 1860 1650 postea
1885 1601 1903 1635 :
1928 1583 2120 1647 Alium,
2151 1584 2236 1638 in-

638 1675 773 1743 quit,
804 1689 830 1724 a
876 1672 1032 1726 Patre
1073 1672 1287 1736 Filium,
1335 1673 1587 1742 quomodo
1631 1669 1858 1746 accipere
1901 1675 2085 1730 debeas
2124 1678 2238 1747 jam

639 1769 898 1836 professus
928 1781 1062 1832 sum,
1112 1781 1376 1834 personae,
1403 1783 1503 1820 non
1532 1767 1847 1823 substantiae
1893 1771 2127 1834 nomine;
2169 1771 2238 1825 ad

2340 569 2421 616 ter
2445 567 2591 630 patet
2617 560 2717 632 ipsi
2744 575 3058 632 persuasum
3071 561 3293 616 omnino
3311 559 3334 615 Γ
3333 560 3476 617 uisse
3489 560 3592 618 hoc
3610 557 3931 634 przeeipuum

2340 655 2499 709 totius
2527 654 2780 710 Ecclesizc
2802 654 3081 710 catholica:
3108 653 3303 725 dogma
3334 652 3543 709 fundari
3563 667 3732 709 sacra:
3751 654 3933 726 Scrip-

2339 755 2471 807 tura:
2498 748 2836 810 auctoritate,
2863 748 3098 818 illudque
3112 747 3180 803 ab
3201 747 3475 817 Apostolis
3502 762 3798 818 eorumque
3813 763 3932 805 suc-

2337 825 2650 898 cessoribus
2668 842 2732 897 ad
2764 858 2913 898 suam
2949 858 3117 914 usque
3158 850 3369 897 aetatem
3411 851 3556 898 certa
3594 857 3657 898 ac
3679 852 3934 914 perpetua

2340 935 2626 990 traditione
2662 935 3054 990 transmissum.
3083 934 3346 1004 Denique,
3369 948 3434 989 ex
3459 933 3616 991 dictis
3642 935 3812 1006 liquet
3839 934 3939 991 hoc

2339 1014 2718 1081 documentum
2759 1025 2826 1092 ab
2857 1041 2922 1080 eo
2950 1025 3206 1080 audacter
3251 1027 3595 1096 propugnari,
3625 1040 3732 1081 non
3763 1026 3938 1082 solum

2339 1118 2602 1174 adversus
2655 1118 2936 1174 luereticos
3003 1117 3134 1172 illud
3189 1127 3484 1188 negantes,
3539 1115 3634 1172 sed
3689 1117 3938 1175 ethnicos

2339 1212 2940 1282 etiam,liulestissimos
2973 1211 3399 1267 Christianorum
3442 1210 3648 1275 hostes,
3681 1212 3768 1282 qui
3819 1212 3938 1270 illos

2342 1303 2544 1359 hancce
2571 1304 2640 1360 ob
2663 1285 2963 1360 doctrinam
2993 1303 3368 1360 crudelissime
3393 1303 3666 1358 vexabant
3690 1312 3740 1358 et
3793 1303 3934 1360 inte-

2341 1396 2626 1453 rimebant.
2666 1399 2734 1452 At
2764 1407 2912 1452 certe
2948 1396 3230 1451 brereticos
3269 1395 3334 1450 ad
3367 1410 3493 1450 suas
3523 1394 3730 1451 facilius
3757 1405 3940 1466 partes

2341 1489 2622 1554 illexisset,
2652 1490 2695 1543 si
2738 1487 2892 1543 fateri
2933 1489 3194 1558 potuisset
3226 1502 3383 1542 unam
3437 1495 3662 1552 tantum,
3697 1501 3796 1541 uec
3823 1486 3940 1556 plu-

2341 1595 2451 1647 res,
2485 1581 2586 1635 nisi
2611 1580 2828 1634 nomine
2873 1589 3028 1634 tenus
3059 1594 3181 1634 esse
3227 1579 3279 1633 in
3308 1566 3646 1633 sanctissima
3678 1575 3942 1634 Trinitate

2341 1689 2621 1745 personas.
2647 1673 2761 1730 Sibi
2784 1688 2999 1744 quoque
3021 1672 3266 1728 ethnicos
3302 1670 3613 1738 conciliare,
3643 1685 3940 1741 eorumque

2341 1767 2602 1822 adversus
2652 1767 2991 1822 Christianos
3057 1764 3296 1820 furorem
3337 1763 3548 1834 placare
3610 1772 3841 1836 poterat,
3895 1763 3942 1818 si

640 1858 1034 1924 distinctionem,
1067 1875 1168 1912 non
1195 1859 1262 1912 ad
1283 1858 1597 1914 divisionem.
1637 1859 1907 1928 Cazterum,
1938 1864 2029 1917 etsi
2059 1863 2238 1935 ubique
2265 1868 2313 1928 Β
2342 1856 2706 1932 (ἰίιίδεθιηιτθε
2757 1873 2878 1913 esse
2927 1857 3089 1923 Deos,
3127 1864 3218 1911 aut
3252 1865 3398 1911 certe
3429 1870 3593 1910 unum
3641 1854 3901 1925 majorem
3925 1895 3942 1921 ,

639 1958 780 2004 teneo
805 1967 958 2004 unam
984 1951 1319 2005 substantiam
1355 1951 1407 2004 in
1443 1952 1602 2006 tribus
1633 1953 2000 2009 coluereutibus
2024 1996 2038 2021 ,
2067 1966 2236 2012 tanten

639 2041 800 2095 alium
820 2041 988 2094 dicant
1016 2051 1209 2112 oportet
1237 2057 1300 2096 ea:
1325 2043 1618 2097 necessitate
1649 2060 1823 2099 sensus
1853 2061 1966 2100 eum
2013 2048 2099 2116 qui
2136 2053 2234 2118 ju-

639 2135 734 2201 bet,
760 2144 806 2189 et
827 2151 938 2189 eum
984 2136 1069 2205 qui
1108 2136 1228 2207 facit
1270 2134 1531 2205 (Tertull.,
1569 2135 1657 2191 lib.
1709 2138 1826 2191 adv.
1867 2137 2082 2208 Prome,
2113 2157 2229 2212 cap.

639 2226 750 2297 22).
1728 2295 1743 2303 -

708 2319 883 2384 Prius,
917 2335 1067 2386 vero,
1089 2319 1178 2375 ubi
1201 2320 1458 2375 adversus
1483 2321 1732 2378 etuudem
1765 2323 2024 2380 Praxeam
2051 2324 2236 2398 dispu-

637 2413 821 2480 tando,
851 2413 1132 2468 mauiteste
1160 2412 1396 2467 ostendit
1425 2412 1618 2468 Filium
1663 2415 1778 2482 Dei,
1832 2416 1921 2487 qui
1959 2417 2100 2472 illius
2130 2416 2232 2474 So-

638 2504 783 2573 phia,
813 2513 867 2558 et
897 2519 1078 2560 sermo
1117 2512 1232 2570 est,
1287 2504 1451 2559 alium
1481 2520 1599 2573 esse
1627 2522 1656 2559 a
1688 2507 1844 2564 Patre
1885 2523 2005 2576 suo,
2045 2509 2117 2564 ibi
2155 2509 2237 2567 sic

636 2605 949 2666 arguentem
981 2596 1240 2651 Praxeam
1295 2596 1539 2652 inducit:
1567 2597 1732 2669 Ergo,
1778 2601 1964 2673 inquis,
1998 2603 2091 2657 das
2131 2605 2234 2658 ali-

639 2706 790 2756 quam
816 2690 1149 2744 substantiaut
1200 2707 1306 2745 esse
1352 2708 1655 2759 sermonem,
1712 2695 1896 2764 spiritu
1941 2706 1988 2750 et
2037 2698 2236 2768 sophiae

637 2785 910 2838 traditione
969 2795 1312 2839 constructam
1365 2784 1579 2858 (lbid.,
1615 2804 1732 2857 cap.
1797 2789 1828 2842 7
1886 2789 1951 2860 )?
1986 2789 2087 2846 Cui
2143 2791 2236 2848 ille

638 2889 745 2928 uno
803 2876 968 2931 verbo
1022 2876 1314 2947 restiondet.
1360 2894 1374 2931 :
1431 2877 1625 2945 l’luuc,
1665 2889 1823 2950 atque
1861 2881 1934 2936 ita
1980 2882 2107 2938 illud
2140 2899 2234 2940 ve-

638 2982 754 3021 rum
782 2981 902 3022 esse
951 2968 1089 3022 ultro
1139 2969 1450 3024 conlitetur.
1503 2971 1670 3040 Cujus
1713 2971 1854 3027 hanc
1893 2976 2236 3032 continenter

637 3060 814 3116 reddit
844 3061 1105 3117 rationem
1137 3081 1149 3117 :
1186 3061 1306 3117 Non
1340 3063 1411 3117 vis
1440 3065 1573 3117 euiut
1601 3082 1716 3119 eum
1740 3068 2109 3123 substantivum
2135 3069 2233 3124 Ita-

635 3155 749 3211 bere
774 3159 828 3210 in
857 3173 911 3211 re
941 3173 1031 3227 per
1073 3156 1372 3212 substantire
1416 3160 1798 3229 praprietalem,
1843 3171 1898 3216 ut
1923 3179 2005 3217 res
2029 3173 2076 3217 et
2118 3181 2233 3234 per-

2342 1952 2686 2023 miuoresque
2715 1949 2872 2005 alios.
2902 1949 3088 2019 Neque
3115 1949 3166 2002 id
3196 1963 3229 2003 a
3251 1947 3406 2003 nobis
3436 1947 3602 2019 gratis
3631 1949 3814 2001 [ictum
3838 1961 3942 2016 pu-

2341 2043 2558 2108 taveris,
2590 2041 2733 2113 quod
2780 2042 3009 2111 ipsemet
3033 2039 3399 2094 Tertullianus
3431 2039 3604 2108 palam
3643 2046 3946 2110 aperteque

2339 2136 2620 2207 proﬁtetur
2654 2153 2665 2188 :
2695 2133 2965 2198 Craterum,
2998 2133 3042 2186 si
3059 2131 3370 2186 conscientia
3409 2139 3600 2196 nostra,
3633 2130 3705 2185 ita
3734 2130 3827 2186 ille
3865 2130 3948 2185 lo-

2339 2228 2536 2299 quitur,
2561 2244 2662 2298 qua
2684 2228 2868 2281 scimus
2900 2224 2996 2279 Dei
3021 2241 3202 2279 nomen
3239 2222 3450 2278 Domini
3471 2232 3518 2277 et
3551 2221 3722 2289 Patri,
3756 2231 3805 2277 et
3837 2220 3941 2276 Fi-

2338 2323 2428 2387 lio,
2462 2333 2508 2376 et
2535 2321 2758 2387 Spiritui
2795 2329 2972 2374 sancto
2995 2319 3282 2383 convenire,
3314 2316 3450 2372 Deos
3481 2326 3529 2371 et
3544 2315 3811 2371 'Dominos
3844 2333 3947 2371 no-

2339 2415 2665 2478 minaremus,
2694 2413 3084 2468 extincissemus
3106 2415 3248 2482 faces
3280 2420 3505 2476 nostras,
3539 2411 3694 2464 etiam
3713 2411 3782 2464 ad
3802 2426 3947 2463 mar-

2338 2503 2986 2578 tyriatimidiores,quibus
3035 2502 3279 2558 evadendi
3315 2517 3511 2573 quoque
3537 2505 3747 2573 pateret
3791 2517 3947 2555 occa-

2336 2603 2432 2669 sio,
2459 2602 2754 2675 jurantibus
2801 2600 2971 2654 statim
3023 2615 3111 2669 per
3164 2597 3283 2651 deos
3338 2606 3409 2668 et,
3443 2596 3697 2660 dominos,
3725 2605 3783 2648 ut
3819 2597 3945 2666 qui-

2338 2695 2457 2748 dam
2500 2695 2721 2748 haeretici
2759 2735 2774 2760 ,
2824 2707 3039 2762 quorum
3091 2690 3165 2744 dii
3210 2677 3388 2760 plures.
3420 2688 3441 2759 (
3468 2687 3609 2741 Ibid.
3649 2704 3765 2758 cap.
3819 2685 3941 2759 15).

2337 2787 2701 2842 Tertullianus
2785 2788 3006 2856 itaque,
3093 2781 3550 2856 quemadmodum
3635 2780 3726 2836 alii
3823 2779 3950 2836 veri

2336 2880 2613 2936 christiani
2659 2880 2916 2952 quaalibet
2969 2888 3356 2934 tormentorum
3410 2891 3609 2947 genera
3661 2875 3945 2946 experiri,

2335 2980 2390 3028 et
2440 2973 2621 3028 necari
2676 2971 3026 3037 maluerunt,
3078 2985 3238 3040 quam
3289 2968 3429 3023 hanc
3477 2966 3722 3022 traditam
3765 2966 3871 3022 sibi
3915 2981 3948 3022 a

2333 3063 2548 3122 Christo
2615 3064 2838 3135 ejusque
2905 3062 3228 3132 discipulis,
3294 3060 3362 3115 de
3435 3059 3679 3129 ejusdem
3739 3056 3949 3114 Christi

2333 3159 2617 3215 divinitate
2673 3167 2728 3213 et
2793 3156 3152 3212 sanctissima:
3199 3154 3481 3210 Trinitatis
3509 3156 3767 3224 mysterio
3809 3152 3944 3207 doc-

633 3267 758 3306 sona
788 3251 1020 3322 quwdam
1061 3251 1219 3306 videri
1263 3258 1443 3322 possit,
1489 3263 1536 3306 et
1594 3255 1670 3307 ita
1711 3256 1882 3324 capiat
1922 3257 2301 3322 secundusaC
2335 3254 2529 3309 trinam
2589 3250 2864 3306 ullomodo
2915 3249 3192 3304 inﬁrmare
3245 3258 3337 3302 aut
3383 3247 3750 3302 dissimulare.
3811 3245 3948 3301 Nul-

634 3341 746 3399 Deo
766 3345 1088 3412 constitutus,
1113 3344 1242 3399 duos
1271 3345 1482 3415 efﬁcere,
1507 3345 1719 3402 Patrem
1746 3359 1791 3403 et
1819 3347 2036 3418 Filium,
2066 3350 2231 3406 Deum

634 3447 680 3490 et
713 3435 1031 3492 Sermonem.

706 3527 894 3584 Finem
928 3539 1077 3583 certe
1119 3528 1329 3582 dicendi
1365 3532 1468 3583 non
1508 3530 1829 3598 faceremus,
1862 3535 1906 3590 si
1941 3534 2120 3590 omnia
2177 3543 2233 3590 et

639 3618 847 3688 singula
879 3620 1041 3686 illius,
1073 3635 1284 3674 sacrum
1315 3619 1596 3677 Trinitatis
1634 3627 1946 3695 mysterium
1974 3627 2232 3684 adversus

635 3708 899 3766 l‘raxeam
939 3722 1046 3766 tam
1079 3724 1224 3768 recte
1265 3732 1427 3786 quam
1467 3717 1673 3772 diserte
1708 3725 2030 3784 asserentis,
2067 3721 2229 3777 verba

635 3805 898 3863 vellemus
932 3811 1293 3867 transcribere
1331 3822 1385 3867 et
1417 3812 1724 3869 enucleare.
1759 3814 2118 3882 Quamobrem
2163 3831 2232 3873 ue

634 3898 805 3955 simus
859 3901 1159 3972 longiores,
1212 3920 1274 3960 ea
1327 3905 1584 3962 duntaxat
1635 3907 1983 3978 adjiciemus,
2039 3909 2231 3979 quibus

634 3991 812 4048 adhuc
836 3993 1072 4049 ostendit
1099 4004 1207 4052 tres
1253 3998 1412 4052 unius
1455 3999 1757 4070 divinitatis
1799 4002 1849 4055 in
1892 4003 2231 4058 sanctissima

633 4084 898 4143 Trinitate
945 4103 1065 4143 esse
1094 4104 1352 4158 personas
1379 4109 1391 4143 :
1421 4089 1676 4158 Christus,
1729 4093 1918 4163 inquit,
1963 4096 2233 4151 novissime

632 4179 905 4244 mandans,
948 4190 1000 4234 ut
1029 4181 1313 4254 tiuguereut
1342 4183 1396 4238 in
1442 4182 1670 4248 Putrem,
1707 4194 1752 4239 et
1785 4183 2001 4253 Filium,
2025 4197 2072 4241 et
2101 4187 2230 4256 Spi-

633 4271 789 4324 ritum
831 4283 1083 4341 sanctum,
1122 4291 1223 4330 non
1252 4276 1304 4329 in
1333 4293 1456 4340 uno,
1490 4293 1579 4331 nec
1615 4277 1790 4342 semel,
1815 4278 1904 4333 sed
1931 4289 2004 4334 ter
2029 4282 2098 4334 ad
2121 4281 2231 4336 siu-
2288 4291 2296 4301 ’

631 4370 754 4438 gula
821 4367 1029 4422 nomina
1101 4386 1343 4440 personas
1410 4373 1640 4443 singulas
1685 4372 1870 4442 (Ibid.
1946 4391 2061 4443 cap.
2109 4375 2230 4447 ‘27).

633 4460 805 4518 Unam
834 4475 962 4515 vero
991 4476 1111 4516 esse
1133 4463 1290 4516 trium
1319 4462 1532 4517 illarum
1585 4481 1934 4534 personarum
1981 4467 2233 4523 substan-

639 4553 762 4608 tiam
793 4563 848 4608 et
885 4553 1223 4610 divinitatem
1271 4555 1630 4613 disertissime
1662 4575 1766 4612 non
1799 4559 1970 4613 solum
2001 4561 2052 4613 in
2097 4559 2232 4616 locis

2335 3350 2417 3404 lus
2483 3361 2610 3418 ergo
2661 3343 2938 3400 dubitandi
3000 3344 3148 3398 locus
3207 3352 3310 3409 est,
3357 3343 3484 3411 quin
3537 3356 3660 3396 vera
3706 3340 3777 3395 sit
3828 3339 3951 3395 haec

2335 3440 2574 3512 ejusdem
2606 3437 2918 3493 Tertulliani
2950 3446 3003 3491 et
3040 3434 3321 3490 catholica:
3374 3433 3636 3489 Ecclesia:
3665 3432 3940 3499 doctrina,

2334 3530 2618 3604 qtuehunc
2659 3530 2710 3584 in
2760 3528 2973 3584 modum
3027 3542 3055 3580 a
3100 3527 3266 3582 sacris
3296 3525 3650 3596 scriptoribus
3699 3523 3946 3592 adserta,

2334 3631 2748 3692 constanterque
2785 3635 2848 3676 ac
2911 3627 3170 3690 perpetuo
3219 3627 3430 3673 servata
3490 3627 3940 3689 propugnataque

2334 3715 2451 3770 fuit.

2935 3843 3229 3884 ARTICULUS
3268 3843 3344 3883 IV.

2338 3946 2529 4014 Quibus
2556 3947 2850 4012 rationibus.
2889 3945 3234 4000 Tertullianus
3285 3943 3540 4016 explicare
3585 3950 3801 3997 conatus
3856 3943 3933 3997 sit

2407 4040 2633 4093 divinam
2671 4047 3016 4110 a‘lernamque
3044 4037 3173 4093 Filii
3203 4037 3302 4092 Dei
3324 4037 3730 4110 generationem,
3766 4042 3814 4088 et
3846 4049 3949 4088 cur

2407 4131 2514 4199 ille,
2539 4148 2640 4185 non
2669 4147 2783 4185 vero
2815 4129 3048 4202 Spiritus
3095 4141 3300 4214 sanctus
3319 4172 3334 4196 ,
3367 4129 3537 4183 Filius
3562 4125 3660 4182 Dei
3679 4126 3906 4180 dicatur.

2408 4288 2550 4344 Satis
2577 4289 2910 4344 Tertulliauo
2935 4305 3042 4343 non
3071 4287 3169 4343 luit
3194 4302 3345 4343 suam
3377 4296 3432 4342 et
3463 4286 3627 4341 totius
3655 4282 3940 4340 catholica:

2336 4380 2594 4437 Ecclesia:
2642 4381 2709 4437 de
2762 4397 3013 4452 suprema
3053 4380 3177 4436 Filii
3236 4379 3329 4435 Dei
3374 4390 3431 4434 et
3487 4377 3719 4449 Spiritus
3755 4377 3942 4434 Sancti

2335 4474 2612 4531 divinitate
2639 4474 2962 4530 sententiam
2985 4489 3081 4540 eo,
3114 4490 3222 4540 quo
3253 4472 3487 4528 vidimus
3516 4471 3655 4541 (Art.
3687 4469 3890 4539 super.)
3913 4510 3931 4535 ,

2336 4567 2497 4622 modo
2523 4568 2820 4637 expositam
2867 4567 3005 4622 tueri
3048 4558 3128 4622 ac'
3165 4565 3490 4631 vindicare;
3542 4562 3636 4620 sed
3667 4561 3944 4634 explicare

626 4645 738 4715 jam
766 4647 963 4713 citatis,
997 4647 1091 4703 sed
1134 4648 1187 4701 in
1230 4647 1339 4702 alio
1367 4649 1542 4704 adhuc
1578 4650 1748 4706 edixit
1779 4651 1940 4715 libro,
1971 4668 2130 4723 quem
2160 4651 2228 4708 ab
2253 4651 2307 4713 D
2333 4660 2492 4715 etiam
2523 4667 2746 4714 conatus
2773 4667 2879 4724 est,
2933 4674 3029 4714 cur
3057 4659 3291 4714 Verbum
3332 4668 3388 4714 et
3437 4656 3596 4713 Ratio
3629 4657 3723 4712 Dei
3783 4669 3945 4711 ve:us

632 4757 718 4806 eo,
753 4757 874 4796 cum
915 4743 1074 4796 etiam
1113 4740 1362 4795 lueresitn
1403 4741 1846 4800 Montanistarum
1885 4755 2225 4815 sequeretur,

635 4832 991 4901 compositum
1024 4831 1190 4887 fuisse
1219 4834 1398 4888 nullus
1426 4832 1651 4888 dubitat.
1683 4832 1758 4888 lbi
1791 4836 1932 4890 enim
1980 4837 2096 4892 hate
2141 4836 2229 4891 ille

638 4926 854 4996 scripsit
885 4944 897 4981 :
929 4926 1160 4982 Ecclesia
1193 4930 1401 4997 proprie
1425 4929 1532 4996 ipse
1569 4938 1642 4983 est
1675 4929 1922 4997 Spiritus,
1955 4931 2008 4984 in
2031 4946 2131 4999 quo
2156 4940 2230 4984 est

638 5018 884 5085 Trinitas,
915 5019 1017 5074 sive
1053 5029 1154 5072 tres
1195 5036 1426 5091 persona:
1451 5022 1602 5076 unius
1623 5021 1922 5087 divinitatis,
1969 5021 2145 5088 Pater,
2181 5032 2231 5076 et

635 5109 804 5166 Filius
831 5152 847 5176 ,
899 5122 946 5166 et
1001 5111 1234 5183 Spiritus
1287 5121 1494 5167 sanctus
1524 5111 1725 5186 (Idem,
1755 5113 1844 5170 lib.
1893 5114 1956 5169 de
1995 5113 2226 5170 Pudicit.

632 5221 748 5273 cap.
780 5202 898 5277 21).

709 5297 878 5353 Porro
905 5308 1084 5354 autem
1112 5313 1177 5354 ex
1205 5298 1288 5354 his
1308 5298 1580 5365 omnibus,
1614 5315 1734 5371 qum
1762 5299 2023 5357 hactenus
2047 5301 2100 5358 in
2131 5303 2232 5359 hoc

634 5401 687 5447 et
704 5392 965 5463 superiori
989 5394 1216 5449 articulo
1237 5393 1503 5464 disputata
1523 5403 1667 5462 sunt,
1690 5395 1841 5462 satis,
1864 5395 1936 5449 uti
1957 5406 2226 5466 putamus,

635 5483 914 5538 evidenter
956 5484 1224 5556 colligitur
1255 5501 1442 5541 sanam
1482 5485 1703 5541 omnino
1751 5487 2016 5558 planeque
2053 5487 2231 5543 ortho—

611 5565 828 5631 'doxam
861 5575 1025 5634 fuisse
1055 5577 1386 5645 Tertulliani,
1414 5579 1526 5636 sive
1545 5578 1789 5636 catholici
1808 5583 1921 5638 sive
1965 5581 2248 5660 montani-I

637 5677 756 5728 stas.
778 5671 944 5736 idest,
974 5685 1067 5740 per
1097 5680 1264 5727 totum
1305 5673 1426 5728 vita:
1472 5688 1583 5728 suae
1615 5683 1849 5746 tempus,
1882 5676 1948 5731 de
1975 5691 2228 5745 suprema

640 5760 758 5813 Filii
785 5761 874 5816 Dei
900 5763 1239 5834 Spiritusque
1286 5769 1453 5821 sancti
1477 5769 1774 5835 divinitate,
1800 5771 2057 5826 eteadem
2083 5771 2231 5839 ipso-

641 5861 762 5904 rum
791 5866 909 5907 cum
935 5862 1138 5910 aeterno
1166 5857 1274 5914 Deo
1302 5858 1459 5914 Patre
1486 5861 1806 5931 substantia,
1861 5877 1923 5920 ac
1962 5863 2232 5921 distinctis

2335 4752 2452 4819 ejus
2483 4751 2649 4806 Filius
2676 4752 2748 4806 sit
2779 4761 2836 4807 et
2864 4751 2973 4807 dici
3002 4751 3214 4807 debeat.
3249 4751 3432 4807 Palam
3478 4751 3660 4820 itaque
3687 4748 3942 4805 omnibus

2333 4843 2571 4900 declarat
2593 4844 2759 4900 Deum
2780 4886 2794 4910 ,
2823 4860 2890 4900 eo
2918 4845 3033 4914 ipso
3063 4844 3206 4915 quod
3230 4845 3373 4900 Deus
3401 4852 3514 4909 est,
3543 4858 3758 4913 semper
3775 4854 3938 4914 atque

2334 4938 2401 4991 ab
2423 4937 2565 4991 omni
2584 4937 2881 4992 azteruitate
2897 4936 3060 4994 fuisse
3086 4937 3628 5008 rationalem(lbid.).
3653 4937 3788 4992 Cum
3806 4950 3940 5006 ergo

2335 5030 2452 5085 sine
2501 5030 2710 5085 ratione
2758 5045 3012 5086 essenon
3053 5032 3256 5102 possit,
3297 5032 3365 5085 ab
3412 5031 3601 5086 eadem
3632 5031 3941 5085 aeternitate

2336 5125 2556 5196 protulit
2582 5124 3025 5196 Sermonem,qui
3055 5125 3275 5196 quidem
3307 5124 3504 5180 Sermo
3527 5124 3720 5180 melius
3748 5123 3942 5190 latine,

2335 5218 2786 5290 quemadmodum
2813 5221 3190 5275 aunotavimus
3213 5261 3227 5285 ,
3257 5219 3418 5274 Ratio
3446 5217 3708 5291 appellari
3735 5217 3948 5300 debue-

2335 5320 2437 5366 rat.
2473 5312 2690 5368 Divinus
2719 5321 2894 5367 autem
2924 5312 3015 5368 ille
3056 5312 3247 5368 Sermo
3273 5327 3380 5367 non
3407 5320 3492 5368 est
3530 5310 3776 5381 quaedam
3809 5309 3949 5365 arti-

2335 5404 2511 5460 calata
2531 5445 2545 5467 ,
2574 5405 2729 5458 sicuti
2757 5404 2989 5459 hominis
3018 5421 3120 5459 vox
3143 5447 3157 5471 ,
3200 5404 3286 5459 vel
3339 5404 3558 5475 quidam
3587 5418 3754 5460 sonus
3785 5403 3903 5458 oris
3926 5443 3946 5469 ,

2335 5511 2496 5552 aerve
2532 5511 2849 5568 percussus,
2894 5505 3057 5566 atque
3087 5498 3158 5550 ita
3204 5495 3389 5552 nescio
3435 5496 3562 5567 quid
3605 5509 3836 5550 vacuum
3884 5501 3947 5551 et

2338 5589 2542 5654 inane;
2592 5588 2684 5644 sed
2735 5587 2927 5650 habet,
2988 5587 3200 5659 inquit,
3259 5589 3526 5660 prapriam
3593 5586 3944 5642 substantiam

2337 5683 2572 5752 spiritum
2613 5681 2878 5750 (Tertull.
2934 5681 3198 5752 Apologet.
3260 5697 3376 5752 cap.
3419 5681 3483 5736 2|
3538 5683 3576 5752 ).
3629 5679 3764 5750 Quia
3808 5692 3946 5736 vero

2339 5775 2391 5828 id
2441 5773 2508 5828 ab
2538 5775 2791 5830 lueretico
2839 5774 3041 5830 Praxea
3086 5775 3418 5844 negabatur,
3449 5784 3635 5832 contra
3687 5790 3811 5830 eum
3854 5773 3944 5829 sic

2339 5865 2614 5937 disputat,
2645 5865 2938 5939 probatque
2968 5867 3110 5923 hunc
3141 5869 3232 5934 Dei
3254 5868 3572 5927 Sermonem
3598 5882 3720 5926 esse
3744 5879 3945 5924 veram
