4240 6262
303 290 413 348 8'55

1453 283 1906 346 DISSEliTATIO
1945 283 2006 344 D.
2047 287 2134 346 LE
2173 282 2479 347 NOURRY.

3507 287 3610 343 854

305 407 659 464 Substantiam
691 423 704 460 :
733 405 867 472 Quid
890 412 964 458 est
989 403 1153 472 enim,
1187 403 1324 459 dices
1345 447 1359 471 ,
1384 422 1550 460 sermo
1571 449 1585 472 ,
1611 406 1708 460 nisi
1737 422 1834 460 voa:
1856 416 1901 461 et
1929 407 1981 466 Α
2005 406 2169 462 dividi
2203 423 2306 463 non
2339 418 2511 478 potest
2539 407 2938 478 simplicissima
2964 406 3061 462 Dei
3092 407 3386 464 substantia
3410 450 3424 474 ,
3472 407 3613 462 sicut

306 515 462 554 sonus
481 499 615 563 oris,
648 507 694 552 et
722 498 849 551 sicut
873 495 1192 566 grammatici
1225 497 1464 560 tradunt,
1511 513 1601 550 aer
1639 496 1864 564 offensus
1893 539 1907 563 ,

306 591 639 663 intelligibilis
679 591 861 666 auditu
885 633 900 655 ,
933 601 1200 656 eceteram,
1235 608 1451 644 vacuum
1477 592 1646 645 nescio
1674 592 1828 662 quid,
1862 601 1911 646 et

309 683 461 738 inane
479 726 493 751 ,
527 693 573 736 et
594 683 933 753 incorporale.
962 683 1026 736 At
1048 699 1140 754 ego
1163 683 1293 736 nihil
1324 684 1439 737 dico
1461 687 1524 737 de
1552 682 1658 737 Deo
1685 685 1839 739 inane
1859 694 1911 738 et

308 792 521 831 vacuum
551 777 754 848 prodire
782 777 1035 846 potuisse,
1063 787 1117 830 ut
1147 794 1248 831 non
1277 777 1342 831 de
1368 778 1510 832 inani
1541 788 1586 832 et
1608 794 1766 833 vacuo
1790 795 1910 850 pro-

309 870 470 925 latum
488 912 503 936 ,
534 887 624 926 nec
663 887 837 925 carere
862 870 1174 935 substantia,
1208 870 1345 940 quod
1372 870 1434 923 de
1456 880 1598 924 tanta
1625 871 1908 925 substantia

309 965 584 1034 processit,
613 973 660 1018 et
689 973 860 1018 tantas
885 962 1193 1017 substantias
1220 963 1360 1033 fecit.
1381 961 1526 1016 Fecit
1555 965 1688 1016 enim
1704 973 1750 1016 et
1774 965 1902 1035 ipse,

307 1071 421 1126 qua:
445 1056 583 1126 facta
607 1065 724 1111 sunt
743 1056 1013 1127 perillum.
1040 1054 1205 1122 Quale
1223 1064 1294 1109 est
1323 1064 1379 1108 ut
1404 1055 1533 1109 nihil
1551 1056 1615 1110 sit
1633 1097 1648 1120 ,
1671 1056 1781 1111 sine
1806 1073 1906 1128 quo

308 1147 439 1200 nihil
462 1150 654 1219 factum
677 1157 783 1213 est;
814 1157 868 1201 ut
898 1146 1068 1200 inanis
1097 1145 1265 1200 solida
1290 1188 1304 1211 ,
1329 1155 1376 1200 et
1401 1163 1588 1201 vacuus
1614 1146 1766 1218 plena
1793 1190 1806 1213 ,
1860 1158 1905 1203 et

305 1239 642 1311 incorporalis
683 1240 977 1311 corporalia
1029 1239 1094 1293 sit
1135 1241 1412 1310 operatus?
1443 1239 1584 1294 Nam
1622 1243 1714 1296 etsi
1743 1251 1904 1312 potest

305 1333 582 1405 aliquando
610 1335 734 1406 quid
760 1335 873 1404 ﬁeri
899 1334 1153 1389 diversum
1193 1336 1302 1406 ejus
1350 1351 1440 1406 per
1478 1335 1614 1406 quod
1652 1336 1746 1402 ﬁt;
1774 1337 1905 1390 nihil

304 1437 474 1484 tamen
513 1438 676 1500 potest
720 1429 836 1499 ﬁeri
865 1445 954 1498 per
979 1428 1062 1493 id,
1113 1428 1249 1497 quod
1292 1444 1507 1482 vacuum
1535 1439 1583 1482 et
1622 1430 1775 1484 inane
1804 1438 1898 1484 est.

315 1518 485 1574 Vacua
514 1531 560 1576 et
587 1522 758 1575 inanis
787 1537 867 1575 res
913 1530 986 1574 est
1028 1519 1210 1576 Sermo
1239 1519 1339 1574 Dei
1357 1562 1372 1586 ,
1403 1523 1490 1592 qui
1519 1519 1688 1576 Filius
1733 1523 1901 1578 dictus

301 1619 376 1664 est
397 1651 410 1674 ,
441 1613 531 1682 qui
574 1613 683 1681 ipse
722 1610 862 1666 Deus
887 1611 1275 1683 cognominatus
1304 1613 1414 1666 est?
1443 1628 1510 1667 ET
1537 1628 1711 1669 SERMO
1755 1630 1898 1670 eun

299 1716 438 1759 non
469 1719 640 1766 DEUM,
669 1720 738 1758 ET
767 1719 898 1758 neos
915 1718 1056 1757 nan
1079 1717 1252 1758 SEMIO
1280 1702 1448 1775 (Idem
1472 1705 1558 1758 lib.
1584 1707 1700 1760 adn.
1730 1705 1894 1763 Prax.

2014 516 2114 557 nec
2145 503 2328 573 plures
2355 503 2428 558 dii
2471 518 2591 558 esse
2628 512 2874 573 possunt.
2907 501 3267 569 Quamobrem
3298 501 3386 556 ille
3416 501 3610 556 iterum

2013 593 2180 649 dicit:
2219 594 2387 648 Omne
2410 595 2548 665 quod
2577 596 2747 666 prodit
2792 612 2855 649 ex
2875 595 3048 665 aliquo
3070 637 3084 660 ,
3114 594 3390 648 secundum
3420 593 3481 648 sit
3503 596 3612 665 ejus

2012 692 2211 742 neceSse
2239 699 2310 742 est
2350 689 2412 743 de
2440 707 2539 760 quo
2570 690 2737 758 prodit
2759 705 2777 752 ;
2799 706 2899 743 non
2930 689 3042 742 ideo
3084 699 3250 742 tanien
3295 689 3607 757 separatum.

2015 779 2282 835 Secundus
2307 791 2474 835 autem
2515 781 2597 836 ubi
2624 791 2696 834 est
2719 822 2733 845 ,
2783 782 2885 835 duo
2921 789 3039 834 sunt
3066 795 3084 844 ;
3114 789 3160 834 et
3189 780 3364 833 tertius
3392 779 3476 832 ubi
3506 787 3609 846 est,

2011 881 2110 926 tres
2152 881 2288 926 sunt.
2322 871 2522 928 Tertius
2562 873 2694 926 enim
2722 883 2794 926 est
2824 872 3053 942 Spiritus
3093 889 3124 924 a
3175 871 3320 939 Deo,
3365 870 3614 927 videlicet

2009 965 2169 1021 Patre
2196 975 2249 1022 et
2279 965 2418 1021 Filio
2442 1008 2458 1033 ,
2489 967 2617 1021 sicut
2643 967 2819 1021 tertius
2843 983 2876 1020 α
2901 967 3077 1020 radice
3112 971 3308 1036 [ructus
3329 982 3391 1020 ex
3429 965 3614 1037 frutice

2009 1057 2171 1128 (Ibid.
2194 1075 2310 1129 cap.
2355 1057 2456 1130 8).
2485 1059 2601 1114 Duo
2653 1071 2832 1114 autem
2884 1058 2955 1113 ibi
2997 1058 3193 1122 docet,
3238 1073 3357 1128 quae
3407 1065 3612 1112 attento

2007 1161 2154 1207 certe
2213 1152 2394 1206 animo
2477 1151 2810 1207 observanda
2893 1159 3036 1207 sunt.
3125 1150 3262 1206 Dicit
3311 1150 3452 1205 enim
3501 1149 3612 1220 pri-

2009 1257 2098 1298 mo
2142 1242 2334 1299 Filium
2369 1244 2461 1300 Dei
2509 1244 2672 1299 alium
2693 1287 2716 1312 ,l
2751 1253 2806 1300 et
2851 1244 3042 1299 ordine
3084 1242 3380 1298 secundum
3407 1257 3528 1297 esse
3579 1256 3611 1297 a

2006 1333 2166 1390 Patre
2191 1351 2321 1401 suo;
2345 1336 2466 1407 quia
2497 1337 2614 1407 ejus
2647 1346 2731 1392 est
2759 1345 2993 1392 mternns
3018 1338 3228 1398 Sermo,
3256 1335 3344 1406 qui
3377 1351 3439 1390 ex
3466 1335 3610 1390 illius

2005 1427 2281 1483 intellectu
2309 1437 2362 1483 et
2382 1429 2708 1499 cogitatione
2737 1428 2973 1498 prodivit
2993 1472 3006 1494 ,
3031 1439 3192 1498 atque
3223 1428 3422 1483 ideirco
3445 1427 3610 1483 Filius

2004 1519 2119 1590 ejus
2143 1529 2245 1576 est.
2277 1519 2527 1577 Secundo
2541 1522 2613 1576 ait
2639 1522 2898 1593 Spiritum
2928 1531 3170 1577 sanetum
3195 1536 3314 1576 esse
3345 1521 3600 1586 tertium;

2003 1614 2126 1684 quia
2171 1615 2238 1670 ab
2285 1625 2514 1686 utroque
2563 1616 2723 1671 Patre
2771 1623 2826 1670 et
2870 1614 3007 1668 Filio
3047 1615 3320 1686 precedit,
3355 1624 3605 1685 tanquam

2001 1707 2190 1762 tertius
2210 1706 2412 1764 fruetus
2439 1723 2506 1763 ex
2535 1708 2712 1763 radice
2740 1718 2794 1762 et
2841 1707 3032 1762 frutice
3083 1708 3273 1762 oritur.
3303 1709 3371 1762 At
3392 1721 3512 1762 eum
3539 1707 3612 1763 ibi

299 1809 416 1863 cap.
451 1790 548 1864 7)?
574 1793 648 1846 Ea
695 1809 824 1864 ergo
867 1795 1328 1870 argumentatione
1355 1797 1588 1852 ostendit
1619 1798 1853 1854 Verbum
1881 1843 1897 1868 ,
1931 1805 1978 1864 B
2008 1814 2114 1853 non
2142 1812 2292 1853 suam
2316 1807 2519 1854 tantum
2542 1840 2558 1865 ,
2591 1799 2684 1855 sed
2708 1799 2870 1855 totius
2901 1799 3156 1854 Ecclesia:
3183 1798 3464 1854 catholica:
3487 1813 3611 1855 sen-

298 1875 410 1940 sive
437 1884 752 1941 Sermonem
800 1901 863 1941 ae
894 1887 1174 1942 [tationem
1206 1887 1298 1941 Dei
1325 1929 1338 1953 ,
1367 1903 1470 1943 non
1522 1904 1643 1948 esse
1692 1891 1894 1963 aliquid

297 1977 459 2036 inane
483 1989 536 2034 et
564 1994 788 2034 vacuum
815 2021 830 2048 ,
859 1980 952 2036 sed
986 1995 1169 2035 veram
1201 1980 1574 2036 substantiam.

372 2074 528 2144 Atqui
556 2072 678 2128 ideo
725 2073 813 2129 bie
838 2089 1018 2130 sermo
1041 2074 1252 2130 divinus
1290 2091 1417 2132 vera
1451 2085 1536 2132 est
1560 2078 1858 2135 substantia
1880 2121 1895 2147 ,

299 2169 388 2240 qui
414 2184 442 2244 a
473 2169 583 2226 Deo
617 2171 858 2242 prolatus
887 2181 988 2227 est.
1021 2171 1155 2228 Nam
1184 2189 1305 2228 eum
1330 2215 1345 2240 ,
1371 2175 1541 2244 inquit
1571 2175 1662 2231 ille
1681 2217 1696 2241 ,
1722 2178 1898 2246 prota-

301 2263 436 2316 tione
460 2273 784 2334 generatum,
824 2273 868 2318 et
899 2265 1088 2319 idcirco
1122 2265 1168 2319 F
1170 2266 1317 2320 ilium
1347 2265 1445 2321 Dei
1481 2266 1728 2324 dicimus.
1762 2269 1897 2324 Pro-

299 2353 440 2410 latus
468 2363 646 2410 autem
672 2371 699 2409 a
731 2356 914 2411 divino
943 2357 1099 2412 Patre
1128 2373 1226 2412 suo
1251 2399 1266 2423 ,
1313 2373 1378 2413 ex
1426 2359 1594 2429 ipsius
1626 2360 1899 2416 intellectu

300 2455 552 2518 tanquam
581 2465 643 2502 ea:
670 2449 910 2516 matrice,
946 2449 1180 2519 prodiit,
1211 2459 1370 2520 atque
1419 2451 1539 2506 ideo
1567 2461 1854 2522 generatus
1879 2494 1894 2520 ,

300 2549 357 2596 et
385 2556 542 2596 verus
573 2541 662 2596 Dei
695 2541 861 2596 Filius
887 2553 989 2597 est.
1018 2542 1228 2597 Etenim
1267 2545 1368 2598 hac
1408 2544 1520 2613 ipsa
1553 2545 1900 2615 generatione

300 2648 408 2690 non
435 2633 604 2690 solum
626 2635 816 2690 similis
836 2634 1007 2699 Patri,
1041 2634 1133 2690 sed
1153 2633 1340 2691 eadem
1367 2651 1579 2706 quoque
1604 2645 1684 2690 est
1707 2638 1904 2692 utrius-

304 2743 406 2798 que
431 2728 750 2798 substantia.
781 2726 896 2782 Non
925 2729 1068 2782 enim
1120 2727 1207 2782 ille
1229 2769 1244 2793 ,
1292 2728 1459 2798 inquit
1490 2768 1504 2792 ,
1535 2727 1704 2784 Filius
1747 2729 1837 2784 Dei
1869 2745 1900 2783 a

296 2797 478 2890 Patris
505 2820 715 2874 matrice
739 2821 962 2884 recessit,
997 2819 1086 2872 sed
1112 2819 1339 2874 excessit.
1359 2819 1620 2886 Quoniam
1647 2835 1774 2876 vero
1800 2838 1901 2876 non

304 2890 504 2966 recessit
525 2953 538 2975 ,
570 2910 814 2966 eamdem
846 2924 907 2964 ac
959 2911 1046 2965 ille
1094 2910 1252 2984 habet
1282 2910 1633 2964 substantiam
1660 2929 1674 2977 ;
1705 2914 1900 2983 etquia

305 3003 374 3058 ab
398 3018 460 3059 eo
487 3003 719 3074 prodivit
741 3044 756 3070 ,
791 3002 928 3057 illius
959 3012 1042 3058 est
1072 3001 1240 3058 Filius
1273 2994 1451 3072 (Idem
1472 3003 1744 3074 Apologet.
1779 3021 1896 3076 cap.

302 3096 362 3152 ﬁl
390 3137 404 3162 ,
437 3113 556 3168 pag.
588 3095 703 3166 9.1).

2007 1889 2224 1946 tentiam
2252 1900 2438 1946 contra
2464 1891 2718 1946 Praxeam
2737 1890 3047 1946 lueretieum
3074 1891 3333 1961 esplicet.
3363 1905 3426 1947 ac
3452 1898 3608 1947 tuea-

2004 1991 2091 2039 tur
2110 2027 2125 2051 ,
2154 1984 2277 2039 inde
2306 1983 2544 2056 profecto
2569 1984 2836 2056 colligitur
2858 1984 3002 2039 illam
3034 2000 3063 2038 a
3091 1983 3398 2040 Christianis
3421 1983 3603 2039 omni-

2001 2074 2102 2131 bus
2132 2075 2488 2142 orthodoxis,
2529 2086 2690 2148 atque
2729 2076 2850 2132 aliis
2891 2077 3054 2132 etiam
3101 2093 3204 2131 non
3255 2077 3482 2142 eodem,
3510 2085 3604 2132 aut

2002 2169 2165 2225 simili
2190 2185 2254 2226 ac
2291 2169 2527 2227 Praxeas
2593 2185 2780 2227 errore
2843 2170 3053 2227 infectis
3083 2179 3347 2228 assertum
3393 2185 3456 2226 ac
3480 2184 3608 2242 pro-

2003 2269 2312 2333 pugnatam.

2077 2353 2274 2408 Verum
2337 2353 2553 2424 quidam
2611 2354 2872 2425 objiciunt
2925 2355 2996 2411 ibi
3049 2355 3442 2410 Tertullianum
3497 2370 3604 2412 non

2003 2460 2164 2516 agere
2186 2446 2254 2502 de
2281 2446 2511 2518 Spiritus
2549 2449 2722 2504 sancti
2755 2449 2994 2520 origine,
3020 2449 3115 2504 sed
3147 2449 3214 2505 de
3250 2464 3603 2520 personarum

2004 2536 2100 2594 SS.
2137 2538 2416 2594 Trinitatis
2440 2540 2629 2595 ordine
2650 2583 2665 2607 ,
2690 2540 2741 2594 in
2774 2556 2880 2611 quo
2907 2541 2994 2595 ille
3023 2540 3212 2596 tertius
3245 2549 3365 2611 post
3393 2541 3608 2596 Patrem

2004 2632 2366 2688 constituitur.
2396 2633 2466 2688 At
2489 2648 2620 2703 cur,
2648 2648 2833 2704 qumso
2854 2674 2868 2699 ,
2897 2635 2965 2689 ab
2989 2634 3054 2688 iis
3075 2674 3088 2698 ,
3119 2633 3211 2702 qui
3239 2634 3315 2692 sic
3345 2642 3600 2703 arguunt,

2005 2723 2203 2779 omissa
2231 2724 2380 2780 luere
2401 2723 2515 2781 Iuno
2531 2726 2916 2796 subsequentia
2944 2726 3193 2780 Auctoris
3216 2727 3385 2780 nostri
3407 2725 3599 2782 verba:

2006 2817 2156 2874 Sicut
2207 2820 2384 2873 tertius
2431 2837 2462 2872 a
2491 2819 2666 2874 radice
2694 2820 2894 2889 fructus
2938 2835 2999 2873 ea:
3025 2819 3244 2891 frutice,
3277 2826 3321 2872 et
3359 2819 3533 2872 tertius
3573 2829 3606 2873 tt

2005 2911 2147 2981 fonte
2174 2913 2313 2966 rivus
2338 2928 2401 2966 ex
2445 2913 2662 2982 ﬂumine
2681 2951 2696 2978 ,
2727 2920 2775 2966 et
2799 2912 2974 2965 tertius
3001 2927 3031 2964 a
3051 2912 3158 2966 sole
3180 2927 3314 2981 apex
3341 2927 3406 2966 ea:
3424 2911 3571 2966 radio
3590 2952 3605 2979 ,

2005 3003 2137 3058 nihil
2166 3013 2333 3058 tamen
2361 3020 2393 3056 a
2418 3004 2626 3057 matrice
2650 3003 2926 3071 alienatur,
2957 3019 3101 3073 aqua
3123 3004 3460 3074 praprietates
3484 3020 3605 3058 suas

2005 3093 2187 3148 ducit?
2207 3094 2396 3150 Nonne
2417 3105 2594 3151 autem
2619 3095 2733 3150 hzec
2753 3095 2888 3150 satis
2905 3095 3197 3150 ostendunt
3221 3095 3370 3150 illum
3400 3110 3504 3151 non
3534 3094 3603 3150 de

372 3163 475 3243 Sed
506 3163 688 3243 rursus
743 3187 1132 3244 Tertuiliunum
1180 3189 1491 3254 audiamus,
1535 3190 1624 3260 qui
1671 3189 1724 3245 id
1772 3163 1896 3246 alibi
1926 3197 1971 3261 ρ
2005 3185 2124 3240 solo
2151 3185 2382 3256 Spiritus
2429 3187 2596 3242 sancti
2637 3186 2864 3249 ordine.
2914 3186 3011 3242 sed
3056 3187 3177 3257 ejus
3206 3188 3368 3242 etiam
3400 3187 3606 3256 origine

299 3278 518 3352 (Idem,
563 3278 650 3333 lib.
699 3281 898 3334 advers.
951 3278 1138 3346 Prax.,
1169 3298 1285 3353 cap.
1335 3282 1390 3352 8)
1451 3280 1692 3352 pluribus
1732 3296 1900 3337 sacra:

297 3373 593 3443 Scriptura:
659 3375 974 3429 testimoniis
1035 3376 1230 3430 asserit
1299 3389 1363 3430 ac
1417 3376 1698 3430 conﬁrmat
1749 3394 1761 3432 :
1822 3374 1902 3430 De

303 3483 442 3540 quo,
474 3466 678 3537 inquit,
717 3467 1032 3536 procedendo
1081 3468 1130 3522 F
1133 3469 1252 3523 ilius
1301 3473 1469 3540 factus
1518 3477 1588 3523 est
1632 3510 1647 3535 ,
1705 3469 1900 3540 primo-

303 3560 539 3631 genitus,
589 3568 642 3612 ut
701 3570 821 3616 ante
873 3563 1044 3616 omnia
1091 3564 1323 3631 genitus,
1376 3572 1422 3618 et
1469 3563 1788 3634 unigenitus,
1847 3573 1902 3616 ut

298 3652 443 3707 solus
463 3668 524 3706 ea:
543 3651 654 3707 Deo
678 3654 879 3724 genitus
902 3696 917 3719 ,
951 3656 1161 3726 proprie
1202 3655 1266 3710 de
1294 3655 1442 3710 vulva
1469 3656 1636 3710 cordis
1655 3697 1668 3722 ,
1703 3655 1753 3710 id
1782 3663 1899 3723 est,

301 3743 609 3800 intellectus
630 3788 645 3810 ,
669 3746 863 3814 ipsius,
891 3749 1168 3801 secundum
1187 3748 1324 3818 quod
1351 3759 1398 3801 et
1429 3747 1589 3802 Pater
1617 3749 1728 3816 ejus
1750 3759 1904 3804 testa-

302 3845 382 3889 tur
408 3853 426 3890 :
445 3837 756 3893 Enucnvtr
785 3853 887 3894 con
925 3855 1074 3894 MEUM
1097 3825 1376 3895 ssnuoaeu
1416 3856 1650 3896 omqu
1674 3840 1898 3911 (Psalm.

302 3926 485 3994 XLIV,
513 3930 547 3984 2
575 3929 595 4002 )
622 3931 734 3985 :Ad
763 3949 910 4002 quem
927 3933 1161 4003 deinceps
1179 3934 1406 4009 gaudens
1427 3935 1478 3988 in
1499 3951 1714 4005 persona
1730 3934 1897 3988 illius:

297 4021 481 4080 Funus
512 4040 648 4080 usus
675 4041 738 4080 es
759 4041 850 4090 τυ,
885 4041 985 4082 nco
1013 4041 1175 4095 nonis:
1201 4043 1357 4083 esset
1386 4043 1454 4082 τε
1491 4030 1508 4097 (
1544 4027 1688 4083 Psal.
1717 4027 1782 4094 il,
1808 4028 1860 4098 7)
1886 4047 1898 4083 :

299 4123 346 4170 et
372 4157 386 4179 ,
415 4133 552 4171 ANTE
584 4133 884 4174 LUCll-‘Ettmt
933 4134 1088 4174 ceam
1141 4135 1208 4174 τε
1252 4121 1269 4190 (
1306 4119 1442 4173 Ibid.
1492 4118 1606 4175 CIX
1631 4162 1644 4186 ,
1699 4123 1778 4190 5).
1813 4119 1903 4176 Sic

304 4216 350 4262 et
382 4205 429 4261 F
432 4209 552 4263 ilius
599 4226 662 4263 ea:
691 4225 784 4263 sua
816 4226 1030 4279 persona
1059 4212 1326 4279 proﬁtetur
1354 4209 1564 4265 Patrem
1608 4211 1660 4265 in
1699 4211 1904 4265 nomine

303 4297 517 4369 Sophia:
536 4317 554 4354 :
587 4301 824 4355 Dontuus
848 4316 1090 4358 countotr
1109 4318 1181 4356 κε
1211 4318 1410 4358 ιΝιτιωι
1435 4319 1632 4358 νιΑιιωί
1654 4319 1706 4357 IN
1733 4318 1903 4358 OPEBA

299 4404 398 4444 sua
442 4391 463 4460 (
494 4391 573 4444 Ad
619 4390 778 4446 Hebr.
829 4410 942 4464 cap.
976 4393 996 4448 l
1029 4395 1068 4464 ).
1100 4395 1249 4450 Aura
1279 4409 1452 4450 omnes
1491 4411 1668 4450 aureas
1706 4409 1904 4450 comes

300 4498 606 4538 GENERAV’IT
649 4500 721 4539 ιε
751 4487 768 4555 (
803 4483 1040 4542 Proverb.
1074 4504 1191 4557 cap.
1221 4487 1357 4552 Vlll,
1407 4486 1540 4555 22).
1589 4489 1758 4558 Atque
1789 4488 1902 4543 lucc

2003 3276 2197 3333 iecisse
2225 3278 2570 3333 sermonem?
2593 3279 2667 3335 lbi
2696 3278 2960 3349 siquidem
2989 3279 3073 3335 his
3109 3279 3601 3349 comparationibus

2006 3371 2263 3425 adversus
2291 3369 2555 3426 Praxeam
2582 3369 2919 3426 demonstrat
2945 3370 3139 3426 Filium
3174 3371 3297 3436 Dei,
3338 3370 3549 3426 etiamsi
3575 3386 3606 3426 a

2004 3459 2164 3516 Patre
2190 3476 2288 3516 suo
2318 3476 2423 3516 non
2467 3461 2536 3517 sit
2563 3471 2880 3534 separatus.
2911 3462 2978 3517 ab
3007 3477 3073 3518 eo
3123 3473 3300 3518 tamen
3335 3463 3454 3518 ideo
3498 3463 3607 3518 dis-

2005 3553 2205 3624 tingui,
2235 3555 2357 3624 quia
2389 3569 2538 3608 suam
2570 3555 2637 3610 ab
2669 3555 2785 3626 ipso
2811 3554 3075 3626 originem
3105 3555 3274 3611 ducit.
3309 3555 3444 3610 Tum
3475 3555 3600 3611 inde

2004 3644 2071 3699 ad
2108 3643 2336 3715 Spiritus
2357 3646 2526 3701 sancti
2551 3655 2726 3700 ortum
2755 3645 3029 3717 delapsus,
3063 3647 3279 3712 eodem,
3308 3648 3382 3701 uti
3413 3645 3598 3713 vides,

2003 3737 2163 3809 plane
2212 3737 2374 3794 modo
2413 3748 2834 3809 argumentatur.
2879 3740 3011 3796 Tam
3059 3740 3220 3812 igitur
3259 3740 3328 3796 de
3377 3741 3606 3812 Spiritus

2005 3829 2206 3892 sancti,
2239 3844 2398 3900 quam
2431 3829 2547 3884 Filii
2571 3830 2776 3902 origine
2805 3830 3060 3902 disputat.

2080 3918 2284 3992 Urgent
2309 3921 2659 3977 nihilominus
2679 3937 2708 3976 a
2733 3922 3062 3978 Tertulliano
3083 3933 3237 3980 antea
3263 3924 3601 3995 apertissime

2011 4013 2348 4083 prOnuntiari
2407 4032 2422 4067 :
2475 4010 2662 4067 Ortum
2727 4013 2982 4084 Spiritum
3031 4032 3132 4068 non
3198 4016 3406 4071 aliunde
3449 4027 3606 4086 puto,

2008 4123 2162 4178 quam
2203 4123 2236 4160 a
2291 4105 2448 4160 Patre
2497 4123 2586 4178 per
2628 4104 2817 4162 Filium
2866 4106 3060 4178 (Idem,
3089 4123 3206 4178 cap.
3230 4110 3305 4178 4).
3357 4108 3460 4164 Sed
3519 4119 3606 4164 at-

2009 4199 2206 4267 tende,
2240 4215 2459 4270 qua-so,
2500 4216 2660 4272 quam
2701 4216 2889 4271 parum
2943 4199 3282 4256 considerate
3331 4201 3446 4258 lucc
3472 4203 3609 4274 obji-

2007 4295 2237 4349 ciantur.
2267 4292 2400 4348 Nam
2428 4293 2660 4348 Hilarius
2679 4335 2694 4360 ,
2726 4302 2784 4346 Ill
2811 4293 2884 4346 illi
2916 4291 3172 4360 fatentur,
3196 4293 3397 4350 diserte
3424 4284 3606 4351 docuit

2007 4384 2263 4456 Spiritum
2303 4395 2544 4440 sanctum
2589 4401 2618 4438 a
2658 4383 2812 4438 Patre
2857 4394 2911 4438 et
2939 4383 3075 4439 Filio
3119 4385 3447 4455 procedere,
3479 4401 3602 4442 eum

2006 4481 2221 4549 scripsit
2251 4498 2262 4534 :
2296 4480 2447 4544 Quod
2485 4481 2528 4533 si
2583 4477 2793 4546 cli/ferre
2831 4477 3118 4534 crederetur
3145 4480 3279 4534 inter
3302 4481 3532 4550 accipere
3575 4496 3608 4534 α

300 4575 418 4646 ipsa
443 4576 582 4630 ratio
609 4585 709 4642 est,
733 4592 826 4632 cur
851 4579 1112 4646 Verbum,
1144 4582 1250 4636 Seu
1279 4596 1462 4636 sermo
1492 4581 1614 4646 Dei,
1640 4595 1744 4635 non
1773 4594 1900 4635 vero
1924 4593 1978 4654 D
2008 4572 2147 4629 Filio
2169 4583 2217 4627 et
2243 4590 2275 4626 a
2307 4571 2466 4626 Patre
2493 4572 2800 4644 procedere,
2828 4583 2963 4626 certe
2989 4573 3044 4626 id
3065 4573 3234 4641 ipsum
3260 4582 3411 4642 atque
3445 4587 3606 4626 unum

294 4667 536 4739 Spiritus
565 4679 779 4725 sanctus
824 4673 923 4739 sit,
975 4673 1288 4744 dicaturque
1343 4673 1512 4729 Filius
1539 4674 1629 4728 Dei
1661 4691 1673 4728 :
1704 4682 1862 4744 atque
1882 4716 1896 4739 ,

297 4769 359 4816 nt
413 4761 531 4832 ipse
560 4761 917 4820 Tertullianus
956 4767 1064 4833 ait,
1108 4766 1212 4834 Qui
1253 4767 1406 4821 etiam
1460 4767 1666 4836 proprie
1718 4782 1899 4820 nomen

299 4853 427 4936 Filii
454 4858 668 4926 accepit,
687 4866 794 4911 tum
813 4858 937 4928 quia
951 4874 1147 4914 nomen
1167 4859 1297 4913 illud
1321 4859 1418 4930 ipsi
1447 4859 1498 4913 in
1527 4859 1694 4914 sacris
1719 4857 1900 4928 Scrip-

301 4946 435 5023 luris
465 4945 654 5025 datur,
689 4957 799 5002 tum
825 4951 987 5003 etiam
1017 4950 1139 5021 quia
1170 4951 1315 5020 prior
1336 4965 1364 5002 a
1391 4949 1508 5004 solo
1537 4949 1692 5004 Patre
1719 4964 1817 5004 suo
1844 4952 1898 5004 in

299 5044 504 5092 natura:
531 5024 938 5095 similitudinem
965 5050 1044 5095 est
1073 5042 1285 5110 genitus
1307 5082 1320 5105 ,
1350 5049 1404 5095 et
1429 5040 1660 5112 Spiritus
1680 5052 1899 5097 sanctus

299 5131 368 5185 ab
393 5140 620 5202 utroque
652 5133 914 5202 processit
934 5173 950 5197 ,
981 5132 1434 5204 quemadmodum
1472 5150 1538 5189 ex
1565 5149 1688 5189 mox
1730 5135 1900 5189 citan-

299 5221 383 5277 dis
407 5222 650 5293 ejusdem
669 5223 986 5279 Tertulliani
1016 5227 1182 5280 nostri
1210 5226 1388 5282 verbis
1415 5227 1756 5282 manifestum
1779 5227 1898 5282 uni-

297 5315 492 5386 cuique
519 5315 609 5372 lict
638 5316 896 5386 (Tertull.
923 5319 1144 5373 lib.adv.
1162 5317 1354 5374 Praxe.
1389 5336 1503 5390 cap.
1529 5319 1606 5392 8).

301 5463 304 5468 .
373 5406 478 5464 Sed
510 5411 764 5480 quamvis
803 5409 996 5466 Sermo
1029 5410 1121 5466 Dei
1151 5427 1179 5464 a
1209 5411 1366 5467 Patre
1393 5427 1493 5467 suo
1520 5423 1721 5468 :eterno
1759 5427 1899 5483 pro-

298 5504 459 5570 deat,
491 5506 578 5560 vel
610 5505 770 5560 sicuti
812 5506 888 5560 ait
929 5506 1045 5576 ipse
1070 5505 1472 5562 Tertullianus:
1503 5505 1627 5560 Non
1654 5507 1894 5575 aliunde,

296 5597 388 5651 sed
409 5597 476 5651 de
492 5597 778 5652 substantia
807 5595 984 5652 Patris
1032 5597 1330 5654 deducatur
1377 5595 1398 5670 (
1424 5595 1560 5651 Ibid.
1615 5614 1733 5668 cap.
1764 5598 1800 5652 4
1833 5599 1893 5667 ),

295 5687 406 5746 hoc
463 5698 598 5756 est,
658 5691 863 5747 oriatur
921 5706 987 5748 ex
1044 5693 1164 5762 ejus
1218 5690 1539 5764 cogitatione
1590 5699 1646 5747 et
1700 5690 1897 5746 intelli-

295 5782 480 5860 gentia
499 5825 515 5853 ,
543 5800 649 5844 non
673 5785 877 5846 idcirco
901 5794 1078 5844 tamen
1107 5785 1176 5844 ab
1198 5785 1292 5844 illo
1321 5791 1601 5859 separatus
1627 5793 1728 5843 est.
1755 5782 1891 5844 Nam

2003 4682 2112 4722 esse
2139 4665 2507 4720 existimabitur
2544 4683 2576 4718 a
2611 4664 2749 4720 Filio
2776 4665 3004 4735 accipere
3029 4663 3168 4735 quod
3207 4665 3273 4718 sit
3303 4664 3535 4735 accipere
3572 4681 3605 4719 a

2003 4760 2163 4818 Patre
2193 4758 2395 4830 (llilar.
2439 4760 2477 4814 ι.
2524 4759 2578 4815 8.
2625 4759 2686 4814 dc
2737 4757 2880 4813 Trin.
2924 4757 2953 4830 §
3001 4758 3118 4829 ΞΟ).
3151 4758 3308 4827 Atqui
3349 4759 3607 4829 scriptum

2002 4856 2069 4909 ab
2094 4855 2285 4910 eodem
2313 4854 2514 4911 Hilario
2543 4856 2768 4926 legimus
2793 4872 2806 4908 :
2841 4853 2926 4907 Ex
2943 4864 2990 4908 te
3018 4853 3296 4927 (nimirum
3320 4851 3504 4926 Patre)
3520 4871 3610 4924 per

2001 4963 2115 5001 eum
2147 4944 2392 5019 (Filium)
2419 4957 2624 5001 sanctus
2649 4946 2875 5017 Spiritus
2902 4955 3017 5012 tuus
3037 4954 3128 5000 est.
3148 4943 3316 5000 Paulo
3341 4956 3458 5016 post
3478 4961 3609 5002 vero

2003 5039 2083 5096 sic
2111 5040 2322 5094 Patrem
2367 5048 2610 5109 precatur
2645 5057 2657 5093 :
2697 5039 2845 5094 Dona
2873 5039 2998 5092 mihi
3024 5048 3078 5093 ut
3113 5037 3320 5092 Patrem
3347 5049 3393 5092 te
3418 5038 3610 5093 scilicet

2003 5143 2250 5200 nostrum,
2272 5133 2466 5188 Filium
2487 5143 2626 5187 tuum
2653 5150 2756 5187 una
2783 5145 2944 5189 tecum
2972 5133 3213 5198 adorem;
3235 5141 3465 5185 sanctum
3490 5130 3609 5201 Spi-

2003 5228 2156 5282 ritum
2195 5238 2333 5282 tuurn
2357 5269 2371 5293 ,
2400 5228 2485 5294 qui
2519 5242 2583 5280 ea:
2618 5235 2665 5279 te
2708 5242 2798 5296 per
2828 5225 3140 5296 unigenitum
3177 5234 3318 5278 tuum
3350 5233 3452 5289 est,
3485 5239 3608 5294 pro-

2002 5337 2200 5378 rncrear
2223 5320 2382 5382 (Ibid.
2417 5321 2506 5374 lib.
2538 5319 2624 5381 12.
2656 5317 2776 5390 §56
2804 5327 2850 5372 et
2875 5319 2990 5390 57).

2076 5415 2143 5468 At
2172 5414 2214 5467 si
2247 5429 2291 5468 IS
2313 5411 2503 5468 eodem
2530 5410 2796 5466 catholico
2821 5424 2980 5466 sensu
3003 5408 3408 5480 dixitSpiritum
3433 5423 3462 5462 a
3495 5407 3601 5464 Pa-

2000 5513 2084 5562 tre
2113 5514 2167 5560 et
2197 5504 2332 5560 Filio
2355 5546 2370 5569 ,
2399 5515 2556 5574 atque
2583 5503 2839 5574 Spiritum
2878 5487 3120 5558 sanetum
3151 5517 3179 5555 a
3220 5501 3380 5556 Patre
3411 5515 3602 5570 proce-

2000 5577 2133 5654 dere.
2152 5612 2245 5668 per
2272 5595 2486 5660 Filium,
2502 5611 2599 5651 cur
2619 5611 2724 5651 non
2747 5596 2907 5651 etiam
2922 5594 3315 5650 Tertullianus?
3333 5590 3602 5664 Numquid

2001 5690 2142 5747 idem
2158 5689 2404 5760 loquendi
2424 5687 2679 5744 modusin
2700 5703 2806 5744 uno
2824 5687 3038 5759 probari
3058 5695 3254 5758 potest,
3274 5698 3326 5743 et
3351 5687 3404 5742 in
3432 5686 3606 5741 altero

1998 5784 2276 5858 reprobari
2297 5785 2321 5840 τ’
2342 5783 2579 5858 Uterque
2601 5783 2794 5856 igitur,
2825 5784 2962 5842 sicut
2980 5790 3128 5842 recte
3157 5781 3414 5856 Spiritum
3442 5795 3603 5839 sanc-
