4240 6262
653 281 762 346 835

1719 284 1786 343 ΙΝ
1823 281 2283 344 TERTULLIANI
2320 281 2854 345 APOLOGETICUM

3850 277 3958 346 856

649 411 766 458 tum
793 416 822 457 a
871 401 1026 458 Patre
1051 410 1105 458 et
1135 399 1274 456 Filio
1294 442 1307 466 ,
1341 397 1414 454 ita
1440 414 1471 456 a
1505 399 1666 456 Patre
1704 416 1801 473 per
1829 401 2024 481 Filium
2062 417 2252 475 proce-
2279 403 2331 464 Α
2357 402 2786 474 comparationes
2814 417 2938 460 esse
2963 401 3324 474 imperfectas.
3349 401 3417 460 Et
3439 415 3574 460 vero
3595 403 3718 477 quis
3742 407 3949 462 nesciat

651 495 784 552 dere
811 491 1215 550 dixerunt.Nam
1243 492 1433 559 Filius,
1467 502 1718 578 tanquam
1746 493 1952 550 medius
1985 496 2125 551 inter
2151 495 2248 550 Pa-

650 595 788 643 trem
829 586 1154 655 etSpiritum
1181 594 1450 654 sanctum,
1477 586 1545 642 ab
1572 585 1761 642 eodem
1789 587 1947 643 Patre
1973 588 2087 644 solo
2109 588 2249 660 prin-

648 677 848 747 cipium
891 678 1131 748 accepit,
1159 687 1319 750 atque
1347 679 1415 733 ab
1451 678 1540 734 illo
1579 690 1634 735 et
1661 689 1812 752 patre
1849 681 2079 752 Spiritus
2103 663 2248 736 ~san-

555 763 564 769 ’
647 777 770 826 ctus
815 785 966 826 suam
997 770 1147 827 ducit
1188 771 1476 843 originem.
1515 772 1697 844 Itaque
1739 770 1971 845 Spiritus
2018 773 2249 830 Sanctus

647 862 843 921 dicitur
869 879 897 918 a
927 864 1084 920 Patre
1108 865 1399 935 procedere
1429 881 1523 936 per
1545 865 1735 920 Filium
1761 910 1775 934 ,
1800 867 1888 938 qui
1918 867 2125 937 origine
2151 879 2247 921 sua

647 957 788 1014 inter
827 968 1114 1031 utrumque
1137 972 1390 1030 tanquam
1427 959 1666 1025 medius,
1691 976 1720 1016 a
1750 961 1905 1017 Patre
1929 960 2166 1031 accepit,
2191 970 2248 1017 ut

647 1052 881 1124 Spiritus
907 1064 1122 1108 sanctus
1171 1053 1239 1108 ab
1270 1055 1385 1124 ipso
1429 1054 1702 1124 procedat.
1736 1053 2098 1122 Quamobrem
2131 1053 2248 1110 haec

647 1148 762 1218 ipsa
788 1147 1062 1217 processio
1080 1163 1187 1202 uno
1214 1147 1510 1216 eodemque
1525 1147 1687 1202 modo
1708 1156 1813 1202 tam
1836 1163 1864 1201 a
1885 1146 2063 1214 Patre,
2087 1161 2245 1218 quam

648 1254 677 1294 a
705 1239 842 1296 Filio
868 1239 1151 1295 derivatur
1172 1282 1186 1306 ,
1219 1254 1282 1295 ac
1310 1239 1612 1294 deducitur.

719 1331 854 1401 Quia
885 1333 1043 1403 igitur
1077 1331 1244 1388 Filius
1277 1330 1513 1388 Verbum
1550 1331 1690 1386 illius
1719 1340 1774 1387 et
1806 1330 1997 1387 Sermo
2027 1340 2130 1399 est,
2159 1329 2248 1401 qui

648 1439 712 1481 ex
747 1425 918 1478 Patris
945 1423 1218 1480 intellectu
1250 1439 1343 1479 seu
1370 1422 1714 1494 cogitatione,
1741 1423 1895 1478 sicuti
1922 1438 1986 1478 ex
2017 1422 2248 1494 quadam

648 1515 872 1572 matrice
902 1526 955 1571 et
997 1516 1154 1570 vulva
1199 1515 1462 1586 prodivit,
1513 1515 1636 1570 hinc
1675 1524 1816 1570 recte
1858 1513 2026 1570 Filius
2053 1514 2168 1585 ejus
2197 1523 2250 1569 et

646 1608 954 1678 nitigettittts
980 1607 1203 1678 proprie,
1229 1616 1285 1660 ut
1314 1607 1440 1662 alibi
1478 1606 1645 1672 dixit,
1674 1622 1854 1660 nomen
1883 1604 2008 1660 Filii
2034 1605 2245 1674 accepit.

647 1702 894 1773 ('l'ertu‘l.
939 1703 1028 1756 lib.
1089 1701 1207 1756 adv.
1266 1699 1466 1754 Praxe.
1519 1717 1634 1770 cap.
1681 1699 1782 1770 8).
1843 1698 2071 1769 Spiritus
2122 1712 2250 1753 vero

2353 496 2474 551 illas
2501 505 2706 551 tantum
2747 496 2889 552 inter
2931 511 2991 553 se
3019 495 3236 552 differre
3262 539 3276 564 ,
3308 506 3570 567 quantum
3617 511 3647 551 a
3695 496 3954 555 Creatore

2350 587 2514 644 distat
2538 586 2962 646 creaturaiNon
2995 589 3382 661 putavitigitur
3423 589 3489 645 iis
3531 604 3693 661 posse
3736 591 3954 648 omnino

2351 680 2606 752 explicari
2653 679 2770 736 Filii
2813 681 2909 737 Dei
2961 682 3396 753 generationem,
3423 681 3521 738 sed
3548 692 3604 738 ut
3652 683 3953 754 qualicum-

2351 787 2454 842 que
2482 772 2663 840 modo,
2692 788 2755 829 ac
2779 771 3074 852 secundum
3100 773 3356 846 infirmas
3383 773 3580 847 ingenii
3614 775 3786 831 nostri
3813 775 3953 832 vires

2352 881 2469 921 eam
2502 867 2881 938 intelligamus.

2425 957 2627 1013 Deinde
2671 973 2802 1015 vero
2833 958 2949 1015 lucc
2991 959 3237 1031 exempla
3263 958 3332 1015 ab
3363 959 3454 1016 illo
3479 975 3586 1015 non
3630 959 3952 1018 adhibentur

2351 1050 2404 1106 in
2430 1051 2703 1120 omnibus,
2732 1052 2828 1107 sed
2860 1054 2910 1107 in
2941 1052 3211 1125 aliquibus
3253 1062 3456 1108 tantum
3507 1053 3692 1120 rebus,
3736 1070 3856 1127 qua)
3885 1055 3953 1111 ad

2351 1141 2584 1198 divinam
2614 1153 2862 1214 spectant
2895 1142 3017 1200 Filii
3060 1145 3488 1216 generationem.
3533 1145 3725 1202 Omnia
3773 1148 3952 1204 enim-

2353 1248 2486 1290 vero
2515 1237 2602 1290 illa
2645 1252 2710 1292 eo
2769 1236 3031 1293 duntaxat
3077 1237 3339 1307 tendunt,
3383 1248 3438 1294 ut
3473 1239 3720 1296 ostendat
3754 1239 3953 1298 Filium

2354 1326 2468 1393 Dei,
2493 1329 2594 1384 etsi
2642 1343 2674 1384 a
2709 1329 2868 1386 Patre
2894 1347 2992 1386 suo
3023 1331 3269 1402 prodeat,
3301 1331 3474 1389 abillo
3501 1343 3672 1390 tamen
3701 1349 3809 1390 non
3830 1349 3954 1392 esse

2354 1430 2795 1491 scparatum,nec
2820 1423 3070 1479 divisum.
3091 1424 3383 1498 Propterea
3413 1428 3554 1482 enim
3579 1427 3721 1497 quod
3751 1427 3947 1496 frutex,

2359 1513 2434 1567 uti
2467 1514 2556 1570 ille
2586 1515 2682 1582 ait,
2716 1532 2743 1569 a
2774 1516 2974 1583 radice,
3007 1515 3203 1574 fluvius
3241 1535 3307 1574 ex
3347 1517 3513 1588 fonte,
3543 1518 3724 1575 radius
3749 1535 3814 1576 ex
3839 1522 3954 1578 sole

2356 1607 2640 1677 prodeunt,
2673 1625 2771 1664 nec
2801 1625 2830 1665 a
2861 1625 2920 1664 se
2944 1610 3173 1666 invicem
3204 1621 3543 1682 separantur,
3572 1621 3662 1667 aut
3700 1611 3952 1669 dividun-

2355 1708 2460 1766 tur,
2488 1700 2580 1756 sed
2625 1701 2725 1756 sibi
2756 1703 3174 1773 coniunguntur,
3200 1713 3253 1760 et
3279 1705 3395 1760 sine
3436 1705 3541 1759 ulla
3563 1704 3830 1761 divisione
3860 1720 3954 1760 co-

646 1804 881 1856 sanctus,
913 1795 1162 1863 quoniam
1187 1794 1252 1847 ab
1279 1803 1503 1864 uerqtte
1525 1793 1785 1862 procedit,
1823 1807 1921 1848 nec
1975 1791 2132 1848 unius
2183 1809 2248 1847 ex
2279 1802 2327 1862 Β
2358 1792 2596 1861 luerent;
2627 1793 2751 1849 hinc
2781 1794 3014 1851 hominis
3056 1795 3360 1854 intellectus
3395 1813 3461 1854 eo
3507 1797 3698 1854 adduci
3740 1808 3953 1870 potest,

646 1888 774 1955 illis,
805 1904 903 1942 nec
925 1888 1204 1942 amborum
1229 1886 1399 1942 Filius
1435 1901 1666 1956 unquam
1696 1894 1778 1940 est
1806 1885 2128 1956 appellatus,
2151 1900 2249 1941 nec

649 1979 908 2051 appellari
939 1979 1141 2035 debuit.

1250 2088 1546 2129 ARTICULUS
1584 2088 1636 2126 ν.

651 2162 995 2238 Exponantur
1023 2177 1070 2222 et
1107 2169 1464 2223 examinantur
1498 2167 1734 2238 quazdam
1773 2166 2040 2238 exempla,
2073 2167 2253 2238 quibus

725 2258 1072 2314 Tertullianus
1087 2260 1310 2314 divinam
1335 2258 1462 2314 Filii
1488 2258 1585 2314 Dei
1603 2259 1976 2330 generationem
1998 2259 2256 2330 explicare

716 2365 925 2409 conatus
952 2365 1042 2408 ρετ.

725 2445 858 2501 Cum
910 2446 1086 2501 divina
1136 2445 1256 2501 Filii
1301 2447 1394 2502 Dei
1437 2446 1716 2518 generatio
1756 2457 1972 2518 captum
2017 2447 2254 2503 hominis

650 2538 808 2609 longe
835 2548 1086 2611 superet,
1115 2555 1214 2596 nec
1245 2539 1412 2612 possit
1443 2541 1597 2596 facile
1623 2540 1691 2596 ab
1730 2556 1795 2596 eo
1840 2540 2060 2611 intelligi
2089 2583 2102 2607 ,
2131 2541 2254 2597 hinc

649 2631 1016 2688 Tcrtullianus
1045 2643 1227 2688 noster
1253 2631 1401 2687 illam
1422 2632 1737 2703 quibusdam
1764 2634 2254 2703 comparationibus

647 2726 959 2796 eXplanare,
991 2732 1045 2780 et
1071 2725 1340 2781 illustrare
1371 2725 1623 2781 connisus
1653 2734 1754 2780 est.
1787 2723 1984 2781 Verum
2011 2727 2134 2796 quia
2157 2726 2257 2779 dif-

648 2819 970 2872 ficultatibus
1015 2834 1119 2872 non
1165 2827 1374 2886 carent,
1413 2834 1442 2873 a
1487 2818 1642 2888 nobis
1690 2827 1815 2875 sunt
1857 2819 2248 2874 examinandis.

652 2909 891 2965 Primum
917 2911 1092 2980 itaque
1118 2926 1209 2966 eas
1239 2911 1289 2966 in
1323 2911 1670 2982 Apologetico
1699 2912 1776 2967 sic
1807 2911 2054 2983 proponit
2079 2929 2091 2962 :
2127 2912 2255 2966 Cum

649 3002 828 3056 radius
857 3018 888 3055 a
910 3001 1033 3058 Sole
1054 3003 1352 3075 porrigitur,
1396 3005 1562 3075 portio
1588 3020 1650 3058 ex
1679 3021 1900 3071 summa,
1929 3005 2016 3058 sed
2044 3002 2140 3058 Sol
2159 3005 2258 3058 erit

647 3093 701 3150 in
729 3095 897 3162 radio,
926 3095 1044 3165 quia
1069 3095 1208 3150 Solis
1229 3105 1301 3150 est
1316 3095 1492 3149 radius
1512 3111 1634 3161 ;nec
1660 3105 1928 3168 separatur
1948 3096 2252 3165 substantia,

2355 1895 2411 1939 ut
2441 1901 2536 1955 pro
2568 1885 2791 1942 inllrmis
2831 1888 2988 1958 plane
3034 1890 3237 1945 viribus
3276 1900 3565 1961 cognoscat
3588 1889 3682 1944 Dei
3710 1891 3904 1946 Filium
3927 1934 3943 1958 ,

2353 1977 2598 2047 quamvis
2627 1993 2653 2030 a
2686 1978 2843 2034 Patre
2875 1978 3115 2050 prodeat,
3145 1980 3212 2036 ab
3241 1995 3306 2036 eo
3335 1997 3440 2036 non
3469 1982 3726 2052 separari,
3755 1980 3849 2038 sed
3878 1983 3961 2038 in—

2359 2070 2507 2124 finite
2537 2070 2842 2138 perfectiori
2871 2072 3053 2139 modo,
3073 2088 3232 2143 quam
3260 2088 3346 2130 res
3373 2073 3491 2129 illas
3523 2089 3831 2146 corporeas,
3859 2075 3959 2147 ipsi

2355 2177 2478 2219 esse
2498 2165 2868 2235 conjunctum,
2899 2174 3060 2236 atque
3088 2166 3156 2221 ab
3184 2182 3250 2222 eo
3275 2168 3489 2238 penitus
3519 2168 3829 2224 indivisum.

2427 2257 2518 2312 Sic
2547 2257 2709 2313 etiam
2738 2266 2921 2328 postea
2952 2258 3076 2326 ille,
3111 2270 3166 2314 ut
3222 2259 3506 2318 confirmet
3549 2261 3743 2317 Filium
3793 2261 3884 2318 Dei
3928 2277 3958 2318 a

2357 2349 2516 2405 Patre
2567 2351 2825 2421 separari,
2880 2351 3093 2407 tametsi
3143 2351 3210 2408 ab
3251 2352 3345 2409 illo
3389 2352 3566 2408 divina
3615 2353 3960 2425 generatione

2357 2443 2570 2510 exierit,
2600 2443 2776 2512 ipsum
2801 2443 2872 2497 ita
2901 2443 3209 2514 loquentem
3235 2443 3532 2500 introducit
3561 2463 3576 2500 :
3617 2443 3771 2500 Exivi
3795 2463 3827 2501 a
3853 2443 3962 2500 Pa.

2367 2544 2442 2590 tre
2463 2577 2478 2601 ,
2509 2545 2562 2589 ut
2591 2537 2768 2591 radius
2796 2551 2860 2591 ea:
2898 2536 3004 2591 sole
3023 2579 3037 2604 ,
3067 2547 3124 2591 ut
3147 2538 3286 2592 rivus
3313 2554 3375 2592 ea:
3401 2537 3541 2608 fonte
3559 2582 3572 2603 ,
3602 2548 3658 2594 ut
3696 2542 3866 2611 frutex
3897 2555 3963 2594 ea:

2357 2630 2546 2685 semine
2573 2630 2592 2702 (
2623 2628 2759 2684 Ibid.
2791 2647 2906 2701 cap.
2953 2629 3087 2702 29.).
3133 2630 3273 2686 Alibi
3309 2645 3440 2687 vero
3487 2630 3674 2687 eadem
3725 2631 3853 2688 solis
3905 2639 3962 2688 et

2369 2722 2504 2778 radii
2531 2723 2934 2793 comparatione
2973 2723 3094 2779 ideo
3119 2732 3321 2779 tantum
3364 2725 3550 2790 utitur,
3601 2733 3660 2780 ut
3712 2724 3964 2781 demons-

2359 2823 2466 2871 tret
2521 2815 2613 2869 Dei
2675 2830 2872 2871 nomen
2936 2831 3042 2870 non
3109 2815 3368 2872 creaturis
3433 2816 3808 2886 tribuendum,
3862 2815 3961 2872 sed

2358 2907 2504 2964 Patri
2530 2915 2733 2963 aeterno
2764 2907 2987 2978 ejusque
3011 2906 3172 2974 Filio,
3211 2923 3437 2977 quorum
3484 2923 3586 2963 uua
3631 2908 3852 2963 omnino
3877 2916 3962 2963 est

2357 3003 2676 3059 substantia.
2707 3003 2928 3057 Praestat
2954 3011 3129 3057 autem
3154 3001 3331 3072 ipsum
3350 3001 3465 3058 haec
3485 3012 3826 3058 enarrantem
3855 3016 3958 3056 au-

2360 3097 2473 3154 dire
2499 3114 2514 3155 :
2545 3096 2706 3162 Deos,
2739 3097 2909 3167 inquit
2935 3139 2948 3162 ,
2982 3097 3187 3152 omnino
3217 3114 3317 3151 non
3343 3097 3538 3164 dicant,
3571 3113 3660 3150 nec
3684 3095 3925 3150 dominos
3944 3138 3961 3160 ,

645 3189 736 3243 sed
765 3188 1052 3242 extenditur
1077 3203 1094 3241 :
1123 3189 1194 3242 ita
1218 3187 1282 3243 de
1304 3187 1506 3259 Spiritu
1529 3187 1839 3259 Spiritus,et
1865 3189 1928 3243 de
1957 3187 2066 3243 Deo
2090 3187 2251 3255 Deus,
2279 3198 2327 3262 ρ
2361 3188 2451 3242 sed
2475 3190 2773 3259 Apostolum
2810 3205 2990 3260 sequar
3010 3230 3024 3254 ,
3053 3199 3109 3242 ut
3137 3190 3179 3243 si
3221 3189 3410 3260 pariter
3448 3187 3743 3242 nominandi
3767 3187 3964 3254 fuerint

645 3291 700 3334 ut
729 3280 898 3334 lumen
929 3280 992 3334 de
1037 3280 1229 3334 lumine
1252 3296 1542 3334 accensum.
1586 3279 1762 3335 Manet
1803 3282 2000 3353 integra
2030 3289 2076 3334 et
2101 3281 2245 3335 inde-

649 3373 782 3444 fecta
809 3373 1035 3427 materite
1055 3373 1263 3438 matrix,
1295 3372 1387 3426 etsi
1430 3372 1598 3442 plures
1625 3372 1744 3426 inde
1771 3374 2004 3427 traduces
2030 3373 2250 3442 qualita-

644 3472 750 3519 tum
775 3469 1016 3520 mutueris
1044 3483 1062 3520 :
1089 3469 1160 3520 ita
1187 3478 1233 3520 et
1255 3467 1390 3537 quod
1427 3468 1490 3520 de
1526 3466 1635 3520 Deo
1669 3471 1952 3540 profectum
1991 3479 2084 3535 est,
2110 3467 2250 3524 Deus

648 3571 761 3628 est,
793 3571 839 3614 et
883 3561 979 3614 Dei
1033 3559 1238 3626 Filius,
1285 3571 1330 3614 et
1395 3577 1524 3615 unus
1569 3561 1811 3632 (supple
1868 3560 2048 3635 Deus)
2101 3563 2249 3617 ambo

646 3649 1000 3723 (Tertullian.
1055 3652 1369 3723 Apologetic.
1441 3670 1556 3722 cap.
1615 3652 1723 3720 2|,
1780 3671 1898 3725 pag.
1931 3653 2083 3723 599).
2138 3653 2245 3710 Sed

647 3741 771 3797 haec
800 3743 889 3798 ille
908 3743 1072 3796 fusius
1086 3744 1210 3796 alibi
1233 3744 1419 3797 iisdem
1439 3745 1662 3814 aliisque
1682 3745 1943 3814 exemplis
1965 3745 2252 3802 enucleare

652 3833 829 3889 adhuc
873 3841 1118 3887 conatur.
1163 3835 1454 3890 Audiamus
1493 3851 1639 3902 eum,
1688 3836 1733 3891 si
1776 3837 1969 3891 lubet:
2021 3836 2250 3895 Protulit

642 3924 783 3979 Deus
802 3924 1120 3990 Sermonem,
1140 3927 1565 3996 quemadmodum
1587 3929 1738 3982 etiam
1757 3928 2247 4000 Paracletus'docet,

645 4020 776 4075 sicut
814 4021 967 4074 radix
1005 4022 1261 4092 fruticem,
1295 4031 1342 4076 et
1387 4025 1501 4092 fons
1545 4022 1781 4093 fluvium,
1827 4033 1874 4078 et
1919 4025 1998 4080 sol
2023 4027 2246 4082 radiant.

645 4115 785 4170 Nam
817 4127 864 4170 et
911 4116 1022 4170 ista:
1063 4118 1255 4188 species
1301 4117 1559 4188 probolte,
1589 4117 1642 4173 id
1669 4127 1790 4187 est,
1824 4119 1898 4174 uti
1941 4121 2100 4190 paulo
2127 4129 2251 4178 ante

642 4209 873 4277 dixerat,
911 4211 1245 4280 prolationes
1273 4223 1390 4266 sunt
1413 4229 1588 4266 earum
1609 4213 2025 4283 substantiamm,
2051 4231 2113 4270 ea:
2133 4215 2252 4285 qui-

643 4302 732 4358 bus
757 4304 1029 4374 pt'odeunt.
1062 4304 1172 4360 Nec
1203 4306 1542 4361 dubitaverim
1568 4305 1762 4361 Filium
1787 4307 1953 4363 dicere
1993 4318 2038 4363 et
2062 4308 2252 4366 radicis

640 4397 908 4470 fruticem,
953 4405 1000 4450 et
1047 4400 1205 4470 fontis
1263 4399 1513 4469 fluvium,
1559 4409 1606 4454 et
1671 4399 1794 4455 solis
1836 4401 2078 4467 radium;
2131 4401 2254 4472 quia

641 4490 806 4544 omnis
836 4490 978 4562 origo
1007 4507 1190 4560 parens
1243 4502 1348 4558 est;
1377 4501 1425 4546 et
1456 4508 1604 4546 omne
1621 4492 1756 4563 quod
1783 4508 1844 4546 ea:
1891 4493 2085 4565 origine
2127 4510 2251 4564 pro-

2358 3279 2516 3334 Pater
2543 3289 2592 3333 et
2632 3278 2835 3346 Filius,
2884 3277 3048 3334 Deum
3095 3278 3304 3333 Patrem
3343 3279 3630 3350 adpellem,
3681 3288 3728 3333 et
3778 3275 3965 3332 Jesuns

2352 3369 2612 3426 Christum
2646 3371 2918 3424 Dominum
2967 3370 3243 3426 nominem.
3278 3370 3463 3426 Solum
3504 3378 3670 3424 autem
3701 3367 3962 3424 Christum

2353 3474 2527 3536 potero
2554 3463 2717 3518 Deum
2747 3465 2916 3519 dicere
2934 3506 2948 3530 ,
2976 3465 3109 3519 sicut
3148 3464 3283 3518 idem
3315 3464 3593 3534 Apostolus
3626 3478 3644 3516 :
3668 3461 3751 3516 Ea:
3775 3462 3960 3532 quibus

2353 3555 2606 3624 Christus,
2632 3559 2717 3628 qui
2739 3566 2830 3622 est,
2851 3557 3036 3627 inquit,
3064 3556 3200 3610 Deus
3226 3572 3378 3627 super
3397 3557 3569 3610 omnia
3597 3554 3880 3609 benedictus
3902 3553 3960 3607 in

2352 3664 2516 3703 sevum
2544 3665 2710 3704 onme.
2751 3648 2893 3702 Nam
2919 3658 2965 3702 et
3007 3648 3211 3702 radium
3241 3649 3363 3702 solis
3407 3663 3633 3702 seorsum
3659 3646 3815 3700 solem
3864 3660 3955 3699 vo-

2355 3741 2480 3794 cabo
2511 3756 2530 3795 .'
2555 3741 2714 3795 solem
2742 3751 2910 3795 autem
2961 3741 3234 3795 nominans
3253 3783 3266 3805 ,
3315 3741 3461 3810 cuius
3503 3750 3578 3795 est
3615 3739 3791 3794 radius
3811 3779 3825 3806 ,
3855 3751 3960 3792 non

2353 3833 2524 3887 statim
2563 3841 2610 3887 et
2667 3833 2873 3888 radium
2917 3833 3074 3888 solent
3122 3832 3413 3905 appellabo.
3470 3831 3611 3887 Nam
3677 3833 3766 3887 etsi
3824 3833 3958 3890 soles

2355 3927 2484 3980 duos
2511 3942 2612 3979 non
2643 3925 2830 3996 faciam
2853 3970 2866 3992 ,
2914 3936 3084 3980 tamen
3133 3936 3180 3981 et
3222 3926 3378 3981 solem
3408 3937 3453 3981 et
3487 3926 3689 3980 radium
3719 3927 3828 3997 ejus
3853 3935 3958 3979 tam

2355 4017 2484 4072 duas
2509 4034 2590 4072 res
2613 4061 2626 4082 ,
2658 4028 2704 4072 et
2734 4019 2862 4073 duas
2889 4020 3082 4089 species
3105 4018 3257 4072 unius
3290 4018 3523 4074 indivisa:
3548 4017 3845 4073 substantia!
3864 4033 3964 4071 nu-

2355 4112 2557 4166 merabo
2583 4153 2597 4178 ,
2620 4127 2773 4182 quam
2803 4111 2964 4166 Deum
2991 4122 3038 4165 et
3069 4111 3365 4167 Sermonem
3393 4113 3524 4183 ejus,
3553 4127 3708 4183 quam
3743 4109 3960 4166 Patrem

2362 4217 2409 4262 et
2441 4205 2638 4260 Filium
2667 4207 2686 4278 (
2713 4205 2931 4272 Ibidem,
2959 4223 3076 4279 cap.
3105 4207 3171 4263 l5
3197 4206 3236 4278 ).

2427 4297 2613 4370 Neque
2638 4299 2709 4355 ibi
2737 4299 2827 4356 ille
2851 4300 3018 4367 stetit,
3069 4300 3162 4356 sed
3203 4300 3270 4356 ad
3315 4299 3461 4356 illam
3502 4307 3759 4355 :etemam
3787 4295 3952 4352 Verbi

2357 4390 2520 4447 divini
2571 4391 2974 4463 generationem
3023 4406 3214 4448 rursus
3268 4389 3640 4463 explicandam
3681 4390 3781 4444 alia
3821 4402 3956 4446 usus

2356 4496 2440 4542 est
2491 4487 2928 4558 comparatione;
2978 4501 3098 4558 qua;
3149 4486 3368 4558 quidem
3412 4486 3537 4542 licet
3585 4483 3955 4557 superioribus

641 4585 823 4654 fertur,
859 4585 1121 4654 progenies
1145 4592 1239 4648 est;
1267 4585 1423 4638 multo
1446 4586 1608 4656 magis
1638 4584 1819 4640 Sermo
1846 4583 1964 4649 Dei,
1998 4586 2084 4656 qui
2105 4585 2254 4639 etiam
2278 4593 2332 4654 Ῑ)
2361 4579 2518 4651 longe
2562 4578 2853 4650 perfectior
2882 4580 2987 4648 sit,
3018 4594 3136 4634 eam
3177 4590 3353 4635 tamen
3385 4578 3562 4635 adhuc
3588 4577 3957 4649 imperfectam

639 4677 844 4744 proprie
867 4689 1048 4728 nomen
1081 4674 1208 4729 Filii
1233 4676 1448 4745 accepit.
1483 4674 1590 4730 Nec
1608 4676 1779 4746 frutex
1806 4687 1973 4731 tamen
1998 4693 2028 4730 a
2056 4677 2246 4744 radice,

640 4783 729 4820 nec
759 4767 944 4832 ﬂuvius
975 4785 1007 4820 a
1034 4771 1194 4839 fonte,
1224 4785 1314 4822 nec
1341 4769 1520 4822 radius
1546 4785 1579 4822 η
1634 4769 1740 4823 sole
1765 4770 2087 4836 discernitur,
2119 4770 2250 4824 sicut

641 4874 732 4911 nec
759 4876 788 4910 a
815 4857 923 4912 Deo
949 4858 1336 4931 Sermo.Igitur
1355 4859 1635 4914 secundum
1673 4876 1846 4915 eorum
1875 4864 2092 4933 formam
2123 4877 2246 4930 pro-

642 4950 789 5021 ﬁteor
816 4967 894 5004 me
915 4951 1042 5006 duos
1071 4951 1260 5018 dicere,
1286 4951 1454 5007 Deum
1483 4963 1530 5008 et
1553 4952 1853 5009 Sermonem
1881 4949 2012 5026 ejus,
2037 4953 2248 5009 Patrem

639 5051 687 5098 et
716 5041 908 5098 Filium
935 5045 1116 5114 ipsius.
1153 5043 1294 5099 Nam
1320 5054 1370 5100 et
1396 5047 1548 5100 radis:
1574 5056 1621 5100 et
1660 5046 1831 5116 frutex
1857 5046 1974 5102 duae
1989 5063 2066 5102 res
2106 5056 2243 5113 sunt,

637 5139 726 5193 sed
752 5139 1056 5210 conjunctae.
1086 5138 1152 5192 Et
1176 5142 1294 5210 fons
1323 5149 1372 5193 et
1401 5139 1588 5210 ﬂuvius
1617 5141 1735 5195 dare
1759 5141 1952 5210 species
1990 5150 2128 5206 sunt,
2160 5142 2248 5196 sed

636 5231 886 5286 indiviste.
921 5230 982 5285 Et
1032 5233 1174 5286 solet
1201 5231 1378 5286 radius
1413 5232 1528 5286 dua:
1557 5232 1735 5302 forma:
1754 5242 1903 5299 sunt,
1946 5233 2036 5288 sed
2078 5234 2248 5288 coita:-

637 5334 800 5378 reates
824 5326 842 5396 (
869 5321 1036 5392 Idem,
1071 5323 1159 5377 lib.
1190 5325 1306 5377 adv.
1341 5321 1534 5377 Praxe.
1563 5339 1678 5394 cap.
1712 5323 1766 5392 8,
1795 5340 1914 5395 pag.
1944 5323 2049 5380 6'59
2078 5325 2119 5395 ).

718 5417 996 5473 Atsedulo
1027 5416 1422 5472 observandum
1461 5425 1541 5473 est
1589 5417 1686 5472 bas
1725 5417 2154 5486 comparationes
2179 5417 2249 5474 ab

636 5512 872 5567 Auctore
920 5523 1105 5566 nostro
1151 5508 1400 5582 proferri,
1434 5526 1539 5566 non
1571 5519 1820 5582 tauquam
1852 5511 2072 5567 omnino
2117 5527 2246 5582 per-

637 5604 718 5660 fec
732 5615 832 5668 tas,
867 5619 928 5659 ac
953 5605 1104 5674 quasi
1126 5603 1320 5658 divinae
1363 5601 1484 5658 Filii
1515 5602 1848 5674 generationi
1880 5601 2036 5674 plane
2063 5603 2241 5658 omni-

636 5696 844 5768 busque
878 5697 1051 5753 modis
1078 5697 1283 5753 similes
1311 5697 1435 5752 sint.
1466 5693 1598 5751 Nam
1623 5706 1677 5752 et
1713 5696 1826 5767 ipse
1865 5695 1998 5751 dixit
2029 5713 2042 5751 :
2072 5695 2240 5750 Multo

637 5789 802 5856 magis
833 5785 1015 5842 Sermo
1043 5789 1158 5857 Dei,
1187 5788 1380 5859 quibus
1402 5787 1580 5844 verbis
1611 5787 1877 5858 signiﬁcat
1915 5787 2010 5844 has
2049 5799 2239 5844 omnes

2357 4687 2481 4729 esse
2521 4673 2696 4744 palam
2732 4672 3032 4744 profitetur.
3067 4671 3150 4728 Ab
3192 4672 3285 4728 illo
3321 4682 3499 4729 autem
3550 4671 3850 4728 desumitur
3886 4683 3962 4726 ex

2355 4765 2612 4822 interiore
2643 4765 2877 4820 hominis
2901 4779 3152 4822 sermone
3187 4780 3251 4821 ac
3277 4765 3442 4822 verbo
3461 4807 3475 4832 ,
3507 4772 3669 4836 atque
3696 4764 3768 4818 ita
3792 4776 3955 4833 argu-

2356 4870 2625 4917 mentatur
2656 4877 2670 4914 :
2707 4858 2836 4914 Vide
2879 4876 2993 4914 cum
3035 4863 3220 4916 tacitus
3257 4868 3418 4915 tecum
3457 4861 3566 4930 ipse
3591 4855 3952 4930 congrederis,

2353 4953 2550 5006 ratione
2579 4954 2672 5007 hoc
2700 4952 2868 5022 ipsum
2893 4953 2976 5024 agi
3014 4953 3150 5007 intra
3175 4962 3222 5008 te
3240 4995 3254 5018 ,
3275 4960 3570 5006 occurrente
3611 4967 3673 5004 ea
3721 4948 3812 5004 tibi
3836 4962 3956 5002 cum

2353 5061 2584 5100 sermone
2606 5045 2675 5099 ad
2703 5061 2901 5100 onmem
2930 5047 3179 5117 cogitatus
3219 5045 3294 5100 tui
3332 5053 3523 5100 motum
3542 5084 3557 5109 ,
3584 5053 3630 5097 et
3657 5042 3728 5096 ad
3753 5055 3957 5095 omnem

2354 5158 2534 5196 sensus
2580 5142 2654 5195 tui
2710 5141 2935 5212 pulsum.
2987 5141 3354 5214 Quodcumque
3409 5135 3741 5210 cogitaveris,
3784 5147 3957 5188 sermo

2354 5245 2458 5302 est;
2517 5233 2864 5305 quodcumque
2917 5234 3165 5301 senseris,
3198 5233 3330 5288 ratio
3391 5241 3481 5288 est.
3527 5227 3778 5300 Loqueris
3819 5224 3958 5280 illud

2354 5327 2407 5380 in
2435 5326 2605 5380 animo
2633 5341 2831 5380 necesse
2860 5335 2951 5392 est,
2979 5336 3026 5380 et
3043 5325 3166 5380 dum
3195 5325 3434 5397 loqueris,
3459 5323 3831 5379 conlocatorem
3853 5331 3954 5387 pa-

2355 5420 2477 5475 teris
2501 5436 2802 5486 sermonem,
2832 5420 2884 5473 in
2906 5435 3005 5488 quo
3025 5420 3154 5476 inest
3183 5420 3289 5474 Iuro
3315 5420 3429 5490 ipsa
3459 5419 3611 5486 ratio,
3650 5431 3804 5487 quam
3833 5425 3953 5465 cum

2351 5527 2410 5566 eo
2438 5513 2665 5584 cogitans
2695 5512 2938 5583 loquaris,
2967 5527 3056 5582 per
3079 5528 3225 5583 quem
3251 5510 3458 5583 loquens
3501 5509 3716 5580 cogitas.
3756 5503 3842 5560 Ita
3867 5521 3957 5561 se-

2345 5602 2542 5657 cundus
2569 5602 2940 5668 quodammodo
2965 5602 3018 5656 in
3049 5612 3096 5658 te
3123 5611 3195 5658 est
3214 5617 3400 5668 sermo,
3433 5616 3528 5672 per
3551 5615 3698 5668 quem
3731 5599 3956 5670 loqueris

2343 5694 2649 5767 cogitando,
2691 5703 2740 5750 et
2787 5711 2876 5766 per
2900 5712 3047 5768 quem
3093 5695 3283 5770 cogitas
3322 5693 3625 5766 loquendo;
3655 5694 3764 5765 ipse
3787 5706 3956 5748 sermo

2343 5787 2476 5845 alius
2501 5795 2594 5848 est.
2627 5787 2831 5859 Quanto
2851 5803 2970 5862 ergo
2999 5789 3197 5862 plenius
3236 5787 3332 5846 hoc
3368 5787 3544 5861 agitur
3565 5787 3619 5844 in
3644 5784 3776 5859 Deo,
3804 5783 3960 5857 cuius
