4240 6262
281 328 400 388 857
1427 325 1878 385 DISSERTATIO
1916 326 1978 384 D.
2018 326 2108 384 LE
2145 325 2452 387 NOURRY.
3493 324 3599 384 858

295 457 350 502 tu
374 463 573 520 quoque
605 447 774 516 imago
811 454 858 499 et
883 442 1167 499 similitudo
1191 442 1441 511 censeris,
1469 444 1605 514 quod
1630 443 1810 498 habeat
1844 444 1896 499 in
1925 446 1977 507 Α
2004 443 2272 515 mitigare,
2307 459 2463 515 quam
2496 442 2785 500 emendare
2831 442 3107 513 videatur,
3135 444 3235 501 sibi
3264 453 3444 500 tamen
3472 445 3604 502 satis
3675 421 3686 432 ’

293 556 349 594 se
369 540 580 595 tacendo
612 539 905 603 (lationem,
940 548 987 593 et
1033 539 1087 592 in
1133 537 1352 592 Ratione
1378 535 1677 594 Sermonem
1730 535 1897 610 (Ibid.
2005 553 2111 594 non
2134 547 2362 594 constat.
2397 539 2527 594 Nam
2555 555 2661 594 non
2702 539 2876 595 solum
2904 539 2957 594 in
2988 539 3138 594 libris
3161 582 3175 607 ,
3207 541 3296 609 qui
3325 555 3355 594 a
3389 539 3606 595 Tertul-

295 649 414 704 cap.
447 635 499 688 5.
528 650 646 704 pag.
677 634 781 687 657
811 631 852 702 ).
885 630 961 686 lbi
990 640 1166 686 autem
1201 630 1290 686 ille
1317 629 1552 686 ostendit
1581 629 1748 684 Deum
1768 671 1781 693 ,
1810 631 1900 701 qui
2003 629 2149 686 liano
2180 631 2432 688 hmretico
2452 675 2466 697 ,
2499 631 2594 687 sed
2627 633 2677 686 in
2705 631 2825 687 aliis
2854 633 3014 687 etiam
3043 674 3056 696 ,
3080 632 3169 703 qui
3197 631 3264 687 ab
3314 631 3404 686 illo
3431 631 3607 690 adhuc

297 736 488 780 natura
515 740 610 778 sua
640 723 914 778 rationalis
939 731 1042 787 est,
1067 722 1136 776 ab
1163 730 1364 777 :cterno
1386 721 1668 777 Rationem
1692 731 1748 777 et
1775 721 1901 779 Ser-
2005 724 2273 781 catholico
2327 727 2610 797 compositi
2657 736 2781 782 sunt
2807 769 2821 791 ,
2883 724 3262 782 labefactatum
3332 725 3608 781 Trinitatis

297 832 514 872 monem
545 816 681 870 intra
713 830 773 870 se
802 815 1077 881 habuisse,
1105 830 1267 885 quem
1300 814 1505 885 profert
1528 815 1654 870 dum
1681 816 1901 886 cogitat,
2007 816 2198 888 dogma
2230 817 2523 873 contendit.
2556 816 2664 873 Nos
2697 833 2826 873 vero
2863 817 2995 873 satis
3023 817 3358 873 ostendimus
3384 815 3516 871 illud
3541 816 3611 872 ab

299 918 460 980 atque
509 908 705 963 idcirco
753 907 892 962 alius
936 908 1004 964 ab
1030 907 1147 978 ipso
1177 916 1289 975 est,
1325 907 1569 978 quamvis
1623 908 1904 978 utriusque
2009 909 2199 965 eodem
2223 908 2574 975 Tertulliauo,
2619 910 2734 965 sive
2779 908 3069 978 catholico,
3115 909 3228 964 sive
3282 907 3610 967 montanista

303 1003 487 1059 eadem
518 1003 586 1057 sit
613 1001 912 1057 substantia
939 1009 995 1058 et
1025 1010 1236 1056 natura.
1266 1002 1396 1069 Quis
1412 1012 1592 1058 autem
1619 1000 1774 1057 facile
1798 1016 1904 1056 non
2011 1011 2156 1058 recte
2186 1015 2449 1058 assertum
2472 1047 2485 1070 ,
2520 1019 2583 1058 ac
2623 1015 2813 1059 contra
2855 1004 2990 1059 alios
3011 1045 3026 1071 ,
3074 991 3164 1074 qui
3217 1001 3268 1058 id
3315 1003 3608 1074 negabant,

305 1096 562 1152 concedet
594 1095 723 1150 illud
749 1095 928 1165 aptius
949 1110 1012 1150 ac
1037 1095 1362 1150 luculentius
1388 1109 1494 1150 non
1521 1094 1758 1165 potuisse
1784 1109 1907 1164 pro-
2012 1095 2226 1165 egregie
2253 1104 2665 1166 propugnatum.

303 1189 439 1256 bari,
472 1205 630 1260 quam
663 1189 763 1244 hac
791 1187 1064 1244 interioris
1092 1187 1366 1242 hominum
1389 1187 1538 1242 verbi
1560 1202 1624 1242 ac
1642 1187 1909 1241 sermonis
2087 1188 2272 1244 Bullus
2305 1199 2480 1243 tamen
2512 1188 2687 1245 eidem
2719 1189 3047 1244 Tertulliano
3076 1199 3261 1244 nostro
3281 1230 3296 1256 ,
3337 1189 3499 1244 etiam
3526 1186 3614 1242 ubi

307 1282 745 1352 comparatione?
792 1281 850 1335 In
900 1280 1004 1335 hoc
1043 1279 1186 1333 enim
1212 1321 1226 1344 ,
1260 1282 1334 1334 uti
1367 1279 1458 1334 ille
1482 1279 1588 1343 ait,
1641 1278 1802 1333 homo
1828 1288 1911 1332 est
2013 1291 2197 1336 contra
2230 1281 2485 1337 Praxcam
2528 1281 2799 1352 disputat,
2839 1283 2995 1336 aliam
3027 1283 3286 1338 censoriae
3314 1281 3618 1336 severitatis

305 1373 402 1430 Dei
432 1375 610 1444 imago
659 1382 715 1429 et
762 1371 1079 1428 similitudo.
1130 1371 1505 1427 Verumtamen
1549 1370 1745 1427 fatetur
1775 1370 1911 1424 hanc
2016 1357 2194 1428 notam
2231 1375 2419 1428 inussit
2453 1371 2632 1446 (Ball.
2677 1373 2870 1445 defcns.
2927 1373 3092 1430 Nicon.
3123 1384 3246 1433 sect.
3277 1375 3326 1440 5,
3373 1390 3488 1442 cap.
3528 1372 3613 1427 i0.

305 1465 476 1536 ipsam
521 1465 979 1534 comparationem
1029 1477 1153 1519 esse
1203 1463 1365 1533 plane
1396 1461 1800 1533 imperfectam,
1850 1475 1915 1516 ac
2018 1482 2155 1520 num.
2188 1465 2221 1520 5
2249 1474 2293 1519 et
2320 1466 2405 1520 il.
2462 1482 2579 1535 pag.
2610 1464 2715 1522 405
2736 1465 3257 1537 ει416).ρυωιιγὶε
3296 1466 3439 1520 enim
3487 1479 3620 1518 con-

303 1555 470 1627 longe
513 1557 742 1627 pleuiot‘i
795 1555 1209 1627 perfectiorique
1251 1553 1413 1608 modo
1456 1553 1696 1608 Verbum
1744 1553 1836 1606 Dei
1883 1565 1912 1604 ει
2018 1558 2178 1614 cedat
2223 1559 2370 1614 illum
2407 1567 2552 1615 recte
2601 1560 2801 1614 sentire
2850 1559 2916 1614 de
2963 1576 3212 1630 suprema
3255 1559 3374 1614 Filii
3424 1559 3519 1614 Dei
3557 1572 3621 1614 ac

304 1650 420 1708 Deo
451 1651 800 1720 Patre,quam
827 1649 1059 1703 hominis
1086 1647 1307 1703 verbum
1325 1646 1392 1701 ab
1414 1646 1632 1700 homine
1662 1645 1912 1716 proferri.

381 1743 554 1798 Porro
583 1752 762 1796 autem
796 1757 860 1796 ex
890 1741 1152 1795 hactenus
1177 1739 1336 1794 dictis
1367 1739 1706 1793 manifestum
1738 1737 1914 1792 omni-

2019 1650 2180 1706 Verbi
2227 1651 2528 1718 divinitate,
2563 1653 2860 1708 aeternitate
2880 1693 2895 1720 ,
2916 1645 3477 1718 consubstantialitate,
3509 1651 3623 1706 sive

2021 1744 2209 1800 eadem
2253 1745 2397 1800 illius
2431 1761 2494 1800 ac
2547 1745 2720 1800 Patris
2765 1745 3094 1811 substantia;
3140 1744 3240 1814 ipsi
3273 1744 3624 1814 nihilominus

309 1838 411 1894 bus
455 1852 579 1893 esse
623 1837 782 1891 debet
816 1851 844 1889 a
890 1834 1251 1899 Tertulliano,
1294 1835 1408 1888 sive
1448 1831 1752 1899 catholico,
1801 1831 1916 1886 sive

2047 1838 2233 1893 'idetur
2248 1837 2525 1892 catholica:
2559 1837 2859 1893 traditionis
2887 1836 3060 1905 venis,
3095 1842 3247 1908 quasi
3278 1837 3456 1893 aureis
3505 1853 3628 1893 sco-

317 1929 760 1985 blontanistarum
787 1928 1018 1990 fautore,
1049 1925 1487 1981 constantissime
1529 1934 1790 1979 assertam
1823 1939 1912 1978 su-

318 2038 552 2095 premam
581 2020 699 2075 Filii
737 2020 831 2074 Dei
859 2028 914 2074 et
943 2018 1098 2074 Verbi
1121 2017 1481 2072 divinitatem.
1517 2019 1718 2086 Aperte
1749 2015 1917 2086 siqui-

314 2114 456 2176 dem,
483 2113 556 2167 uti
582 2111 832 2178 vidimus,
867 2110 1025 2164 docet
1065 2109 1216 2163 illum
1254 2107 1432 2163 divina
1464 2108 1637 2162 Patris
1665 2107 1744 2161 sui
1774 2109 1920 2177 cogi-

317 2210 516 2264 tatione
543 2214 878 2278 generatum,
911 2203 1116 2273 hacque
1142 2202 1490 2273 generatione
1517 2200 1680 2254 alium
1704 2199 1918 2270 quidem

317 2319 436 2359 esse
461 2318 491 2356 a
520 2301 712 2368 Patre,
745 2302 846 2355 hoc
875 2308 991 2364 est,
1023 2312 1252 2368 persona
1279 2297 1587 2351 distinctum
1611 2337 1624 2359 ,
1679 2293 1776 2348 sed
1819 2293 1921 2346 mi-

321 2396 467 2451 nime
501 2393 727 2448 divisum
767 2407 832 2447 ac
861 2401 1206 2461 separatum;
1241 2386 1672 2460 quandoquidem
1723 2399 1826 2440 una
1869 2392 1924 2439 et

321 2487 510 2543 eadem
557 2485 776 2546 omnino
820 2493 904 2540 est
945 2484 1224 2553 utriusque
1269 2481 1568 2536 substantia
1615 2489 1667 2534 et
1710 2487 1920 2532 natura.

320 2581 466 2637 Deus
493 2580 694 2650 quippe
724 2579 904 2644 Pater,
937 2577 1006 2631 ab
1031 2586 1238 2632 aeterno
1267 2574 1561 2639 rationalis,
1589 2573 1706 2626 sine
1730 2571 1924 2641 cogita-

324 2673 471 2729 tione
501 2687 623 2728 esse
651 2685 923 2741 nunquam
955 2668 1127 2739 potuit
1149 2705 1165 2732 ,
1196 2675 1356 2737 atque
1404 2664 1604 2720 idcirco
1643 2661 1760 2732 ejus
1788 2661 1928 2717 Ver-

322 2769 470 2834 bum,
499 2766 642 2837 quod
670 2766 810 2822 idem
842 2781 906 2820 ac
929 2764 1096 2834 ipsius
1118 2762 1371 2832 cogitatio
1400 2769 1503 2826 est,
1532 2758 1692 2814 debet
1714 2757 1788 2810 illi
1809 2770 1928 2810 esse

324 2858 780 2916 consubstantiale
809 2873 872 2913 ac
909 2866 1260 2912 ceteternurn.
1292 2852 1480 2908 Nonne
1516 2865 1646 2921 ergo
1677 2848 1792 2903 lucc
1816 2849 1928 2918 ipsa

324 2955 482 3024 plane
508 2954 697 3009 eadem
725 2963 808 3008 est
835 2965 898 3006 ac
922 2949 1135 3006 concilii
1167 2947 1369 3002 Niczeni
1410 2944 1673 3000 sententia
1695 2943 1718 2995 ?
1746 2941 1802 2996 in
1829 2941 1927 2995 hu-

322 3045 410 3117 jus
425 3047 621 3116 quippe
647 3043 895 3117 symbolo
925 3042 1179 3096 statuitur
1199 3037 1523 3095 credendum
1546 3051 1669 3090 esse
1689 3035 1744 3088 in
1772 3049 1932 3087 unum

329 3137 604 3193 Dominum
627 3137 810 3192 Iesum
838 3135 1125 3201 Christum,
1157 3141 1334 3186 natum
1362 3131 1424 3184 de
1470 3128 1628 3182 Patre
1652 3168 1666 3192 ,
1695 3127 1931 3196 unigeni-

2021 1929 2157 1984 riam
2189 1930 2418 2000 aliquam
2454 1929 2909 1998 intermiscuisse,
2947 1929 3178 1985 absurde
3206 1930 3334 1985 satis
3374 1929 3542 2001 loqui,
3573 1939 3628 1986 et

2028 2022 2080 2076 in
2112 2023 2493 2092 augustissimo
2524 2020 2803 2077 Trinitatis
2831 2023 3088 2094 mysterio
3117 2021 3324 2088 ludere,
3355 2035 3628 2092 nugasque

2023 2115 2236 2170 seetari.
2271 2114 2376 2170 Sed
2425 2110 2545 2184 quis
2587 2115 2687 2169 sibi
2731 2114 2887 2171 facile
2935 2115 3282 2185 persuadebit
3337 2115 3626 2170 Tertullia-

2025 2224 2183 2273 num,
2215 2217 2378 2262 tantae
2423 2207 2697 2278 gravitatis
2749 2207 3059 2274 hominem,
3109 2209 3178 2264 de
3219 2208 3322 2264 hoc
3351 2208 3629 2265 Trinitatis

2026 2303 2286 2373 mysterio
2315 2301 2366 2355 in
2397 2301 2620 2357 eolibro
2646 2301 2835 2358 ludere
2865 2311 2922 2359 et
2944 2303 3151 2374 nugari,
3185 2303 3272 2357 ubi
3303 2304 3629 2375 praecipuum

2027 2409 2089 2449 ac
2121 2396 2414 2450 maximum
2436 2395 2582 2449 illum
2606 2394 2925 2450 Christianre
2955 2397 3079 2452 ﬁdei
3106 2396 3412 2464 articulum,
3441 2397 3632 2453 eodem

2027 2486 2182 2541 Bullo
2213 2485 2436 2552 fatente,
2456 2487 2579 2542 tetis
2600 2487 2764 2542 animi
2793 2487 2995 2542 viribus
3021 2497 3208 2544 contra
3233 2488 3452 2544 Praxea:
3500 2489 3635 2544 alio-

2031 2594 2259 2648 rumque
2290 2578 2666 2634 haereticorum
2704 2595 2954 2647 errores,
3032 2581 3225 2637 asserit
3281 2596 3345 2636 ac
3410 2581 3632 2636 tuetur?

2033 2672 2224 2746 (Idem,
2249 2673 2398 2739 ibid.,
2425 2672 2452 2745 ᾗ
2475 2674 2528 2727 9.
2555 2689 2671 2744 cap.
2702 2673 2757 2727 7.
2782 2690 2924 2727 num.
2958 2675 3009 2728 1.
3031 2690 3151 2743 pag.
3184 2672 3287 2729 150
3315 2673 3353 2744 ).
3383 2673 3452 2728 Et
3477 2683 3624 2728 certe

2033 2782 2061 2820 a
2098 2765 2250 2820 nobis
2275 2765 2384 2836 jam
2415 2765 2695 2836 probatum
2727 2777 2809 2820 est
2835 2764 3192 2820 orthodoxam
3217 2765 3536 2820 sententiam
3569 2767 3636 2822 ab

2034 2859 2124 2916 illo
2153 2875 2258 2914 non
2289 2859 2461 2913 solum
2494 2868 2679 2914 contra
2728 2858 2985 2913 Praxeam
3029 2858 3269 2929 aliosque
3317 2857 3634 2926 hmreticns,
3705 2882 3711 2888 τ

2035 2951 2130 3006 sed
2148 2951 2306 3005 etiam
2326 2949 2582 3005 adversus
2610 2950 2858 3020 gentiles,
2883 2963 3039 3019 quos,
3069 2964 3130 3005 ea
3153 2949 3507 3017 dissimulata,
3538 2950 3637 3005 sibi

2039 3041 2218 3106 facile,
2281 3043 2434 3098 sicuti
2491 3041 2739 3110 vidimus,
2774 3043 3062 3098 conciliare
3085 3052 3326 3114 poterat,
3357 3043 3640 3116 perspicue

2037 3135 2223 3191 doceri
2246 3143 2300 3190 et
2325 3135 2602 3206 explicari.

331 3241 436 3288 tum
459 3275 474 3301 ,
503 3234 597 3288 hoc
623 3242 694 3287 est
719 3274 735 3299 ,
769 3247 833 3286 ea:
855 3228 1138 3285 substantia
1165 3225 1339 3280 Patris
1359 3264 1374 3288 ,
1402 3222 1564 3276 Deum
1588 3222 1652 3275 de
1680 3220 1786 3274 Deo
1809 3259 1824 3286 ,
1854 3219 1934 3273 luo
1961 3241 2008 3304 ρ
2113 3228 2218 3284 sed
2247 3242 2314 3282 ne
2340 3228 2465 3298 quid
2496 3229 2754 3283 iniacium
2792 3227 3160 3299 relinquamus
3185 3270 3200 3294 ,
3231 3243 3294 3284 ea
3333 3226 3511 3283 omnia
3551 3243 3646 3283 ex-

332 3343 448 3381 men
493 3328 555 3380 de
599 3326 791 3379 lumine
817 3325 837 3395 (
862 3323 968 3389 vel,
992 3321 1131 3376 sicut
1169 3319 1243 3372 ait
1267 3316 1648 3382 Tertullianus,
1667 3311 1936 3384 Apologet.

333 3435 383 3472 c.
429 3419 522 3486 21,
572 3434 622 3487 ρ.
651 3416 777 3482 599,
830 3424 885 3469 ut
919 3415 1086 3469 lumen
1115 3411 1178 3464 de
1205 3409 1391 3463 lumine
1416 3421 1680 3460 accensum
1708 3405 1748 3472 ),
1775 3403 1938 3456 Deum

341 3527 516 3566 verum
546 3527 608 3564 ex
637 3509 745 3564 Deo
775 3524 908 3574 vero,
949 3506 1195 3577 genitum,
1225 3518 1324 3558 non
1373 3496 1938 3585 factum,consubstan—

339 3604 516 3658 tialem
548 3601 714 3657 Patri.

937 3702 1233 3747 ABTICULUS
1270 3703 1342 3741 Vl.

341 3790 718 3862 Expenduntur
743 3764 1106 3856 solvuntuique
1133 3789 1454 3854 argumenta,
1486 3777 1667 3848 quibus
1706 3775 1944 3830 nonnulli

417 3885 628 3955 probare
647 3885 882 3938 nituntur
907 3881 1266 3952 labefactatam
1284 3876 1444 3946 fuisse
1469 3890 1499 3926 a
1524 3870 1842 3926 Tertulliano
1862 3885 1947 3923 or-

415 3979 692 4034 thodoxam
723 3979 785 4032 de
811 3992 1046 4047 suprema
1074 3972 1201 4027 Filii
1228 3969 1324 4025 Dei
1363 3968 1628 4023 divinitate
1641 3965 1944 4031 doctrinam,

416 4075 534 4145 quia
563 4073 692 4128 dixit
717 4072 865 4126 illum
912 4069 1098 4123 divina:
1126 4064 1420 4121 substantiae
1464 4076 1573 4116 esse
1623 4058 1904 4130 portionem
1930 4097 1946 4124 ,

419 4183 532 4236 qua:
553 4167 605 4220 in
636 4166 794 4220 Patre
821 4172 926 4218 tota
957 4170 1051 4216 est.

420 4280 735 4352 Quanquam
774 4275 1076 4334 orthodoxa
1124 4273 1382 4338 omnino,
1423 4269 1576 4324 sicuti
1624 4267 1949 4337 explicatum

357 4385 459 4443 cst,
491 4372 986 4431 lueritTertuliiani
1024 4369 1092 4424 de
1135 4381 1382 4438 suprema
1427 4362 1589 4420 Verbi
1617 4369 1670 4416 et
1698 4359 1818 4415 Filii
1861 4358 1952 4412 Dei

354 4469 656 4534 divinitate,
692 4477 1003 4534 aeternaque
1031 4461 1382 4534 generatione
1408 4455 1704 4519 sententia;
1739 4451 1954 4524 quidam

355 4561 735 4624 nihilominus,
777 4562 935 4613 etiam
975 4555 1223 4611 catholici
1266 4554 1424 4624 hujus
1465 4548 1730 4620 dogmatis
1777 4560 1958 4600 asser-

2045 3321 2324 3395 pendenda
2379 3330 2504 3376 sunt
2547 3329 2895 3392 argumenta,
2939 3337 3059 3391 qua:
3118 3319 3272 3376 uobis
3319 3335 3346 3373 a
3384 3320 3640 3388 Petavio,

2043 3415 2199 3471 Bullo
2254 3413 2480 3484 aliisque
2539 3413 2886 3484 objiciuntur.
2919 3413 3157 3468 Primum
3188 3413 3366 3482 itaque
3399 3411 3646 3468 Petavius

2044 3507 2175 3564 illud
2205 3507 2502 3579 urgendum
2544 3522 2651 3561 non
2681 3514 2903 3571 censet,
2936 3504 3079 3576 quod
3102 3505 3169 3559 ab
3191 3509 3431 3560 Auctore
3464 3513 3647 3559 nostro

2045 3601 2301 3670 scriptum
2330 3599 2556 3669 legimus
2589 3598 2816 3663 Filium,
2848 3613 3262 3668 sermonemque
3297 3599 3386 3652 Dei
3417 3613 3445 3651 a
3490 3597 3649 3653 Patre

2045 3711 2144 3752 suo
2168 3695 2457 3767 prolatum,
2492 3710 2554 3750 ac
2585 3694 2747 3749 veluti
2785 3700 3151 3763 corporatum.
3187 3691 3394 3763 Ecquid
3426 3693 3569 3748 enim
3593 3690 3646 3746 id

2046 3789 2304 3860 urgeret?
2331 3787 2519 3843 Nonne
2547 3787 2678 3842 satis
2724 3787 3002 3857 perspicue
3043 3784 3377 3840 ostendimus
3407 3785 3650 3856 corporis

2050 3882 2266 3936 nomine
2309 3880 2443 3935 nihil
2482 3879 2624 3933 aliud
2663 3877 2730 3933 ab
2761 3892 2827 3933 eo
2859 3876 3116 3946 intelligi,
3161 3876 3263 3932 nisi
3311 3878 3392 3931 sui
3436 3875 3652 3947 generis

2050 3973 2428 4039 substantiam,
2461 3986 2767 4042 personam,
2792 3979 2953 4040 atque
2971 3969 3281 4042 hypostasin
3299 3970 3321 4024 ?
3341 3967 3452 4024 Nec
3476 3971 3654 4023 minus

2053 4065 2331 4122 evidenter
2367 4064 2748 4136 patefecimus,
2783 4074 2944 4133 atque
2982 4078 3046 4117 ex
3079 4061 3320 4117 dicendis
3349 4061 3525 4116 adhuc
3556 4077 3653 4132 pa-

2054 4159 2208 4223 tebit,
2239 4159 2412 4228 ipsum
2454 4156 2813 4211 disertissime
2860 4154 3160 4209 asseruisse
3191 4151 3382 4208 Filium
3409 4153 3502 4209 Dei
3543 4169 3657 4208 tne-

2054 4266 2173 4308 rum
2197 4265 2317 4306 esse
2346 4248 2616 4320 Spiritum,
2641 4247 2730 4318 qui
2759 4262 2825 4301 ex
2852 4245 3036 4300 aeterni
3069 4244 3244 4300 Patris
3269 4246 3352 4300 sui
3383 4245 3657 4303 intellectu

2056 4357 2110 4404 et
2132 4347 2454 4416 cogitatione
2475 4341 2734 4414 procedit,
2764 4355 2826 4394 ac
2851 4339 2980 4393 nihil
3025 4338 3251 4411 proinde
3271 4341 3521 4412 corporei
3571 4339 3657 4394 vel

2058 4443 2278 4500 miinine
2299 4441 2593 4496 admixtum
2626 4437 2823 4492 habere
2854 4444 3050 4506 potest.

2131 4532 2384 4590 Momenti
2428 4531 2586 4603 igitur
2610 4531 2768 4601 longe
2796 4529 3058 4600 gravioris
3082 4528 3338 4583 Petavius
3368 4527 3566 4596 aliique
3593 4539 3658 4582 ea

359 4660 535 4715 iores,
565 4618 846 4705 illum'non
875 4649 1078 4704 minimi
1111 4618 1352 4717 quidem,
1375 4643 1469 4699 sed
1489 4618 1788 4712 gravissimi
1809 4650 1960 4692 erro-
1984 4636 2038 4701 D
2063 4643 2183 4684 esse
2214 4632 2398 4708 putant
2417 4622 2656 4717 ,_quibus
2682 4621 2822 4717 idem
2845 4627 3036 4717 auctor
3066 4628 3248 4717 noster
3290 4632 3512 4717 negasse
3534 4618 3664 4717 ipsis

355 4747 436 4801 ris
488 4745 746 4800 audacter
806 4751 1077 4799 accusant.
1135 4740 1192 4795 Si
1249 4738 1392 4795 enim
1465 4735 1684 4790 Petavio
1735 4730 1956 4796 credas,

357 4820 636 4891 Arianam'
659 4836 892 4890 lueresim
952 4835 1210 4905 impietate
1270 4839 1316 4884 et
1368 4827 1682 4884 absurditate
1753 4830 1963 4894 superat

361 4928 592 4999 (Petav.
653 4938 775 4982 tam.
825 4928 882 4994 2,
927 4926 1175 4997 Theolog.
1213 4923 1439 4994 dogmat.
1498 4918 1586 4974 lib.
1631 4917 1688 4984 2,
1743 4933 1855 4986 cap.
1904 4915 1960 4982 5,

363 5037 484 5093 pag.
514 5021 586 5076 24
615 5019 655 5093 ).
687 5020 793 5076 Sed
828 5019 1018 5074 doctus
1049 5017 1137 5072 ille
1185 5016 1265 5069 vir
1311 5011 1660 5082 semetipsum
1691 5009 1965 5078 corrigere

362 5115 577 5171 tandem
609 5123 828 5170 coactus
853 5124 956 5169 est.
992 5112 1130 5166 Alibi
1157 5107 1421 5179 siquidem
1451 5107 1763 5160 iateturnon
1796 5115 1964 5172 pauca

365 5221 649 5263 occurrere
675 5206 916 5278 ejusdem
943 5202 1259 5260 Tertulliani
1284 5200 1423 5265 ioca,
1447 5199 1500 5252 in
1527 5197 1720 5268 quibus
1746 5202 1969 5266 apparet

366 5300 448 5354 vis
467 5300 751 5355 sententia:
789 5296 1166 5368 dogmatisque
1204 5291 1542 5354 communis,
1579 5289 1730 5358 cujus
1753 5285 1970 5342 traditio

368 5393 580 5446 animos
623 5390 1062 5446 Christianorum
1109 5392 1417 5458 pervaserat
1444 5381 1646 5452 (Idem,
1672 5378 1885 5446 Prwfat.
1919 5377 1972 5429 in

371 5494 493 5538 tom.
519 5486 605 5538 cit.
631 5501 750 5554 cap.
775 5483 808 5538 5
833 5482 872 5552 ).
897 5479 1286 5536 Verumtamen
1317 5473 1514 5530 ibidem
1552 5469 1748 5540 adjecit
1783 5467 1972 5523 ortho-

373 5577 567 5632 doxam
597 5574 878 5632 Trinitatis
927 5572 1092 5628 ﬁdem
1125 5573 1176 5626 in
1207 5567 1448 5639 ejusdem
1488 5562 1701 5632 scriptis
1727 5559 1976 5631 adspergi

372 5669 665 5725 identidem
693 5666 1016 5739 quibusdam
1033 5664 1286 5730 maculis,
1311 5676 1428 5732 qua:
1459 5656 1777 5727 contagione
1797 5653 1974 5721 Redin,

372 5763 442 5818 ad
470 5777 628 5832 quam
667 5761 900 5824 defecit,
945 5757 1386 5814 Montanistarum
1419 5751 1687 5806 haereseos
1719 5745 1848 5802 illini
1881 5761 1977 5814 po-

376 5863 614 5914 tuerunt.
647 5856 716 5912 At
737 5852 980 5928 quamvis
1008 5841 1079 5908 ibi
1107 5847 1296 5922 judicii
1317 5844 1398 5903 sui
1429 5845 1772 5900 severitatem
1801 5838 1979 5910 potius

2063 4721 2276 4775 videtur
2296 4715 2540 4773 eamdem
2563 4729 2685 4770 esse
2713 4713 2890 4769 Patris
2915 4712 3124 4777 aeterni,
3144 4711 3369 4783 ejusque
3391 4711 3509 4767 Filii
3533 4711 3663 4767 sub-

2064 4815 2338 4872 stantiam.
2368 4808 2579 4866 Etenim
2635 4815 2850 4878 aperte,
2879 4805 3146 4876 inquiunt,
3175 4805 3332 4860 docet
3367 4813 3532 4860 totam
3564 4805 3660 4861 Dei

2064 4904 2414 4962 substantiam
2436 4915 2558 4957 esse
2574 4899 2627 4954 in
2651 4899 2830 4963 Patre,
2849 4905 2902 4952 et
2922 4895 3063 4953 illius
3085 4895 3370 4968 quamdam
3389 4904 3593 4952 tantum
3613 4897 3666 4952 in

2067 5001 2205 5058 Filio
2237 4991 2714 5067 portionem.Quid
2741 4990 2885 5048 enim
2917 4991 3020 5054 his,
3052 4990 3224 5057 aiunt,
3257 4991 3434 5046 verbis
3473 4989 3670 5046 clarius

2072 5103 2126 5149 cl
2155 5088 2501 5160 expressius?
2541 5085 2699 5140 Pater
2739 5094 2844 5138 tota
2882 5083 3165 5138 substantia
3206 5093 3313 5149 est,
3360 5081 3407 5138 F
3411 5083 3526 5137 ilius
3557 5099 3672 5137 vero

2074 5184 2316 5240 derivatio
2361 5184 2513 5235 totius
2563 5188 2608 5232 et
2661 5179 2856 5248 portio,
2889 5177 3016 5232 sicut
3050 5177 3158 5248 ipse
3201 5178 3463 5247 proﬁtetur
3490 5195 3507 5232 :
3539 5177 3674 5245 Qum

2075 5279 2260 5334 Parca
2289 5291 2456 5332 IAJOR
2482 5291 2553 5330 IIE
2583 5289 2677 5328 nsr
2707 5275 2722 5344 (
2752 5271 2908 5326 Joan.
2939 5269 3080 5339 XIV,
3104 5271 3173 5327 28
3195 5273 3234 5346 ).
3281 5271 3468 5328 Totam
3522 5273 3679 5344 igitur

2079 5369 2403 5431 Divinitatis,
2459 5366 2747 5438 inquiunt,
2799 5363 3152 5419 substantiam
3205 5363 3569 5420 Tertullianus
3625 5365 3677 5420 in

2080 5463 2238 5520 Patre
2269 5470 2325 5516 ut
2374 5468 2498 5530 pote
2524 5457 2758 5528 majore,
2807 5455 2943 5511 etin
2995 5453 3132 5510 Filio
3178 5465 3236 5510 ut
3301 5467 3424 5526 pote
3471 5457 3680 5514 minore

2079 5565 2283 5628 partem
2332 5559 2534 5606 tantum
2603 5564 2666 5604 ac
2715 5548 3015 5618 portionem
3077 5563 3198 5603 esse
3252 5547 3545 5604 arbitratus
3596 5557 3680 5606 est

2079 5651 2098 5720 (
2129 5647 2341 5703 Tertull.
2370 5646 2456 5700 lib.
2489 5643 2605 5699 adv.
2645 5641 2836 5698 Prome.
2876 5659 2993 5709 cap.
3027 5640 3106 5712 9).

2153 5740 2356 5812 Urgent
2387 5737 2437 5793 id
2465 5737 2640 5793 adhuc
2668 5737 2737 5791 ab
2764 5733 2857 5790 illo
2887 5734 3076 5798 asseri,
3107 5732 3197 5789 ubi
3227 5733 3519 5790 absurdum
3547 5734 3683 5792 Mar-

2083 5834 2263 5904 iionis,
2299 5831 2388 5902 qui
2416 5829 2627 5887 Patrem
2658 5843 2725 5886 ex
2756 5825 2973 5899 Virgine
2993 5835 3200 5899 natum,
3230 5835 3285 5884 et
3305 5842 3523 5901 passum
3565 5841 3686 5886 esse
