4240 6262
596 257 704 319 859

1683 264 1752 324 IN
1788 265 2253 325 TERTULLIANI
2289 267 2822 329 APOLOGETICUM

3796 228 3904 335 sui

504 434 513 443 ,
594 375 884 448 garriebat,
919 392 1157 435 errorem
1176 377 1370 445 refellit
1396 398 1414 434 -:
1453 377 1576 435 Non
1617 398 1829 453 negans,
1869 383 2061 455 inquit,
2097 383 2193 438 Fi-
2221 389 2275 450 Α
2301 386 2542 442 derivatio
2568 388 2720 443 totius
2758 399 2804 444 et
2847 372 3013 461 portio
3063 402 3183 461 qum
3210 390 3429 462 quidem
3451 394 3613 450 verba
3641 394 3712 451 ibi
3741 410 3905 467 syno-

597 471 722 525 lium
751 481 797 526 et
824 471 1074 544 Spiritum
1098 481 1144 526 et
1176 471 1510 527 substantiam
1536 472 1794 531 Creatoris
1821 494 1927 533 esse
1946 478 2201 534 Christum

596 562 729 635 ejus,
758 554 1005 617 concedas
1037 578 1246 619 necesse
1279 575 1350 619 est
1371 581 1455 620 eos
1474 608 1489 633 ,
1532 568 1618 637 qui
1646 566 1857 623 Patrem
1886 587 1987 625 non
2013 587 2202 643 cogno-

595 655 780 719 verint,
806 671 896 708 nec
921 653 1117 709 Filium
1142 674 1415 729 agnoscere
1444 660 1665 728 potuisse
1705 678 1794 732 per
1834 662 2061 734 ejusdem
2080 665 2203 719 sub-

594 746 797 802 stantice
821 749 1191 813 conditionem,
1222 752 1369 821 cujus
1400 751 1663 821 plenitudo
1692 753 1946 809 intellecta
1985 764 2205 821 nonest;

597 838 763 893 multo
814 841 978 911 magis
1029 842 1226 912 portio,
1276 853 1409 898 certe
1469 861 1569 911 qua
1625 846 1958 917 plenitudinis
2001 864 2206 903 consors

596 934 622 1005 (
650 929 850 987 Tertul.
875 931 962 986 lib.
984 933 1037 998 '5,
1068 934 1266 991 advers.
1294 935 1552 993 Marcion.
1576 954 1693 1009 cap.
1724 938 1818 1012 6).

671 1027 933 1099 Denique,
967 1028 1054 1083 tibi
1081 1030 1483 1100 generationem
1509 1029 1627 1085 Filii
1661 1030 1752 1086 Dei
1777 1047 1898 1087 cum
1916 1033 2031 1089 Sule
2052 1033 2200 1103 ejus.

597 1134 703 1191 que
753 1121 905 1176 radio
953 1124 1265 1193 componit,
1314 1124 1390 1178 sic
1430 1123 1608 1180 adhuc
1652 1125 1925 1197 loquitur:
1972 1127 2110 1182 Nam
2160 1138 2206 1182 et

599 1213 740 1269 Deus
759 1214 1006 1287 spiritus;
1036 1224 1214 1270 etcum
1238 1216 1415 1271 radius
1444 1233 1506 1272 ea:
1526 1221 1651 1273 sole.
1689 1220 1999 1291 porrigitur,
2031 1223 2199 1292 portio

598 1320 670 1361 ea:
692 1322 890 1361 summa
919 1323 938 1361 :
961 1308 1050 1361 sed
1096 1309 1174 1363 sol
1198 1311 1290 1363 erit
1312 1310 1363 1363 in
1393 1311 1561 1375 radio,
1612 1312 1733 1382 quia
1762 1313 1885 1367 solis
1910 1323 1981 1368 est
2008 1315 2206 1381 radius,

599 1413 691 1452 nec
735 1408 1003 1470 separatur
1040 1400 1338 1463 substantia,
1383 1401 1471 1455 sed
1512 1403 1801 1456 extenditur
1827 1403 1846 1476 (
1872 1403 2039 1473 Idem,
2070 1408 2209 1475 Apo-

608 1491 761 1563 loget.
792 1508 910 1563 cap.
935 1490 1029 1557 21,
1063 1509 1182 1564 pag.
1214 1492 1363 1563 599).
1393 1494 1647 1550 Petavius
1686 1497 1866 1568 itaque
1895 1516 1960 1554 cx
1984 1500 2064 1555 his
2088 1516 2209 1557 ont-

602 1584 763 1643 nibus
779 1585 1056 1641 concludit
1078 1585 1273 1642 Filium
1296 1588 1411 1656 Dei,
1438 1588 1590 1667 juxta
1609 1589 1927 1647 Tertulliani
1951 1602 2205 1660 mentem,

601 1692 709 1735 non
742 1688 905 1734 totam
944 1680 1301 1753 substantiam
1332 1683 1573 1739 divinam
1619 1686 1897 1756 possidere
1925 1729 1940 1754 ,
1969 1689 2062 1744 sed
2093 1690 2209 1760 ejus

2306 496 2466 552 nyina
2488 481 2753 536 videntur.
2784 481 2857 536 Ea
2904 493 3083 539 autem
3122 482 3384 539 derivatio
3426 495 3649 542 vocatur
3686 488 3901 558 portio,

2306 588 2399 628 seu
2434 574 2686 645 partitio;
2713 576 2834 645 quia
2865 575 3023 631 Pater
3046 584 3209 631 totam
3235 592 3391 634 suam
3410 578 3762 636 substantiam
3783 595 3904 637 cum

2298 664 2447 729 .Filio
2468 668 2545 740 ita
2569 668 3005 734 communicavit,
3038 678 3097 723 ιιι
3124 669 3192 722 ab
3231 669 3321 725 illo
3350 679 3528 727 tamen
3549 686 3782 743 persona
3811 686 3905 728 sua

2307 758 2376 813 sit
2399 757 2704 827 distinctus.
2740 759 2872 814 Cum
2902 760 3044 815 enim
3069 759 3189 815 Filii
3215 760 3491 833 Patrisque
3522 776 3769 833 personae
3796 779 3827 819 a
3847 779 3908 821 se

2308 849 2537 906 invicem
2565 850 2964 922 distinguantur
2984 894 2998 919 ,
3025 867 3285 922 suamque
3314 852 3482 908 Filius
3515 868 3546 909 a
3590 854 3747 911 Patre
3785 870 3907 913 cum

2311 950 2420 997 tota
2445 941 2632 998 eadem
2656 943 2953 998 substantia
2984 943 3162 999 divina
3202 944 3472 1015 acceperit
3497 986 3512 1010 ,
3546 944 3673 1001 hinc
3693 947 3867 1018 portio
3888 987 3906 1015 ,

2308 1050 2404 1090 seu
2429 1035 2689 1091 derivatio
2717 1037 2860 1091 illius
2884 1037 3203 1108 appellatur.

2381 1129 2448 1184 At
2478 1128 2621 1184 hunc
2649 1144 2770 1185 esse
2798 1145 2984 1185 verum
3015 1130 3330 1187 Tertulliani
3355 1145 3570 1187 sensum
3596 1131 3772 1204 colligi
3806 1146 3909 1204 po-

2311 1229 2417 1275 test
2444 1235 2511 1275 cx
2544 1221 2646 1275 alia
2691 1221 2808 1290 ejus
2856 1221 3116 1279 adversus
3156 1222 3406 1279 eumdem
3445 1222 3711 1280 Praxeam
3740 1239 3907 1296 argu-

2310 1314 2660 1371 mentatione.
2710 1315 2817 1371 Iste
2864 1314 3132 1384 siquidem
3190 1316 3509 1383 haereticus,
3539 1327 3594 1373 et
3633 1318 3764 1385 alii,
3814 1318 3910 1390 qui

2310 1407 2473 1463 stulte
2497 1405 2700 1477 opinati
2743 1416 2868 1461 sunt
2893 1405 3145 1462 eumdem
3187 1422 3307 1463 esse
3339 1407 3549 1464 Patrem
3595 1419 3651 1464 et
3688 1408 3909 1475 Filium,

2310 1496 2708 1555 contendebant
2737 1498 2820 1554 bis
2849 1498 3011 1555 Lucae
3043 1500 3398 1571 Evangelista:
3426 1501 3609 1557 verbis
3640 1518 3654 1555 :
3685 1494 3913 1572 Spiritus

2311 1592 2410 1648 Dei
2446 1593 2757 1665 superveniet
2786 1596 2841 1648 in
2870 1603 2935 1658 te,
2968 1602 3015 1648 et
3040 1593 3199 1647 virtus
3222 1594 3472 1649 Altissimi
3501 1594 3815 1649 obumbrabit
3844 1604 3912 1659 te,

2313 1686 2454 1741 idem
2495 1685 2716 1741 omnino
2765 1685 3051 1756 signiﬁcari
3100 1700 3164 1741 ac
3201 1686 3247 1740 si
3296 1685 3562 1742 dixisset:
3608 1684 3775 1741 Filius
3816 1684 3916 1742 Dei

601 1768 859 1825 duntaxat
881 1763 1187 1842 portionem
1208 1817 1224 1841 ,
1268 1790 1332 1830 ac
1371 1776 1598 1846 proinde
1642 1793 1749 1834 non
1798 1781 2042 1837 eamdem
2086 1796 2210 1838 esse
2240 1788 2287 1848 Β
2314 1775 2455 1832 Deus
2482 1787 2576 1844 est,
2604 1786 2653 1832 et
2694 1777 2857 1832 virtus
2883 1777 3133 1833 Altissinti
3151 1778 3433 1833 altissinms
3448 1789 3523 1833 est
3551 1777 3706 1852 (Luc,
3729 1794 3844 1851 cap.
3868 1777 3915 1845 Ι,

602 1858 780 1918 Patris
807 1864 993 1918 aeterni
1022 1878 1084 1918 ac
1111 1864 1230 1920 Filii
1270 1866 1386 1937 ejus
1413 1868 1790 1938 substantiam,
1822 1881 1880 1927 et
1907 1885 2173 1928 naturam.

677 1951 873 2011 Verum
895 1956 942 2011 si
971 1971 1060 2013 res
1085 1958 1154 2012 ita
1179 1973 1240 2014 se
1268 1958 1497 2028 habeat,
1527 1970 1676 2017 certe
1720 1962 2090 2021 'l‘ertullianus
2111 1966 2211 2021 sibi

602 2047 939 2119 ineptissime
965 2051 1307 2107 contradixit.
1334 2052 1579 2110 Vidimus
1599 2055 1746 2110 enim
1770 2056 1822 2111 in
1846 2058 2213 2128 superioribus

608 2141 851 2198 articulis
877 2138 1036 2214 quam
1068 2158 1234 2214 smpe.
1266 2159 1426 2215 quam
1455 2157 1797 2215 constanter,
1825 2164 1985 2221 quam
2011 2150 2213 2208 diserte

604 2249 882 2296 asseveret
906 2255 1067 2296 unam
1092 2240 1277 2310 plane,
1309 2240 1613 2309 iudivisam,
1643 2252 1698 2299 et
1737 2244 1981 2302 eamdem
2003 2261 2126 2302 esse
2157 2246 2212 2302 in

603 2330 765 2388 Patre
785 2342 837 2387 et
868 2331 1007 2387 Filio
1036 2332 1417 2388 substantiam.
1452 2337 1520 2389 At
1569 2335 1617 2389 si
1665 2335 1834 2392 Filius
1873 2340 2171 2409 portionem
2193 2382 2208 2407 ,

608 2425 724 2481 sive
756 2434 961 2495 partem
1000 2433 1208 2479 tantum
1249 2425 1392 2481 illius
1421 2426 1650 2494 habeat,
1682 2444 1747 2484 ea
1776 2431 1960 2501 utique
1983 2445 2088 2486 non
2116 2445 2212 2487 ea-

606 2515 731 2572 dem
756 2516 808 2570 in
862 2515 953 2571 illo
984 2525 1144 2588 atque
1170 2517 1223 2572 in
1249 2517 1428 2585 Patre,
1461 2518 1555 2575 sed
1582 2520 1737 2576 sicuti
1769 2537 1890 2592 pars
1915 2538 1945 2578 a
1978 2533 2090 2578 toto
2115 2523 2213 2579 di—

606 2608 722 2663 visa
771 2607 897 2669 cstl
928 2608 1091 2677 Supr.
1119 2609 1216 2664 hoc
1257 2626 1378 2681 cap.
1417 2622 1518 2666 art.
1544 2612 1570 2667 1
1598 2611 1640 2683 ).
1669 2613 1869 2669 Contra
1912 2630 2044 2670 vero
2081 2616 2213 2672 Ter-

607 2698 902 2766 tullianus,
931 2701 1006 2755 uti
1029 2701 1260 2756 vidimus
1285 2744 1301 2764 ,
1334 2701 1387 2758 in
1428 2703 1534 2758 alio
1579 2702 1839 2760 adversus
1885 2706 2212 2762 Marciouem

605 2791 744 2850 libro
779 2792 894 2848 haec
930 2792 1125 2848 litteris
1169 2794 1237 2849 de
1284 2794 1375 2849 illo
1416 2794 1727 2869 mandavit:
1763 2796 1888 2852 Non
1927 2799 2113 2853 minori
2158 2815 2214 2854 se

608 2886 816 2940 tradidit
844 2890 1013 2942 omnia
1043 2887 1254 2943 Creator
1280 2890 1305 2959 (
1325 2886 1498 2959 Idem,
1525 2890 1615 2946 lib.
1642 2891 1697 2957 4,
1723 2892 1922 2948 advers.
1953 2892 2208 2948 Marcion.

609 2994 726 3050 cap.
757 2979 899 3051 25).
946 2980 1106 3051 Atqui
1158 2981 1204 3036 si
1250 2981 1417 3038 Filius
1490 2998 1651 3038 unam
1712 2983 1974 3040 duntaxat
2021 2985 2213 3041 divina:

608 3074 920 3130 substantia:
970 3075 1273 3146 portionem
1314 3090 1343 3130 a
1412 3075 1573 3133 Patre
1633 3078 1879 3148 accepit,
1924 3078 2061 3145 alia,
2109 3093 2212 3149 qua

2333 1870 2366 1940 Ῡ
2410 1868 2482 1925 25
2508 1870 2548 1941 ).
2581 1869 2948 1925 Tertullianus
2970 1884 3102 1925 vero
3131 1870 3269 1926 hanc
3309 1869 3617 1926 harreticam
3648 1853 3915 1941 interpre-

2316 1961 2577 2017 tationem
2599 1963 2678 2017 sic
2703 1962 3019 2033 impugnat:
3052 1961 3109 2017 Si
3142 1961 3249 2026 hic,
3282 1962 3474 2032 inquit,
3504 1971 3653 2019 esset
3676 1960 3920 2034 Evange-

2316 2053 2453 2110 lista:
2480 2067 2671 2109 sensus
2692 2096 2707 2120 ,
2741 2053 3045 2123 scripsisset
3077 2053 3297 2123 utique:
3335 2051 3475 2108 Deus
3504 2054 3837 2124 superveniet,
3869 2063 3919 2109 et

2316 2146 2612 2201 Altissimus
2659 2145 2974 2200 obumbravit
3006 2140 3122 2219 'te(
3160 2144 3379 2200 Tertull.
3431 2144 3520 2200 lib.
3576 2146 3693 2200 adv.
3725 2145 3916 2202 Praxo.

2315 2254 2431 2309 cap.
2466 2236 2538 2292 26
2564 2234 2606 2310 ).
2666 2237 2826 2308 Atqui
2882 2253 2988 2291 non
3036 2237 3103 2291 ita
3149 2238 3400 2305 scripsit,
3446 2237 3539 2292 scil
3597 2239 3750 2292 virtus
3785 2232 3914 2301 'Dei,

2315 2346 2419 2384 non
2448 2330 2658 2395 directo,
2700 2328 2754 2384 id
2794 2338 2911 2397 est,
2962 2328 3291 2384 nominativo
3341 2342 3471 2384 casu
3523 2327 3691 2383 Deum
3747 2329 3917 2383 nomi-

2316 2441 2466 2490 nans,
2502 2424 2784 2495 portionem
2804 2425 2960 2479 totius
2984 2422 3205 2496 intelligi
3231 2423 3408 2486 voluit.
3433 2439 3546 2493 nuce
3574 2439 3779 2479 cessura
3799 2430 3911 2496 erat

2316 2517 2369 2571 in
2396 2515 2523 2570 Filii
2564 2532 2766 2571 nomen.
2802 2515 2945 2570 Dixit
2975 2516 3154 2586 itaque
3201 2516 3284 2570 his
3334 2516 3515 2571 verbis
3540 2556 3555 2579 .
3607 2515 3817 2586 spiritus
3858 2523 3918 2569 et
4004 2524 4017 2531 ·

2276 2602 2287 2613 ί
2315 2609 2478 2663 virtus
2509 2609 2605 2662 Dei
2627 2650 2642 2673 ,
2670 2608 2890 2677 intelligi
2922 2609 3224 2679 portionem
3250 2649 3265 2674 ,
3290 2608 3416 2679 quia
3462 2620 3658 2662 nomen
3688 2605 3777 2660 Dei
3809 2620 3919 2661 non

2323 2703 2682 2771 nominativo,
2726 2702 2820 2757 scd
2873 2703 3108 2773 genitivo
3159 2717 3289 2757 casu
3334 2711 3612 2772 acceptum
3659 2699 3924 2771 signiﬁcat

2317 2800 2601 2869 portionem
2624 2841 2640 2864 ,
2671 2797 2785 2853 sive
2824 2799 3263 2870 generationem,
3294 2807 3349 2850 et
3388 2794 3771 2850 derivationem
3798 2792 3921 2849 Filii

2317 2904 2346 2944 a
2377 2889 2535 2945 Patre
2562 2904 2682 2945 suo.
2700 2890 2832 2945 Nam
2857 2905 2919 2946 ea
2947 2888 3282 2944 derivatione
3302 2903 3395 2943 seu
3426 2888 3787 2959 generatione.
3816 2886 3922 2942 etsi

2316 2999 2528 3039 omnem
2560 2983 2807 3039 ‘divinam
2852 2984 3204 3039 substantiam
3247 2982 3547 3053 acceperit,
3577 2996 3680 3036 non
3727 2980 3922 3036 eadem

2319 3078 2664 3133 nihilominus
2690 3087 2771 3134 est
2801 3078 2946 3133 illius
2984 3092 3047 3133 ac
3076 3077 3250 3132 Patris
3282 3090 3522 3146 persona.
3553 3072 3922 3142 Quamobrem

608 3169 846 3241 privatur
871 3211 885 3235 ,
937 3168 1125 3240 procul
1192 3168 1361 3226 dubio
1407 3171 1583 3226 minor
1625 3179 1728 3226 est.
1783 3170 2045 3242 Numquid
2084 3185 2213 3242 ergo
2240 3184 2284 3247 ρ
2329 3170 2602 3241 inceptum
2644 3186 2948 3226 sermonem
2980 3170 3057 3224 sic
3081 3170 3284 3224 Auctor
3311 3176 3487 3221 noster
3534 3165 3921 3235 prosequitur:

607 3262 973 3320 Tertullianus
1000 3262 1190 3319 Filium
1225 3263 1317 3320 Dei
1346 3263 1504 3319 Patre
1528 3278 1626 3319 suo
1657 3266 1919 3320 minorem
1945 3278 2091 3332 esse,
2123 3276 2214 3318 as-

608 3359 775 3415 seruit
800 3368 854 3415 et
879 3357 1138 3429 negavit?
1170 3357 1302 3424 Quis
1330 3355 1432 3412 hoc
1463 3356 1690 3413 credat?

681 3452 821 3521 Quid
845 3468 976 3508 vero
995 3493 1011 3519 ,
1037 3450 1180 3522 quod
1209 3450 1264 3505 in
1296 3450 1385 3505 illo
1412 3451 1503 3521 qui
1534 3450 1692 3506 nobis
1717 3449 1988 3521 objicitur,
2019 3449 2213 3506 adver-

613 3560 707 3602 sus
737 3545 1059 3600 Marcionem
1078 3544 1217 3610 loco,
1241 3543 1413 3599 Filius
1444 3543 1641 3598 dicitur
1661 3542 1876 3609 quidem
1901 3542 2216 3598 substantia:

614 3637 810 3693 divinae
835 3637 1035 3704 portio,
1082 3637 1177 3691 sed
1223 3636 1294 3690 ibi
1325 3637 1584 3691 continuo
1610 3634 1889 3705 adjicitur,
1940 3645 2074 3690 certe
2115 3650 2217 3705 qua

616 3728 948 3802 plenitudinis
975 3743 1202 3782 consors.
1229 3726 1389 3797 Atqui
1421 3727 1466 3780 si
1515 3726 1604 3782 ille
1636 3714 1953 3781 substantia:
1982 3724 2173 3780 divina:
2197 3767 2214 3793 ,

615 3839 737 3896 quae
775 3820 1169 3892 simplicissima
1201 3829 1283 3874 est
1302 3861 1316 3884 ,
1344 3828 1505 3890 atque
1545 3820 1598 3874 in
1625 3834 1692 3874 eo
1714 3828 1769 3874 et
1796 3819 1987 3883 Patre,
2018 3827 2076 3873 ιιι
2100 3817 2217 3875 dic-

624 3925 736 3971 tum
790 3914 858 3968 ab
903 3911 1095 3968 eodem
1122 3911 1458 3966 'l‘ertnlliano
1486 3911 1683 3981 sapius
1708 3909 2182 3966 animadvertimus
2200 3953 2216 3979 ,

619 4026 728 4068 non
759 4013 1055 4079 separatur,
1087 4020 1316 4073 consors,
1344 4003 1543 4072 socius,
1570 4013 1625 4059 et
1656 4002 1924 4075 particeps
1955 4010 2057 4070 est,
2098 4017 2216 4058 eam

620 4103 808 4174 utique
844 4108 1009 4157 totam
1039 4098 1302 4170 possidet.
1472 4106 1481 4113 ‘

689 4194 954 4250 Praeterea
1002 4193 1047 4247 si
1083 4190 1279 4247 divinae
1323 4188 1635 4245 substantia:
1674 4187 1857 4260 portio
1883 4231 1898 4256 ,
1942 4187 2058 4244 sive
2094 4201 2220 4258 pars

618 4296 823 4343 tantum
849 4285 1026 4356 aliqua
1053 4284 1123 4339 sit
1164 4283 1217 4338 in
1246 4280 1422 4349 Filio,
1452 4281 1567 4353 ipse
1592 4281 1757 4336 Pater
1797 4294 1916 4335 eam
1958 4279 2219 4351 integram

619 4397 727 4438 non
758 4379 939 4435 habet.
973 4378 1108 4434 Pars
1125 4377 1269 4434 enim
1300 4375 1446 4431 illius
1488 4374 1593 4430 erit
1621 4376 1673 4430 in
1703 4371 1839 4429 Filio
1863 4413 1879 4439 ,
1907 4381 1963 4428 et
2001 4388 2030 4427 a
2062 4373 2221 4428 Patre

621 4476 895 4530 distracta.
925 4469 982 4527 In
1014 4471 1098 4526 his
1119 4483 1248 4542 ergo
1263 4468 1471 4523 verbis:
1506 4466 1665 4521 Pater
1691 4477 1796 4520 tota
1823 4464 2104 4521 substantia
2124 4473 2217 4531 est,

2334 3262 2479 3320 Sicut
2508 3280 2627 3335 ergo
2652 3279 2814 3318 sermo
2853 3261 3082 3323 Deinon
3103 3271 3175 3315 est
3204 3261 3314 3331 ipse
3347 3259 3492 3331 cujus
3523 3267 3594 3313 est
3619 3297 3635 3323 ,
3675 3256 3913 3313 videlice

2322 3357 2530 3424 Patris;
2559 3359 2632 3411 ita
2654 3373 2745 3412 nec
2773 3356 3039 3429 Spiritus,’
3078 3355 3170 3408 etsi
3213 3352 3349 3407 Deus
3386 3352 3551 3405 dictus
3591 3359 3683 3415 est,
3711 3366 3812 3404 non
3841 3358 3924 3404 ta-

2325 3470 2438 3509 nien
2468 3454 2578 3524 ipse
2606 3461 2699 3516 est,
2727 3453 2873 3521 cujus
2898 3451 3131 3504 dictus...
3155 3447 3217 3502 Et
3238 3447 3350 3501 ideo
3378 3445 3606 3514 Spiritus
3636 3442 3730 3498 Dei
3754 3441 3917 3509 Deus,

2320 3556 2366 3600 et
2400 3547 2581 3601 Sermo
2611 3544 2704 3598 Dei
2725 3542 2867 3598 Deus
2888 3560 2906 3608 ;
2930 3543 3049 3615 quia
3075 3558 3137 3596 ea:
3163 3541 3292 3605 Deo,
3340 3556 3439 3593 non
3485 3548 3651 3591 tamen
3697 3537 3822 3607 ipse,
3856 3552 3921 3591 ea:

2319 3653 2418 3708 quo
2461 3648 2551 3691 est.
2584 3636 2736 3702 Quod
2764 3636 2808 3690 si
2843 3635 2977 3689 Deus
3001 3632 3130 3696 Dei,
3175 3643 3412 3703 tanquam
3456 3628 3766 3684 substantive
3812 3642 3917 3695 res,

2320 3745 2422 3783 non
2465 3729 2558 3782 erit
2600 3732 2710 3797 ipse
2739 3725 2901 3791 Deus,
2933 3725 3023 3781 sed
3049 3725 3289 3779 hactenus
3316 3720 3452 3776 Deus
3475 3737 3495 3784 ;
3523 3722 3642 3793 quia
3669 3737 3732 3776 eo;
3757 3719 3920 3788 ipsius

2320 3822 2625 3888 substantia,
2652 3837 2752 3893 qua
2782 3830 2827 3876 et
2852 3820 3171 3875 substantive
3214 3833 3294 3872 res
3338 3826 3428 3881 est,
3462 3824 3509 3870 et
3536 3824 3594 3868 ut
3636 3813 3798 3886 portio
3821 3811 3923 3867 ali-

2319 3932 2418 3988 qua
2443 3915 2614 3970 totius.

2392 4008 2634 4065 Audisne
2679 4006 2952 4079 quomodo
2983 4004 3076 4061 Dei
3121 4003 3289 4059 Filius
3316 4010 3370 4058 et
3410 4015 3591 4057 sermo
3619 3999 3691 4055 ibi
3732 4004 3919 4069 aperte

2321 4113 2547 4175 negetur
2571 4115 2693 4157 esse
2733 4100 2875 4155 Deus
2902 4100 3016 4164 Dei,
3058 4098 3153 4153 scd
3182 4112 3341 4153 verus
3369 4096 3607 4159 dicatur,
3642 4093 3780 4149 sicut
3804 4088 3921 4161 ejus

2324 4197 2502 4264 Pater,
2534 4194 2718 4252 Deus?
2746 4192 3003 4263 Quamvis
3032 4202 3212 4247 autem
3246 4204 3404 4245 verus
3437 4188 3508 4243 sit
3538 4188 3677 4242 Deus
3699 4192 3801 4248 ,‘et
3824 4197 3921 4237 ea-

2323 4290 2445 4347 dem
2477 4290 2617 4344 illius
2637 4302 2700 4343 ac
2727 4287 2900 4343 Patris
2931 4284 3266 4348 substantia;
3298 4283 3418 4353 quia
3463 4291 3639 4335 tamen
3671 4294 3737 4334 ex
3780 4273 3923 4331 illius

2323 4382 2648 4454 cogitatione
2679 4390 2734 4436 et
2764 4379 3134 4435 intellectione
3163 4375 3362 4446 prodiit
3394 4385 3446 4430 et
3476 4373 3689 4444 genitus
3727 4375 3829 4435 est,
3853 4370 3925 4424 ab

2327 4476 2418 4531 illo
2458 4489 2686 4548 persona
2714 4472 3080 4543 distinguitur.
3110 4469 3219 4525 liae
3262 4477 3439 4523 autem
3466 4464 3807 4537 generatione
3832 4461 3922 4517 di-

622 4566 793 4623 Fitius
818 4581 932 4620 vero
961 4564 1125 4637 portio
1150 4604 1164 4628 ,
1192 4562 1417 4618 evidens
1448 4561 1609 4633 plane
1648 4560 1998 4631 repugnantia
2024 4557 2213 4628 depre-

2325 4569 2465 4623 citur
2487 4568 2650 4623 totius
2679 4565 2941 4621 derivatio
2963 4572 3017 4620 et
3048 4562 3222 4635 portio
3242 4603 3257 4628 ,
3294 4560 3408 4615 sive
3454 4558 3668 4629 partitio
3693 4564 3749 4611 et
3768 4569 3922 4610 com-

620 4663 907 4720 bendetur.
935 4660 1109 4718 Unius
1132 4659 1332 4731 quippe
1368 4657 1449 4713 rei
1474 4698 1490 4723 ,
1528 4671 1592 4712 ac
1639 4655 1979 4726 potissimum
2018 4652 2225 4721 simpli-

620 4757 850 4814 cissima:
874 4765 1044 4810 totum
1063 4753 1117 4808 in
1139 4759 1337 4815 uno,et
1366 4762 1491 4820 pars
1513 4747 1566 4803 in
1598 4747 1770 4802 altero
1787 4761 1907 4802 esse
1929 4753 2222 4815 nequeunt.

621 4850 754 4907 Cum
784 4848 964 4904 nullus
994 4846 1170 4917 itaque
1196 4854 1304 4900 tam
1344 4841 1592 4897 absurda:
1621 4838 2059 4896 contradictionis
2086 4836 2221 4891 Ter-

623 4942 900 5000 tullianum
931 4940 1254 4996 convincere
1285 4936 1473 5007 possit,
1501 4932 1634 5005 quid
1657 4940 1845 4996 restat,
1875 4930 1978 4985 nisi
1994 4928 2223 4984 iudica-

622 5052 744 5094 mus
775 5035 924 5091 illum
971 5030 1219 5104 partionis
1263 5027 1479 5083 nomine
1508 5042 1616 5081 non
1650 5022 1978 5079 intellexisse
2014 5031 2220 5091 partem

622 5131 853 5202 aliquam
875 5126 1068 5182 divinze
1096 5120 1430 5185 substantiae,
1460 5133 1619 5189 quam
1651 5117 1740 5172 ille
1773 5129 1873 5171 nec
1903 5113 2090 5181 dividi,
2121 5129 2221 5197 nec

624 5222 859 5295 separari
891 5235 1050 5293 posse
1077 5213 1524 5275 constantissime
1549 5211 1897 5269 asseveravit.

696 5318 815 5384 Quo
839 5328 968 5386 ergo
988 5355 1003 5380 ,
1031 5309 1236 5381 inquiet
1267 5308 1462 5379 aliquis
1483 5348 1497 5373 ,
1538 5319 1703 5361 sensu
1741 5318 1937 5359 nomen
1964 5302 2128 5373 portio
2154 5303 2221 5358 ab

624 5424 689 5465 eo
714 5405 983 5464 sumitur?
1029 5403 1193 5460 Nobis
1220 5399 1435 5472 quidem
1479 5396 1621 5453 haud
1660 5395 2047 5453 reluctantibus
2092 5409 2221 5465 pro-

623 5502 835 5559 babitur
858 5498 1049 5555 eodem
1076 5494 1378 5568 signiﬁcatu
1404 5491 1572 5562 accipi
1599 5532 1615 5559 ,
1646 5499 1806 5560 atque
1837 5485 2059 5559 partitio
2078 5527 2093 5553 ,
2125 5499 2223 5542 seu

624 5592 996 5669 participatio,
1051 5597 1107 5646 et
1161 5584 1573 5643 communicatio
1625 5582 1821 5638 divinze
1872 5579 2218 5645 substantiae,

624 5701 784 5758 quam
814 5684 971 5740 Pater
991 5681 1044 5738 in
1077 5680 1275 5738 Filium
1294 5678 1576 5735 derivavit.
1602 5674 1737 5732 Nam
1761 5673 1928 5731 Filius
1956 5672 2060 5728 hoc
2081 5671 2221 5743 ipso,

624 5777 716 5849 qui
755 5774 912 5832 nobis
959 5770 1209 5843 objicitur
1233 5812 1251 5842 ,
1281 5769 1539 5827 adversus
1569 5768 1829 5826 Praxeam
1878 5764 2000 5823 loco
2025 5762 2225 5821 dicitur

2327 4659 2620 4716 municatio
2643 4701 2657 4726 ,
2683 4657 2777 4713 sed
2806 4673 2907 4727 qua
2929 4698 2945 4724 ,
2973 4664 3030 4711 ut
3069 4655 3159 4710 ille
3203 4653 3310 4717 ait,
3338 4650 3674 4725 plenitudinis
3717 4662 3924 4702 consors

2326 4749 2498 4818 est,it|
2529 4758 2632 4814 est,
2650 4760 2815 4803 totam
2846 4759 2897 4803 et
2924 4745 3169 4802 eamdem
3193 4743 3357 4799 habet
3387 4742 3754 4810 Patris,aquo
3772 4747 3926 4795 ortus

2327 4855 2427 4907 est,
2459 4844 2810 4899 sobstantiam
2842 4850 2894 4896 et
2923 4840 3280 4895 divinitatem.

2398 4935 2581 5006 Neque
2607 4949 2703 4989 eos
2727 4932 3023 4989 audiendos
3058 4944 3373 4993 censemus,
3413 4926 3504 4999 qui
3531 4926 3831 4998 urgebunt:
3873 4922 3927 4978 ls

2326 5028 2370 5083 si
2403 5029 2471 5083 sit
2494 5026 2811 5083 Tertulliani
2860 5039 3083 5090 sensus,
3123 5024 3192 5079 ab
3215 5039 3281 5078 eo
3310 5037 3503 5077 nomen
3546 5020 3713 5092 portio
3751 5018 3927 5087 accipi

2326 5120 2617 5192 impropria
2639 5120 2882 5184 omnino,
2911 5134 2973 5173 ac
3002 5119 3162 5188 plane
3183 5116 3434 5172 inusitata
3462 5114 3749 5171 locutione.
3780 5110 3926 5166 Suos

2325 5214 2468 5269 enim
2486 5209 3022 5267 Tertullianuslihrns
3046 5208 3310 5274 barbaris,
3328 5205 3630 5277 impropriis
3658 5212 3712 5258 et
3760 5201 3927 5257 inusi-

2326 5306 2472 5367 tatis,
2502 5304 2576 5357 uti
2608 5318 2767 5357 nemo
2812 5301 2993 5357 nescit
3030 5308 3084 5356 et
3108 5300 3304 5370 smpius
3343 5295 3770 5362 observavimus,
3803 5308 3927 5350 ver-

2324 5397 2406 5453 bis
2463 5411 2527 5450 ac
2588 5394 2894 5450 nominibus
2946 5393 3191 5463 aspersit.
3258 5390 3392 5447 Nam
3449 5399 3509 5445 ut
3551 5390 3816 5461 plurima,
3867 5387 3924 5443 in

2326 5489 2573 5544 omnibus
2590 5487 2706 5558 ejus
2734 5487 2885 5543 libris
2928 5486 3123 5556 possint
3142 5483 3319 5550 obvia,
3343 5496 3489 5539 nunc
3514 5481 3926 5553 praetermitten-

2327 5588 2434 5645 tur,
2461 5594 2640 5635 nonne
2664 5578 2717 5633 in
2751 5578 2854 5632 hoc
2884 5578 3020 5647 ipso,
3049 5576 3118 5631 de
3143 5590 3248 5644 quo
3270 5574 3631 5645 disputamus,
3659 5572 3923 5643 Apologe-

2326 5672 2454 5737 tico,
2487 5686 2646 5742 quem
2670 5670 2736 5725 ad
2758 5669 3004 5726 ethnicos
3041 5668 3305 5724 antistites
3324 5667 3544 5734 direxit,
3570 5667 3741 5737 magis
3764 5677 3923 5737 quam

2326 5764 2384 5822 iu
2410 5763 2552 5834 aliis,
2580 5762 2765 5834 latine,
2812 5762 2977 5835 polite
3035 5768 3092 5821 et
3130 5760 3417 5820 emendate
3462 5760 3610 5833 loqui
3657 5756 3927 5818 debebat!
