4240 6262
360 312 463 373 841
1502 315 1955 376 DISSERTATIO

2094 318 2184 377 LE
2220 318 2524 378 NOURRY.
3559 321 3664 383 812

360 429 434 485 At
457 429 638 500 plures
663 437 844 485 tamen
870 427 924 486 in
951 442 1019 486 eo
1035 428 1148 501 jam
1172 407 1495 499 notavimus,
1524 442 1576 487 et
1606 431 1784 490 adhuc
1805 443 1956 490 nota-
1982 436 2037 496 Α
2061 434 2230 492 Filius
2279 436 2454 492 minor
2501 435 2730 493 dicatur.
2757 435 2935 493 Prima
2965 445 3049 494 est
3066 479 3080 504 ,
3107 438 3229 507 quia
3283 439 3443 498 Pater
3467 440 3661 499 Filium

360 520 542 578 bimus
577 521 958 588 barbarismos,
1007 521 1304 594 modosque
1356 524 1607 595 loquendi
1637 526 1961 598 improprios
2064 528 2230 592 misit,
2261 536 2316 583 et
2345 527 2512 584 Filius
2541 529 2770 583 mittitur
2795 543 2826 582 a
2853 528 3030 584 Patre.
3065 530 3134 583 At
3163 529 3216 584 id
3245 541 3486 601 spectare
3518 534 3664 589 video

359 624 418 672 et
444 617 706 673 insuetos.
732 616 938 673 Nomen
964 626 1142 673 autem
1173 618 1374 688 portio,
1411 632 1477 672 eo
1507 633 1614 689 quo
1656 618 1960 675 notavimus
2064 627 2150 675 tur
2175 618 2464 675 humanam
2492 616 2614 677 Filii
2641 629 2910 687 naturam,
2937 636 3038 691 qua
3075 621 3225 677 illum
3248 622 3405 679 Patre
3430 640 3529 680 suo
3555 628 3661 680 mi-

360 721 524 765 scnsu
550 708 672 766 ideo
700 709 980 776 adhibuit,
1013 717 1071 765 ut
1093 709 1356 766 Praxeam
1380 708 1652 766 efﬁcacius
1666 709 1957 778 refelleret,
2063 727 2250 769 norem
2277 728 2398 770 esse
2426 729 2587 770 nemo
2615 713 2896 770 dilﬁtetur.
2925 713 3172 770 Secunda
3207 724 3312 783 est,
3345 717 3466 785 quia
3497 716 3662 773 Filius

359 801 452 872 qui
482 799 752 858 eii‘utiebat
770 799 969 857 Filium
998 815 1224 873 persona
1256 815 1590 872 nequaquam
1611 818 1642 858 a
1661 800 1821 859 Patre
1844 801 1957 857 dis-

363 895 552 966 tingui.

951 1044 1242 1086 ARTICULUS
1278 1047 1372 1086 VII.
1413 1101 1426 1112 .

360 1159 648 1218 Solvuntur
688 1164 795 1218 alia
833 1173 1157 1234 argumenta,
1188 1165 1374 1234 quibus
1415 1163 1652 1236 objicitur
1679 1163 1958 1220 Tertullia-

431 1271 552 1310 num
579 1272 794 1327 negasse
821 1253 950 1311 Filii
978 1256 1078 1311 Dei
1121 1257 1476 1321 divinitatem;
1513 1257 1634 1328 quia
1663 1258 1792 1312 dixit
1816 1258 1960 1312 illum

428 1348 676 1404 minorem
716 1348 876 1405 Patre
897 1391 915 1419 ,
944 1350 1180 1421 Ituncque
1216 1351 1500 1419 visibilem,
1531 1361 1578 1406 et
1601 1351 1749 1406 illum
1786 1351 1962 1406 invisi-

426 1440 596 1497 bilem.

355 1577 384 1597 ’
429 1597 594 1655 Aliud
624 1599 903 1670 denegatae
929 1614 960 1655 a
985 1598 1319 1656 Tertulliano
1340 1640 1355 1667 ,
1383 1608 1477 1655 aut
1504 1599 1840 1657 labefactatte
1863 1615 1958 1656 su-

356 1705 564 1762 premae
599 1690 721 1747 Filii
772 1692 869 1748 Dei
913 1692 1206 1750 divinitatis
1252 1701 1626 1763 argumentum
1659 1694 1764 1763 peti
1796 1708 1956 1763 posse

355 1792 545 1854 putant
571 1797 639 1838 ex
669 1781 752 1838 his
771 1782 916 1838 illius
945 1783 1122 1840 verbis
1155 1801 1167 1838 :
1203 1783 1361 1838 Pater
1403 1795 1510 1839 tota
1553 1786 1834 1841 substantia
1859 1796 1932 1841 est

354 1874 524 1933 Filius
547 1892 663 1932 vero
703 1877 950 1932 derivatio
989 1879 1163 1944 totius,
1191 1888 1238 1934 et
1276 1879 1463 1950 portio,
1494 1881 1626 1935 sicut
1663 1881 1773 1951 ipse
1799 1882 1960 1952 pro/l-

356 1976 488 2022 tetur
516 1985 534 2023 :
567 1967 728 2022 Pater
748 1970 915 2041 major
943 1985 1024 2024 me
1047 1979 1138 2025 est.
1174 1969 1216 2023 A
1245 1986 1343 2042 quo
1373 1981 1418 2026 et
1444 1972 1724 2026 minoratus
1763 1973 1963 2027 canitur

359 2059 414 2113 in
440 2057 658 2129 psalmo,
690 2060 950 2114 modicum
973 2060 1095 2131 quid
1117 2063 1244 2114 citra
1271 2061 1496 2132 angelos.
1531 2061 1622 2117 Sic
1656 2061 1814 2117 Pater
1828 2063 1962 2118 alius

355 2169 388 2206 a
421 2151 580 2219 Filio,
605 2154 730 2209 dum
777 2152 922 2208 Filio
965 2155 1134 2222 maior
1180 2152 1442 2227 (Tertull.
1485 2155 1573 2209 lib.
1612 2155 1730 2210 adv.
1763 2153 1956 2211 Praxe.

361 2245 614 2319 cap.9).
666 2245 858 2302 Nonne
924 2261 1094 2317 ergo,
1162 2246 1428 2317 inquiunt,
1483 2247 1576 2302 ille
1646 2247 1715 2302 ibi
1779 2255 1960 2317 aperte

359 2338 624 2410 signiﬁcat
675 2339 728 2394 in
761 2338 958 2407 Patre,
1014 2338 1219 2410 majore
1271 2339 1446 2404 Filio,
1494 2348 1658 2394 totam
1702 2354 1822 2395 esse
1865 2339 1958 2395 Di-

360 2433 600 2489 vinitatis
644 2432 1017 2499 substantiam,
1069 2441 1124 2488 et
1159 2433 1391 2504 aliquam
1423 2442 1628 2489 tantum
1659 2435 1958 2504 portionem

257 2587 264 2592 ,
361 2527 415 2582 in
449 2525 604 2592 Filio,
644 2528 736 2596 qui
790 2527 990 2582 idcirco
1019 2526 1112 2581 illo
1150 2525 1328 2582 minor
1370 2527 1494 2582 est?
1536 2524 1687 2582 Itane
1714 2541 1844 2583 vero
1870 2526 1960 2583 ille

353 2616 489 2674 dixit
515 2617 710 2674 Filium
738 2634 858 2675 esse
883 2619 1148 2675 minorem
1179 2617 1337 2673 Patre
1360 2660 1375 2684 ,
1399 2633 1581 2688 quem,
1607 2627 1661 2672 ut
1686 2627 1842 2674 antea
1867 2633 1958 2674 os-

354 2709 664 2775 tendimus,
711 2710 945 2766 asseruit
993 2709 1139 2766 Patri
1188 2724 1309 2765 esse
1350 2725 1568 2779 parem,
1619 2710 1667 2765 ei
1725 2709 1956 2780 pariari,

354 2804 576 2874 aequari,
600 2803 776 2874 jtmgi,
803 2818 904 2858 nec
924 2803 1020 2857 illo
1045 2817 1166 2856 esse
1190 2802 1454 2856 minorem
1479 2843 1494 2869 ,
1517 2802 1638 2871 quia
1661 2800 1778 2870 ipse
1805 2800 1957 2856 dixe-

354 2908 481 2954 rat:
530 2895 644 2969 Ego
694 2904 740 2950 et
782 2893 942 2950 Pater
986 2911 1141 2948 unum
1194 2893 1414 2948 sumus?
1461 2895 1647 2964 (supr.
1699 2894 1794 2946 Itoc
1837 2909 1955 2962 cap.

356 3000 457 3044 art.
487 2990 512 3046 1
539 2991 580 3061 ).
609 2987 799 3044 Nonne
827 2996 953 3042 ante
975 2987 1184 3056 objecta
1207 2984 1362 3040 nobis
1391 2985 1548 3040 verba
1575 2985 1642 3040 ab
1666 2999 1732 3040 eo
1757 2983 1957 3039 dictam

356 3082 606 3153 egimus:
641 3079 708 3135 Et
748 3096 1009 3150 nunquam
1047 3089 1311 3147 separatus
1353 3095 1386 3132 a
1431 3075 1621 3141 Patre,
1653 3086 1740 3130 aut
1770 3071 1901 3130 alius
1928 3092 1960 3128 a

358 3170 549 3238 Patre;
573 3171 694 3244 quia
719 3186 739 3226 :
764 3169 878 3241 Ego
909 3179 954 3224 et
979 3167 1137 3227 Pater
1162 3185 1318 3224 unum
1342 3184 1537 3224 sumus.
1569 3166 1694 3223 Htec
1720 3167 1814 3221 erit
1839 3183 1959 3237 pro-

366 3265 482 3321 bola
533 3265 778 3329 veritatis,
825 3273 996 3319 custos
1042 3262 1289 3329 veritatis,
1317 3277 1420 3332 qua
1459 3262 1715 3333 prolatum
1744 3261 1960 3318 dtimus

363 3356 563 3412 Filium
589 3373 623 3410 a
651 3355 830 3423 Patre,
847 3355 938 3410 sed
962 3371 1064 3410 non
1080 3362 1370 3425 separatum
1391 3353 1417 3407 .9
1463 3353 1482 3423 (
1510 3351 1649 3407 Libr.
1712 3353 1797 3406 cit.
1844 3369 1960 3423 cap.

361 3449 472 3521 8).
515 3447 780 3520 Numquid
824 3463 952 3519 ergo
998 3446 1236 3516 putida,
1268 3454 1322 3502 et
1365 3444 1494 3500 nulli
1539 3459 1769 3515 unquam
1825 3458 1962 3498 cono

366 3540 631 3597 donanda:
680 3539 1116 3597 contradictionis
1163 3535 1606 3594 condemnandus
1651 3533 1960 3592 cst?Num-

363 3633 492 3706 quid
531 3649 563 3688 a
607 3648 769 3691 sensu
797 3633 1006 3688 animus
1059 3631 1175 3702 ejus
1214 3629 1349 3687 adeo
1415 3644 1645 3700 unquam
1703 3628 1964 3684 alienatus

363 3739 488 3794 eSt,
542 3735 601 3784 ut
655 3726 850 3784 Filium
903 3725 1100 3782 dixerit
1128 3725 1284 3780 Patre
1335 3737 1434 3778 suo
1464 3723 1725 3778 minorem
1762 3731 1815 3778 et
1858 3737 1962 3778 non

368 3819 670 3888 minorem,
704 3833 888 3890 parem
928 3827 983 3874 et
1034 3832 1140 3872 non
1164 3832 1346 3887 parem
1371 3856 1386 3882 ,
1417 3830 1578 3870 unum
1609 3829 1728 3870 cum
1778 3815 1869 3870 illo
1909 3824 1962 3870 et

365 3925 473 3966 non
505 3925 692 3978 unum,
721 3911 828 3965 nisi
856 3910 955 3965 sub
975 3909 1184 3965 diversa
1205 3907 1455 3963 ratione?
1479 3907 1545 3963 Et
1587 3917 1735 3962 certe
1775 3907 1907 3963 satis
1932 3922 1962 3962 a

365 4003 519 4059 nobis
539 4005 823 4076 probatum
849 4013 934 4059 est
977 4016 1134 4073 quam
1164 4000 1370 4057 diserte
1407 3999 1498 4056 ille
1537 4000 1779 4055 docuerit
1799 4015 1961 4055 unam

363 4110 484 4152 esse
509 4097 562 4152 in
584 4096 744 4153 Patre
767 4107 822 4152 et
838 4094 976 4151 Filio
1001 4093 1452 4165 simplicissimum
1474 4103 1718 4148 naturam
1744 4107 1807 4147 ac
1831 4091 1962 4148 sub-

369 4189 660 4258 stantiam,
687 4203 808 4260 qute
852 4202 955 4243 nec
987 4185 1223 4257 separari
1265 4200 1365 4242 nec
1409 4184 1571 4240 dividi
1619 4192 1811 4255 potest.
1855 4183 1962 4240 Sed

367 4280 488 4351 quia
517 4280 758 4338 Praxeas
789 4279 915 4336 inde
940 4278 1139 4334 inferre
1165 4277 1459 4334 conabatur
1483 4275 1728 4333 eamdem
1749 4291 1963 4347 quoque

365 4386 488 4429 esse
525 4374 740 4430 illorum
775 4388 1081 4445 personam,
1115 4371 1242 4427 hinc
1291 4373 1494 4427 Auctor
1514 4381 1700 4426 noster
1731 4369 1964 4426 ostendit

367 4477 463 4519 eos
488 4480 598 4521 non
622 4475 810 4520 natura
853 4463 1070 4536 quidem
1094 4504 1110 4531 ,
1139 4461 1234 4518 sed
1267 4477 1493 4534 persona
1522 4461 1809 4532 distingui,
1839 4461 1961 4530 quia

2061 818 2092 858 a
2121 803 2282 861 Patre
2311 821 2410 860 suo
2435 815 2742 877 generatur,
2770 815 2826 862 et
2849 806 3084 863 divinam
3111 821 3204 862 sua
3235 817 3479 864 naturam
3510 824 3663 865 acce-

2063 895 2161 964 pit.
2187 895 2347 966 Atqui
2385 895 2486 951 hac
2523 897 2872 968 generatione
2900 897 3193 954 secundum
3231 914 3261 954 a
3306 899 3462 956 Patre
3505 899 3670 957 habet

2061 987 2284 1058 gradum
2315 997 2371 1044 et
2399 988 2642 1045 ordinem
2667 1033 2682 1058 ,
2714 1006 2822 1061 quo
2850 991 3066 1061 quidem
3096 992 3202 1048 dici
3242 1002 3419 1064 potest
3447 995 3539 1050 illo
3567 999 3667 1053 mi-

2061 1093 2183 1142 nor,
2202 1079 2296 1135 sed
2315 1088 2541 1149 tantum,
2557 1083 2630 1137 uti
2656 1083 2730 1137 ait
2745 1081 3127 1154 Tertullianus,
3146 1095 3351 1155 prapter
3374 1090 3666 1144 teconomia:

2063 1171 2481 1242 observationem,
2509 1174 2582 1230 ita
2614 1185 2672 1230 ut
2699 1191 2804 1230 non
2825 1174 3019 1232 divisio
3041 1218 3056 1244 ,
3081 1175 3176 1232 sed
3195 1176 3475 1249 dispositio
3499 1181 3664 1252 signi-

2064 1263 2278 1320 ﬁcetur.
2321 1267 2496 1337 Atque
2523 1268 2626 1335 ita,
2656 1278 2710 1324 et
2739 1268 2932 1338 duplici
2963 1268 3050 1323 illa
3082 1269 3290 1324 ratione
3315 1269 3482 1325 Filius
3506 1270 3574 1325 ab
3597 1287 3663 1327 eo

2062 1358 2166 1414 dici
2198 1359 2371 1428 potuit
2397 1360 2573 1415 minor
2598 1359 2755 1416 Patre
2780 1403 2795 1427 ,
2825 1370 2880 1415 et
2907 1360 3042 1416 alius
3065 1361 3132 1416 ab
3168 1361 3259 1417 illo
3282 1402 3296 1428 ,
3357 1371 3542 1432 utpote
3571 1365 3663 1434 qui

2062 1451 2132 1505 ab
2162 1452 2279 1522 ipso
2319 1453 2530 1524 genitus
2555 1453 2673 1508 fuit.

2133 1543 2318 1614 Neque
2344 1545 2499 1602 nobis
2520 1588 2536 1613 ,
2566 1562 2751 1618 quaeso
2774 1589 2790 1615 ,
2821 1562 3051 1618 reponas
3080 1548 3219 1604 hanc
3245 1549 3660 1620 explicationem

2064 1653 2171 1694 non
2198 1653 2321 1695 esse
2345 1639 2720 1695 orthodoxam.
2752 1640 2969 1710 Antiqui
3009 1642 3151 1695 enim
3179 1641 3377 1696 Patres
3406 1641 3664 1697 Ecclesiae

2064 1729 2168 1785 hoc
2195 1731 2315 1799 ipso
2346 1746 2509 1788 sensu
2531 1773 2546 1798 ,
2578 1732 2737 1786 etiam
2767 1740 2888 1801 post
2913 1732 3200 1787 concilium
3232 1731 3506 1788 Nicaznum
3530 1775 3542 1797 ,
3574 1733 3665 1788 illa

1940 1827 1956 1852 ’
1989 1821 2037 1882 B
2064 1819 2265 1876 Christi
2293 1822 2459 1879 verba
2485 1840 2498 1876 :
2525 1821 2684 1877 Pater
2720 1823 2888 1887 maior
2915 1838 2994 1877 me
3017 1832 3127 1888 est,
3164 1823 3493 1892 interpretati
3515 1833 3659 1879 sunt.

2068 1912 2305 1969 Hilarius
2347 1914 2610 1985 siquidem
2634 1956 2650 1980 ,
2683 1915 3014 1982 acerrimus,
3038 1915 3082 1970 si
3107 1915 3229 1986 quis
3267 1930 3501 1986 unquam
3523 1957 3538 1983 ,
3568 1931 3665 1970 ca-

2065 2005 2278 2063 tholicae
2328 2006 2586 2062 doctrina:
2639 2006 2932 2072 defensor,
2991 2005 3108 2061 hare
3160 2007 3380 2061 minime
3411 2005 3669 2064 haesitans

2063 2099 2279 2170 scripsit
2305 2116 2318 2152 :
2343 2099 2437 2154 Est
2469 2097 2626 2156 Pater
2648 2101 2815 2170 major
2833 2098 2992 2167 Filio,
3011 2098 3100 2153 sed
3126 2109 3179 2153 ut
3200 2097 3360 2153 Pater
3388 2097 3549 2166 Filio,
3574 2117 3665 2171 ge-

2064 2192 2324 2246 neratione
2369 2207 2469 2245 non
2508 2207 2704 2262 genere.
2745 2189 2916 2246 Filius
2945 2193 3079 2245 enim
3118 2200 3230 2257 est,
3256 2200 3302 2244 et
3330 2207 3392 2244 ea:
3419 2208 3476 2246 eo
3515 2193 3671 2246 exivit

2064 2281 2267 2353 (Hilar.
2294 2283 2351 2337 in
2380 2281 2555 2336 Tract.
2573 2283 2627 2337 in
2650 2284 2782 2353 psal.
2813 2283 2934 2348 118,
2984 2282 3012 2353 §
3040 2283 3151 2352 17).
3196 2283 3404 2339 Scimus
3450 2283 3667 2354 quidem

2063 2373 2251 2429 eadem
2298 2373 2558 2430 Johannis
2595 2373 2759 2429 verba
2797 2373 2864 2428 ab
2906 2374 3000 2429 illo
3047 2373 3175 2428 alibi
3212 2372 3384 2444 (Idem
3411 2374 3499 2429 lib.
3528 2375 3580 2430 9.
3604 2377 3669 2430 de

2060 2462 2210 2520 Trin.
2264 2464 2292 2537 §
2331 2465 2456 2537 51),
2525 2473 2579 2520 et
2623 2465 2692 2520 ab
2738 2464 2858 2520 aliis
2903 2481 3118 2536 quoque
3173 2465 3243 2520 de
3273 2475 3550 2536 assumpta
3592 2468 3661 2522 ab

2063 2555 2182 2627 ipso
2223 2557 2316 2612 Dei
2363 2557 2500 2613 Filio
2529 2557 2759 2611 humana
2807 2567 2995 2613 natura
3035 2557 3310 2628 explicari.
3370 2559 3476 2615 Sed
3510 2561 3666 2615 nobis

2061 2646 2260 2704 sufﬁcit
2288 2663 2350 2703 ea
2377 2648 2538 2705 etiam
2565 2648 2638 2703 ab
2665 2648 2869 2704 Hilario
2920 2649 3263 2718 pluribusque
3289 2651 3410 2705 aliis
3438 2649 3658 2704 Nicacna

2064 2741 2277 2814 synodo
2300 2741 2707 2812 posterioribus,
2742 2750 2799 2796 ut
2827 2741 2953 2796 alibi
2985 2743 3378 2809 annotavimus,
3404 2742 3471 2797 de
3488 2743 3667 2797 divina

2067 2833 2291 2904 intelligi
2329 2833 2610 2904 ipsiusmet
2649 2832 2771 2888 Filii
2795 2832 2887 2889 Dei
2933 2834 3277 2904 generatione
3301 2876 3314 2900 ,
3344 2850 3445 2905 qua
3477 2835 3667 2891 ordine

2071 2925 2340 2982 secundus
2381 2940 2412 2980 a
2455 2925 2616 2980 Patre
2639 2940 2737 2980 suo
2760 2933 2843 2980 est
2867 2923 3021 2995 (Not.
3055 2929 3110 2980 in
3138 2926 3223 2981 lib.
3254 2927 3308 2980 2.
3346 2928 3577 2982 Ambros.
3601 2929 3666 2983 de

2064 3015 2242 3089 Fide).
2265 3015 2490 3073 Constat
2522 3017 2720 3088 quippe
2741 3016 2870 3071 nihil
2911 3017 3036 3073 inde
3071 3018 3256 3074 inferri
3289 3035 3448 3091 posse
3477 3031 3666 3078 contra

2063 3109 2457 3166 Tertullianum
2509 3121 2791 3174 nostrum,
2821 3111 2913 3181 qui
2957 3111 3204 3182 quidem,
3255 3128 3375 3168 cum
3416 3115 3516 3170 sibi
3561 3116 3666 3184 ipsi

1985 3205 2030 3268 C
2064 3219 2171 3259 non
2193 3202 2608 3270 contradixerit,
2640 3202 2730 3258 illa
2779 3203 3121 3275 evangelista;
3159 3204 3319 3258 verba
3348 3206 3448 3260 hoc
3475 3207 3666 3261 catho-

2068 3295 2174 3351 lico
2199 3308 2360 3350 sensu
2390 3295 2665 3365 accepisse
2692 3294 2834 3350 haud
2860 3295 3129 3351 immerito
3161 3296 3388 3353 videtur.
3425 3298 3493 3354 Et
3517 3308 3668 3356 certe

2066 3402 2136 3444 eo
2182 3387 2352 3458 magis
2396 3387 2486 3442 illa
2530 3388 2610 3442 sic
2662 3388 3002 3460 interpretari
3043 3390 3246 3459 potuit,
3275 3407 3382 3461 quo
3436 3392 3666 3448 insulsus

2066 3477 2391 3534 Arianorum
2419 3479 2994 3535 cavillationesminus
3024 3481 3319 3550 praevidere
3347 3493 3577 3553 poterat,
3611 3494 3668 3542 et

2066 3567 2344 3627 efﬁcacius
2365 3569 2631 3626 insulsum
2656 3569 2937 3626 refellebat
2960 3571 3181 3628 Praxeae
3208 3587 3468 3630 errorem.

2138 3660 2336 3717 Contra
2365 3671 2540 3718 tamen
2571 3661 2726 3719 nobis
2755 3677 2940 3719 rursus
2981 3663 3242 3733 objiciunt
3267 3665 3662 3722 Tcrtullianum

2067 3751 2122 3808 in
2151 3753 2265 3808 suis
2291 3751 2550 3809 adversus
2591 3753 2912 3810 Marcionem
2951 3753 3102 3810 libris
3146 3771 3373 3826 negasse
3416 3757 3663 3814 eamdem

2066 3858 2190 3900 esse
2216 3843 2390 3899 Patris
2417 3844 2602 3900 :eterni
2645 3853 2700 3900 et
2727 3843 2845 3898 Filii
2875 3843 3228 3900 substantiam
3279 3847 3298 3917 (
3324 3844 3504 3902 Petav.
3535 3859 3662 3905 tam.

2064 3935 2120 3990 2.
2151 3933 2398 4007 Tlteoiog.
2427 3935 2650 4008 dogmat.
2686 3935 2776 3990 lib.
2802 3937 2854 3991 1.
2887 3952 3002 4008 cap.
3027 3937 3061 3992 5
3088 3937 3130 4008 ).
3161 3937 3235 3990 lbi
3270 3938 3532 4008 siquidem
3562 3941 3664 3995 do-

2070 4036 2158 4085 cet
2184 4027 2383 4083 Filiuut
2427 4041 2548 4084 esse
2588 4026 2787 4084 factum
2809 4069 2826 4095 ,
2859 4041 2922 4083 ac
2951 4027 3243 4096 visibilem,
3273 4028 3484 4084 Patrem
3509 4045 3659 4100 vero,

2067 4133 2169 4175 nec
2209 4118 2496 4187 visibilem,
2531 4133 2629 4174 nec
2653 4117 2877 4174 factum.
2919 4118 3192 4174 Diversam
3245 4119 3404 4190 igitur
3449 4121 3661 4177 illorum

2066 4210 2419 4267 substantiam
2463 4224 2585 4265 esse
2627 4209 2852 4279 putavit.
2896 4207 2977 4262 Ad
3012 4208 3064 4262 id
3104 4219 3282 4264 autem
3327 4211 3658 4280 probandum

2065 4302 2184 4360 haec
2212 4303 2365 4359 nobis
2396 4302 2667 4370 obiectant
2695 4300 2838 4354 illius
2859 4298 3052 4354 verba:
3078 4298 3386 4370 Pro/itemur
3407 4302 3660 4358 Christum

2064 4412 2262 4466 semper
2291 4395 2451 4466 egisse
2494 4395 2549 4447 in
2590 4391 2686 4445 Dei
2725 4389 2901 4444 Patris
2936 4391 3172 4460 nomine,
3209 4393 3374 4464 ipsum
3411 4393 3473 4446 ab
3515 4395 3662 4447 initio

2065 4499 2450 4552 conversatum,
2497 4486 2663 4556 ipsum
2710 4499 3031 4556 congressum
3077 4501 3193 4539 cum
3239 4484 3560 4539 Patriarcltis
3610 4497 3660 4540 et

372 4557 540 4652 Fin“
581 4575 611 4613 ³
662 4559 819 4652 Ρδιῗθ
862 4575 960 4616 δυο
999 4559 1237 4630 imm“us
1381 4556 1591 4652 g‘i'lii‘fs
1632 4563 1733 4610 θδί·
1760 4553 1960 4652 (λίθῳ’
1983 4592 2038 4652 Ι)
2067 4575 2427 4650 PrOphetis,F
2429 4553 2572 4629 ilium
2590 4553 2852 4639 creatoris,
2872 4573 3168 4630 Sermonem
3187 4576 3319 4642 eius,
3339 4591 3483 4644 quem
3501 4591 3564 4629 ea:
3579 4592 3658 4629 se-

369 4651 559 4708 obrem
589 4651 819 4721 postilla
864 4652 976 4722 ipsa
998 4694 1014 4719 ,
1046 4667 1167 4722 qua:
1206 4648 1362 4705 nobis
1404 4647 1762 4717 objiciuntur,
1797 4643 1956 4700 verba

368 4746 710 4800 continenter
745 4743 940 4814 adjecit
971 4761 985 4798 :
1020 4743 1110 4800 Sic
1152 4751 1200 4797 et
1227 4740 1386 4795 Pater
1411 4739 1544 4794 alius
1569 4755 1601 4792 a
1630 4736 1769 4791 Filio
1788 4778 1804 4805 ,
1837 4735 1960 4790 dum

367 4835 510 4892 Filio
530 4837 715 4908 major,
737 4838 858 4891 dum
882 4838 1017 4892 alius
1055 4836 1139 4907 qui
1159 4841 1384 4905 generat,
1416 4832 1644 4900 aliusqui
1670 4838 1962 4902 generatur;

370 4931 493 4985 dum
518 4933 652 4987 alius
677 4933 762 5000 qui
793 4933 982 4999 mittit,
1013 4932 1147 4986 alius
1174 4930 1260 5000 qui
1290 4929 1539 4993 mittitur;
1568 4929 1688 4980 dum
1715 4926 1847 4982 alius
1874 4927 1964 4994 qui

371 5025 514 5096 facit,
543 5026 678 5080 alius
707 5042 796 5095 per
821 5042 969 5098 quem
1004 5025 1083 5095 ﬁt.
1126 5023 1262 5078 Bene
1299 5022 1434 5091 quod
1463 5031 1510 5076 et
1545 5015 1792 5075 Dominus
1840 5036 1961 5075 usus

370 5116 466 5170 hoc
497 5116 644 5171 verba
668 5117 719 5170 in
746 5133 963 5184 persona
995 5115 1274 5182 Paracleti,
1304 5131 1405 5169 non
1447 5112 1742 5167 divisionem
1761 5111 1962 5183 signiﬁ-

370 5211 523 5278 cavil,
553 5209 645 5264 sed
661 5210 1042 5280 dispositionem
1071 5224 1088 5264 :
1110 5207 1320 5279 Rogabo
1346 5207 1500 5272 enim,
1526 5207 1709 5278 inquit,
1736 5203 1964 5272 Patrem,

371 5309 416 5356 et
438 5301 597 5355 alium
623 5301 925 5357 advocatum
947 5301 1110 5357 mittet
1136 5299 1272 5356 vobis
1287 5342 1302 5364 ,
1333 5299 1587 5371 Spiritum
1608 5297 1848 5352 veritatis.
1875 5297 1965 5352 Sic

371 5396 530 5450 aliunt
555 5413 588 5450 a
611 5413 664 5451 se
681 5395 1034 5464 Paracletum,
1065 5395 1318 5465 quomodo
1342 5402 1389 5449 et
1415 5409 1508 5449 nos
1541 5410 1574 5448 a
1620 5392 1780 5447 Patre
1807 5393 1966 5447 alium

373 5485 595 5554 Filium;
625 5499 682 5545 ut
710 5491 911 5545 tertium
931 5489 1150 5561 gradum
1165 5486 1446 5543 ostenderet
1475 5485 1529 5539 in
1557 5483 1848 5550 Paracleto,
1871 5483 1971 5538 sic-

372 5590 425 5634 ut
473 5599 567 5637 nos
609 5583 887 5638 secundum
914 5583 971 5639 in
997 5581 1158 5650 Filio,
1190 5590 1395 5653 propter
1419 5578 1716 5636 teconomite
1734 5576 1970 5632 observa-

375 5673 560 5726 tionem
584 5674 603 5744 (
627 5671 767 5730 Ibid.
796 5691 914 5747 cap.
947 5672 1026 5747 9).

2064 4674 2278 4742 metipso
2297 4667 2602 4741 proferendo
2630 4664 2826 4720 Filium
2851 4667 2968 4736 fecit
2988 4707 3002 4731 ,
3030 4675 3078 4719 et
3101 4666 3283 4720 exinde
3307 4667 3445 4720 onmi
3486 4666 3663 4738 dispo-

2064 4764 2236 4819 sitioni
2261 4775 2370 4816 sua:
2391 4757 2737 4828 voluntatique
2765 4758 2989 4828 prtefecit
3006 4797 3022 4823 ,
3051 4757 3338 4813 diminuens
3375 4758 3520 4812 illum
3548 4776 3661 4817 mo-

2065 4857 2180 4911 dico
2206 4855 2334 4910 citra
2376 4850 2605 4923 angelos,
2635 4850 2762 4905 sicut
2781 4849 2922 4920 apud
2949 4847 3117 4902 David
3158 4850 3401 4919 scriptum
3426 4861 3496 4906 est
3519 4869 3538 4916 ;
3559 4869 3659 4920 qua

2065 4946 2398 5002 diminutione
2418 4945 2471 4999 in
2499 4945 2606 4998 lucc
2625 4957 2822 5013 quoque
2837 4933 3112 5007 dispositus
3137 4951 3209 4996 est
3228 4957 3259 4994 α
3281 4940 3453 5009 Patre,
3473 4960 3586 5012 qua:
3601 4955 3656 4998 ut

2065 5040 2287 5094 humana
2301 5034 2682 5108 reprehenditis,
2699 5032 2922 5089 ediscens
2927 5033 3042 5104 jam
3061 5032 3179 5088 inde
3193 5051 3223 5086 a
3235 5035 3534 5104 primordio,
3544 5037 3662 5106 jam

2066 5133 2186 5187 inde
2205 5129 2478 5195 hominem,
2503 5126 2639 5199 quod
2678 5135 2786 5181 erat
2824 5125 3028 5195 futurus
3067 5125 3120 5179 in
3146 5126 3267 5194 ﬁne.
3306 5123 3408 5180 Ille
3441 5137 3543 5194 est,
3569 5132 3657 5196 qui

2069 5222 2366 5288 descendit;
2395 5219 2484 5274 ille
2511 5227 2618 5285 est,
2646 5219 2731 5286 qui
2757 5217 3074 5287 interrogat;
3115 5215 3206 5271 ille
3241 5227 3350 5281 est,
3381 5221 3468 5288 qui
3489 5220 3656 5288 jurat.

2069 5314 2319 5371 Craterum
2351 5309 2560 5366 Patrem
2619 5309 2808 5363 nemini
2846 5308 3008 5361 visum
3039 5308 3192 5361 etiam
3219 5324 3482 5363 commune
3508 5319 3666 5365 testa-

2071 5409 2204 5462 bitur
2237 5403 2636 5476 Evangclium...
2664 5400 2876 5457 Patrem
2897 5401 3195 5455 inuisibilem
3216 5400 3579 5473 determinans,
3610 5403 3666 5458 in

2070 5503 2219 5573 cujus
2245 5499 2544 5554 auctoritate
2568 5506 2615 5552 et
2639 5496 2840 5552 nomine
2857 5496 2964 5568 ipse
2991 5503 3096 5550 erat
3120 5494 3278 5562 Deus,
3303 5498 3390 5566 qui
3405 5497 3670 5554 videbatur

2073 5592 2243 5649 Filius
2272 5591 2368 5646 Dei
2387 5589 2649 5662 (TertulL,
2679 5588 2767 5643 lib.
2790 5587 2846 5654 2,
2882 5587 3082 5642 advers.
3111 5585 3363 5642 Marcion.
3393 5606 3510 5660 cap.
3539 5589 3659 5662 27).

2148 5682 2254 5740 Sed
2279 5678 2814 5739 animadvertendum
2852 5686 2936 5736 est
2959 5677 3350 5736 Tertullianum
3376 5680 3450 5736 ibi
3478 5680 3668 5752 dispu-

449 5780 592 5841 Duas
617 5795 798 5842 autem
828 5784 901 5842 ibi
928 5785 1105 5843 reddit
1130 5786 1366 5845 rationes
1394 5799 1491 5845 cur
1523 5781 1682 5844 Pater
1705 5779 1898 5854 major,
1920 5788 1978 5841 et
2081 5786 2200 5835 tare
2227 5784 2418 5836 contra
2438 5774 2764 5836 Marcionem
2781 5815 2799 5847 ,
2829 5772 2920 5846 qui
2939 5814 2958 5842 ρ
2985 5782 3044 5828 ut
3063 5771 3152 5829 ille
3185 5773 3380 5830 ibidem
3403 5774 3480 5833 ait
3498 5817 3512 5846 ,
3547 5789 3676 5850 per-

659 5877 1125 5944 Tnnrususut.
1171 5877 1221 5945 1.

2956 5865 3396 5948 (Vingt-scpt.)
