4240 6262
512 319 618 376 847
1589 310 1655 368 ΙΝ
1681 308 2129 369 TERTULLIAN]

2238 305 2715 368 POLOGETICUM
3699 305 3804 365 848

518 431 728 488 Latinis
764 430 1028 488 rationem
1072 428 1270 500 potius,
1301 439 1462 497 quam
1506 439 1813 496 sermonem
1866 425 2115 483 debuisse
2140 427 2194 488 Α
2217 439 2411 484 sonum
2451 434 2508 483 et
2532 441 2719 482 vocem
2745 426 2768 480 ?
2803 424 2911 484 Sed
2941 423 3201 497 numquid
3221 423 3583 480 Tertullianus
3607 439 3675 481 eo
3717 425 3813 482 de-

524 525 824 596 appellari:
859 523 991 590 Quia
1038 536 1144 576 non
1181 519 1504 587 sermonalis,
1547 519 1741 589 inquit,
1773 535 1805 572 a
1839 518 2110 590 principio,
2215 521 2457 590 mentite,
2489 520 2814 592 inquiemus,
2836 521 3004 587 venit,
3036 529 3098 575 ut
3121 517 3493 589 imperfectam
3521 517 3810 589 aliquando

521 619 612 673 sed
633 614 898 672 rationalis
923 613 1074 668 etiam
1102 609 1389 666 Deus’ante
1423 610 1757 682 principium,
1790 619 1837 664 et
1867 609 1985 680 quia
2004 610 2116 679 ipse
2217 615 2300 672 vel
2325 624 2530 671 tantum
2561 614 2868 672 inchoatam
2912 613 3174 686 putaverit
3214 612 3331 669 Filii
3364 613 3458 669 Dei
3501 613 3815 684 generatio-

523 726 722 780 quoque
745 722 908 763 sermo
934 706 1131 760 ratione
1165 705 1465 772 consistens,
1493 706 1716 774 priorem
1740 719 1855 757 eum
1884 711 1938 756 ut
1970 717 2116 757 suam

2238 723 2369 774 tem,
2392 723 2454 763 ac
2471 716 2655 778 postea
2686 708 2983 777 sumpsisse
3008 707 3244 778 speciem
3269 715 3323 762 et
3343 717 3616 772 ornatum,
3650 715 3812 778 atque

523 801 858 859 substantiam
889 800 1120 854 ostendat
1165 797 1380 870 (ibid.).
1417 796 1620 864 Quibus
1668 809 1797 851 sane
1827 794 2003 850 verbis
2045 793 2118 848 si-

525 893 746 966 gniﬁcat
769 906 966 946 nomen
1007 890 1157 955 illud,
1189 895 1338 961 λόγος,
1373 888 1496 944 ideo
1549 888 1713 943 latine
1766 887 1958 942 melius
2011 885 2117 941 diei

522 999 690 1057 posse
740 983 1037 1048 rationem;
1078 981 1202 1053 quia
1233 982 1375 1038 Deus
1422 980 1582 1036 Pater
1629 979 1698 1033 ab
1746 987 1952 1034 :eterno
2006 991 2116 1032 non

526 1074 851 1142 sermonalis,
881 1073 984 1129 hoc
1003 1081 1108 1141 est,
1129 1074 1446 1130 Sermonem
1478 1081 1628 1127 extra
1655 1085 1714 1126 se
1738 1085 1844 1125 non
1887 1069 2120 1141 protule-

523 1167 1043 1235 rat.Verumtamen,
1071 1168 1196 1237 quia
1225 1176 1415 1221 natura
1443 1180 1538 1220 sua
1564 1164 1682 1235 ipse
1713 1163 1990 1219 rationalis
2015 1169 2118 1229 est,

527 1261 815 1317 Rationem
842 1258 912 1314 ab
927 1268 1130 1314 aeterno
1150 1259 1290 1314 intra
1317 1272 1377 1314 se
1400 1256 1603 1323 habuit,
1634 1270 1753 1326 quae
1775 1252 2014 1325 ejusdem
2041 1261 2124 1309 est

528 1365 652 1408 cum
680 1351 772 1406 illo
814 1350 1133 1406 substantia
1154 1390 1170 1415 ,
1201 1348 1298 1405 sed
1341 1347 1578 1405 secunda
1623 1356 1678 1403 et
1714 1347 1966 1402 distincta
1997 1361 2119 1417 per-

524 1458 660 1500 sona
681 1461 696 1512 ;
719 1443 930 1515 quando
949 1441 1167 1514 quidem
1192 1441 1354 1498 Pater
1384 1440 1500 1512 ejus
1527 1441 1596 1496 ab
1619 1449 1822 1496 aeterno
1844 1438 1992 1495 solus
2017 1451 2123 1494 non

530 1547 668 1595 erat.

544 1676 554 1688 .
601 1633 672 1684 At
694 1628 834 1685 hunc
859 1629 1074 1699 quidem
1103 1643 1293 1684 verum
1317 1642 1438 1683 esse
1464 1625 1778 1683 Tertulliani
1822 1640 2040 1680 sensum
2072 1635 2128 1680 et

526 1732 765 1778 mentem
805 1721 930 1777 inde
971 1719 1250 1776 evidenter
1297 1719 1579 1774 coniicitur
1605 1717 1746 1788 quod
1792 1717 1863 1773 ibi
1894 1716 2128 1788 disputet

2225 799 2296 854 ita
2353 798 2646 869 perfectam
2686 809 2740 867 et
2795 806 3220 854 consummatam
3275 795 3544 867 (Ibit)?
3596 796 3713 852 Non
3751 811 3819 852 eo

2230 892 2392 962 igitur
2421 876 2584 947 sensu
2600 906 2718 946 eam
2743 891 3110 963 imperfectam
3133 889 3439 961 appellavit,
3463 888 3560 946 sed
3575 905 3684 961 quo
3706 890 3820 960 ipse

2222 985 2386 1040 modo
2413 984 2609 1041 ibidem
2634 984 2906 1056 explicat;
2957 985 3081 1056 quia
3105 985 3206 1040 etsi
3232 983 3302 1038 ab
3344 991 3552 1039 mterno
3576 982 3812 1054 perfecta

2232 1075 2432 1144 fuerit,
2459 1077 2599 1132 intra
2635 1077 2730 1132 Dei
2762 1085 2940 1133 tamen
2987 1077 3160 1132 sinum
3185 1076 3418 1144 latebat,
3448 1077 3685 1146 nullique
3716 1077 3822 1133 nisi

2222 1167 2440 1240 ipsimet
2465 1168 2567 1224 soli
2605 1169 2715 1224 Deo
2742 1177 2861 1225 erat
2901 1170 3132 1240 cognita.
3166 1170 3263 1224 Ast
3288 1168 3376 1224 ubi
3401 1167 3656 1225 mundum
3681 1183 3816 1226 con-

2223 1260 2402 1317 dendo
2430 1304 2445 1329 ,
2480 1261 2622 1317 hunc
2645 1259 2962 1320 Sermonem
2993 1277 3148 1318 suum
3191 1271 3341 1318 extra
3371 1277 3428 1318 se
3456 1263 3710 1334 protulit,
3754 1277 3821 1320 ac

2224 1354 2387 1409 veluti
2416 1369 2480 1409 ea;
2514 1354 2684 1410 cordis
2710 1356 2790 1410 sui
2821 1355 2971 1410 vulva
2991 1365 3039 1410 et
3077 1357 3322 1424 matrice,
3355 1357 3428 1411 uti
3451 1356 3598 1426 loqui
3625 1365 3814 1425 amat,

2227 1457 2370 1504 extra
2393 1465 2446 1504 se
2462 1449 2644 1514 emisit,
2677 1457 2803 1505 tunc
2826 1449 2914 1504 ille
2937 1458 3171 1506 aeternus
3187 1465 3352 1504 sermo
3380 1449 3589 1518 sumpsit
3633 1464 3816 1504 sonum

2227 1550 2275 1596 et
2295 1556 2464 1595 vocem
2487 1583 2503 1608 ,
2559 1550 2722 1613 atque
2753 1540 2953 1597 idcirco
2986 1541 3317 1598 exteriorem
3374 1550 3614 1596 ornatum
3641 1550 3688 1596 et
3709 1556 3825 1612 spe-

2227 1633 2370 1688 ciem.
2405 1632 2555 1690 Tunc
2579 1634 2722 1689 enim
2752 1649 2782 1688 a
2807 1635 3070 1690 creaturis
3095 1635 3306 1689 ratione
3338 1633 3576 1703 prteditis
3605 1632 3818 1704 agnitus

2229 1724 2347 1780 fuit.
2378 1724 2583 1779 Nomen
2615 1726 2812 1796 quippe
2835 1726 3025 1795 species
3054 1725 3192 1795 apud
3212 1725 3382 1780 bonos
3402 1732 3653 1780 auctores
3678 1722 3819 1779 idem

525 1813 788 1871 adversus
818 1813 1081 1870 Praxeam
1102 1854 1117 1880 ,
1145 1813 1234 1883 Qui
1266 1812 1461 1867 Filium
1497 1825 1802 1866 sermonem
1845 1811 1936 1865 Dei
1967 1825 2120 1864 eum-
2153 1819 2200 1878 B
2227 1816 2567 1889 significatac
2592 1819 2669 1872 rei
2692 1817 2916 1888 alicujus
2942 1816 3346 1873 demonstratio.
3369 1815 3437 1871 Et
3459 1831 3588 1871 vero
3612 1815 3826 1886 species,

527 1903 653 1962 dem
678 1903 899 1961 omnino
917 1919 979 1960 ac
1003 1905 1238 1971 Patrem,
1257 1913 1310 1959 et
1339 1904 1406 1958 ab
1430 1901 1846 1974 illodistinctum
1868 1917 1976 1956 non
1998 1916 2119 1957 esse
2221 1906 2394 1980 inquit
2419 1907 2644 1976 Nonius,
2676 1902 2739 1962 ab
2772 1909 3015 1979 adspectu
3043 1908 3246 1963 dicitur.
3300 1907 3435 1963 Cum
3459 1907 3620 1978 igitur
3640 1905 3830 1963 Sermo

526 2000 822 2058 eil‘utiebat.
851 2000 989 2068 Quid
1027 2009 1226 2067 autem,
1251 2000 1476 2054 obsecro
1500 2039 1514 2065 ,
1540 2007 1725 2054 contra
1753 2012 1874 2053 eum
1905 2010 2122 2068 promo-

520 2092 726 2158 visset,
779 2094 826 2148 si
872 2091 1128 2148 fateretur
1157 2092 1250 2148 Dei
1301 2091 1496 2146 Filium
1536 2105 1602 2146 ac
1631 2089 1945 2146 Sermonem
1997 2098 2122 2146 ante

526 2182 715 2239 mundi
743 2183 1023 2240 exordium
1047 2197 1156 2238 non
1175 2182 1500 2248 substitisse,
1522 2197 1623 2238 nee
1640 2181 1808 2237 fuisse
1835 2197 2118 2252 personam

524 2291 559 2332 a
585 2277 742 2333 Patre
764 2277 1096 2334 distinctam.
1113 2276 1383 2347 Praecipua
1403 2277 1581 2346 itaque
1606 2289 1811 2330 caussa:
1837 2289 1950 2329 sua:
1975 2284 2125 2344 parte

519 2379 716 2440 sponte
741 2368 1027 2434 cadendo,
1080 2366 1321 2438 jugulum
1387 2353 1693 2421 adversario
1745 2364 2003 2420 dedisset.
2055 2365 2124 2420 At

526 2468 735 2514 tantum
760 2459 915 2516 abest
952 2469 1008 2514 ut
1031 2457 1082 2512 id
1127 2457 1407 2522 concedat,
1435 2457 1561 2527 quin
1584 2456 1764 2527 potius
1792 2455 2120 2512 constantis-

531 2551 672 2606 sime
698 2559 908 2606 asserat
923 2551 1239 2605 Sermonem
1262 2549 1357 2604 Dei
1379 2557 1503 2603 ante
1525 2547 1708 2603 mundi
1728 2547 2053 2603 creationem
2073 2556 2129 2604 et

526 2641 596 2698 ab
619 2651 825 2698 aeterno
867 2657 897 2697 a
929 2641 1090 2697 Patre
1131 2656 1255 2698 esse
1281 2640 1621 2707 distinctum,
1650 2649 1810 2711 atque
1836 2640 1904 2697 ab
1949 2655 2014 2697 eo
2039 2654 2125 2696 se-

525 2733 784 2790 cundum.

597 2823 706 2881 Sed
751 2823 882 2879 nihil
907 2823 1132 2880 remittit
1157 2823 1407 2880 Petavius
1427 2831 1690 2895 urgetque
1741 2823 2130 2880 Tertullianum

527 2923 716 2985 aperte
753 2914 1000 2970 docuisse
1035 2924 1161 2971 tunc
1196 2918 1490 2986 perlectam
1516 2915 1682 2972 fuisse
1720 2915 1842 2972 Filii
1870 2917 1965 2973 Dei
1987 2919 2125 2973 nati-

537 3007 780 3072 vitatem,
809 3018 934 3060 cum
963 3004 1105 3060 Deus
1135 3021 1200 3061 ex
1233 3006 1402 3062 nihilo
1445 3005 1649 3062 creavit
1697 3007 1898 3062 omnia.
1956 3009 2130 3064 Antea

533 3097 698 3168 igitur
735 3114 836 3154 nec
863 3107 1014 3155 ortus
1033 3142 1050 3167 ,
1105 3115 1204 3156 nec
1222 3115 1451 3171 persona
1477 3141 1492 3167 ,
1522 3115 1622 3157 nec
1650 3100 1950 3157 substantia
1976 3112 2130 3159 erat:

2229 1999 2343 2066 Dei,
2371 2000 2486 2055 sive
2513 2008 2745 2055 a-ternus
2785 2000 2880 2054 Dei
2903 1999 3077 2056 Patris
3102 1999 3292 2066 Filius,
3321 2008 3472 2056 extra
3504 1999 3650 2056 illum
3685 1998 3827 2069 prin-

2225 2092 2368 2162 cipio
2412 2093 2595 2147 mundi
2626 2092 2858 2148 emissus
2880 2101 2961 2148 est
2992 2132 3008 2158 ,
3056 2101 3165 2147 tum
3214 2096 3449 2162 speciem
3495 2100 3550 2147 et
3576 2100 3826 2148 ornatum

2227 2185 2341 2240 sive
2371 2199 2564 2240 sonum
2604 2194 2658 2241 et
2707 2199 2893 2240 vocem
2922 2185 3116 2255 accipit
3145 2226 3160 2251 ,
3205 2193 3260 2240 et
3290 2184 3526 2255 perfecta
3578 2184 3680 2240 fuit
3707 2183 3824 2253 ejus

2231 2277 2504 2345 nativitas,
2529 2293 2636 2334 non
2662 2278 2882 2349 quidem
2908 2277 3083 2348 quoad
3104 2293 3187 2345 se,
3219 2277 3312 2334 sed
3331 2277 3509 2349 quoad
3535 2285 3829 2346 creaturas,

2229 2384 2356 2440 quae
2375 2383 2494 2424 eam
2515 2379 2866 2440 agnoverunt.
3124 2371 3129 2376 ’

2305 2458 2420 2514 Νοη
2469 2457 2704 2530 amplius
2759 2475 2889 2531 ergo
2921 2460 2955 2516 ii
3004 2459 3254 2516 audiendi
3310 2468 3477 2527 sunt,
3508 2461 3600 2532 qui
3643 2474 3829 2517 rursus

2234 2551 2495 2623 objicient
2531 2551 2730 2607 dictum
2778 2553 2847 2607 ab
2888 2553 3077 2608 eodem
3132 2552 3462 2608 Tertulliano
3495 2571 3509 2608 :
3547 2551 3686 2610 Deus
3732 2571 3833 2610 non

2233 2643 2532 2698 sermonalis
2604 2660 2635 2697 a
2687 2643 2937 2714 principio
3001 2643 3168 2716 (ibid.
3206 2661 3326 2715 cap.
3382 2645 3479 2716 5).
3527 2644 3658 2701 Nam
3707 2662 3836 2702 con-

2230 2737 2472 2793 tinenter
2509 2735 2714 2792 addidit
2747 2752 2762 2791 :
2796 2738 2884 2792 sed
2911 2737 3180 2792 rationalis
3203 2736 3346 2793 Deus
3377 2739 3532 2792 etiam
3557 2748 3675 2794 ante
3695 2741 3839 2809 prin-

2232 2832 2422 2900 cipium
2449 2870 2465 2896 ,
2507 2839 2555 2884 et
2578 2833 2698 2900 qnia
2726 2831 2838 2900 ipse
2877 2846 3074 2902 quoque
3101 2830 3284 2886 Sermo
3309 2831 3505 2885 ratione
3523 2832 3800 2887 consistens
3821 2873 3839 2902 ,

2234 2925 2456 2994 priorem
2479 2938 2594 2976 eam
2615 2921 2891 2977 Rationem
2917 2932 2971 2976 ut
2991 2921 3322 2977 substantiam
3337 2939 3481 2977 suam
3503 2924 3753 2978 ostendat.
3783 2922 3844 2979 Si

2241 3025 2423 3072 autem
2450 3014 2590 3070 Deus
2637 3014 2915 3069 rationalis
2945 3012 3044 3069 fuit
3066 3023 3191 3069 ante
3231 3013 3579 3084 principium,
3628 3015 3742 3070 sive
3769 3015 3839 3070 ab

2236 3117 2464 3174 aeterno,
2497 3105 2588 3162 ille
2615 3107 2776 3162 etiam
2805 3106 2873 3162 ab
2896 3115 3102 3162 aeterno
3131 3107 3348 3176 protulit
3368 3106 3668 3173 Rationem,
3691 3122 3835 3176 quae,

533 3205 601 3247 ac
622 3192 847 3262 proinde
875 3207 976 3248 nec
1022 3193 1117 3249 Dei
1148 3193 1318 3248 Filius
1371 3193 1579 3266 (Petav.
1627 3206 1750 3250 tom.
1778 3194 1846 3250 ll.
1876 3194 2120 3268 Theolog.
2149 3203 2197 3268 ρ
2233 3208 2290 3256 ut
2310 3200 2506 3270 saepius
2529 3197 2751 3264 dictum,
2775 3198 2969 3255 Sermo
2997 3209 3051 3255 et
3076 3198 3246 3255 Filius
3269 3198 3383 3267 ejus
3409 3209 3487 3254 est
3508 3198 3654 3271 (ibid.
3681 3214 3728 3253 c.
3753 3197 3834 3272 8).

537 3282 763 3354 dogmat.
805 3284 895 3340 lib.
926 3284 966 3340 Ι.
992 3301 1040 3340 c.
1073 3285 1127 3340 5.
1153 3303 1206 3356 p.
1234 3285 1352 3354 95).
1387 3285 1520 3340 Nam
1542 3301 1605 3342 ea
1630 3295 1756 3342 sunt
1780 3286 1897 3342 loco
1923 3288 2088 3343 citato
2113 3329 2130 3356 ,

537 3391 660 3446 qua:
699 3377 809 3448 jam
852 3379 1132 3434 retulimus
1162 3420 1175 3441 ,
1229 3379 1372 3435 illius
1421 3380 1582 3435 verba
1609 3380 1859 3452 (Tertull.
1887 3380 1981 3436 lib.
2005 3381 2128 3438 adv.

537 3470 757 3537 Praxe.,
808 3486 926 3542 cap.
981 3471 1059 3544 7)
1099 3470 1273 3528 :ch
1319 3481 1393 3526 est
1437 3473 1675 3527 nativitas
1725 3475 1951 3544 perfecta
2004 3474 2132 3530 Ser-

541 3561 708 3616 monis
751 3561 872 3615 dum
918 3578 982 3616 ea:
1011 3561 1119 3616 Deo
1158 3563 1424 3632 procedit,
1477 3563 1708 3616 conditus
1734 3564 1796 3617 ab
1821 3580 1878 3618 eo
1918 3565 2138 3634 primum

542 3652 613 3706 ad
660 3652 934 3721 cogitatum
962 3653 1018 3707 in
1067 3654 1268 3707 nomine
1321 3652 1535 3720 Sophia:
1560 3670 1579 3707 :
1621 3653 1874 3709 Dominus
1910 3657 2139 3711 condidit

547 3759 630 3798 me
655 3742 858 3796 initium
883 3743 1081 3797 viarum
1097 3759 1326 3797 suarum.
1351 3741 1549 3797 Dehinc
1571 3755 1840 3814 generatus
1869 3746 1937 3799 ad
1982 3745 2137 3813 effec-

549 3842 654 3886 tum
687 3847 706 3885 :
733 3830 862 3887 Cum
879 3841 1080 3901 pararet
1105 3830 1308 3897 calum,
1338 3831 1548 3886 aderam
1573 3832 1653 3886 illi
1683 3832 1704 3905 (
1729 3832 1970 3889 Proverb.
2007 3835 2138 3903 Vill,

553 3923 649 3993 ’22,
688 3923 805 3994 27).
851 3923 993 3994 Ergo
1032 3923 1154 3978 Filii
1196 3922 1289 3980 Dei
1337 3924 1591 3979 nativitas
1623 3935 1747 3980 tunc
1768 3935 1970 3982 tantum
2001 3970 2017 3997 ,
2055 3928 2141 3984 in-

549 4017 668 4086 quit
695 4015 972 4081 Petavius,
1004 4014 1241 4086 perlecta
1268 4031 1295 4067 a
1327 4014 1658 4072 Tertulliano
1677 4017 1900 4082 dicitur,
1928 4020 2143 4091 quando

551 4108 695 4164 Deus
721 4124 816 4180 per
841 4108 1016 4178 ipsum
1041 4150 1056 4176 ,
1091 4107 1180 4178 qui
1223 4106 1412 4163 Sermo
1432 4107 1549 4176 ejus
1592 4119 1696 4176 est,
1723 4118 1778 4165 et
1805 4111 2060 4169 mundum
2090 4123 2146 4170 et

551 4199 732 4256 omnia
759 4199 980 4269 ereavit.

625 4289 824 4346 Verum
867 4291 1206 4347 doctissimus
1255 4288 1347 4346 ille
1391 4290 1473 4344 vir
1500 4289 1926 4351 animadvertere
1977 4297 2147 4366 potuit

555 4383 821 4455 duplicem
870 4384 940 4439 ab
991 4386 1228 4439 Auctore
1273 4392 1458 4439 nostro
1520 4385 1769 4458 distingui
1820 4388 1914 4444 Dei
1976 4389 2149 4446 Patris

555 4489 884 4532 sermonem.
915 4473 1129 4530 Primus
1181 4489 1412 4545 namque
1454 4475 1550 4544 ipsi
1599 4486 1680 4533 est
1727 4478 1966 4544 intimus,
1988 4496 2146 4551 quem

559 4570 721 4642 graeci
775 4575 1033 4627 ἓνδιάθετον
1092 4587 1106 4623 ε

560 4675 724 4732 quem
791 4673 1072 4734 προφορικὸν
1117 4666 1392 4733 appellant
1467 4661 1812 4734 (Tertullian.
1863 4667 1960 4720 loc.
1997 4668 2149 4736 cit.).

560 4751 706 4808 Dens
733 4761 912 4809 autem
941 4753 1104 4809 Pater
1133 4759 1314 4824 priore
1365 4754 1456 4811 illo
1500 4755 1688 4810 intimo
1739 4754 2022 4822 Sermone.
2075 4760 2150 4814 ait

560 4842 949 4912 Tertullianus,‘
971 4847 1150 4900 omnia
1171 4861 1359 4902 creare
1383 4887 1398 4913 ,
1433 4855 1487 4900 et
1515 4861 1641 4901 suas
1669 4847 1815 4903 edere
1833 4849 1885 4902 in
1913 4849 2149 4906 substan-

565 4934 662 4990 tias
688 4944 734 4990 et
760 4937 970 5006 species,
1003 4938 1140 4991 intra
1167 4949 1226 4992 se
1256 4936 1430 5007 ipsum
1469 4935 1808 5006 disposuerat
1845 4953 1909 4994 ac
1944 4941 2149 5012 cogita-

561 5037 737 5084 verat.
758 5026 896 5083 Tum
933 5025 1128 5083 deinde
1162 5026 1478 5083 Sermonem
1507 5028 1650 5083 hunc
1685 5043 1838 5084 suum
1865 5042 2016 5088 extra
2058 5048 2149 5103 se,

565 5125 622 5174 et
646 5117 882 5174 exterius
909 5116 1205 5172 emittendo
1235 5117 1482 5174 universa
1511 5118 1730 5174 ereavit.
1762 5121 1919 5192 Atqui
1939 5123 2050 5193 jam
2071 5126 2151 5178 vi-

564 5207 742 5266 dimus
763 5225 792 5264 a
823 5208 1156 5266 Tertulliano
1179 5208 1346 5264 asseri
1363 5251 1379 5278 ,
1410 5211 1579 5280 repeti
1604 5221 1701 5278 ,et
1725 5213 1979 5270 inculcari
1999 5216 2148 5273 illum

562 5303 872 5359 interiorem
915 5315 1222 5358 sermonem
1264 5300 1331 5356 ab
1357 5301 1503 5357 omni
1531 5304 1830 5360 aeternitate
1856 5306 2092 5377 genitum
2117 5323 2148 5362 a

561 5394 723 5452 Patre
751 5409 883 5463 suo,
926 5394 1018 5465 qui
1045 5392 1245 5449 idcirco
1271 5392 1338 5448 ab
1367 5407 1433 5448 eo
1459 5392 1626 5465 gradu
1651 5404 1704 5451 et
1738 5395 1927 5454 ordine
1952 5397 2147 5455 distin-

557 5494 679 5544 ctus
697 5528 713 5555 ,
744 5484 979 5544 secunda
1001 5493 1086 5541 est
1109 5483 1463 5541 sanctissima:
1496 5484 1770 5544 Trinitatis
1799 5503 2043 5559 persona.

561 5571 573 5579 ’
628 5576 742 5637 Cur
789 5592 948 5650 ergo,
993 5575 1233 5648 inquies,
1285 5585 1391 5632 tam
1443 5585 1626 5646 aperte
1669 5577 1907 5638 declarat
1943 5597 2051 5639 non
2077 5582 2146 5642 ab

551 5677 778 5738 aiterno,
805 5669 902 5728 sed
929 5668 1114 5725 mundi
1139 5668 1290 5724 initio
1326 5668 1617 5739 perlectam
1669 5668 1834 5730 fuisse
1863 5674 1979 5744 ejus
2008 5677 2146 5733 nati-

549 5760 794 5828 vitatem,
825 5769 880 5820 et
907 5769 1034 5817 tunc
1059 5773 1210 5817 suam
1239 5759 1515 5831 accepisse
1542 5762 1777 5831 Speciem
1802 5801 1819 5836 ,
1851 5775 2098 5827 ornatum
2124 5808 2143 5841 ,

2235 3291 2372 3348 Tum
2442 3289 2638 3346 deinde
2671 3333 2685 3357 ,
2745 3291 2828 3344 hic
2876 3290 3094 3356 Sermo,
3147 3291 3353 3361 inquit,
3387 3291 3568 3360 spiritu
3619 3299 3842 3346 structus

2237 3393 2336 3450 est,
2367 3392 2434 3451 et,
2463 3393 2517 3438 ut
2542 3385 2615 3437 ita
2644 3385 2878 3452 dixerim,
2905 3383 3168 3440 Sermonis
3196 3402 3379 3455 corpus
3403 3425 3419 3452 ,
3463 3384 3515 3439 id
3543 3392 3664 3452 est,
3711 3385 3845 3441 sub-

2245 3476 2460 3544 stantia,
2494 3485 2567 3532 est
2610 3477 2844 3547 spiritus.
2894 3477 3116 3532 Fatetur
3143 3487 3320 3533 autem
3348 3487 3637 3549 utrumque
3668 3518 3684 3546 ,
3723 3477 3826 3534 etsi

2241 3583 2406 3623 unutn
2457 3568 2708 3639 idemque
2750 3570 2877 3633 sint,
2937 3583 3095 3640 posse
3136 3570 3313 3642 aliquo
3378 3571 3538 3626 modo
3577 3570 3832 3642 distingui

2242 3659 2420 3730 (Ibid.
2465 3676 2579 3731 cap.
2630 3659 2724 3733 26)
2762 3677 2774 3714 :
2811 3659 2951 3714 Nam
2977 3661 3206 3733 spiritus,
3231 3662 3305 3716 ait
3325 3661 3434 3725 ille,
3460 3662 3744 3717 substantia
3767 3672 3844 3717 est

2241 3752 2512 3818 sermonis,
2546 3762 2594 3806 et
2621 3768 2786 3807 sermo
2805 3754 3034 3822 operatio
3056 3753 3286 3824 spiritus,
3313 3763 3359 3808 et
3387 3752 3489 3807 duo
3515 3770 3674 3808 unum
3692 3762 3831 3808 sunt.

2243 3840 2341 3898 ilic
2359 3850 2538 3898 autem
2560 3843 2753 3898 Sermo
2785 3843 2896 3898 .Dei
2939 3843 3112 3898 Patris
3131 3884 3147 3911 ,
3188 3845 3301 3900 sive
3339 3844 3452 3914 ipsa
3483 3844 3600 3913 ejus
3625 3844 3844 3915 spiritus

2243 3934 2505 4004 operatio,
2537 3935 2800 3990 creaturis
2827 3951 2932 3990 non
2957 3937 3104 4006 prius
3133 3935 3386 4000 innotuit,
3417 3950 3577 4006 quam
3607 3934 3840 3990 mundus

2245 4023 2589 4081 conderetur.
2641 4028 2711 4080 At
2754 4023 2913 4096 hujus
2965 4027 3296 4097 operationis
3332 4025 3450 4082 sive
3479 4026 3843 4096 generationis

2247 4118 2371 4175 Filii
2417 4118 2515 4173 Dei
2549 4119 2784 4190 cognitio
2823 4135 2852 4174 a
2885 4119 3218 4176 Tertulliano
3256 4119 3556 4190 appellatur
3605 4117 3841 4190 perfecta

2247 4210 2531 4276 nativitas;
2564 4211 2685 4281 quia
2707 4225 2827 4282 qua:
2851 4223 3006 4267 antea
3035 4211 3132 4266 soli
3162 4213 3272 4267 Deo
3294 4211 3435 4266 Patri
3453 4212 3666 4282 cognita
3694 4217 3832 4279 erat,

2250 4312 2379 4361 tunc
2407 4305 2666 4360 creaturis
2692 4305 2900 4360 ratione
2923 4305 3156 4375 praeditis
3179 4305 3438 4374 patefacta
3471 4314 3573 4360 est.

2322 4394 2488 4451 Nobis
2525 4406 2703 4451 tamen
2731 4395 2981 4452 Petavius
3015 4405 3071 4452 et
3113 4397 3204 4450 alii
3231 4395 3406 4450 adhuc
3435 4395 3706 4465 objectant
3728 4394 3844 4449 haec

2251 4486 2563 4542 Tertulliani
2613 4487 2679 4543 de
2728 4487 2914 4544 eadem
2968 4487 3088 4543 Filii
3137 4488 3234 4544 Dei
3297 4487 3633 4558 apparitione
3677 4485 3842 4541 verba

1164 4568 1301 4624 alter
1355 4577 1608 4625 externus
1676 4583 1730 4626 et
1796 4574 2097 4643 prolatitius
2128 4617 2143 4640 ,
2171 4588 2226 4650 D
2255 4576 2456 4650 (Petav.
2487 4589 2604 4633 tom.
2629 4578 2693 4634 ll.
2727 4579 2968 4650 Theolog.
2996 4581 3220 4651 dogmat.
3252 4579 3337 4634 lib.
3373 4581 3411 4635 l.
3439 4597 3556 4651 cap.
3590 4581 3645 4647 5,
3671 4596 3722 4650 ρ.
3747 4577 3842 4647 26;

2255 4667 2468 4724 Tertull.
2501 4668 2588 4723 lib.
2631 4669 2748 4725 adv.
2794 4669 2981 4725 Praa'e.
3028 4687 3143 4742 cap.
3194 4671 3332 4742 12):
3383 4671 3489 4727 Sed
3527 4682 3575 4726 et
3619 4673 3671 4725 in
3699 4679 3846 4726 ante-

2253 4761 2542 4815 cedentibus
2595 4761 2830 4829 operibus
2877 4763 3057 4816 mundi
3118 4763 3368 4832 quomodo
3440 4764 3684 4834 scriptum
3729 4761 3848 4816 est!

2255 4852 2491 4910 Primum
2531 4851 2733 4922 quidem
2773 4853 2998 4908 nondum
3055 4852 3197 4907 Filio
3241 4863 3518 4925 apparente
3545 4870 3564 4908 :
3602 4852 3670 4907 Et
3717 4851 3850 4906 dixit

2261 4942 2422 5010 Deus,
2446 4941 2567 4996 Fiat
2583 4943 2694 5012 lux,
2718 4954 2763 4999 et
2779 4946 2918 5013 facta
2937 4954 3031 5009 est,
3058 4946 3165 5014 ipse
3183 4946 3355 4999 statim
3378 4944 3559 5000 Sermo
3581 4946 3672 4999 tua:
3693 4960 3809 4998 vera
3829 4983 3847 5013 ,

2265 5053 2382 5107 quae
2407 5037 2664 5093 illuminat
2711 5038 2966 5093 hominem
3001 5039 3275 5092 venientem
3322 5043 3375 5091 in
3405 5038 3538 5092 hunc
3562 5037 3850 5106 mundum,

2253 5137 2300 5184 et
2325 5145 2413 5198 per
2437 5128 2582 5182 illum
2632 5129 2913 5184 mundialis
2959 5146 3154 5201 quoque
3197 5130 3307 5184 lux.
3357 5129 3560 5184 Exinde
3589 5137 3758 5182 autem
3787 5127 3847 5182 in

2256 5219 2507 5276 Sermone
2536 5219 2737 5275 Christo
2762 5222 3026 5277 assistente
3051 5231 3098 5277 et
3126 5223 3513 5278 administrante
3533 5261 3550 5290 ,
3589 5219 3732 5276 Deus
3758 5235 3848 5275 tto-

2251 5313 2406 5368 luerit
2457 5313 2568 5383 ﬁeri
2597 5356 2613 5382 ,
2664 5325 2712 5370 et
2748 5313 2890 5371 Deus
2929 5317 3065 5390 fecit.
3113 5358 3126 5370 .
3170 5355 3186 5371 .
3232 5357 3245 5370 .
3290 5357 3304 5371 .
3357 5333 3448 5387 per
3483 5333 3633 5388 quem
3675 5317 3850 5372 omnia

2251 5405 2390 5476 facta
2413 5416 2546 5462 sunt.
2575 5406 2705 5463 Inde
2730 5416 2908 5464 autem
2937 5407 3272 5464 concludunt
3324 5409 3401 5465 ibi
3444 5406 3730 5464 manifeste
3753 5407 3850 5464 de-

2251 5498 2539 5554 monstrari
2574 5497 2770 5556 Filium
2799 5509 2854 5558 et
2879 5499 3138 5572 Spiritum
3191 5501 3481 5558 secundam
3533 5511 3590 5559 et
3634 5501 3848 5557 tertiam

2249 5587 2529 5648 Trinitatis
2575 5606 2858 5664 personam
2885 5608 2995 5651 non
3018 5593 3184 5652 luisse
3210 5609 3282 5650 ex
3314 5604 3520 5652 aeterno
3545 5595 3847 5652 subsisten-

2247 5688 2367 5749 tes,
2419 5683 2514 5742 sed
2569 5684 2784 5756 quando
2830 5685 2974 5746 Deus
2999 5686 3260 5747 mundum
3285 5687 3454 5746 voluit
3500 5687 3680 5746 facere
3707 5726 3725 5757 ,
3779 5700 3849 5745 ac

2246 5773 2424 5851 teipse
2451 5773 2597 5840 fecit.
