4198 6260
378 335 485 396 869

1522 335 1972 396 DISSERTATIO
2009 337 2074 395 D.
2116 338 2205 396 LE
2241 336 2547 396 NOURRY.

3568 340 3677 398 850

451 454 521 508 At
568 450 962 508 observandum
987 459 1070 508 est
1109 450 1500 508 Tertullianum
1529 452 1615 510 his
1651 453 1832 510 verbis
1859 468 1978 510 res-
2005 455 2059 516 Α
2084 454 2208 510 inde
2234 457 2393 512 etiam
2425 455 2602 527 colligi
2637 456 2807 526 possit
2849 469 2878 511 a
2903 451 3237 512 Tertulliano
3266 453 3483 529 agnosci
3507 463 3672 512 aeter-

377 545 633 620 pondisse
653 546 870 601 Praxete
892 545 1167 612 literetico,
1184 544 1478 601 Catholicis
1494 547 1763 616 objicienti
1786 547 1974 615 Deum,

367 641 465 698 cui
497 639 629 695 nihil
655 637 986 709 impossibile
1003 647 1106 703 est,
1137 639 1373 708 potuisse
1405 655 1466 696 se
1489 639 1663 710 ipsum
1682 647 1739 695 et
1761 640 1976 695 Patrem

393 743 448 796 et
478 732 674 788 Filium
705 730 868 786 simul
896 718 1091 787 facere.
1124 730 1396 788 Lubenter
1446 741 1626 788 autem
1668 733 1758 788 ille
1783 731 1980 789 fatetur

382 827 561 884 omnia
605 824 822 896 quidem
877 839 909 879 a
957 824 1068 880 Deo
1097 839 1254 894 posse
1278 824 1416 890 ﬁeri
1445 841 1460 888 ;
1493 824 1586 880 sed
1616 839 1724 879 non
1757 825 1935 878 omnia
1961 865 1977 892 ,

382 933 502 998 quae
528 917 721 989 potuit,
751 916 818 971 ab
846 916 940 971 illo
959 930 1082 972 esse
1111 915 1269 971 facta.
1294 916 1709 987 Dehebatigitur
1740 915 1977 972 Praxeas

381 1009 660 1067 evidenter
692 1008 1069 1065 demonstrare
1117 1009 1330 1063 Patrem
1383 1023 1570 1064 revera
1600 1023 1660 1063 se
1690 1008 1865 1076 ipsum
1897 1006 1980 1063 fe-

383 1103 524 1158 cisse
545 1111 652 1156 tam
682 1101 895 1159 Patrem
929 1116 1087 1170 quam
1113 1099 1308 1155 Filium
1326 1143 1340 1165 ,
1394 1101 1508 1156 sive
1541 1115 1645 1156 non
1673 1100 1834 1154 alium
1861 1114 1982 1156 esse

385 1195 580 1250 Filium
606 1236 622 1260 ,
650 1210 807 1266 quam
838 1195 1010 1267 ipsum
1041 1195 1276 1251 Patrem.
1308 1194 1506 1251 Contra
1535 1211 1662 1250 vero
1683 1194 1975 1250 Tertullia-

385 1305 487 1344 nus
509 1304 573 1346 eo
603 1288 1117 1360 securius‘alﬁrmat
1146 1289 1197 1344 id
1223 1304 1252 1342 a
1294 1289 1496 1345 Praxea
1533 1303 1640 1344 non
1666 1303 1828 1361 posse
1871 1304 1975 1343 un-

385 1397 544 1452 quam
575 1382 810 1451 probari,
844 1395 951 1452 quo
982 1379 1192 1435 facilius
1221 1382 1369 1436 varia
1397 1383 1642 1452 congerit
1686 1381 1982 1452 Scriptura:

389 1475 718 1540 testimonia,
739 1473 953 1544 quibus,
983 1474 1172 1544 inquit,
1203 1473 1340 1545 apud
1371 1461 1468 1530 no's
1499 1475 1734 1530 distincte
1762 1472 1921 1528 Pater
1937 1487 1983 1529 et

389 1565 440 1621 F
442 1569 561 1622 ilius
605 1568 1052 1631 demonstrantur,
1110 1568 1361 1635 distincte,
1416 1569 1643 1639 inquam,
1679 1586 1780 1624 non
1818 1569 1974 1623 divise

389 1658 550 1732 (ibid.
602 1675 717 1727 σαι).
751 1660 891 1730 2i);
940 1659 1368 1730 quandoquidem
1421 1660 1590 1716 Filius
1651 1661 1788 1726 Dei,
1844 1662 1982 1716 sicut

390 1749 547 1803 toties
604 1749 834 1804 diximus
867 1791 882 1815 ,
939 1767 969 1804 a
1017 1751 1175 1806 Patre
1249 1751 1523 1822 prodivit,
1566 1763 1726 1823 atque
1782 1751 1983 1808 ideirco

2081 563 2206 602 num
2235 549 2389 616 lucis,
2421 549 2534 605 sive
2563 549 2654 604 ﬁlii
2684 548 2776 605 Dei
2801 547 3141 619 splendorem
3171 559 3537 619 aeternamque
3571 562 3668 620 ge-

2081 640 2412 697 nerationem
2447 640 2516 696 ab
2569 641 2686 711 ipso
2729 647 2840 695 tam
2877 646 3222 708 constanter,
3273 638 3353 695 uti
3401 637 3670 704 vidimus,

2081 743 2342 790 assertam
2371 750 2436 791 ac
2452 744 2860 807 propugnatam.

2710 861 3001 906 AHTICULUS
3037 863 3090 903 IX
3101 885 3114 900 .

2083 962 2313 1018 Solvitur
2345 964 2490 1018 aliud
2533 971 2924 1036 argumentum,
2951 961 3071 1016 inde
3094 959 3306 1032 petitum
3325 999 3343 1024 ,
3393 957 3532 1030 quod
3554 957 3682 1014 Ter-

2155 1056 2400 1110 tullianus
2430 1056 2620 1112 dixisse
2645 1055 2842 1110 videtur
2869 1055 3027 1126 fuisse
3065 1064 3297 1124 tempus,
3352 1067 3454 1123 quo
3506 1049 3680 1108 Filius

2155 1149 2253 1205 Dei
2281 1165 2382 1204 non
2399 1160 2522 1204 erat.

2157 1284 2272 1339 Alia
2340 1283 2592 1339 Petavius
2646 1282 3145 1353 argumentatione,
3211 1294 3282 1336 ex
3354 1277 3671 1338 Tertulliani

2085 1385 2275 1431 contra
2302 1374 2694 1444 Hermogenem
2727 1373 2866 1429 libro
2910 1373 3136 1429 deducta
3161 1414 3176 1439 ,
3233 1368 3448 1443 probari
3501 1369 3680 1430 adhuc

2087 1486 2246 1542 posse
2275 1470 2526 1539 opinatur
2557 1469 2631 1523 illi
2686 1469 3073 1538 incompertam
3104 1469 3316 1539 penitus
3365 1469 3530 1527 fuisse
3562 1470 3683 1527 Filii

2088 1564 2180 1619 Dei
2211 1563 2585 1618 :cternitatem.
2643 1561 2928 1616 Africanus
2955 1559 3219 1630 siquidem
3263 1563 3466 1617 Auctor
3496 1572 3683 1620 noster

2087 1657 2459 1719 disertissime,
2507 1652 2586 1707 uti
2613 1653 2830 1708 Petavio
2857 1652 3094 1716 videtur,
3118 1653 3432 1721 pronuntiat
3464 1665 3677 1725 tempus

2087 1748 2271 1813 fuisse,
2294 1762 2401 1818 quo
2419 1745 2582 1800 Filius
2611 1743 2702 1799 Dei
2734 1758 2838 1798 non
2856 1751 2992 1798 erat.
3026 1741 3226 1798 Purum
3255 1754 3434 1798 autem
3461 1755 3676 1816 putum-

386 1839 455 1893 ab
483 1855 549 1895 eo
569 1849 654 1897 est
681 1841 895 1912 quidem
924 1841 1228 1910 distinctus,
1250 1844 1342 1898 sed
1377 1859 1479 1899 non
1506 1843 1714 1900 divisus
1742 1853 1797 1900 et
1823 1859 1983 1914 sepa-
2011 1843 2060 1901 B
2091 1857 2194 1912 que
2218 1840 2344 1896 illud
2379 1839 2510 1904 Arii,
2543 1846 2597 1893 et
2622 1843 2948 1892 sectatorum
2978 1833 3099 1904 ejus
3118 1845 3486 1891 commentum
3533 1846 3686 1906 putat

389 1942 574 1997 ratus;
598 1933 721 2002 quia
750 1934 938 1989 eadem
971 1943 1056 1989 est
1085 1936 1362 2006 utriusque
1387 1937 1708 1992 substantia.
1734 1936 1868 1991 Tum
1890 1936 1986 1992 de-
2087 1931 2439 2002 eruditusfille
2463 1930 2545 1984 vir
2569 1945 2599 1984 a
2620 1926 2950 1983 Tertulliano
2977 1927 3167 1992 asseri,
3196 1926 3282 1982 ubi
3307 1927 3682 1999 Hermogenis,

390 2025 514 2081 hinc
541 2024 834 2097 Scripturte
856 2027 1096 2096 ejusdem
1123 2030 1442 2086 auctoritate
1463 2031 1698 2086 ostendit
1725 2041 1834 2086 tres
1863 2045 1986 2086 esse
2087 2027 2179 2096 qui
2213 2024 2496 2080 materiam
2545 2022 2656 2076 Deo
2705 2028 3028 2074 coaeternam
3057 2033 3179 2074 esse
3213 2019 3502 2088 garriebat,
3531 2034 3689 2089 argu-

390 2118 665 2174 Triuitatis
713 2133 970 2187 personas
995 2120 1198 2176 unitate
1221 2121 1454 2192 simplici
1481 2136 1779 2178 connexas.
1809 2123 1879 2182 At
1900 2121 1974 2177 ibi

390 2226 451 2267 ea
482 2211 698 2282 protulit
717 2211 901 2277 verba,
936 2228 1056 2283 quae
1082 2213 1240 2270 nobis
1267 2215 1596 2286 objiciuntur
1619 2256 1634 2281 ,
1660 2231 1722 2270 ac
1750 2215 1988 2286 posthaec

392 2302 660 2358 concludit
684 2303 864 2357 omnia
907 2302 1043 2358 facta
1074 2319 1195 2360 esse
1225 2321 1320 2374 per
1353 2306 1446 2361 Dei
1475 2321 1780 2362 sermonem
1809 2347 1825 2375 ,
1870 2306 1989 2361 sive

396 2412 490 2468 per
518 2397 708 2452 Filium
741 2397 833 2452 Dei
861 2438 874 2461 ,
907 2398 997 2468 qui
1026 2408 1080 2453 et
1107 2399 1220 2469 ipse
1264 2399 1408 2454 Deus
1433 2409 1533 2455 est.
1568 2400 1700 2469 Quia
1732 2415 1861 2470 ergo
1893 2399 1988 2454 Dei

396 2503 577 2543 sermo
605 2497 706 2554 est,
730 2487 930 2544 idcirco
955 2488 1023 2544 ab
1046 2504 1113 2545 eo
1142 2491 1505 2562 distinguitur,
1536 2499 1591 2546 et
1631 2491 1770 2546 alius
1795 2491 1990 2546 dicitur

396 2597 652 2652 personat,
687 2581 877 2651 inquit,
908 2597 1010 2636 non
1044 2582 1337 2637 substantia:
1356 2584 1580 2647 nomine,
1605 2583 1674 2637 ad
1700 2583 1988 2637 distinctio-

396 2691 529 2738 nem,
558 2691 658 2728 non
677 2675 746 2728 ad
765 2674 1080 2729 divisionem.
1104 2675 1386 2744 Quomodo
1406 2686 1584 2732 autem
1603 2693 1710 2732 una
1739 2687 1822 2732 est
1848 2677 1992 2731 iilius

397 2777 452 2823 et
477 2768 649 2823 Patris
676 2767 975 2824 substantia
1019 2778 1072 2824 et
1123 2786 1257 2824 unus
1283 2785 1404 2826 cum
1456 2786 1521 2825 co
1570 2771 1742 2836 Deus,
1790 2770 1891 2824 nisi
1923 2769 1992 2824 ab

399 2872 623 2928 aeterno,
657 2863 798 2917 sicut
835 2862 993 2917 Pater
1018 2861 1225 2917 fuerit?
1275 2861 1408 2918 Cum
1455 2863 1613 2933 igitur
1638 2863 1771 2917 dixit
1797 2861 1993 2917 Filium

402 2956 494 3011 Dei
525 2963 650 3010 ante
671 2954 852 3008 mundi
884 2953 1162 3009 exordium
1207 2969 1310 3008 non
1335 2955 1680 3024 apparuisse,
1723 2953 1862 3007 haud
1894 2952 1994 3009 ob-

405 3062 563 3102 scure
589 3046 856 3116 signiﬁcat
908 3045 1054 3099 illum
1087 3053 1212 3101 tunc
1241 3045 1368 3100 nulli
1420 3055 1681 3101 creatura:
1708 3045 1872 3100 fuisse
1898 3059 1995 3100 co-

402 3140 626 3211 gnitum.
656 3139 758 3195 Ubi
781 3153 931 3201 vero,
964 3139 1039 3192 uti
1067 3138 1158 3194 ille
1188 3138 1384 3194 ibidem
1415 3139 1490 3193 ait
1521 3180 1536 3202 ,
1594 3140 1766 3208 primo
1794 3137 1995 3192 dictum

2090 2126 2268 2173 menta
2315 2116 2489 2170 diluit.
2527 2112 2764 2169 Materia
2793 2113 3072 2166 enimvero
3108 2112 3466 2166 aeternitatem
3507 2111 3686 2167 haere-

2092 2211 2226 2266 ticus
2252 2208 2342 2263 ille
2370 2207 2533 2261 homo
2557 2207 2930 2261 demonstrare
2953 2217 3020 2259 eo
3051 2203 3341 2270 nitebatur,
3368 2203 3511 2274 quod
3540 2203 3682 2259 Deus

2093 2317 2360 2374 nunquam
2397 2316 2505 2355 non
2530 2299 2788 2354 Dominus
2827 2296 3005 2352 fuerit.
3047 2300 3119 2352 At
3149 2296 3443 2365 Dominus,
3469 2295 3682 2367 inquie-

2092 2397 2219 2463 bat,
2251 2407 2468 2463 semper
2515 2404 2636 2446 esse
2667 2405 2771 2444 non
2802 2389 3008 2459 potuit,
3053 2388 3154 2443 nisi
3209 2388 3450 2444 materiae
3473 2430 3490 2456 ,
3539 2388 3690 2459 cujus

2092 2503 2288 2558 semper
2306 2484 2541 2539 dominus
2570 2482 2855 2536 haberetur.
2885 2479 2992 2536 Sed
3020 2479 3122 2535 hoc
3155 2479 3508 2551 Hermogenis
3533 2493 3692 2549 argu-

2094 2588 2332 2634 mentum
2363 2574 2560 2630 refellit
2580 2571 2961 2637 Tertullianus,
2986 2580 3251 2641 negatque
3275 2570 3446 2627 Deum
3475 2584 3692 2641 semper

2094 2671 2262 2726 fuisse
2291 2667 2579 2723 Dominum
2609 2664 2626 2735 (
2657 2663 2872 2718 Tertull.
2898 2663 2984 2717 lib.
3016 2664 3134 2716 adu.
3161 2660 3407 2733 Hermog.
3449 2677 3563 2732 cap.
3590 2661 3684 2733 3):

2099 2764 2257 2828 Deus,
2313 2761 2476 2826 enim,
2532 2758 2606 2812 uti
2653 2757 2760 2821 ait,
2801 2757 3094 2811 substantia:
3143 2755 3305 2827 ipsius
3359 2772 3574 2821 nomen,
3631 2755 3688 2810 id

2093 2864 2210 2919 est,
2264 2850 2597 2913 Divinitatis;
2643 2847 2893 2901 Dominus
2958 2862 3074 2900 vero
3153 2863 3253 2900 non
3330 2847 3626 2903 substantia:
3661 2886 3681 2915 ,

2097 2944 2185 3000 sed
2215 2942 2493 3008 potestatis.
2529 2938 2791 2992 Dominus
2819 2951 2947 3006 ergo
2979 2945 3183 2991 tantum
3224 2935 3323 2991 fuit
3343 2978 3360 3003 ,
3401 2953 3465 2992 ex
3493 2954 3600 3008 quo
3629 2954 3695 2995 ea

2100 3052 2221 3093 esse
2245 3041 2548 3103 cmperunt,
2596 3045 2717 3101 quae
2739 3031 2880 3085 Deus
2920 3031 2972 3084 in
3015 3039 3281 3100 potestate
3312 3031 3514 3087 habuit.
3557 3032 3692 3088 Tum

2100 3127 2295 3183 deinde
2339 3126 2417 3180 sic
2459 3123 2842 3193 prosequitur:
2881 3121 3016 3188 Quia
3062 3131 3108 3176 et
3142 3133 3287 3192 pater
3325 3122 3468 3177 Deus
3509 3134 3612 3189 est,
3648 3133 3697 3178 et

405 3242 488 3288 est
507 3273 521 3294 ,
547 3231 670 3286 Fiat
697 3232 788 3286 lux
807 3275 823 3299 ,
855 3241 980 3286 tunc
1005 3231 1185 3286 statim
1214 3231 1303 3286 lux
1333 3232 1469 3286 facta
1499 3242 1584 3287 est
1608 3274 1622 3298 ,
1675 3240 1729 3286 et
1755 3231 2001 3308 apparuit

2112 3220 2262 3284 iudea:
2294 3217 2429 3271 Deus
2449 3224 2554 3278 est,
2585 3231 2686 3268 non
2716 3215 2830 3267 ideo
2863 3222 3032 3267 tamen
3065 3225 3209 3283 pater
3230 3222 3273 3267 et
3287 3213 3454 3284 judex
3477 3231 3697 3285 semper,

408 3324 503 3378 lux
531 3339 680 3390 vera,
711 3325 823 3379 sive
844 3324 1035 3380 Sermo
1058 3324 1175 3392 Dei,
1202 3339 1308 3379 non
1340 3325 1577 3394 quidem,
1607 3324 1728 3394 quia
1754 3333 1862 3378 tum
1895 3325 2002 3393 pri-

413 3433 579 3479 mum,
611 3431 709 3472 nec
729 3427 888 3471 antea
919 3417 1128 3472 exstitit
1153 3459 1169 3484 ,
1206 3417 1296 3486 qui
1321 3417 1390 3472 ab
1418 3426 1619 3472 aeterno
1645 3416 1854 3487 genitus
1881 3416 2000 3471 fue-

412 3519 530 3574 rat;
556 3509 650 3565 sed
675 3509 796 3580 quia
825 3519 946 3564 tunc
968 3508 1276 3564 hominibus
1315 3509 1477 3578 coepit
1503 3523 1784 3578 apparere,
1811 3507 2006 3578 quiest

414 3603 504 3658 lux
535 3617 658 3659 vera
688 3641 703 3669 ,
744 3617 863 3673 quae
901 3603 1166 3657 illuminat
1210 3617 1424 3657 omnem
1465 3601 1740 3656 hominem
1782 3602 2004 3656 venien-

415 3705 522 3752 tem
564 3697 615 3751 in
671 3697 812 3751 hunc
869 3695 1144 3751 mundum.
1208 3696 1278 3750 At
1324 3703 1530 3750 tantum
1584 3694 1738 3750 abest
1791 3703 1848 3749 ut
1893 3695 2007 3750 haec

416 3790 730 3845 Tertulliani
772 3791 939 3844 nostri
984 3789 1268 3860 responsio
1298 3787 1518 3843 Petavio
1544 3787 1769 3858 aliisque
1798 3787 2005 3854 faveat,

417 3882 544 3953 quin
572 3881 750 3951 potius
805 3889 969 3936 totam
1000 3879 1237 3935 funditus
1267 3887 1472 3935 evertat
1510 3895 1696 3935 eorum
1727 3894 2013 3949 argumen-

420 3975 696 4029 talionem.

494 4067 706 4123 Scimus
723 4066 936 4138 quidem
958 4065 1097 4120 illius
1120 4065 1282 4122 verba
1295 4066 1456 4121 alium
1485 4065 1536 4119 in
1565 4053 1782 4118 sensum
1804 4077 1833 4116 a
1859 4061 2014 4118 Bullo

423 4161 752 4233 detorqueri.
789 4161 863 4216 Ea
893 4161 1036 4216 enim
1085 4159 1240 4215 valde
1284 4159 1511 4214 obscura
1541 4173 1660 4212 esse
1688 4158 1972 4212 conlitctur
1995 4195 2013 4222 ,

423 4253 516 4308 sed
553 4269 673 4324 qum
716 4261 893 4307 tamen
933 4251 1235 4322 suspicatur
1285 4249 1352 4304 de
1391 4249 1511 4304 Filii
1563 4249 1896 4318 apparitione
1939 4246 2017 4302 sic

426 4359 546 4400 esse
573 4342 917 4408 intelligenda
954 4361 967 4396 :
1001 4342 1167 4397 Filius
1188 4340 1320 4404 Dei,
1370 4340 1442 4394 ait
1469 4339 1558 4393 ille
1589 4379 1605 4406 ,
1653 4347 1915 4408 quatenus
1937 4345 2020 4391 est

427 4447 628 4511 acterna
655 4435 811 4491 Ratio
829 4445 884 4491 et
912 4433 1134 4505 Sophia,
1178 4442 1302 4486 tunc
1324 4432 1375 4485 in
1406 4431 1592 4502 primis
1630 4443 1890 4498 apparere
1935 4427 2018 4481 in-

431 4534 595 4601 cmpit
615 4575 629 4597 ,
659 4531 875 4602 quando
907 4531 1046 4586 Deus
1079 4526 1408 4583 inconditam
1435 4534 1490 4580 et
1531 4521 1808 4578 confusam
1839 4534 2019 4576 rerum

2104 3318 2226 3389 quia
2254 3314 2391 3369 Deus
2427 3327 2644 3382 semper.
2689 3308 2830 3363 Nam
2858 3325 2948 3363 nec
2975 3317 3118 3378 pater
3155 3309 3320 3378 potuit
3343 3323 3452 3362 esse
3475 3316 3593 3361 ante
3630 3309 3699 3376 ﬁ-

2107 3412 2254 3473 lium,
2283 3423 2374 3462 nec
2387 3405 2554 3477 judea:
2582 3413 2700 3456 ante
2725 3401 2982 3455 delictum.
3009 3398 3130 3454 Fuit
3154 3409 3322 3454 autem
3339 3408 3556 3469 tempus,
3583 3417 3702 3454 cum

2109 3513 2154 3558 et
2180 3501 2418 3557 delictum
2456 3509 2504 3552 et
2542 3498 2682 3566 ﬁlius
2737 3512 2839 3549 non
2889 3494 2986 3563 fuit
3010 3533 3025 3559 ,
3075 3493 3211 3563 quod
3245 3493 3506 3560 iudicem,
3543 3502 3590 3546 et
3616 3493 3705 3564 qui

2110 3603 2307 3665 patrem
2333 3591 2593 3646 dominum
2624 3589 2811 3658 faceret
2844 3602 2862 3640 :
2911 3587 2984 3639 sic
3011 3594 3054 3638 et
3085 3585 3321 3640 dominus
3350 3601 3451 3639 non
3477 3595 3594 3639 ante
3620 3602 3703 3651 ea,

2111 3701 2326 3757 quorum
2356 3683 2591 3738 dominus
2617 3681 2871 3744 existeret,
2900 3677 2988 3732 sed
3013 3677 3250 3731 dominus
3281 3675 3475 3730 tantum
3500 3680 3703 3748 futurus

2112 3779 2412 3852 quandoque
2429 3817 2445 3842 ,
2477 3778 2606 3829 sicut
2633 3781 2774 3842 pater
2795 3789 2884 3844 per
2911 3771 3075 3839 [ilium
3095 3812 3110 3837 ,
3143 3771 3274 3824 sicut
3309 3767 3476 3841 ju'dex
3503 3787 3593 3841 per
3620 3771 3711 3825 de.

2123 3875 2330 3938 (ictum;
2377 3873 2448 3925 ita
2470 3883 2518 3924 et
2546 3868 2783 3922 dominus
2809 3881 2898 3934 per
2921 3881 2999 3928 ea,
3023 3879 3135 3934 qua:
3157 3864 3252 3917 sibi
3277 3865 3522 3918 servitura
3561 3863 3714 3933 fecis-

2117 3978 2214 4024 set.
2247 3965 2402 4023 Unde
2433 3961 2704 4019 concludit
2748 3958 2999 4014 Petavius
3033 3973 3062 4010 a
3105 3955 3434 4011 Tertulliano
3479 3957 3624 4011 clare
3649 3971 3715 4010 ac

2117 4057 2402 4131 perspicue
2434 4052 2645 4110 deﬁniri
2679 4051 2846 4106 fuisse
2889 4058 3120 4131 tempus,
3153 4063 3259 4118 quo
3286 4047 3451 4102 Filius
3479 4047 3574 4102 Dei
3607 4062 3714 4103 non

2119 4158 2252 4208 erat.
3605 4135 3612 4141 ’
3667 4137 3669 4139 ’

2193 4243 2380 4314 Neque
2404 4235 2840 4310 respondendum
2869 4241 2952 4289 est
2969 4231 3372 4287 Tertullianum'
3390 4246 3495 4288 non
3515 4231 3583 4288 de
3597 4232 3715 4300 Dei,

2124 4333 2218 4391 sed
2245 4333 2486 4404 quolibet
2529 4328 2809 4383 hominum
2861 4323 2970 4377 ﬁlio
3001 4322 3166 4392 loqui.
3229 4321 3361 4377 Nam
3392 4322 3484 4378 ubi
3513 4323 3580 4378 de
3623 4323 3722 4378 Dci

2127 4425 2326 4496 Sophia
2350 4465 2364 4488 ,
2395 4422 2510 4476 sive
2535 4421 2653 4486 ipso
2681 4417 2773 4472 Dei
2803 4414 2962 4482 Filio,
2992 4413 3230 4480 disserit,
3261 4414 3333 4468 ibi
3359 4413 3427 4468 de
3457 4411 3548 4466 illo
3592 4411 3724 4466 citat

2128 4532 2182 4578 et
2207 4522 2590 4588 interpretatur
2638 4513 2753 4567 haec
2783 4508 3199 4566 Proverbiorum
3249 4504 3412 4561 verba
3446 4503 3714 4575 (Proverb.

438 4596 710 4680 materiem
735 4623 993 4694 sapientia
1022 4635 1118 4678 sua
1147 4620 1456 4688 disponere,
1487 4615 1758 4678 ordinare,
1782 4623 1836 4669 et
1863 4627 2022 4668 exor-
2049 4605 2101 4664 D
2133 4611 2264 4669 VIII.
2298 4621 2335 4666 t.
2364 4609 2453 4663 ‘22.
2482 4617 2526 4662 et
2553 4607 2714 4676 seqq.)
2740 4620 2758 4656 :
2787 4601 3034 4656 Dominus
3061 4597 3289 4694 condidit
3323 4596 3586 4694 Ameini-tio
3615 4597 3725 4650 uia-

437 4731 568 4771 nare
596 4730 878 4788 aggressus
913 4725 1016 4771 est.
1050 4715 1118 4769 At
1156 4728 1220 4767 ex
1247 4710 1503 4776 confusa,
1549 4723 1650 4788 nec
1677 4707 1918 4762 ordinata
1943 4721 2028 4761 re-

438 4825 558 4864 rum
584 4786 855 4880 congerie,
885 4821 1003 4878 qua:
1032 4806 1197 4861 chaos
1217 4811 1476 4868 vocatur,
1521 4786 1756 4856 nondum
1787 4800 2035 4855 eluserat

441 4903 532 4957 Dei
553 4903 822 4972 Sapientia
852 4912 906 4956 et
923 4899 1139 4970 Sophia.
1161 4898 1294 4952 Tum
1323 4909 1447 4951 vero
1469 4893 1766 4950 clarissime
1791 4891 2032 4959 emicuit,

438 4993 656 5068 quando
683 4994 771 5047 lux
796 4992 1105 5064 primigenia
1139 5031 1154 5056 ,
1224 4997 1478 5059 tanquam
1530 4987 1705 5058 imago
1744 4984 1865 5040 Filii
1895 4984 2031 5050 Dei,

441 5090 530 5159 qui
575 5097 792 5143 aeternae
821 5087 954 5140 lucis
979 5083 1234 5156 splendor
1253 5090 1333 5138 est
1353 5123 1369 5148 ,
1399 5081 1675 5135 materiam
1706 5077 1989 5133 illustravit
2018 5118 2033 5143 ,

444 5195 638 5250 resque
669 5177 906 5248 singulas
933 5191 1026 5231 sua
1057 5173 1271 5230 vestivit
1317 5172 1499 5243 specie
1523 5213 1537 5236 ,
1595 5185 1797 5240 suoque
1823 5177 2034 5224 ornatu.

446 5270 551 5325 Sed
586 5269 710 5324 huic
769 5266 1193 5337 interpretationi
1251 5264 1380 5318 illud
1440 5276 1740 5332 repugnare
1789 5259 2039 5327 videtur,

447 5363 590 5435 quod
619 5378 724 5418 non
773 5361 949 5417 minus
974 5375 1041 5416 ex
1087 5358 1344 5414 ordinatae
1372 5363 1426 5412 et
1460 5354 1698 5409 confusae
1753 5352 1994 5408 materiei
2023 5392 2040 5419 ,

448 5471 608 5527 quam
627 5472 691 5510 ex
711 5455 846 5509 lucis
873 5453 1204 5524 primigenia:
1223 5450 1496 5506 creatione
1519 5448 1717 5504 emicat
1741 5445 1838 5501 Dei
1857 5459 2040 5500 sermo

451 5559 504 5604 et
523 5548 715 5613 Filius,
748 5562 843 5616 per
872 5561 1029 5616 quem
1053 5555 1107 5602 et
1126 5546 1216 5600 lux
1241 5541 1528 5612 quaelibet‘,
1552 5549 1606 5595 et
1643 5547 1838 5594 cretera
1866 5537 2045 5593 omnia

453 5650 636 5697 creata
657 5649 804 5696 sunt.
825 5638 880 5694 Si
898 5639 1018 5709 quis
1035 5648 1214 5692 tamen
1237 5642 1383 5690 recte
1406 5630 1908 5702 probaveritveram
1926 5641 2048 5686 esse

457 5733 637 5800 hanc,
675 5745 836 5802 quam
866 5729 1050 5786 Bullus
1073 5726 1228 5784 aﬁert
1247 5767 1263 5792 ,
1308 5724 1595 5780 verborum
1620 5719 1935 5777 Tertulliani
1956 5733 2051 5776 ex-

462 5824 825 5895 plicationem,
847 5823 974 5879 huic
1015 5837 1120 5879 non
1145 5816 1434 5876 admodum
1461 5815 1864 5882 reluctabimur,
1885 5811 2052 5871 modo

2131 4717 2473 4762 rumsuarum
2498 4699 2589 4754 :in
2627 4711 2784 4766 opera
2811 4710 2905 4747 sua
2939 4698 3057 4744 ante
3093 4690 3283 4744 sarcula
3305 4687 3540 4760 fundavit
3575 4703 3724 4745 me...

2136 4797 2291 4853 Prior
2329 4803 2498 4849 autem
2520 4791 2703 4862 abysso
2755 4786 2926 4858 genita
2969 4798 3100 4838 sum.
3148 4779 3239 4837 Sic
3262 4789 3442 4836 autem
3476 4779 3569 4836 ille
3599 4779 3727 4835 inde

2137 4893 2540 4960 argumentatur
2566 4879 2828 4953 (Tertull.
2858 4877 2946 4930 lib.
2987 4875 3105 4928 adv.
3138 4873 3388 4944 Hermog.
3417 4888 3534 4944 cap.
3577 4870 3670 4944 18)
3703 4887 3722 4926 :

2104 4985 2396 5055 -Agnoscat
2459 4992 2578 5048 ergo
2650 4972 2990 5042 Hermogenes
3029 4967 3218 5020 idcirco
3275 4965 3430 5019 etiam
3491 4965 3732 5033 sopliiam

2143 5074 2237 5128 Dei
2293 5077 2466 5125 notam
2502 5077 2547 5123 et
2586 5064 2839 5120 conditam
2878 5059 3149 5133 praedicari
3181 5098 3196 5124 ,
3254 5056 3452 5127 nequid
3497 5057 3733 5109 innatum

2144 5176 2192 5222 et
2215 5163 2528 5220 inconditum
2553 5168 2735 5231 prazter
2760 5156 2923 5210 solum
2950 5152 3115 5207 Deum
3145 5150 3480 5204 crederemus.
3514 5147 3574 5203 Si
3603 5148 3741 5202 enim

2146 5260 2282 5312 intra
2305 5254 2577 5310 Dominum
2597 5247 2732 5319 quod
2753 5262 2816 5302 ea:
2840 5246 2970 5317 ipso,
3003 5252 3049 5298 et
3074 5243 3127 5296 iu
3150 5242 3263 5312 ipso
3285 5241 3384 5312 fuit
3403 5280 3419 5306 ,
3465 5240 3574 5295 sine
3593 5239 3738 5293 initio

2148 5367 2252 5404 non
2273 5348 2368 5418 fuit
2386 5387 2402 5414 ,
2427 5343 2628 5413 Saphia
2654 5340 2841 5396 scilicet
2868 5337 3029 5407 ipsius
3046 5376 3061 5399 ,
3093 5333 3278 5389 exinde
3302 5341 3423 5386 nata
3447 5339 3493 5385 et
3508 5330 3747 5394 condita;

2151 5460 2214 5500 ea:
2235 5458 2337 5514 quo
2375 5441 2429 5493 in
2454 5453 2599 5492 sensu
2625 5434 2721 5488 Dei
2760 5432 2828 5485 ad
2851 5445 3006 5499 opera
3031 5428 3209 5482 mundi
3237 5425 3554 5496 disponenda
3591 5421 3744 5493 carpit

2152 5533 2336 5606 agitari
2364 5547 2383 5595 ;
2434 5527 2592 5581 multo
2619 5523 2784 5593 magis
2805 5537 2907 5576 non
2931 5519 3067 5590 capit
3126 5518 3238 5573 sine
3273 5517 3420 5571 initio
3465 5514 3747 5606 quidquam

2152 5603 2309 5700 fuisse
2331 5665 2347 5692 ,
2373 5621 2510 5689 quod
2533 5626 2676 5675 extra
2705 5614 2982 5670 Dominum
3007 5610 3178 5681 fuerit.
3207 5608 3286 5700 Ibi
3315 5621 3446 5700 sane
3462 5603 3754 5700 Tertull—ia:

2156 5695 2291 5783 nus,
2343 5711 2586 5784 inquient
2614 5747 2629 5773 ,
2671 5705 2846 5779 palam
2890 5709 3164 5759 asseverat
3205 5698 3460 5772 Sophlam
3510 5697 3626 5754 sive
3649 5695 3756 5752 Del

2155 5807 2348 5866 Filium
2381 5818 2484 5861 non
2515 5801 2684 5859 fuisse
2713 5797 2830 5855 sine
2858 5795 3010 5853 initio
3031 5835 3048 5863 ,
3075 5793 3317 5865 illudque
3345 5789 3656 5863 accepisse;
3689 5801 3756 5846 se
