4240 6262
376 290 491 369 893

1524 296 2064 358 DlSSERTATlO-D.
2092 294 2187 360 LE
2216 291 2523 360 NOURBY.

3567 317 3682 379 854

382 420 589 489 dicari,
628 425 685 477 et
711 418 900 492 agitari
920 400 1150 489 cmpisse
1183 417 1336 489 juxta
1373 416 1593 474 citatum
1621 417 1691 473 ab
1722 416 1816 474 illo
1854 432 1979 489 pro-
2004 417 2058 479 Α
2081 426 2189 473 tum
2215 418 2332 489 Dei,
2357 421 2618 491 passiones
2639 435 2844 478 carnem
2870 414 3089 480 hominis
3116 427 3453 497 probaverunt
3478 428 3676 503 (Idm,

382 514 561 586 pheta
588 512 789 573 dictum
809 552 826 579 ,
867 509 1134 569 Emeterii
1177 526 1460 566 sermonem
1504 513 1752 582 optimum
1779 528 1800 566 :
1819 512 1981 582 Atque

382 610 454 667 ita
490 618 643 669 uetus
666 631 689 671 ,~
712 607 909 679 inquit,
937 606 1118 668 Sermo
1144 604 1275 672 Dei,
1305 606 1393 676 qui
1414 614 1464 661 et
1489 605 1600 676 ejus
1625 605 1825 677 Sophia
1864 613 1981 669 est;

385 701 509 773 quia
526 716 603 758 ex
629 699 752 757 sinu
776 698 951 756 Patris
974 699 1059 754 sui
1081 740 1099 767 ,
1132 698 1186 753 in
1213 712 1321 769 quo
1340 698 1408 761 ab
1427 706 1630 753 interno
1655 697 1870 768 genitus
1898 697 1979 751 la-

391 801 597 861 tuerat,
630 802 756 848 tunc
791 792 990 859 exivit,
1017 800 1073 847 et
1098 789 1362 855 excessit,
1406 798 1567 861 atque
1602 790 1680 844 ita
1707 830 1723 856 ,
1752 799 1808 844 ut
1837 789 1977 847 disi-

389 899 510 947 tnua
530 926 546 953 ,
574 883 811 955 perfecta
838 883 933 939 iuit
964 883 1082 953 ejus
1111 880 1393 949 nativitas;
1433 882 1553 951 quia
1582 889 1691 936 tum
1714 921 1730 949 ,
1758 896 1861 937 nec
1885 896 1982 937 an-

390 987 473 1037 ω·
506 976 809 1037 hominibus
832 973 1095 1046 patefacta
1121 984 1176 1031 et
1195 974 1561 1039 demonstrata
1584 984 1687 1029 est.
1719 974 1983 1043 Quemad-

391 1070 606 1129 modum
631 1078 812 1127 autem
840 1068 957 1124 hau:
986 1068 1097 1139 ipsa
1121 1067 1246 1129 Filii
1271 1068 1366 1125 Dei
1391 1067 1690 1139 generatio,
1724 1068 1793 1121 ita
1819 1068 1981 1124 etiam

389 1161 557 1219 divini
600 1161 721 1232 eius
761 1160 937 1217 Patris
975 1159 1304 1229 dominatio,
1343 1160 1452 1215 imo
1489 1168 1543 1215 et
1580 1159 1908 1231 paternitas,
1951 1175 1981 1215 a

389 1256 652 1313 creaturis
670 1254 895 1310 rationis
921 1254 1257 1325 compotibus
1279 1254 1442 1325 cepit
1477 1254 1663 1310 mundi
1690 1254 1983 1324 primordio

389 1345 630 1417 agnosci,
661 1354 716 1401 et
740 1346 881 1401 Deus
906 1345 1044 1401 sicut
1072 1344 1269 1412 Patris,
1292 1344 1364 1400 ita
1394 1354 1448 1401 et
1474 1345 1683 1400 Domini
1727 1345 1985 1417 appellari

391 1437 718 1499 nominibus.
749 1437 917 1493 Porro
945 1447 1123 1492 autem
1163 1436 1302 1493 hanc
1326 1452 1446 1492 esse
1476 1436 1791 1492 Tertulliani
1831 1452 1983 1492 men-

393 1538 501 1587 tem
527 1571 543 1596 ,
570 1528 697 1586 inde
720 1528 1022 1595 coniicitur,
1054 1529 1196 1600 quod
1223 1528 1295 1584 ibi
1321 1527 1556 1598 disputet
1576 1529 1834 1585 adversus
1856 1529 1986 1584 Hero

286 1698 293 1701 _
392 1637 674 1693 mogenem
696 1664 710 1690 ,
729 1622 818 1693 qui
839 1620 1198 1676 contendebat
1223 1621 1389 1676 Deum
1412 1621 1479 1676 ab
1501 1630 1707 1676 aeterno
1739 1636 1842 1675 non
1865 1634 1987 1701 esse

393 1717 703 1779 Dominum,
751 1714 854 1769 nisi
900 1713 1140 1768 habuerit
1186 1721 1333 1767 extra
1374 1727 1437 1767 se
1464 1711 1787 1778 materiam,
1835 1698 1986 1782 cujus

2083 512 2171 566 tib.
2201 514 2265 568 de
2292 512 2456 569 Carne
2482 512 2677 572 Christi
2717 532 2834 589 cap.
2877 517 2956 589 5).
2981 517 3308 577 Luculenter
3333 522 3493 594 igitur
3515 523 3678 582 docet

2080 603 2373 674 perfectam
2398 602 2620 662 omnino
2654 606 2820 664 fuisse
2872 609 2930 664 in
2953 608 3171 665 Christo
3203 611 3438 669 divinam
3483 614 3695 672 huma-~

2083 710 2314 767 namque
2338 705 2605 757 naturam.
2658 696 2769 754 Nec
2802 701 2977 755 minus
3021 711 3210 773 aperte
3260 702 3496 760 declarat
3542 706 3677 763 duas

2083 788 2200 847 illas
2225 786 2424 847 Christi
2444 782 2662 848 naturas
2689 793 2940 850 couhisas
2963 809 3070 851 non
3098 795 3263 852 fuisse
3280 840 3294 863 ,
3317 797 3413 854 sed
3436 815 3468 854 a
3505 814 3566 855 se
3592 800 3678 854 in-

2082 883 2253 940 vicem
2292 885 2366 940 ita
2396 872 2706 954 distinctas,
2751 897 2809 942 ut
2836 889 3048 957 penitus
3089 889 3319 946 diversa:
3355 891 3464 947 sint
3491 906 3680 948 earum

2082 976 2454 1050 proprietates.
2524 965 2533 969 ’
3595 1039 3598 1042 ,

2157 1070 2213 1125 1η
2241 1068 2591 1142 Apologetico
2615 1072 2796 1142 itaque
2821 1087 2944 1126 cum
2971 1072 3039 1126 ab
3064 1087 3129 1128 eo
3153 1072 3355 1128 dictum
3382 1084 3466 1129 est
3489 1091 3501 1127 :
3534 1073 3677 1130 Nas-

2084 1162 2215 1217 citur
2240 1162 2391 1215 homo
2432 1156 2540 1216 Deo
2565 1162 2753 1217 mixtus
2783 1161 2924 1234 (loc.
2964 1179 3110 1234 supr.
3159 1165 3245 1218 cit.
3274 1163 3294 1234 )
3319 1206 3333 1232 ,
3365 1164 3442 1221 ibi
3493 1166 3683 1235 procul

2085 1254 2248 1309 dubio
2269 1269 2376 1309 non
2398 1255 2662 1326 signiﬁcat
2685 1255 2817 1311 duas
2846 1257 2963 1326 ejus
2989 1266 3232 1323 naturas,
3266 1257 3338 1313 uti
3367 1269 3551 1328 postea
3580 1259 3687 1314 Eu-

2088 1344 2323 1415 tycbiaui
2344 1345 2749 1402 smmiaverunt
2768 1388 2784 1413 ,
2812 1346 2978 1404 fuisse
3005 1348 3297 1419 permixtas
3326 1360 3381 1404 et
3408 1349 3685 1418 confusas,

2086 1438 2180 1493 sed
2223 1438 2302 1493 sic
2331 1439 2464 1504 sibi,
2518 1440 2657 1493 sicut
2702 1438 2829 1495 alibi
2872 1440 3255 1511 patefecimus,
3306 1442 3583 1511 copulatas
3628 1454 3684 1498 et

2088 1528 2422 1600 conjunctae,
2449 1538 2509 1584 ut
2528 1521 2773 1584 Christus
2798 1540 2851 1585 et
2878 1520 3036 1586 verus
3064 1531 3204 1587 Deus
3220 1572 3234 1597 ,
3258 1541 3315 1586 et
3339 1547 3499 1588 verus
3523 1532 3685 1588 homo

2088 1621 2157 1676 sit
2185 1622 2203 1691 (
2234 1620 2445 1676 Dissert.
2474 1622 2528 1675 in
2550 1621 2785 1677 Lactant.
2811 1639 2926 1694 cap.
2962 1624 3052 1692 17,
3081 1633 3180 1677 art.
3211 1623 3305 1694 ὃ).

2162 1711 2279 1767 Νοη
2320 1714 2592 1769 communi
2633 1722 2813 1768 autem
2843 1713 3123 1769 hominum
3154 1729 3301 1770 more
3332 1715 3479 1771 illum
3514 1717 3691 1772 homi-

390 1822 579 1865 revcra
595 1806 842 1867 dominus
871 1803 1341 1868 fuerit.Cucterum,
1360 1803 1605 1874 quamvis
1623 1802 1985 1858 Tertullianus
2014 1811 2062 1871 Β
2093 1819 2216 1860 nem
2241 1806 2436 1859 factum
2462 1818 2583 1859 esse
2608 1803 2798 1871 docet;
2830 1803 2925 1860 sed
2952 1803 3191 1876 delapsus
3210 1846 3223 1869 ,
3257 1805 3454 1877 inquit,
3483 1807 3537 1860 in
3582 1808 3688 1861 vir-

393 1899 463 1955 ab
481 1899 627 1954 omni
653 1896 1314 1967 argumentationis.hujus
1332 1894 1648 1952 difﬁcultate
1687 1910 1810 1951 sese
1842 1897 1991 1968 peni-

396 1999 481 2045 tas
510 2004 617 2044 non
659 1988 1041 2053 extricaverit;
1084 2003 1243 2044 nemo
1290 1998 1471 2045 tamen
1503 1988 1628 2044 inde
1672 1988 1990 2045 concludere

396 2082 592 2139 merito
616 2090 790 2153 potest
809 2080 878 2136 ab
904 2080 996 2136 illo
1034 2090 1277 2160 negatam
1305 2080 1471 2141 fuisse
1499 2082 1617 2137 Filii
1653 2082 1747 2138 Dei
1773 2083 1989 2138 aeterni-

398 2183 562 2231 tatem
586 2214 602 2242 ,
642 2187 706 2228 ac
727 2172 964 2228 divinam
992 2181 1255 2229 naturam.
1282 2172 1413 2242 Quis
1455 2174 1600 2229 enim
1628 2173 1798 2229 nescit
1832 2174 1988 2230 intel-

400 2267 540 2323 lectu
560 2263 873 2323 difﬁcillima
902 2263 1148 2335 quaedam
1176 2264 1495 2320 documenta
1516 2280 1549 2320 a
1588 2265 1831 2336 pluribus
1853 2266 1994 2322 haud

402 2358 706 2416 dubitanter
728 2357 896 2412 asseri
917 2398 933 2425 ,
970 2357 1063 2427 qui
1091 2372 1279 2413 omnes
1303 2358 1496 2428 quibus
1522 2357 1866 2427 implicantur
1887 2357 1994 2413 dif.

406 2449 698 2507 ﬁcultatum
728 2447 897 2506 nodos
917 2448 1130 2518 penitus
1151 2448 1359 2504 solvere
1383 2463 1489 2503 non
1518 2458 1743 2519 possunt
1757 2448 1780 2503 t
1794 2451 1864 2504 At
1888 2450 1998 2505 evi-

406 2540 719 2601 dentisSie
762 2540 1094 2597 ostendimus
1134 2555 1295 2611 quam
1335 2549 1673 2607 constanter,
1723 2557 1883 2613 quam
1912 2542 1998 2601 dl-

405 2644 549 2693 set‘te
571 2674 586 2697 ,
615 2644 669 2689 et
686 2628 808 2689 sine
834 2632 957 2689 ullis
982 2632 1267 2688 verborum
1294 2632 1612 2704 ambagibus
1639 2633 2000 2690 Tertullianus

406 2726 637 2781 asseruit
657 2740 720 2780 ac
761 2722 1052 2780 vindicavit
1071 2721 1189 2779 Filii
1218 2723 1316 2779 Dei
1346 2724 1702 2780 aeternitatem
1728 2724 1999 2780 divinam-

408 2834 515 2889 que
546 2819 663 2888 ejus
690 2829 959 2875 naturam.
1001 2818 1110 2876 Sed
1142 2818 1283 2873 illam
1311 2818 1489 2875 adhuc
1517 2818 1645 2874 alibi
1690 2835 1796 2875 non
1818 2818 2003 2877 minus

412 2911 687 2984 perspicue
708 2912 982 2982 praedicat,
1003 2911 1454 2984 quemadmodum
1479 2913 1532 2968 in
1562 2913 1808 2985 sequenti
1826 2913 2005 2984 capite

411 3004 726 3064 videbimus.

1017 3142 1246 3201 CAPUT
1283 3143 1373 3198 IX.

822 3257 901 3314 De
926 3257 1128 3316 Christo
1153 3258 1262 3316 Deo
1284 3270 1331 3315 et
1355 3260 1578 3317 homine.

936 3389 1229 3431 Αιιτιουιυε
1266 3388 1473 3430 HUIUS.

422 3511 511 3571 De
533 3514 751 3569 humano
791 3513 979 3579 Christi
1006 3530 1071 3570 ea:
1105 3515 1298 3589 virgine
1325 3522 1439 3568 ortu
1461 3556 1477 3583 ,
1503 3529 1536 3568 a
1562 3513 1722 3570 sacris
1751 3475 2014 3586 prophetis

496 3609 874 3679 prwnuntiato:
904 3622 996 3662 cur
1019 3607 1205 3661 dicitur
1229 3607 1381 3661 homo
1410 3605 1520 3661 Deo
1559 3607 1791 3662 mixtus:
1820 3608 1932 3679 ejus
1960 3607 2015 3662 in

494 3714 653 3759 terras
694 3706 963 3760 adventum
1005 3720 1106 3760 non
1136 3720 1282 3776 posse
1322 3705 1465 3779 rejici
1507 3721 1539 3760 a
1584 3705 1882 3777 gentilibus,
1929 3706 2015 3775 qui

492 3796 563 3850 ad
582 3796 938 3852 destruendam
958 3797 1096 3851 illius
1116 3796 1372 3852 veritatem
1392 3794 1623 3863 quadam
1643 3796 1833 3855 similia
1850 3797 2019 3867 ﬁnxe-

492 3903 631 3949 rant.

496 4032 640 4089 Satis
658 4031 910 4097 abunde,
945 4031 1046 4086 nisi
1086 4029 1247 4101 plane
1273 4027 1526 4096 fallimur,
1553 4045 1583 4085 a
1604 4029 1760 4086 nobis
1798 4028 2019 4084 demon-

426 4134 651 4183 stratum
675 4135 762 4186 est
806 4137 970 4195 quam
1002 4138 1127 4179 vera
1159 4120 1568 4193 orthodoxaque
1610 4121 1771 4178 fuerit
1811 4120 2021 4185 Tertulv

427 4217 552 4275 lieni
582 4218 650 4273 de
690 4231 942 4287 suprema
966 4213 1163 4282 Verbi,
1202 4214 1318 4270 sive
1357 4213 1635 4271 Sermonis
1680 4223 1734 4271 et
1774 4212 1895 4268 Filii
1922 4211 2022 4267 Dei

428 4309 727 4375 divinitate,
756 4307 1021 4367 sententia
1047 4320 1112 4362 ac
1151 4305 1416 4361 doctrina.
1438 4305 1547 4361 Sed
1576 4306 1660 4362 his
1686 4306 1820 4361 lucis
1849 4302 2024 4360 adhuc

432 4404 633 4474 aliquid
676 4400 871 4458 aiierre
912 4400 983 4457 ω’
1007 4409 1265 4470 possunt,
1311 4413 1432 4468 qum
1477 4398 1571 4453 ille
1614 4397 1684 4453 de
1709 4396 1898 4453 eodem
1928 4394 2025 4450 Dei

435 4497 575 4552 Filio
595 4496 825 4551 humana
853 4510 1016 4553 carne
1051 4493 1237 4550 induto
1259 4491 1494 4548 tradidit.
1523 4489 1825 4547 Gentilibus
1844 4498 2027 4544 autem

2092 1896 2262 1967 ginem
2281 1936 2297 1960 ,
2327 1910 2445 1964 qua:
2475 1895 2592 1950 sine
2618 1894 2782 1949 ullius
2810 1894 2906 1948 viri
2939 1909 3099 1965 opera
3131 1895 3281 1950 illum
3313 1898 3496 1965 genuit
3523 1897 3690 1968 (Apo-

2094 1990 2247 2061 toget.
2272 1987 2370 2041 loc.
2396 1986 2529 2058 cit.).
2559 1987 2754 2042 Verum
2781 1988 2903 2058 quia
2931 1986 3033 2043 hoc
3058 1986 3264 2043 creditu
3290 1986 3687 2056 difﬁcillimum,

2096 2080 2181 2135 vel
2209 2080 2277 2135 ab
2299 2078 2526 2135 ethnicis
2551 2077 2764 2133 irrideri
2796 2087 3033 2150 poterat,
3058 2076 3418 2134 Tertullianus
3445 2078 3695 2136 consulto

2098 2188 2227 2229 sane
2256 2181 2478 2229 cunctos
2518 2173 2773 2227 admonet
2814 2171 2943 2227 illud
2991 2186 3021 2226 a
3068 2172 3235 2228 sacris
3278 2173 3694 2244 praenuntiatum

2098 2267 2265 2323 fuisse
2310 2265 2619 2337 prephetis,
2659 2279 2885 2335 quorum
2930 2265 3220 2319 auctoritas
3266 2279 3297 2319 a
3341 2264 3589 2331 nemine,
3637 2276 3698 2320 ut

2100 2373 2260 2431 supra
2312 2355 2584 2425 diximus,
2637 2365 2812 2427 potest
2878 2356 3156 2433 infirmari.
3214 2356 3554 2427 Quapropter
3606 2357 3696 2413 ille

2103 2442 2260 2524 paulo
2287 2461 2409 2506 ante
2435 2450 2645 2505 dixerat
2668 2467 2680 2505 :
2716 2449 2734 2522 (
2758 2447 2904 2503 Venit
2928 2449 3083 2520 igitur
3109 2448 3195 2516 qui
3224 2449 3292 2501 ud
3317 2448 3699 2519 reformandam

2104 2555 2149 2599 et
2196 2526 2592 2598 illuminandam
2617 2557 2754 2608 eam,
2787 2541 3011 2610 gratiam
3042 2539 3348 2596 Judzeorum
3379 2540 3700 2596 Christianis

2107 2619 2473 2689 transmissum
2494 2673 2511 2700 ,
2537 2642 2775 2687 venturus
2800 2647 2833 2684 a
2860 2629 2968 2685 Deo
2994 2631 3431 2701 prtrnuntiabatur
3470 2631 3702 2687 Christus

2103 2729 2193 2783 ille
2218 2726 2387 2782 Filius
2415 2725 2560 2796 Dei).
2588 2723 2763 2796 Hujus
2788 2725 2942 2797 igitur
2960 2725 3141 2795 gratia;
3161 2724 3546 2795 disciplinaque
3564 2724 3703 2778 arbi-

2107 2830 2182 2877 ter
2224 2830 2269 2876 et
2299 2820 2558 2891 magister,
2603 2819 2920 2874 illuminator
2984 2826 3134 2888 atque
3212 2816 3463 2872 deductor
3503 2817 3700 2887 generis

2108 2915 2353 2979 humani,
2397 2911 2565 2968 Filius
2614 2910 2713 2965 Dei
2760 2911 3196 2976 sununtiabatur;
3244 2927 3346 2964 non
3389 2910 3589 2980 quidem
3632 2910 3706 2964 ita

2108 3007 2306 3079 genitus
2327 3047 2341 3071 ,
2370 3015 2426 3059 ut
2453 3004 2708 3062 erubescat
2731 3005 2787 3061 iu
2825 3002 2919 3072 ﬁlii
2958 3004 3163 3058 nomine
3184 3044 3200 3071 ,
3225 3012 3311 3056 aut
3340 3002 3405 3057 de
3432 3004 3593 3072 patris
3622 3020 3705 3057 se-

2111 3098 2361 3156 νήιον...
2389 3094 2487 3150 Dei
2525 3093 2697 3153 Filius
2725 3094 2919 3149 nullam
2958 3092 3023 3149 de
3048 3093 3367 3163 impudicitia
3410 3094 3558 3149 habet
3595 3111 3710 3149 ma-

2032 3194 2082 3259 c
2114 3196 2273 3253 trem;
2300 3187 2452 3241 etiam
2477 3200 2627 3254 quam
2641 3184 2839 3238 videtur
2865 3184 3069 3250 habere,
3097 3199 3198 3237 non
3224 3192 3467 3253 nupserat
3487 3182 3703 3255 (Ibid).

2114 3276 2303 3333 Otunia
2333 3277 2449 3331 haec
2477 3274 2697 3331 totidem
2727 3272 2888 3330 verba
2915 3274 2969 3327 in
2998 3273 3199 3328 nostris
3221 3273 3499 3329 codicibus
3525 3289 3709 3330 manu.

2041 3411 2052 3432 ,
2115 3369 2330 3441 scriptis
2370 3378 2425 3424 et
2467 3366 2699 3438 antiquis
2725 3365 3051 3423 editionibus
3092 3363 3163 3421 ad
3200 3365 3494 3437 Rigaltium
3540 3382 3709 3439 usque

2115 3462 2454 3519 exhibentur.
2502 3460 2614 3517 Sed
2666 3459 2931 3531 Rigaltio,
2977 3473 3138 3530 quem
3180 3460 3270 3514 alii
3314 3468 3498 3530 postea
3539 3462 3712 3524 secuti

2116 3565 2243 3614 sunt
2262 3596 2277 3621 ,
2310 3555 2535 3624 primam
2565 3552 2724 3622 hujus
2752 3552 2855 3609 loci
2876 3551 3116 3624 phrasin
3134 3592 3152 3619 ,
3174 3551 3383 3608 uncinis
3411 3552 3669 3608 inclusam
3689 3593 3707 3620 ,

2118 3647 2332 3719 penitus
2356 3658 2603 3700 resecare
2632 3645 2851 3714 placuit.
2879 3642 3087 3699 Nullam
3115 3652 3296 3700 amen
3324 3645 3708 3716 amputationis

2120 3738 2264 3794 illius
2317 3734 2548 3792 reddidit
2594 3734 2858 3791 rationem
2884 3775 2900 3800 ,
2935 3736 3047 3790 imo
3071 3752 3142 3792 ne
3178 3736 3456 3792 minimum
3494 3736 3712 3807 quidem

2121 3829 2364 3887 verbum.
2390 3829 2462 3884 At
2500 3827 2712 3883 tametsi
2753 3828 2867 3882 inec
2895 3826 3102 3897 phrasis
3140 3829 3342 3885 inutilis
3369 3845 3589 3900 prorsus
3611 3872 3625 3899 ,
3657 3839 3714 3887 et

2120 3923 2292 3979 textui
2312 3919 2627 3977 Tertulliani
2646 3920 2870 3976 omnino
2892 3928 3222 3991 praepostere
3238 3921 3441 3977 inserta
3471 3923 3573 3994 ipsi
3597 3925 3714 3981 visa

2122 4017 2231 4081 sit;
2256 4016 2425 4071 lector
2443 4016 2619 4070 tamen
2647 4014 2805 4085 hujus
2831 4013 3181 4071 additamenti
3202 4014 3392 4071 saltem
3421 4016 3717 4073 admonen-

2123 4109 2224 4171 dus
2252 4119 2388 4166 erat.

2196 4204 2485 4269 Caeterum,
2515 4201 2646 4257 nulli
2670 4201 2897 4257 obscura
2922 4215 3044 4257 esse
3076 4209 3253 4272 potest
3287 4206 3548 4261 sententia
3577 4202 3711 4265 Ter-

2126 4296 2373 4362 tulliani,
2424 4296 2513 4367 qui
2558 4294 2993 4350 manifestissime
3039 4297 3345 4367 pronuntiat
3383 4299 3577 4359 Filium
3618 4301 3716 4363 Dei

2127 4386 2404 4456 delapsum
2428 4399 2549 4441 esse
2566 4384 2622 4439 in
2639 4385 2908 4454 vvirginem
2926 4426 2941 4452 ,
2968 4400 3035 4440 ex
3062 4401 3168 4457 qua
3205 4386 3495 4444 humanum
3522 4406 3719 4465 corpus

2129 4478 2353 4547 accepit.
2393 4476 2664 4547 Virginem
2689 4482 2867 4530 autem
2896 4474 3067 4544 dixit,
3104 4478 3226 4547 quia
3267 4477 3351 4533 hic
3382 4480 3477 4535 Dei
3514 4479 3718 4555 Filius,

437 4589 703 4653 breviter,
751 4584 992 4659 hancque
1031 4588 1084 4642 in
1115 4586 1335 4643 modum
1388 4586 1625 4657 explicat
1678 4587 1803 4659 quid
1831 4588 1898 4645 de
1937 4590 2029 4647 illo
2052 4580 2106 4641 D
2133 4581 2327 4636 nullam
2352 4618 2367 4645 ,
2411 4574 2617 4646 inquit,
2664 4574 2728 4628 de
2753 4571 3073 4642 impudicitia
3100 4574 3326 4641 Qmatrem
3356 4572 3538 4645 habet;
3568 4575 3723 4632 etiam

439 4680 730 4737 Christiani
759 4682 1055 4737 sentirent:
1088 4679 1195 4737 Iste
1234 4679 1330 4734 Dei
1370 4679 1545 4733 radius
1569 4720 1583 4747 ,
1622 4680 1672 4735 id
1701 4690 1817 4747 est,
1861 4681 2031 4739 Filius

440 4773 568 4840 Dei,
596 4772 691 4842 qui
712 4787 777 4828 ex
809 4772 982 4829 Patris
1018 4773 1101 4829 sui
1132 4772 1252 4827 sinu
1299 4782 1550 4843 tanquam
1581 4771 1761 4828 radius
1813 4789 1877 4829 ex
1904 4773 2034 4830 Sole

438 4863 670 4935 prodiit,
698 4875 761 4919 ut
779 4875 915 4920 retro
953 4880 1152 4935 semper
1175 4863 1548 4934 prwdicabatur
1573 4862 1635 4917 ab
1660 4864 1881 4934 antiquis
1901 4907 1916 4930 ,
1948 4866 2032 4920 ni-

438 4959 635 5015 mirum
668 4956 971 5028 prophetis,
1001 4956 1240 5028 delapsus
1280 4956 1335 5009 in
1377 4956 1619 5028 virginem
1644 4955 1949 5027 quamdam,
1986 4967 2034 5012 et

436 5052 494 5104 in
518 5060 662 5105 utero
684 5049 798 5120 ejus
819 5064 939 5104 caro
968 5048 1220 5120 ﬁguratus
1241 5089 1255 5114 ,
1284 5049 1510 5104 nascitur
1536 5048 1686 5104 homo
1711 5047 1820 5103 Deo
1849 5049 2039 5104 mixtus

443 5143 793 5216 (Tertullian.
831 5144 1095 5217 Apologet.
1141 5159 1257 5214 cap.
1287 5143 1379 5211 2i,
1430 5158 1548 5215 pag.
1580 5141 1729 5214 599).
1778 5141 1885 5199 Sed
1924 5140 2042 5198 haec

442 5237 551 5292 alio
581 5236 634 5291 in
667 5235 805 5291 libro
827 5235 1146 5292 clarioribus
1176 5235 1325 5291 hisce
1340 5234 1519 5305 verbis
1544 5233 1824 5304 exposuit:
1858 5232 2043 5301 Itaque

448 5328 712 5399 utriusque
729 5328 1027 5385 substantia:
1044 5345 1221 5383 census
1241 5329 1493 5383 hominem
1522 5337 1568 5381 et
1593 5326 1760 5381 Deum
1781 5325 2042 5391 exhibuit;

448 5419 568 5475 hinc
591 5432 770 5475 nasum
795 5462 811 5488 ,
832 5419 959 5475 inde
983 5434 1087 5475 non
1111 5429 1287 5474 natum
1308 5438 1329 5487 ;
1349 5420 1467 5477 hinc
1494 5433 1730 5472 corneum
1754 5457 1771 5485 ,
1800 5417 1920 5471 inde
1938 5418 2047 5488 spi-

448 5519 688 5586 ritalem;
720 5520 835 5574 hinc
864 5521 1126 5589 inﬁrmum
1146 5561 1161 5587 ,
1187 5520 1308 5574 inde
1338 5521 1668 5590 prwfartem;
1699 5517 1815 5572 hinc
1839 5517 2055 5571 morien-

450 5621 553 5667 tem
576 5653 593 5681 ,
612 5613 733 5668 inde
752 5614 1011 5668 viventem.
1040 5612 1170 5681 Quae
1193 5610 1474 5683 proprietas
1494 5609 1839 5664 conditionum
1866 5607 2051 5663 divina:

455 5714 505 5759 et
541 5708 780 5762 humana:
809 5722 958 5777 aqua
986 5707 1159 5779 utique
1185 5715 1385 5762 natura:
1419 5704 1680 5776 utriusque
1706 5704 1913 5759 veritate
1950 5705 2055 5762 dis-

459 5809 649 5875 puncta
672 5809 778 5871 est,
799 5799 975 5857 eadem
1004 5799 1107 5878 ﬁde
1129 5800 1341 5873 spiritus
1369 5807 1416 5855 et
1434 5799 1645 5865 carnis;
1673 5796 1878 5862 virtutes
1903 5797 2055 5868 spiri-

2134 4686 2286 4743 quam
2310 4668 2505 4722 videtur
2541 4664 2757 4731 habere,
2802 4679 2902 4717 non
2931 4669 3190 4732 nupserat.
3220 4662 3352 4718 Αιεί
3381 4664 3487 4719 ulla
3517 4667 3721 4741 absque

2134 4757 2479 4833 impudicitiae
2515 4756 2669 4824 labe,
2701 4764 2755 4811 et
2790 4752 3019 4809 maritali
3061 4755 3331 4809 consortio
3375 4767 3545 4813 mater
3584 4758 3724 4816 facta
3828 4776 3847 4792 '

2138 4871 2220 4919 est
2239 4902 2255 4929 ,
2295 4865 2442 4914 certe
2465 4852 2738 4911 Christum
2766 4847 2910 4903 salva
2937 4846 3257 4918 virginitatis
3284 4864 3394 4903 suae
3421 4850 3730 4923 integritate

2138 4952 2342 5026 genuit.
2368 4948 2481 5006 Sed
2506 4961 2609 5018 qua
2637 4944 2874 5009 ratione,
2904 4941 3104 5012 inquiet
3130 4938 3321 5010 aliquis
3346 4983 3361 5007 ,
3393 4942 3498 4998 dici
3521 4945 3729 5014 potuit:

2144 5046 2267 5102 Non
2296 5038 2577 5115 nupserat?
2603 5035 2791 5093 Nonne
2817 5032 3058 5104 plerique
3083 5047 3270 5088 omnes
3311 5034 3453 5089 illam
3496 5034 3734 5107 losepho

2144 5146 2362 5209 nuptam
2393 5146 2581 5189 revera
2626 5128 2788 5185 luisse
2811 5124 3159 5182 asseverant?
3184 5123 3533 5211 Respondent
3558 5125 3732 5196 aliqui

2143 5230 2245 5285 hoc
2278 5228 2441 5284 verbo
2468 5242 2569 5280 non
2596 5228 2882 5293 nupserat,
2925 5217 3060 5273 nihil
3098 5216 3241 5272 aliud
3279 5216 3566 5289 significari
3587 5259 3602 5283 ,
3633 5216 3738 5272 nisi

2145 5322 2363 5379 Mariam
2395 5319 2567 5374 virum
2610 5329 2716 5370 non
2745 5298 3078 5383 cognovisse.
3120 5309 3252 5365 Nam
3284 5311 3365 5377 get
3394 5308 3510 5380 ipsa
3547 5306 3743 5378 angelo

2151 5414 2466 5488 respondit:
2522 5407 2787 5479 Quomodo
2817 5408 2902 5478 ﬁet
2931 5404 3111 5471 istud;
3155 5403 3397 5475 quoniam
3445 5401 3605 5461 virum
3637 5413 3743 5453 non

2152 5509 2445 5583 cognosco?
2472 5508 2490 5577 (
2518 5504 2648 5561 Luc.
2677 5520 2792 5573 cap.
2823 5501 2876 5568 i,
2909 5515 2958 5554 υ.
3002 5499 3071 5554 Si
3096 5500 3137 5571 ).
3160 5497 3263 5553 Sed
3295 5497 3375 5551 his
3405 5492 3745 5567 probandum

2154 5612 2268 5660 erat
2300 5618 2332 5657 a
2361 5600 2553 5673 quibus
2592 5596 2816 5653 verbum
2865 5594 2998 5647 nubo
3058 5592 3163 5647 hoc
3220 5605 3379 5646 sensu
3423 5586 3741 5659 accipiatur;

2155 5695 2437 5754 Nonnullis
2462 5706 2593 5751 vero
2622 5690 2737 5747 haec
2760 5732 2775 5758 ,
2821 5702 2982 5760 quam
3021 5683 3331 5758 Hieronymi
3357 5696 3478 5744 esse
3522 5686 3751 5755 putant,

2158 5791 2414 5867 probatur
2452 5786 2634 5861 opinio
2658 5780 2877 5851 Mariam
2902 5781 3117 5856 quando
3145 5777 3390 5854 concepit
3430 5771 3757 5844 Cbristumf.
