4240 6262
548 276 658 333 855

1625 269 1691 329 ΙΝ
1730 265 2194 328 TERTULLIANI
2221 265 2492 328 APOLOG
2501 266 2752 328 ETICUM
3501 267 3526 305 ε’

3742 267 3849 342 856

551 353 804 462 sponsam
827 434 843 460 ,
870 395 982 449 sive
1007 401 1067 448 ut
1085 388 1548 460 Evangelistarum
1582 396 1796 443 utamur
1817 385 2005 450 verbo,
2049 385 2140 439 de-
2169 387 2223 447 Α
2249 385 2388 440 lecto
2429 383 2650 440 dubium
2697 398 2818 442 esse
2861 392 3075 456 potest,
3106 385 3244 456 quin.
3274 383 3580 460 Cyprianus
3610 386 3679 444 ad
3705 388 3849 447 hunc

553 496 851 554 sponsatam
889 484 1104 556 quidem
1151 482 1316 537 fuisse
1355 478 1613 551 Josepho,
1637 480 1723 534 cni
1766 487 1887 549 post
1927 478 2088 533 breve
2115 490 2147 531 a

552 588 813 649 conceptu
843 577 1178 632 intervallum
1221 584 1382 646 nupta
1429 583 1532 630 est.
1561 572 1666 630 Sed
1711 573 1890 628 nullus
1933 572 2149 627 Tertul-

551 670 679 726 liani
727 677 960 723 mentem
987 669 1224 734 certius,
1269 681 1429 738 quam
1457 653 1551 720 ille
1589 666 1704 734 ipse
1733 665 1940 736 aperire
1973 673 2149 734 potest

550 761 752 828 (Petav.
778 758 970 813 tom.V.
992 759 1238 830 Theolog.
1259 759 1485 830 dogmat.
1505 756 1595 811 lib.
1611 756 1751 812 XIV.
1777 773 1893 828 cap.
1912 757 1965 812 3.
1991 757 2018 827 θ
2047 756 2144 821 IO;

551 851 857 922 Hierongm.
883 851 1001 906 adv.
1035 850 1233 922 Helvi).
1280 852 1349 904 At
1392 849 1444 904 in
1491 863 1590 903 suo
1623 849 1691 904 de
1746 863 1909 904 carne
1949 847 2148 902 Christi

547 942 686 997 libro
739 943 852 997 btec
895 941 965 997 de
1026 942 1190 996 Maria
1241 941 1446 1012 virgine
1495 939 1709 1012 scripsit
1777 956 1792 998 :
1846 939 1958 993 Etsi
2006 940 2148 1011 uirgo

548 1035 818 1105 concepit,
848 1034 900 1087 in
931 1043 1082 1105 partu
1110 1050 1200 1088 suo
1240 1034 1452 1102 nupsit,
1483 1034 1595 1102 ipsa
1635 1031 1880 1104 patefacti
1917 1031 2148 1102 corporis

552 1126 697 1196 lege,
726 1140 886 1195 quam
932 1119 1128 1180 ibidem
1170 1127 1333 1182 citat:
1368 1125 1531 1179 Omne
1569 1124 1908 1178 masculinum
1951 1123 2147 1192 adape-

545 1219 682 1272 riens
707 1219 926 1281 vulvam,
954 1229 1216 1288 sanctum_
1243 1219 1500 1273 vocabitur
1553 1217 1772 1271 Domino
1817 1214 2018 1287 (Idem,
2056 1216 2145 1270 lib.

546 1313 611 1365 de
649 1328 802 1365 carne
858 1312 1047 1367 Christ.
1097 1329 1211 1382 cap.
1265 1311 1382 1382 23).
1438 1310 1597 1366 Vides
1644 1325 1774 1366 sane
1801 1309 2018 1364 verbum
2047 1326 2146 1362 nu-

546 1404 662 1458 bere
691 1405 778 1460 hic
807 1405 873 1459 ab
913 1419 978 1460 eo
1009 1406 1146 1459 sumi
1197 1420 1293 1474 pro
1342 1403 1563 1474 virginis
1610 1411 1795 1473 partu,
1841 1417 1947 1472 quo
1991 1401 2146 1456 vulva

543 1496 661 1566 ejus
705 1506 940 1552 reserata
984 1505 1083 1550 est.
1135 1495 1250 1550 Non
1289 1496 1400 1567 jam
1447 1494 1662 1566 quidem
1707 1494 1994 1564 quaerimus
2041 1507 2147 1562 quo

544 1601 709 1643 sensu
730 1603 847 1643 eam
876 1600 1117 1660 apertam
1141 1603 1264 1644 esse
1289 1588 1514 1648 dixerit,
1547 1586 1615 1640 de
1641 1599 1748 1656 quo
1776 1584 1829 1638 in
1861 1585 2058 1639 nostris
2078 1583 2146 1638 ad

547 1677 891 1733 Ambrosium
922 1678 1413 1733 observationibus.
1445 1677 1610 1732 Nobis
1637 1677 1782 1732 enim
1815 1691 1956 1732 nunc
1993 1676 2144 1730 sulti-

2251 476 2561 534 Tertulliani
2593 477 2762 533 nostri
2788 478 2964 533 locum
2986 477 3307 549 respexerit,
3339 493 3462 535 cum
3493 479 3610 537 haec
3634 482 3852 553 scriptis

2250 570 2523 626 tradebat:
2559 567 2732 642 Hujus
2757 572 2911 643 igitur
2937 572 3304 643 indulgentiae,
3349 573 3564 644 gratias,
3615 575 3851 650 discipli-

2251 678 2425 734 anue
2461 664 2647 718 arbiter
2665 673 2712 718 et
2736 665 2993 736 magister,
3023 663 3206 720 Sermo
3227 674 3272 718 et
3303 662 3472 720 Filius
3488 665 3583 721 Dei
3612 667 3848 736 mittitur,

2250 755 2336 824 qui
2366 770 2457 824 per
2483 756 2756 824 prophetas
2778 771 2951 810 omnes
2976 764 3110 810 retro
3138 755 3458 811 illuminator
3486 767 3533 812 et
3557 758 3739 814 doctor
3759 778 3852 832 ge-

2251 847 2384 901 neris
2409 847 2621 901 humani
2659 847 3144 917 pradicabatur.....
3177 846 3280 902 Hic
3309 849 3362 902 in
3389 849 3636 922 virginem
3673 851 3849 908 illabi-

2251 947 2352 1003 tur,
2381 956 2583 994 carnem
2615 938 2820 1012 Spiritu
2848 949 3023 995 sancto
3043 949 3346 1010 cooperante
3367 982 3384 1007 ,
3406 941 3641 997 induitur
3666 959 3687 998 :
3712 943 3848 1000 Deus

2251 1047 2368 1085 cum
2441 1032 2644 1088 homine
2709 1033 2942 1087 miscetur
3016 1032 3305 1104 (Cyprian.
3371 1034 3474 1090 lib.‘
3523 1035 3588 1090 de
3647 1034 3844 1093 Idolor.

2250 1124 2406 1177 vanit.
2439 1123 2482 1195 ).
2540 1124 2734 1179 Mixtus
2773 1133 2950 1178 autem
2997 1123 3067 1179 ab
3120 1139 3188 1180 eo
3211 1166 3224 1187 .
3280 1123 3422 1180 sicut
3459 1140 3489 1180 a
3517 1123 3846 1183 Tertulliano

2251 1215 2468 1281 dicitur,
2498 1230 2603 1270 non
2628 1215 2906 1288 utriusque
2933 1225 3137 1271 naturae
3155 1217 3352 1272 divina:
3376 1225 3430 1273 et
3450 1217 3699 1274 humanm
3718 1217 3844 1276 ﬁcta

2250 1305 2318 1361 ab
2362 1306 2707 1378 Eutycbianis
2754 1305 3102 1369 confusione.
3153 1306 3248 1362 sed
3295 1307 3418 1377 quia
3455 1306 3738 1374 Christus,
3785 1317 3849 1365 ut

2251 1398 2412 1469 paulo
2455 1408 2580 1454 ante
2632 1399 2974 1465 monuimus,
3022 1407 3304 1468 utramque
3350 1408 3592 1456 naturam
3641 1401 3847 1471 perlec-

2251 1500 2359 1546 tam
2388 1491 2582 1547 divime
2628 1508 2740 1547 sua:
2783 1506 3030 1562 persona:
3057 1491 3396 1561 coniunctam
3442 1494 3850 1566 copulatamque

2252 1584 2433 1642 habet.

2323 1678 2458 1734 Tum
2487 1678 2684 1734 dehinc
2712 1679 2915 1734 Auctor
2943 1687 3127 1735 noster
3153 1678 3412 1748 ipsosmet
3451 1679 3683 1750 gentiles
3716 1680 3849 1736 allo-

541 1770 614 1824 cit
639 1769 765 1823 illud
785 1811 800 1834 ,
842 1769 910 1823 de
940 1785 1045 1838 quo
1074 1771 1234 1839 igitur
1261 1769 1483 1823 verbum
1515 1766 1702 1822 nubere
1739 1765 1810 1821 ab
1863 1781 1928 1821 eo
1971 1765 2139 1836 accipi
2171 1773 2218 1831 Β
2245 1781 2402 1827 cutus
2423 1812 2438 1834 ,
2465 1770 2580 1828 htec
2609 1771 2676 1828 ab
2712 1773 2779 1826 iis
2825 1773 2976 1842 rejici
3017 1787 3123 1828 non
3157 1786 3315 1851 posse
3361 1773 3442 1828 sic
3469 1771 3848 1829 demonstrat:

549 1877 646 1930 pro
678 1861 955 1916 muliebris
1002 1863 1134 1917 uteri
1183 1861 1234 1916 in
1280 1870 1434 1934 partu
1476 1859 1833 1930 patefactione
1885 1858 2056 1931 (Not.
2089 1859 2141 1913 in

545 1954 778 2009 Ambros.
809 1955 1047 2025 Ecposit.
1098 1955 1296 2027 Evang.
1344 1964 1467 2010 sect.
1509 1953 1634 2008 Luc.
1664 1953 1700 2024 ).
1751 1953 1902 2009 Sicut
1964 1962 2141 2008 autem

527 2059 739 2115 negare
793 2061 898 2100 non
937 2061 1219 2116 possumus
1274 2045 1412 2102 hanc
1438 2045 1658 2100 minime
1701 2047 1972 2115 propriam
2013 2059 2136 2100 esse

540 2138 701 2208 hujus
759 2138 906 2194 verbi
974 2139 1456 2208 significationem.
1513 2138 1582 2194 ita
1623 2146 1775 2219 certe
1819 2151 2008 2192 omnes
2058 2136 2139 2192 Ia-

541 2232 643 2284 teri
673 2229 870 2285 debent
911 2231 1164 2286 illibatam
1201 2231 1383 2286 Marize
1415 2230 1773 2300 virginitatem
1812 2229 1882 2284 ab
1913 2229 2004 2284 illo
2028 2230 2141 2284 evi-

541 2322 854 2379 dentissime
878 2324 1232 2393 asseri(Tom.
1281 2324 1320 2378 l.
1340 2325 1591 2395 Apparet.
1623 2323 1711 2379 lib.
1737 2323 1825 2390 lIl,
1857 2323 2134 2388 dissert.2,

539 2431 656 2483 cap.
691 2414 742 2478 6,
779 2425 880 2468 art.
923 2416 979 2480 9,
1021 2434 1139 2485 pag.
1173 2416 1279 2472 975
1299 2417 1340 2486 ).
1373 2415 1491 2470 Non
1521 2418 1572 2469 in
1614 2430 1712 2470 suo
1735 2416 1886 2472 'enim
1931 2424 2136 2470 tantum

535 2509 921 2578 Apologetico,
965 2509 1059 2563 sed
1098 2510 1204 2563 alio
1246 2509 1407 2564 etiam
1441 2509 1492 2563 in
1523 2508 1660 2564 libro
1685 2551 1699 2576 ,
1733 2517 1792 2564 ut
1833 2507 1960 2563 alibi
1997 2506 2136 2562 vidi-

537 2614 690 2666 mus,
722 2599 850 2653 illnd
879 2599 1264 2656 documentum
1301 2600 1503 2656 stabilit
1526 2641 1541 2665 ,
1587 2615 1650 2656 ac
1695 2599 1977 2656 conﬁrmat
2017 2610 2137 2654 tan-

532 2705 692 2759 quam
721 2690 789 2743 ab
833 2692 1082 2746 universa
1129 2693 1209 2746 sui
1253 2693 1508 2761 temporis
1557 2692 1837 2756 Ecclesia,
1871 2701 1926 2748 et
1975 2701 2135 2748 antea

534 2795 731 2850 magno
772 2796 1039 2837 consensu
1079 2791 1376 2853 receptum.
1410 2781 1518 2837 Nos
1545 2797 1676 2838 vero
1705 2783 1772 2838 de
1797 2798 1863 2839 eo
1892 2783 1943 2838 in
1974 2799 2137 2853 supe-

535 2879 770 2934 rioribus
797 2881 995 2935 nostris
1026 2881 1490 2939 dissertationibus
1531 2883 1920 2954 disputavimus
1944 2884 1964 2956 (
1991 2885 2132 2944 Ibid.

534 2969 625 3023 lib.
659 2969 723 3034 Il,
749 2971 952 3026 dissert.
983 2973 1037 3028 6.
1069 2991 1183 3044 cap.
1218 2976 1272 3040 7,
1305 2975 1332 3046 ᾗ
1367 2976 1419 3040 5,
1454 2993 1574 3048 pag.
1607 2976 1751 3044 597;
1781 2976 2050 3036 Dissertat.
2080 2981 2135 3034 in

534 3059 772 3116 Lactant.
801 3078 918 3133 cap.
953 3065 1042 3119 17.
1089 3075 1190 3120 art.
1231 3067 1286 3122 5.
1318 3075 1440 3124 tom.
1469 3069 1520 3123 Ι.
1555 3070 1806 3139 Apparet.
1837 3070 1934 3125 loc.
1969 3072 2054 3125 cit.
2089 3080 2136 3126 et

2246 1863 2479 1933 Recipite
2516 1865 2719 1918 interim
2764 1864 2895 1918 hanc
2922 1864 3182 1936 fabulam,
3225 1863 3342 1920 sive
3384 1863 3540 1919 sicuti
3577 1863 3848 1933 fabulam,

2244 1956 2427 2010 similis
2468 1965 2540 2010 est
2587 1956 2792 2019 vestris,
2823 1955 2947 2009 dum
2989 1956 3299 2009 ostendimus
3323 1957 3578 2026 quomodo
3615 1954 3848 2012 Christus

2244 2051 2501 2121 probetur.
2537 2050 2776 2106 Sciebant
2801 2050 2888 2120 qui
2915 2066 3064 2119 penes
3093 2065 3178 2104 vos
3214 2050 3416 2120 fabulas
3441 2049 3511 2103 ad
3539 2049 3844 2106 destructio-

2243 2157 2357 2195 nem
2383 2142 2607 2196 veritatis
2630 2142 2773 2195 istius
2799 2141 3012 2196 triumlas
3056 2141 3578 2211 praeministraverunt
3609 2141 3845 2214 (Tertul-

2242 2234 2368 2288 lian.
2420 2235 2685 2304 Apologet.
2730 2250 2846 2304 cap.
2893 2235 2982 2300 2|,
3031 2251 3151 2304 pag.
3183 2233 3338 2306 399).
3365 2235 3424 2290 In
3473 2236 3672 2291 nostris
3715 2252 3844 2293 vero

2243 2325 2620 2395 manuscriptis
2639 2325 2946 2389 codicibus,
2975 2335 3028 2380 et
3055 2337 3180 2380 ante
3202 2325 3487 2397 Rigaltinm
3519 2327 3696 2394 editis,
3723 2338 3844 2398 post

2243 2416 2470 2473 verbum
2500 2417 2741 2488 probetur
2761 2460 2776 2483 ,
2809 2418 2922 2472 haec
2950 2418 3126 2482 aliter,
3159 2419 3343 2489 sicque
3370 2419 3572 2491 scripta
3601 2429 3765 2477 sunt:
3793 2432 3840 2476 et

2239 2511 2326 2580 qui
2345 2526 2493 2578 penes
2517 2527 2604 2564 vos
2625 2511 2876 2580 ejusmodi
2901 2511 3102 2581 fabulas
3125 2513 3339 2567 tumulas
3363 2512 3432 2566 ad
3451 2513 3839 2569 destructionem

2240 2602 2463 2655 veritatis
2497 2601 2782 2654 istiusmodi
2810 2603 3339 2674 praeministraverint.
3377 2602 3484 2659 Cur
3511 2619 3640 2660 vero
3663 2605 3837 2676 Rigal-

2241 2691 2344 2744 tins
2364 2690 2480 2746 hazc
2509 2692 2669 2746 verba
2701 2693 3094 2759 immutaverit,
3121 2693 3319 2748 nullam
3347 2695 3415 2748 ab
3452 2710 3519 2751 eo
3547 2697 3844 2766 exspectes“

2237 2785 2516 2840 rationem.
2555 2783 2917 2840 Tertullianus
2958 2795 3136 2841 autem
3175 2786 3436 2842 adversus
3480 2787 3725 2844 ethnicos
3756 2790 3836 2846 sic

2237 2887 2676 2948 argumentatur:
2716 2878 2964 2945 Objicere
3009 2878 3140 2933 mihi
3189 2880 3411 2949 potestis
3457 2895 3557 2946 ea,
3595 2896 3716 2951 qua:
3764 2880 3834 2939 de

2236 2971 2489 3036 Christo,
2537 2972 2759 3042 ejusque
2804 2988 2868 3028 ex
2899 2973 3104 3043 virgine
3145 2983 3305 3040 ortu,
3346 2981 3403 3031 et
3444 2974 3675 3030 humana
3725 2976 3836 3032 vita

2237 3061 2372 3130 dixi,
2395 3077 2597 3118 meram
2629 3077 2749 3118 esse
2779 3063 3031 3119 rabidam.
3063 3067 3150 3130 At,
3177 3065 3281 3121 etsi
3307 3065 3356 3120 id
3393 3065 3540 3121 vobis
3564 3067 3832 3124 concede-

532 3150 624 3204 hb.
656 3153 712 3217 5,
752 3153 953 3208 dissert.
989 3153 1046 3220 2,
1074 3173 1189 3226 cap.
1216 3157 1270 3220 6,
1311 3167 1410 3211 art.
1443 3158 1496 3223 4,
1528 3176 1648 3232 ρας,
1684 3160 1810 3228 597,
1848 3170 1895 3216 et
1916 3178 2054 3233 seqq.
2083 3172 2130 3217 ει
2157 3157 2202 3220 C
2235 3169 2350 3209 rem
2376 3195 2392 3221 ,
2420 3154 2556 3209 hanc
2577 3163 2754 3210 tamen
2780 3170 2884 3208 uon
2906 3170 3181 3226 respuere,
3207 3155 3301 3211 sed
3325 3157 3556 3227 recipere
3580 3157 3827 3224 debetis;

531 3243 749 3300 Dissert.
779 3247 833 3300 in
867 3245 1100 3305 Lactant.
1133 3267 1248 3319 cap.
1280 3250 1334 3313 8,
1366 3261 1464 3304 art.
1491 3252 1512 3310 I
1539 3251 1582 3323 ).

606 3337 787 3394 Palam
833 3340 1009 3396 adhuc
1037 3341 1400 3398 Tertullianus
1446 3343 1724 3412 proﬁtetur
1763 3343 1905 3399 hunc
1931 3343 2129 3400 Christi

531 3447 600 3488 ex
647 3434 854 3504 virgine
883 3445 1094 3501 ortum,
1142 3445 1198 3489 et
1237 3435 1526 3491 adventum
1572 3437 1623 3490 in
1656 3445 1859 3502 terras,
1901 3452 1931 3491 a
1961 3438 2130 3492 sacris

532 3527 733 3580 nostris
758 3527 968 3582 vatibus
995 3528 1407 3596 praenuntiatum
1437 3527 1623 3584 fuisse.
1653 3528 1760 3587 Sed
1786 3546 1906 3601 qu:e
1929 3532 2037 3586 sint
2064 3531 2122 3586 il-

526 3613 700 3668 lorum
731 3617 944 3672 oracula
965 3657 980 3683 ,
1016 3616 1118 3672 hoc
1147 3619 1198 3672 in
1231 3617 1398 3683 libro,
1447 3619 1498 3673 in
1525 3635 1634 3689 quo
1662 3619 1906 3676 brevitati
1931 3637 2127 3679 consu-

525 3702 708 3767 lebat,
743 3705 898 3772 plane
939 3707 1120 3760 tacuit.
1153 3708 1308 3760 Plura
1336 3723 1462 3764 vero
1504 3709 1592 3763 ille
1621 3711 1670 3763 in
1703 3710 1842 3766 libro
1865 3711 2125 3768 adversus

527 3792 744 3850 Jndteos
765 3837 780 3860 ,
824 3805 878 3850 et
904 3796 993 3850 alii
1024 3798 1090 3855 .in
1117 3797 1236 3852 aliis
1277 3798 1425 3854 libris
1459 3801 1788 3869 retulerunt,
1821 3803 1888 3859 de
1927 3805 2122 3874 quibus

526 3883 704 3940 adhuc
729 3886 783 3942 in
813 3886 999 3942 iisdem
1026 3888 1390 3957 superioribus
1417 3892 1617 3946 nostris
1655 3892 2122 3953 dissertationibus

525 3985 701 4030 actum
732 3992 761 4028 a
805 3976 960 4031 nobis
998 3975 1114 4031 fuit.
1165 3976 1424 4034 Omittere
1473 3988 1652 4037 tamen
1693 3999 1797 4036 non
1841 3998 2124 4054 possumus

523 4063 716 4120 Justini
748 4068 998 4139 martyris
1026 4069 1387 4124 testimonium
1410 4113 1422 4136 ,
1454 4072 1594 4142 quod
1626 4073 1936 4131 Tertulliani
1962 4077 2120 4136 dictis

523 4156 727 4224 Optime
750 4145 1033 4228 congruit,
1062 4173 1231 4230 eaque
1259 4161 1450 4216 mirum
1481 4163 1533 4216 in
1567 4163 1783 4220 modum
1811 4167 2113 4226 confirmat.

521 4243 624 4301 Ubi
656 4247 800 4302 enim
845 4250 1214 4306 sanctissimus
1244 4251 1332 4307 ille
1361 4262 1564 4322 martyr
1604 4256 1785 4326 plures
1821 4259 1890 4315 de
1913 4259 2117 4320 '.l'uturo

519 4335 720 4392 Christi
745 4337 981 4394 adventu
1011 4355 1286 4397 sacrorum
1327 4345 1708 4414 prephetarum
1741 4350 2117 4417 prmdictiones

518 4430 649 4482 citat
669 4471 684 4493 ,
712 4439 870 4500 atque
899 4431 1038 4488 hanc
1069 4433 1120 4487 in
1145 4435 1332 4504 primis
1351 4435 1522 4499 lsaire,
1558 4437 1688 4495 Ecce
1716 4440 1870 4515 Virgo
1893 4444 1945 4498 in
1971 4457 2113 4503 utero

2236 3249 2431 3319 quippe
2455 3263 2576 3320 qua:
2605 3249 2668 3302 iis
2696 3248 2886 3303 similis
2911 3256 3018 3312 est,
3047 3264 3181 3319 quas
3209 3248 3454 3304 Iinxistis.
3476 3249 3830 3307 Ostendimus

2233 3341 2379 3396 enim
2417 3341 2689 3412 quomodo
2715 3339 2962 3397 Christus
2991 3342 3061 3398 de
3104 3341 3309 3412 virgine
3354 3352 3510 3398 natus
3541 3343 3829 3413 probetur,

2233 3449 2296 3488 ac
2334 3435 2514 3504 plures
2566 3450 2688 3490 esse
2729 3434 3057 3506 scriptores,
3101 3435 3190 3505 qui
3236 3433 3442 3490 similes
3482 3434 3726 3503 fabulas,
3762 3437 3834 3491 ad

2231 3528 2622 3582 destructionem
2670 3528 2892 3582 veritatis
2953 3545 3103 3596 penes
3165 3545 3252 3584 vos
3304 3529 3825 3598 preministraverint.

2232 3621 2327 3677 Dic
2351 3632 2526 3678 autem
2553 3666 2568 3690 ,
2601 3639 2785 3694 quaeso
2805 3666 2817 3686 ,
2848 3633 3024 3680 utrum
3056 3625 3146 3680 hic
3173 3625 3568 3697 descriptorum
3601 3628 3654 3684 in
3675 3627 3827 3684 codi-

2229 3716 2382 3772 cibus
2431 3719 2630 3772 nostris
2676 3719 2960 3773 verborum
3014 3720 3326 3776 Tertulliani
3377 3737 3609 3792 sensns,
3655 3723 3825 3795 magis

2227 3824 2386 3878 quam
2416 3809 2467 3862 in
2500 3809 2798 3880 Rigaltiana
2831 3811 3067 3866 editione
3091 3812 3354 3868 obscurus
3372 3813 3465 3868 sit.

2297 3899 2586 3966 Caeterum,
2614 3910 2770 3956 antea
2798 3902 3040 3959 Justinus
3065 3913 3268 3977 martyr
3293 3905 3453 3961 simili
3483 3907 3636 3976 plane
3660 3907 3822 3966 modo

2222 4001 2408 4049 contra
2436 3993 2653 4048 eosdem
2689 3995 2914 4064 gentiles
2941 3996 3308 4066 disputaverat
3331 4015 3347 4054 :
3371 4003 3430 4052 Et
3451 4003 3596 4054 δικαὶ
3614 4004 3826 4072 acinp-

2219 4094 2351 4140 θένου
2374 4095 2667 4158 gis-puniebat
2694 4096 2907 4158 φέρομεν,
2929 4096 3098 4153 κοινὸν,
3122 4094 3204 4143 uti
3233 4097 3374 4146 τοῦτο
3399 4100 3515 4159 πρὸς
3537 4101 3619 4145 τὸν
3641 4099 3822 4163 Περαία

2221 4184 2338 4231 im
2360 4182 2486 4245 ὑμῖν.
2510 4175 2661 4243 Quod
2689 4195 2803 4238 vero
2830 4189 2876 4232 et
2915 4195 2978 4234 ea:
3005 4179 3196 4251 virgine
3222 4181 3494 4236 Christum
3515 4192 3692 4237 natum
3713 4199 3823 4239 esse

2220 4267 2965 4338 prtedicamus,commune‘sit
2993 4272 3088 4327 hoc
3110 4289 3308 4344 quoque
3335 4285 3543 4346 propter
3577 4275 3816 4333 Perseum

2217 4360 2470 4416 vobiscum
2517 4359 2751 4434 (Justin.
2800 4363 3020 4436 Apolog.
3076 4363 3158 4436 l).
3211 4364 3346 4421 Nota
3394 4366 3672 4424 enimvero
3733 4377 3820 4424 est

2217 4453 2467 4510 omnibus
2520 4454 2635 4510 hzec
2681 4455 2894 4520 fabula,
2940 4471 3042 4526 qua
3091 4457 3317 4527 gentiles
3367 4461 3655 4514 commenti
3688 4468 3815 4515 sunt

520 4519 762 4614 habebit:
792 4521 864 4576 ibi
893 4524 1124 4580 ostendit
1157 4526 1355 4581 nullam
1397 4527 1519 4584 inde
1554 4531 1784 4589 ethnicis
1813 4534 1929 4591 dari
1958 4553 2117 4594 occa-
2138 4538 2192 4599 D
2218 4543 2409 4600 Jovem
2430 4586 2446 4612 ,
2479 4545 2532 4600 in
2562 4561 2782 4602 aureum
2815 4519 3040 4602 imbrem
3083 4519 3404 4604 conversum
3423 4591 3438 4614 ,
3470 4549 3812 4608 descendisse

517 4611 725 4667 sionem
752 4628 906 4668 suum
939 4617 1227 4673 excusandi
1249 4618 1460 4682 Jovem.
1490 4621 1579 4692 qui
1609 4624 1789 4693 plures
1810 4627 2113 4687 adulterino

517 4705 803 4760 concubitu
849 4707 1044 4763 liberos
1075 4721 1400 4780 susceperat.
1424 4712 1553 4768 Nam
1583 4715 1712 4770 illud
1741 4716 1892 4773 Isaia:
1927 4723 2113 4777 vatici-

509 4797 699 4852 nium:
739 4808 966 4866 Σίμιινει
1014 4807 1064 4856 οὖ
1111 4809 1514 4860 συνουσιισθεῖσιν
1548 4818 1638 4861 vri-2
1678 4819 1902 4883 πιρθίνον
1940 4824 2112 4870 συλλι-

510 4894 606 4942 ειῖν
628 4906 642 4922 ⁹
675 4897 714 4944 si
738 4897 824 4962 γὰρ
849 4901 1177 4957 ἐτυνουσιάσοη
1207 4904 1296 4950 ὑπὸ
1319 4905 1527 4957 ὁτουοῦν.
1563 4905 1640 4954 οὖλι
1668 4910 1739 4955 ἔτι
1771 4909 1825 4965 ἧν
1846 4914 2071 4974 σηρθξνος
2091 4925 2104 4938 ⁸

508 4986 633 5036 ἀλλὰ
687 4986 880 5052 ὂύιαμις
947 4994 1067 5041 Θεοῦ
1130 4995 1382 5042 ἐπελθοῦσι
1430 5004 1490 5062 τῇ
1541 5001 1790 5062 παρθένῳ,
1841 5002 2109 5052 lusulusu

507 5079 697 5138 αὖτῆν,
749 5082 830 5131 καὶ
874 5095 1159 5148 ιιυορορῆσαι
1207 5091 1428 5150 παρθένον
1469 5081 1608 5137 οὖσιν
1655 5097 1904 5147 πεποίηκε.
1931 5088 2109 5160 Signi-

507 5167 630 5236 ficat
673 5169 914 5239 virginem
969 5171 1154 5240 absque
1195 5175 1557 5229 consuetudine
1618 5193 1825 5234 venerea
1888 5197 2105 5252 concep-

508 5268 680 5311 turam
745 5261 922 5330 fuisse.
955 5262 1018 5317 Si
1061 5264 1195 5316 enim
1259 5281 1373 5319 cum
1429 5283 1680 5337 quoquam
1735 5273 2099 5340 consuevisset,

505 5366 609 5404 non
645 5351 756 5421 iam
791 5355 934 5425 virgo
963 5357 1156 5425 fuisset.
1184 5356 1248 5410 At
1270 5359 1402 5412 enim
1440 5361 1596 5415 virtus
1638 5364 1820 5434 virgini
1857 5382 2097 5438 superve-

503 5441 679 5508 niens,
708 5443 789 5497 illi
825 5445 1170 5511 obumbravit,
1203 5460 1250 5504 et
1293 5450 1431 5521 virgo
1471 5467 1586 5506 cum
1626 5463 1782 5522 esset,
1829 5466 1884 5535 ut
1923 5462 2098 5531 {cetum

503 5534 718 5604 gravida
742 5535 797 5588 in
842 5545 983 5591 utero
1026 5538 1212 5607 ferret,
1263 5540 1429 5609 effecit
1470 5544 1716 5614 (Justin.
1759 5534 1978 5622 Apolog.
2024 5551 2092 5622 l).

575 5625 773 5683 Verum
804 5629 850 5684 si
892 5639 1042 5689 certo
1071 5633 1250 5688 nullus
1279 5637 1630 5705 pronuntiem
1663 5639 1856 5697 audeat
1882 5641 2096 5700 Tertul-

489 5712 694 5772 Iianum
716 5718 783 5774 ad
811 5717 928 5776 haec
947 5721 1263 5785 collineasse
1293 5724 1486 5786 Justini
1511 5730 1672 5787 verba
1691 5769 1708 5800 ,
1737 5733 1939 5790 nemini
1965 5749 2093 5804 pro-

2217 4637 2285 4691 ad
2315 4637 2550 4702 Danaen,
2569 4648 2624 4694 et
2651 4639 2720 4693 ab
2744 4653 2805 4693 ea
2830 4639 3084 4695 Perseum
3113 4641 3380 4711 genuisse.
3411 4641 3558 4697 Alias
3591 4653 3812 4713 praster-

2216 4741 2276 4782 ea
2324 4727 2660 4784 ethnicorum
2706 4728 2912 4785 fabulas
2950 4731 3145 4786 ibidem
3194 4742 3409 4788 sanctus
3449 4743 3656 4807 martyr
3696 4749 3812 4792 me-

2216 4828 2419 4885 morat,
2443 4835 2576 4890 quas
2607 4819 2720 4885 his,
2753 4837 2871 4892 qua:
2896 4822 2965 4875 de
2990 4821 3212 4878 Christo
3239 4838 3365 4880 vere
3396 4834 3706 4893 narrantur,
3733 4825 3809 4882 si-

2214 4910 2370 4965 miles
2397 4925 2517 4966 esse
2546 4911 2800 4968 ostendit.
2835 4913 3024 4969 Postea
3078 4930 3207 4971 vero
3248 4915 3338 4972 ille
3387 4915 3572 4986 adjicit
3600 4916 3810 4973 tabulas

2211 4998 2516 5071 hujusmodi
2555 5003 2624 5057 ab
2653 5003 2879 5060 ethnicis
2908 5005 3114 5073 poetis,
3145 5005 3396 5061 instinctu
3426 5006 3670 5078 dolisque
3693 5007 3808 5066 da:-

2209 5110 2428 5151 monum
2475 5094 2594 5150 ideo
2625 5095 2964 5164 decantatas,
3007 5106 3066 5152 ut
3091 5113 3210 5168 qua:
3237 5114 3265 5152 a
3292 5097 3507 5155 Christo
3549 5099 3807 5156 mirabili-

2209 5193 2291 5242 ter
2307 5195 2459 5257 gesta
2483 5195 2636 5252 sunt,
2668 5203 2764 5272 pro
2785 5187 2976 5244 fabulis
3006 5190 3334 5261 poeticisque
3361 5191 3679 5248 commentis
3705 5191 3800 5246 ha-

2204 5277 2480 5336 berentur.

2276 5371 2446 5428 Nemo
2477 5381 2561 5429 est
2585 5381 2760 5430 autem
2781 5416 2795 5442 ,
2825 5375 2946 5446 qui,
2976 5377 3132 5432 nobis
3158 5378 3318 5433 etiam
3347 5378 3664 5448 silentibus,
3689 5393 3798 5438 non

2203 5461 2464 5535 intelligat
2500 5474 2756 5536 quantum
2799 5466 2916 5523 btet:
2940 5467 3250 5525 Tertulliani
3276 5470 3434 5528 dictis
3459 5481 3793 5544 congruant,

2200 5565 2361 5626 atque
2387 5557 2512 5614 inde
2535 5557 2947 5615 conﬁrmentur.
2977 5559 3092 5617 Non
3124 5578 3284 5618 unam
3312 5563 3458 5620 enim
3492 5573 3697 5621 tantum
3728 5565 3796 5620 de

2199 5647 2347 5706 lovis
2371 5664 2494 5706 cum
2523 5651 2702 5707 Danae
2720 5651 2928 5710 nefario
2951 5654 3234 5710 concubitu
3261 5654 3519 5720 fabulam,
3544 5656 3640 5713 sed
3661 5657 3797 5713 alias

2198 5737 2358 5795 etiam
2404 5741 2584 5811 plures
2611 5741 2794 5812 paucis
2835 5742 2982 5800 hisce
3011 5745 3190 5801 verbis
3231 5745 3582 5816 perstrinxit:
3621 5745 3794 5802 Filius
