4240 6262
315 324 429 384 357

1448 313 1905 376 DISSERTATIO
1943 315 2006 375 D.
2049 315 2137 374 LE
2171 313 2478 376 NOURRY.

3501 313 3610 376 858

321 439 422 495 Dei
441 435 838 494 annuntiabatur
858 449 960 490 non
987 432 1190 504 quidem
1216 432 1292 488 ita
1314 431 1511 504 genitus
1534 474 1550 500 ,
1577 441 1630 487 ut
1653 433 1908 488 erubescat
1935 433 1990 494 Α
2013 432 2460 504 quemadmodum
2479 429 2641 488 Isaias
2666 427 3006 502 priedixerat.
3029 428 3136 486 Sed
3166 427 3391 501 ipsemet
3412 430 3612 488 Auctor

319 531 376 586 in
407 530 535 585 Filii
566 529 789 594 nomine,
832 535 921 581 aut
947 525 1010 581 de
1048 524 1226 580 Patris
1255 525 1484 590 semine;
1512 541 1612 578 non
1640 525 1702 578 de
1725 525 1916 580 sororis

321 625 510 680 incesto
528 663 544 690 ,
577 639 679 677 non
700 621 764 676 de
787 629 967 691 stupro
991 620 1145 688 ﬁliae,
1170 629 1259 673 aut
1277 619 1511 690 conjugis
1535 619 1718 672 aliena:
1757 617 1918 672 Deum

322 729 518 790 patrem
558 732 736 786 passus
779 725 852 769 εει
904 725 1276 786 squammatum
1301 756 1317 782 _.
1362 724 1451 768 aut
1481 725 1780 779 cornutum,
1827 721 1918 768 aut

324 813 609 884 plumatum
649 818 964 876 amatorem,
1019 810 1072 863 in
1117 826 1245 863 auro
1293 825 1606 864 conuersum.
1664 808 1917 872 Danaidis

321 903 465 959 locis
498 904 592 958 ista
632 911 747 957 sunt
789 901 996 955 nomina
1037 911 1201 955 vestra
1247 899 1592 968 (Tertullian.
1644 900 1912 970 Apologet.

320 1013 435 1065 cap.
475 995 565 1059 21,
590 1011 710 1066 pag.
745 992 892 1062 396).
923 993 1095 1064 Atque
1126 995 1195 1047 ita
1226 993 1341 1047 hinc
1367 993 1612 1064 leguntur
1639 992 1690 1046 in
1719 993 1916 1047 nostris

323 1087 598 1143 codicibus
645 1085 1058 1156 mauuscriptis,
1086 1094 1139 1139 et
1165 1083 1322 1140 editis
1349 1084 1731 1140 vetustioribus
1756 1125 1770 1145 ,
1812 1083 1914 1139 nisi

319 1179 460 1250 quod
504 1179 556 1233 in
586 1178 670 1234 his
701 1185 954 1248 punctum
983 1185 1104 1247 post
1131 1192 1324 1232 nomen
1355 1174 1608 1230 Danaidis
1647 1191 1874 1247 posuere
1896 1217 1911 1242 ,

319 1281 374 1326 et
401 1287 584 1326 aurum
614 1285 711 1341 pro
734 1287 880 1325 auro.
907 1272 972 1325 At
997 1270 1258 1341 Rigaltius
1287 1269 1413 1324 illud
1441 1269 1691 1324 Danaidis
1719 1286 1914 1326 nomen

321 1363 539 1418 abstulit
581 1365 796 1438 propria
823 1404 838 1428 ,
886 1363 960 1418 uti
1001 1363 1203 1432 liquet,
1235 1363 1585 1429 auctoritate,
1635 1373 1689 1417 et
1727 1371 1913 1418 c0ntra

318 1457 559 1510 omnium
588 1455 832 1511 codicum
853 1456 1338 1527 manuscriptorum
1367 1465 1422 1511 et
1442 1456 1705 1511 editorum
1730 1455 1909 1512 tidem.

318 1545 397 1601 De
425 1547 509 1601 his
540 1561 701 1616 porro
727 1546 875 1602 Jovis
912 1546 978 1601 ad
1023 1547 1255 1618 virgines
1297 1557 1352 1602 et
1397 1547 1650 1602 mulieres
1693 1559 1913 1603 constu-

315 1637 552 1706 prandas
594 1637 1032 1693 conversionibus
1068 1653 1098 1692 a
1145 1636 1301 1692 nobis
1339 1636 1537 1691 dictum
1566 1646 1648 1692 est
1679 1638 1730 1693 in
1759 1654 1914 1708 supe-

313 1729 550 1784 rioribus
576 1730 776 1784 nostris
799 1771 815 1794 ,
847 1744 910 1783 ac
939 1730 1234 1798 prmsertim
1265 1728 1316 1782 in
1346 1727 1568 1784 Arnobii
1604 1729 1772 1784 libros
1795 1729 1910 1787 dis-

313 1821 694 1878 sertationibus
717 1820 1022 1894 (Dissertat.
1047 1821 1102 1875 in
1129 1821 1322 1876 Arnob.
1353 1838 1465 1892 cap.
1502 1821 1557 1888 9,
1586 1831 1685 1878 art.
1716 1824 1747 1876 ι
1767 1823 1807 1895 ).

918 1949 1220 1990 Διιτισυιυς
1248 1951 1303 1989 ll.

318 2049 569 2106 Eumdem
595 2049 784 2106 Christi
812 2049 865 2103 in
888 2057 1048 2104 terras
1074 2049 1345 2104 adventum
1372 2066 1474 2104 non
1507 2066 1653 2120 posse
1676 2051 1851 2123 negari
1878 2066 1912 2105 a

508 2145 710 2199 Iudaeis
727 2185 743 2210 ,
775 2145 874 2199 nisi
899 2159 1033 2198 cazca
1053 2143 1388 2198 obstinatione
1415 2145 1691 2201 mulctatis.

384 2282 668 2353 Postquam
690 2280 1052 2337 Tertulliauus
1075 2281 1336 2337 adversus
1361 2282 1606 2352 gentiles.
1629 2297 1724 2350 eo,
1746 2298 1928 2354 quem"

311 2374 704 2446 explicuimus.
769 2373 934 2428 modo
975 2373 1301 2443 disputavit,
1356 2383 1467 2428 tum
1513 2374 1768 2430 continuo
1815 2374 1906 2430 illa

313 2481 440 2522 vera
479 2481 601 2522 esse
627 2464 848 2536 probat,
894 2481 1014 2536 qua:
1039 2465 1332 2521 Christiani
1361 2475 1548 2521 contra
1578 2466 1794 2523 Judteos
1838 2468 1908 2525 de

311 2556 510 2612 Christi
539 2556 748 2612 Domini
773 2557 1016 2614 adventu
1043 2556 1332 2612 docebant.
1364 2555 1453 2612 Sic
1478 2558 1677 2628 quippe
1713 2574 1904 2629 prose-

307 2649 520 2719 quitur:
571 2648 812 2704 Sciebant
855 2657 902 2703 et
950 2647 1123 2703 Judtei
1165 2657 1428 2703 uenturum
1472 2666 1579 2705 esse
1614 2647 1902 2717 Christum,

308 2741 495 2795 scilicet
522 2742 706 2813 quibus
746 2741 1006 2811 prapheta:
1032 2740 1377 2808 loquebantur.
1411 2740 1549 2796 Nam
1574 2750 1621 2797 et
1649 2759 1780 2796 nunc
1805 2743 1903 2796 ad-

310 2842 508 2887 ventum
549 2833 661 2903 ejus
695 2841 1026 2902 exspectant,
1071 2849 1161 2887 nec
1206 2832 1313 2886 alia
1357 2833 1522 2904 magis
1565 2834 1695 2888 inter
1722 2851 1816 2888 nos
1857 2843 1904 2888 et

307 2924 423 2980 illos
445 2926 780 2996 compulsatio
819 2935 889 2981 est
913 2967 929 2992 ,
960 2942 1110 2994 quam
1149 2925 1285 2996 quod
1303 2925 1422 2996 jam
1448 2926 1642 2980 venisse
1660 2943 1762 2982 non
1787 2943 1902 2982 cre-

307 3016 454 3071 dunt.
482 3015 697 3072 Duobus
725 3017 861 3073 enim
890 3018 998 3086 ejus
1022 3017 1318 3072 adventibus
1339 3017 1642 3088 significatis
1659 3059 1675 3085 ,
1701 3020 1866 3090 primo
1883 3061 1898 3086 ,

304 3108 392 3179 qui
407 3110 522 3178 jam
549 3121 858 3181 npunctns,
889 3111 1004 3166 sive
1030 3123 1281 3177 etaetus,
1315 3120 1368 3166 et
1397 3111 1677 3169 confectus
1700 3154 1717 3180 ,
1747 3122 1820 3168 est
1846 3113 1903 3167 in

2020 534 2202 581 noster
2249 523 2423 580 adhuc
2467 523 2761 579 audiendus
2807 532 2934 579 est:
2986 521 3072 578 Ne
3101 523 3232 578 enim
3273 523 3611 594 intelligerent

2021 619 2292 687 pristinum
2313 617 2501 672 Christi
2528 617 2818 680 adventum,
2840 616 3079 670 credituri
3097 658 3112 684 ,
3145 617 3188 671 si
3213 616 3609 684 intellexissent,

2019 719 2064 763 et
2112 709 2431 764 consecuturi
2466 709 2714 775 salutem,
2753 709 2799 762 si
2825 708 3185 772 credidissent,
3231 708 3464 762 meritum
3515 709 3612 778 fuit

2020 799 2256 853 delictum
2286 815 2480 855 eorum.
2508 799 2620 868 Ipsi
2646 800 2815 870 legunt
2842 801 2913 853 ita
2938 801 3182 871 scriptum
3204 816 3223 855 :
3245 799 3514 855 mulctatos
3544 817 3598 856 se

2018 893 2266 960 sapientia
2293 901 2340 946 et
2369 891 2698 963 intelligentia
2722 933 2736 956 ,
2779 901 2824 946 et
2867 893 3133 947 oculorum
3161 902 3206 948 et
3235 894 3436 947 aurium
3462 894 3610 964 fruge

2024 981 2366 1052 (Tertullian.
2410 985 2675 1054 Apologet.
2709 999 2822 1054 cap.
2856 983 2950 1051 2!,
2971 1001 3091 1056 pag.
3128 984 3278 1056 400).
3311 984 3609 1057 Cyprianus

2019 1089 2148 1129 vero
2175 1075 2252 1130 sic
2284 1090 2493 1130 rursum
2547 1076 2662 1145 ejus
2710 1077 2903 1146 pressit
2947 1077 3196 1147 vestigia:
3245 1077 3396 1144 Quod
3442 1088 3610 1132 autem

2020 1166 2115 1219 hoc
2139 1165 2440 1220 Iudaeorum
2481 1168 2699 1238 papulus
2727 1167 3007 1240 intelligere
3033 1184 3133 1223 non
3169 1170 3364 1240 potuit,
3395 1169 3609 1224 delicto-

2017 1279 2130 1317 rum
2159 1264 2390 1318 meritum
2419 1265 2534 1334 fuit.
2566 1262 2656 1316 Sic
2701 1273 2844 1318 erant
2885 1264 3150 1334 sapientia
3177 1273 3222 1319 et
3269 1263 3612 1334 intelligentia:

2017 1355 2518 1419 cwcitatemulctati;
2548 1366 2601 1409 ut
2632 1354 2722 1427 qui
2770 1355 2870 1409 vita
2899 1355 3096 1427 indigni
3133 1364 3328 1421 essent,
3376 1356 3612 1409 haberent

2016 1450 2168 1502 vitam
2195 1459 2314 1503 ante
2336 1450 2526 1516 oculos,
2559 1465 2648 1503 nec
2668 1449 2890 1504 viderent
2920 1450 3186 1522 (Cyprian.
3216 1451 3305 1506 lib.
3329 1449 3390 1505 de
3406 1448 3607 1505 Idolor.

2015 1540 2219 1611 nanit.).

2090 1633 2260 1689 Ambo
2281 1641 2458 1688 autem
2487 1632 2554 1688 ad
2583 1633 2696 1688 htec
2716 1633 2904 1704 procul
2941 1631 3104 1688 dubio
3127 1631 3486 1688 collineabant
3507 1673 3522 1698 ,
3545 1645 3612 1688 ac

2017 1727 2177 1782 tacito
2224 1727 2478 1789 nomine,
2511 1726 2748 1781 citabant
2798 1725 2947 1781 Isaia:
2992 1725 3186 1779 verba:
3224 1723 3374 1778 Dices
3419 1726 3610 1796 papula

1938 1823 1986 1884 Β
2015 1820 2164 1873 huic:
2209 1819 2400 1872 Audite
2445 1818 2741 1884 audientes,
2797 1827 2843 1872 et
2907 1816 3064 1871 nolite
3105 1817 3402 1886 intelligere,
3443 1825 3490 1871 et
3527 1817 3608 1871 ui-

2013 1912 2126 1966 dete
2193 1913 2473 1977 visionem,
2530 1920 2576 1964 et
2628 1913 2785 1965 nolite
2859 1926 3176 1980 cognoscere.
3235 1908 3454 1965 Excreca
3507 1928 3598 1966 cor

2013 2005 2188 2076 populi
2211 2005 2396 2075 hujus,
2438 2013 2482 2057 et
2531 2019 2678 2058 aures
2705 2005 2813 2075 ejus
2838 2020 3060 2075 aggraua
3085 2043 3102 2068 ,
3136 2012 3182 2056 et
3205 2002 3380 2058 oculos
3407 2005 3608 2072 claude,

2013 2113 2074 2151 ne
2125 2096 2254 2165 forte
2300 2097 2466 2150 videat
2526 2097 2719 2159 oculis,
2771 2105 2817 2151 et
2860 2095 3068 2150 auribus
3112 2096 3326 2162 audiat,
3370 2105 3417 2152 et
3460 2098 3612 2152 corde

2009 2206 2101 2244 suo
2131 2188 2413 2258 intelligat,
2445 2198 2492 2243 et
2511 2199 2851 2257 convertatur,
2877 2201 2923 2244 et
2944 2205 3116 2244 sanem
3144 2205 3258 2244 eum
3279 2187 3457 2260 (Isai.,
3487 2206 3605 2261 cap.

2012 2283 2085 2350 6,
2131 2300 2180 2338 υ.
2232 2283 2266 2338 9
2307 2292 2354 2338 et
2402 2282 2514 2353 10).
2563 2283 2693 2352 Qua:
2748 2283 2964 2353 quidem
3009 2285 3168 2338 citam
3212 2284 3450 2340 invenies
3501 2299 3606 2342 non

2009 2378 2183 2432 solum
2204 2379 2257 2431 in
2281 2375 2511 2431 Μαιηιωί
2537 2376 2826 2446 Evangelio
2877 2385 2930 2432 et
2958 2376 3178 2432 Actibus
3205 2375 3605 2446 Apostolorum,

2008 2471 2104 2527 sed
2147 2487 2177 2525 a
2224 2469 2430 2525 Joanne
2475 2470 2635 2526 etiam
2681 2469 3017 2539 Evangelista
3062 2469 3204 2524 hunc
3243 2469 3295 2524 in
3347 2467 3604 2524 modum:

2010 2561 2295 2633 Propterea
2337 2579 2439 2616 non
2496 2570 2731 2630 poterant
2781 2561 3018 2624 credere,
3085 2561 3207 2629 quia
3247 2560 3430 2640 iterum
3475 2560 3606 2614 dixit

2008 2654 2178 2710 Isaias
2217 2673 2230 2710 :
2286 2653 2579 2710 Excwcavit
2629 2652 2802 2707 oculos
2851 2669 3060 2714 eorum,
3118 2661 3164 2704 et
3216 2651 3473 2705 induravit
3517 2668 3605 2706 cor

2007 2763 2220 2813 eorum;
2247 2757 2300 2800 ut
2341 2763 2444 2800 non
2473 2745 2674 2799 videant
2714 2745 2874 2798 oculis
2894 2784 2910 2807 ,
2953 2753 2999 2796 et
3037 2742 3321 2812 intelligant
3348 2741 3529 2808 corde,
3558 2752 3606 2797 et

2005 2847 2392 2901 convertantur,
2441 2846 2487 2890 et
2525 2852 2697 2890 sanem
2741 2851 2824 2890 eos
2874 2831 3111 2904 (Matth.
3153 2847 3270 2900 cap.
3311 2831 3366 2894 i,
3411 2848 3459 2886 υ.
3509 2831 3601 2899 14,

1987 2931 2120 2994 \Act.
2151 2946 2267 2993 cap.
2298 2928 2391 2994 ‘28,
2424 2944 2472 2982 υ.
2521 2926 2615 2981 26.
2644 2925 2875 2980 Johann.
2917 2940 3034 2993 cap.
3070 2922 3158 2988 12,
3203 2939 3251 2977 υ.
3283 2922 3354 2980 39
3380 2932 3427 2978 et
3463 2923 3537 2980 ιο
3561 2925 3601 2996 ).

2006 3022 2114 3080 Sed
2145 3024 2212 3078 de
2248 3021 2448 3078 Juda:is
2473 3019 2794 3076 intolerabili
2829 3032 3048 3089 prorsus
3076 3017 3449 3073 obstinationis
3477 3019 3604 3074 vitio

2005 3113 2323 3179 obcaecatis,
2365 3112 2562 3183 quique
2606 3109 2807 3164 idcirco
2848 3108 3071 3164 credere
3099 3108 3330 3178 amplius
3373 3122 3478 3164 non
3508 3124 3605 3178 po-

306 3200 592 3255 humilitate
628 3202 933 3257 conditionis
970 3203 1241 3267 humanae;
1279 3204 1522 3268 secundo,
1575 3205 1664 3274 qui
1691 3205 1898 3259 conclu-
1921 3211 1966 3273 ρ
2000 3210 2166 3262 tuisse
2195 3205 2464 3270 dicuntur,
2513 3203 2563 3258 in
2595 3212 2775 3258 nostra
2805 3199 2874 3255 de
2915 3201 3176 3256 Lactantii
3221 3201 3368 3255 libris
3397 3201 3602 3257 disser-

304 3291 470 3346 dendo
495 3293 681 3347 steculo
700 3292 928 3348 imminet
961 3293 1015 3347 in
1045 3293 1353 3347 sublimitate
1373 3294 1652 3348 divinitatis
1676 3305 1862 3350 exerta:
1882 3337 1898 3362 ,

303 3385 359 3442 id
387 3392 498 3452 est,
541 3385 842 3454 conspicua:
873 3395 928 3440 et
965 3387 1296 3450 manifestae,
1325 3387 1547 3455 primum
1577 3403 1678 3441 non
1707 3387 1900 3442 intelli-

303 3480 506 3551 gendo,
554 3477 824 3534 secundum
867 3495 1015 3550 quem
1063 3480 1379 3551 manifestius
1420 3480 1752 3548 praedicatum
1781 3498 1900 3552 spe-

301 3580 440 3636 rant,
463 3586 617 3624 unum
633 3571 1038 3626 existimaverunt
1057 3571 1385 3644 (Tertullian.
1413 3571 1677 3642 Apologet.
1695 3590 1792 3645 cap
1806 3573 1898 3642 21,

302 3678 425 3732 pag.
453 3660 605 3730 400).
633 3663 706 3717 De
748 3662 850 3717 hoc
877 3672 1055 3719 autem
1086 3662 1399 3718 Tertulliani
1427 3661 1574 3717 fonte
1600 3663 1901 3735 Cyprianus

300 3772 452 3812 more
490 3771 588 3812 suo
627 3758 857 3828 potavit;
895 3766 1056 3828 atque
1083 3771 1210 3812 suos
1235 3758 1313 3813 sic
1341 3757 1610 3813 transtulit
1640 3759 1692 3812 in
1735 3773 1896 3814 usus:

301 3848 540 3904 Sciebant
582 3859 628 3904 et
662 3848 836 3904 λιιιιωί
879 3849 1132 3905 Christum
1172 3866 1278 3904 esse
1315 3859 1598 3904 venturum.
1635 3849 1775 3904 Nam
1817 3850 1900 3905 hic

301 3940 405 3995 illis
433 3957 631 4011 semper
658 3942 917 4014 prophetis
944 3941 1329 3996 admonentibus
1350 3941 1765 3996 annuntiabatur.
1791 3943 1900 3998 Sed

298 4034 584 4106 signiﬁcato
614 4035 809 4104 duplici
837 4037 946 4107 ejus
978 4035 1198 4090 adventu
1217 4077 1233 4101 ,
1265 4051 1368 4088 uno
1396 4035 1480 4104 qui
1507 4035 1560 4088 in
1586 4036 1824 4090 exercitio
1848 4045 1899 4090 et

300 4127 529 4195 exemplo
555 4127 773 4180 hominis
803 4131 1116 4198 fungeretur,
1145 4126 1306 4180 altero
1332 4127 1418 4191 qui
1447 4125 1610 4182 Deum
1631 4127 1894 4197 fateretur,

301 4222 401 4273 non
435 4219 765 4289 intelligendo
805 4219 1025 4288 primum
1056 4220 1325 4273 adventum
1345 4260 1362 4284 ,
1391 4220 1477 4290 qui
1501 4221 1737 4288 passione
1766 4235 1900 4291 prte-

298 4311 444 4364 cessit
482 4312 742 4376 occultus,
775 4327 933 4365 unum
963 4322 1158 4366 tantum
1187 4312 1399 4366 credunt
1418 4353 1434 4378 ,
1467 4313 1553 4383 qui
1583 4315 1677 4367 erit
1705 4315 1760 4368 in
1803 4330 1898 4384 po-

298 4408 473 4454 testate
499 4403 796 4470 manifestus
817 4403 1095 4474 (Cyprian.
1127 4402 1190 4456 de
1210 4400 1412 4458 ldotor.
1439 4403 1642 4474 vanit.).

371 4493 605 4563 Uterque
653 4495 808 4564 igitur
851 4494 1043 4550 fatetur
1080 4510 1264 4550 verum
1317 4495 1479 4550 fuisse
1527 4495 1761 4562 ChriSti,
1803 4510 1893 4550 as-

2007 3301 2208 3354 tatione
2231 3298 2339 3368 jam
2371 3295 2783 3366 disputavimus,
2816 3302 2975 3364 atque
3018 3293 3154 3348 infra
3183 3292 3409 3348 articulo
3438 3295 3602 3350 tertio

2005 3390 2203 3461 aliquid
2253 3388 2427 3443 adhuc
2469 3385 2754 3443 dicendum
2787 3384 3104 3457 (Dissertat.
3137 3384 3190 3438 in
3215 3383 3453 3439 Lactant.
3481 3401 3598 3456 cap.

2008 3482 2095 3544 16.
2127 3491 2222 3535 art.
2255 3481 2289 3535 2
2311 3483 2354 3551 ).

2077 3573 2259 3644 Neque
2279 3572 2367 3628 hic
2387 3571 2532 3626 stetit
2561 3570 2816 3626 indomita
2843 3580 2896 3624 et
2915 3583 3058 3625 caeca
3087 3568 3395 3624 Judaorum
3427 3567 3600 3639 pervi-

2007 3669 2154 3725 cacia
2179 3685 2192 3721 :
2224 3665 2320 3722 sed
2345 3681 2465 3720 cum
2491 3664 2737 3720 Christus
2764 3661 3014 3718 inauditis
3041 3661 3302 3726 hactenus
3327 3661 3601 3716 miraculis

2005 3779 2070 3819 ex
2101 3760 2288 3816 aiterni
2322 3759 2402 3813 sui
2433 3757 2607 3812 Patris
2632 3757 2752 3810 sinu
2785 3769 2845 3809 se
2871 3754 3083 3810 venisse
3111 3754 3394 3824 unicuique
3424 3752 3600 3807 maui-

2006 3852 2290 3909 l‘estissime
2321 3848 2681 3922 patefaceret,
2727 3848 2840 3900 inec
2886 3845 2962 3900 illi
3007 3845 3226 3916 magicis
3268 3845 3474 3900 artibus
3502 3844 3600 3900 tri-

2005 3945 2170 4001 buere
2199 3941 2315 3998 ausi
2338 3951 2481 3996 sunt.
2501 3941 2699 3996 Verum
2753 3938 3058 4002 enimvero,
3086 3953 3234 4006 quem
3257 3936 3598 4000 solummodo.

2003 4043 2074 4100 ita
2132 4041 2303 4112 pergit
2353 4037 2745 4101 Tertullianus,
2777 4035 3031 4089 hominem
3063 4040 3493 4102 prwsumpserant
3537 4031 3602 4086 de
3639 4085 3658 4093 ,,

2004 4135 2287 4189 humilitate
2311 4173 2324 4194 ,
2357 4132 2656 4200 sequebatur
2684 4129 2756 4181 uti
2795 4143 3002 4196 magum
3041 4125 3350 4178 aestimarent
3401 4123 3465 4177 de
3505 4139 3597 4194 po-

2001 4237 2195 4290 testate,
2226 4242 2340 4280 cum
2367 4223 2454 4277 ille
2481 4223 2627 4276 verbo
2653 4219 2905 4274 daemonia
2929 4217 2993 4268 de
3011 4215 3298 4269 hominibus
3321 4224 3596 4282 excuteret,

2001 4337 2157 4375 ctecos
2187 4318 2532 4379 reluminaret,
2566 4315 2884 4382 leprosos....
2914 4307 3180 4362 ostendens
3205 4323 3312 4362 sese
3325 4311 3453 4380 λέγον
3483 4306 3593 4372 Dei,

2000 4413 2053 4466 id
2080 4421 2152 4465 est
2173 4450 2188 4473 ,
2230 4409 2430 4464 verbum
2469 4404 2599 4459 illud
2630 4400 2990 4471 primordiale,
3038 4400 3464 4469 primogenitum,
3494 4399 3598 4451 uir-

2000 4517 2104 4560 tute
2131 4514 2175 4558 et
2201 4503 2396 4556 ratione
2437 4499 2622 4569 fultum
2652 4495 2994 4566 (Tertullian.
3026 4493 3293 4564 Apologet.
3336 4507 3455 4561 cap.
3495 4489 3588 4546 21.

295 4594 512 4654 sumpta
553 4585 782 4640 hominis
811 4602 1000 4650 carne,
1051 4587 1360 4642 adventum.
1391 4587 1599 4642 Etenim
1630 4587 1699 4641 ab
1741 4597 1893 4643 vcte-
1919 4593 1972 4652 D
2001 4617 2050 4669 ρ,
2101 4595 2247 4665 400).
2280 4593 2356 4647 Ita
2386 4592 2437 4645 in
2462 4589 2672 4658 Rigaltii
2701 4585 2954 4641 editione.
2984 4584 3038 4639 lu
3071 4585 3270 4637 nostris
3292 4591 3470 4637 autem
3496 4596 3592 4636 eo-

294 4675 450 4735 ribus
487 4678 760 4748 sacrisque
802 4680 1074 4750 pr0phetis
1117 4690 1223 4733 tam
1269 4687 1488 4749 aperte,
1539 4678 1694 4734 sicuti
1741 4681 1897 4750 paulo

293 4777 424 4824 ante
465 4763 804 4838 monuimus,
858 4774 1248 4841 praenuntiatus
1288 4781 1403 4835 est,
1435 4783 1488 4826 ut
1528 4771 1698 4827 JUdil3i
1750 4773 1895 4827 ilhun

292 4861 544 4931 ignorare
585 4878 690 4922 non
734 4866 1019 4934 potuerint.
1055 4866 1251 4921 Verum
1281 4866 1402 4935 quia
1431 4864 1674 4922 Christus
1703 4868 1756 4921 in
1793 4866 1895 4922 hu-

295 4967 470 5008 manae
507 4953 829 5012 conditionis
875 4956 1172 5012 humilitate
1222 4957 1504 5012 mortalem
1545 4959 1705 5013 vitatu
1748 4959 1892 5028 egit,

294 5042 439 5099 hunc
481 5045 650 5102 Judaei
699 5063 883 5102 verum
931 5048 1177 5104 Messiam
1205 5063 1328 5105 esse
1357 5048 1636 5120 praefracte
1662 5065 1894 5122 negave-

294 5147 452 5206 runt,
492 5153 556 5195 ac
596 5141 844 5210 superbia
875 5141 1039 5197 inllati
1070 5152 1386 5212 exspectant
1429 5143 1654 5199 alterum
1675 5186 1688 5209 ,
1719 5143 1811 5214 qui
1840 5144 1892 5198 in

294 5227 404 5284 ﬁne
426 5230 603 5286 mundi
629 5247 750 5287 cum
773 5241 882 5287 tota
909 5232 1103 5288 divina:
1123 5235 1418 5303 maiestatis
1443 5234 1609 5305 gloria
1637 5245 1894 5292 venturus

290 5331 398 5378 est.
440 5323 543 5380 Sed
593 5324 718 5380 alibi
766 5325 1100 5382 ostendimus
1147 5326 1502 5382 voluntarium
1547 5327 1712 5384 fuisse
1753 5328 1893 5384 hunc

291 5412 598 5470 Judreorum
642 5431 919 5482 errorem,
972 5418 1060 5488 qui
1109 5432 1214 5473 non
1261 5418 1435 5473 solum
1482 5433 1511 5472 a
1561 5419 1893 5476 Tertulliano

291 5517 512 5576 nostro,
542 5517 597 5564 et
623 5509 926 5581 Cypriano,
953 5525 1138 5566 verum
1161 5510 1321 5566 etiam
1349 5525 1379 5565 a
1412 5509 1687 5566 Lactantio
1717 5510 1892 5568 fundi-

288 5607 377 5655 tus
405 5601 666 5656 evertitur
692 5601 988 5672 (Dissertat.
1019 5602 1074 5655 in
1102 5600 1350 5666 Lactant,
1399 5617 1513 5668 cap.
1548 5602 1638 5667 t7,
1677 5609 1777 5658 art.
1806 5600 1887 5675 5).

362 5689 520 5746 Tanti
546 5702 724 5748 autem
755 5693 1064 5750 Judmomm
1091 5694 1322 5759 erroris,
1348 5701 1612 5762 tanta:th
1637 5695 1892 5752 caecitatis

284 5799 450 5842 causa
475 5826 492 5856 ,
538 5787 708 5866 inquit
753 5789 1157 5857 Tertullianus,
1211 5804 1398 5847 eorum
1443 5788 1541 5847 luit
1587 5790 1844 5849 delictum
1870 5831 1887 5865 ,

2001 4688 2238 4752 ilicibus,
2278 4694 2334 4740 et
2351 4691 2506 4737 antea
2535 4679 2726 4738 editis;
2761 4677 3042 4732 Ostendens
3065 4692 3119 4731 se
3145 4691 3254 4728 esse
3274 4715 3288 4739 ,
3321 4673 3434 4728 sive
3488 4691 3596 4731 sese

2011 4779 2228 4834 Verbum
2269 4776 2394 4843 Dei,
2444 4774 2498 4826 id
2548 4781 2655 4836 est,
2689 4775 2832 4840 λόφον,
2887 4767 3057 4832 illud;
3107 4781 3170 4820 ac
3216 4775 3334 4836 post
3372 4765 3594 4820 verbum

2001 4874 2184 4946 fultum
2206 4912 2221 4938 ,
2252 4870 2303 4926 in
2335 4870 2412 4924 eis
2438 4865 2678 4920 additum
2706 4874 2784 4918 est
2807 4903 2822 4929 ,
2853 4861 3087 4915 eumdem
3123 4857 3390 4929 quiuerbo
3425 4859 3596 4914 omnia

1999 4975 2044 5022 et
2070 4969 2255 5038 faceret
2283 4972 2330 5018 et
2353 4961 2566 5032 fecisset.
2609 4955 2712 5012 Sed
2749 4955 3000 5026 quoniam
3048 4955 3222 5023 priora
3255 4949 3414 5007 verba
3438 4965 3468 5005 a
3497 4951 3594 5007 Ri-

2000 5057 2162 5130 galtio
2189 5053 2514 5124 tranSposita
2543 5049 2754 5105 fuerunt
2780 5089 2796 5114 ,
2832 5047 3066 5118 aliquam
3130 5044 3318 5100 saltem
3361 5059 3458 5098 cur
3496 5058 3594 5114 po-

1999 5149 2224 5206 steriora
2265 5144 2545 5211 deleverit,
2575 5141 2839 5196 rationem
2877 5137 3101 5194 reddere
3139 5135 3390 5192 debebat.
3429 5133 3596 5190 Num-

1998 5241 2123 5312 quid
2164 5248 2342 5294 autem
2383 5252 2445 5292 ea
2475 5235 2696 5302 reiecit,
2725 5231 2808 5287 vel
2838 5230 2960 5300 quia
3001 5229 3072 5283 ibi
3108 5236 3192 5282 est
3216 5226 3592 5290 soloecismus.

2000 5333 2089 5388 vel
2138 5333 2259 5402 quia
2303 5328 2506 5384 inutilia
2553 5339 2675 5383 esse
2715 5323 3004 5380 arbitratus
3035 5319 3164 5376 est?
3208 5317 3347 5386 Quid
3379 5333 3506 5374 vero
3547 5318 3595 5373 si

1997 5437 2292 5495 pronomen
2351 5419 2583 5477 eumdem
2635 5415 2701 5472 ad
2755 5419 2883 5486 λόγον
2936 5412 3238 5470 referatur?
3290 5410 3478 5468 Nonne
3538 5411 3590 5464 in

1993 5515 2214 5570 Joannis
2246 5510 2534 5582 Evangelio
2558 5507 2812 5580 legimus.
2848 5503 3170 5573 Principium
3195 5501 3284 5573 qui
3329 5510 3377 5556 et
3414 5501 3592 5569 loquor

1994 5611 2131 5665 nobis
2161 5607 2394 5679 (Joann.
2427 5619 2544 5674 cap.
2571 5601 2608 5660 8
2630 5641 2647 5668 ,
2672 5617 2724 5656 υ.
2763 5599 2861 5670 25)
2879 5599 2904 5654 τ
2925 5594 3194 5666 Numquid
3221 5594 3274 5649 in
3306 5593 3392 5650 his
3415 5593 3591 5648 minor

1993 5711 2109 5768 est,
2141 5713 2298 5772 quam
2325 5697 2378 5754 in
2407 5693 2724 5752 Tertulliani
2744 5692 2924 5752 verbis
2947 5686 3322 5748 soloecismus?
3348 5684 3590 5757 Denique

1993 5794 2181 5851 ultima
2203 5791 2388 5858 verba,
2416 5801 2537 5860 qua
2563 5787 2618 5850 in
2646 5783 2893 5846 omnibus
2919 5781 3120 5842 nostris
3158 5778 3433 5839 codicibus
3459 5775 3589 5848 legi-
