4240 6262
625 304 740 370 8ὕο

1697 302 1767 363 IN
1798 299 2263 362 TERTULLIANI
2295 297 2823 362 APOLOGETICUM

3811 302 3930 362 ³60

629 442 751 484 mus
773 468 790 494 ,
824 439 924 484 nee
956 424 1226 496 superﬂua
1249 421 1521 492 videntur,
1551 434 1656 481 nec
1690 437 1878 495 parum
1917 421 1985 478 ad
2011 421 2226 478 Tertul-
2253 423 2306 484 Λ
2335 421 2536 476 accensi
2559 422 2659 486 ira,
2691 429 2739 476 et
2765 419 3118 492 indignatione
3143 419 3429 490 provocati,
3463 423 3714 489 postremo
3747 419 3926 475 deten-

630 521 758 579 liani
780 519 1085 576 conducunt
1103 516 1458 586 propositum.

701 609 870 678 Major
906 608 1085 676 itaque
1127 605 1229 660 fuit
1255 603 1469 675 Rigaltii
1503 602 1808 676 diligentia,
1857 617 1984 660 cum
2027 603 2228 659 ibidem

631 696 868 756 monitos
903 699 1132 753 lectores
1159 711 1282 752 esse
1309 696 1476 752 Voluit
1496 737 1511 761 ,
1539 696 1594 750 in
1621 694 1938 766 quibusdam
1979 697 2228 751 Auctoris

627 791 820 863 nostri,
845 800 897 847 et
913 785 1170 862 Cypriani
1190 787 1584 859 exemplaribus
1606 787 1709 859 legi
1726 787 1939 858 quidem
1965 804 2225 857 magnum,

630 885 727 942 sed
776 885 953 954 aptius
993 884 1254 954 scriptum
1299 881 1469 939 videri
1529 897 1755 952 magum.
1795 881 1943 937 Bene
1989 880 2224 950 quidem.

629 976 990 1034 Tertullianus
1031 976 1177 1032 enim
1203 984 1390 1045 postea
1436 973 1604 1030 dixit:
1649 972 1842 1045 Ecquis
1880 974 1971 1029 ille
1997 973 2229 1030 Christus

628 1086 744 1126 cum
773 1068 948 1141 fabula
973 1084 1070 1122 sua
1090 1109 1104 1134 ,
1127 1068 1173 1124 si
1206 1068 1357 1122 homo
1381 1065 1662 1122 communis
1685 1066 1988 1121 conditionis
2004 1106 2019 1131 ,
2049 1066 2092 1120 si
2114 1081 2228 1118 ma-

630 1179 723 1235 gus
753 1161 771 1234 (
801 1160 1104 1217 Tertullian.
1143 1159 1414 1232 Apologet.
1458 1176 1575 1228 cap.
1620 1158 1712 1226 20,
1759 1175 1876 1229 pag.
1917 1157 1989 1213 35
2019 1157 2080 1224 Η
2119 1157 2229 1213 Nos

629 1269 845 1327 quoque
881 1264 1138 1324 praeterea
1167 1251 1568 1308 observavimus
1615 1251 1670 1305 in
1700 1249 1980 1305 Harlaeano
2007 1249 2193 1305 codice
2211 1291 2225 1316 ,

632 1349 721 1405 ubi
752 1347 977 1403 habetur
1001 1363 1278 1419 magnum,
1310 1347 1551 1416 apposita
1583 1358 1707 1400 esse
1735 1343 1841 1399 duo
1870 1352 2063 1414 puncta
2093 1343 2228 1398 infra

630 1443 864 1498 litteram
890 1456 944 1508 η,
977 1440 1170 1511 quibus
1189 1437 1455 1509 superﬂua
1481 1436 1815 1506 delendaque
1840 1443 2076 1491 notatur.
2101 1435 2231 1491 Ter-

633 1534 838 1589 tulliani
881 1549 1006 1588 vero
1049 1533 1200 1587 locus
1243 1547 1272 1585 a
1315 1529 1580 1602 Cypriane
1611 1529 1689 1584 sic
1729 1528 2078 1598 trauscriptus
2109 1537 2227 1583 est:

631 1625 762 1682 Cum
796 1625 1026 1680 Christus
1068 1623 1221 1679 Jesus
1263 1623 1545 1678 secundum
1571 1639 1604 1676 a
1649 1621 1908 1692 prophetis
1947 1629 2064 1674 ante
2093 1636 2227 1690 prte-

632 1719 788 1786 dicta,
818 1719 962 1773 uerbo
987 1727 1032 1772 et
1060 1719 1194 1772 uocis
1215 1717 1428 1787 imperio
1453 1716 1705 1771 damonia
1729 1715 1792 1770 de
1829 1714 2114 1770 hominibus
2137 1729 2228 1769 ca:-

2331 503 2441 569 lum
2473 513 2656 569 Pontio
2699 513 2888 579 Pilato,
2922 516 3009 585 qui
3036 525 3160 569 tunc
3189 530 3253 569 ea:
3278 524 3423 583 parte
3450 515 3685 571 Romana
3715 515 3928 587 Syrian:

2333 607 3001 677 procurabat,tradiderunt,
3015 623 3218 662 crucem
3234 609 3362 678 ejus,
3379 617 3428 662 et
3443 617 3652 662 mortem
3666 607 3928 678 suffragiis

2331 701 2564 758 uiolentis
2588 717 2648 754 ac
2666 700 3009 770 pertinacibus
3035 701 3322 770 ﬂagitantes
3355 700 3624 772 (Cyprian.
3648 701 3712 756 de
3735 701 3922 758 idolor.

2330 793 2487 855 venit,
2521 792 2563 863 ).
2619 791 2772 860 Quod
2819 800 2999 847 autem
3053 801 3276 862 uterque
3322 806 3385 846 ac
3435 802 3620 862 postea
3696 791 3928 849 Lactan-

2331 886 2439 942 tius
2470 897 2574 942 tam
2597 885 2799 941 diserte
2842 885 3116 957 appellant
3155 887 3382 941 Pilatum
3411 886 3580 958 Syriae
3611 896 3923 956 procurato-

2331 995 2476 1043 rem,
2504 978 2604 1034 hoc
2629 992 2736 1034 non
2765 986 2914 1033 caret
2936 976 3250 1036 difﬁcultate
3297 997 3310 1033 :
3343 977 3440 1034 sed
3467 993 3588 1034 eam
3637 979 3688 1033 in
3740 988 3926 1035 nostra

2331 1071 2398 1126 ad
2428 1071 2589 1140 hujus
2641 1070 2806 1126 libros
2855 1070 3234 1126 dissertatione
3287 1069 3523 1128 enodare
3579 1072 3922 1128 tentavimus.

2333 1164 2613 1220 Rationem
2661 1179 2872 1233 quoque
2921 1162 3256 1218 reddidimus
3305 1178 3401 1219 cur
3451 1163 3616 1219 Judaei
3671 1164 3925 1222 dicantur

2330 1255 2573 1312 doctrina
2604 1254 2803 1310 Christi
2835 1256 3144 1325 exasperati,
3171 1254 3274 1310 hoc
3302 1264 3382 1311 est
3402 1297 3416 1324 ,
3445 1257 3745 1326 asperiores
3768 1257 3920 1325 lacti,

2331 1348 2471 1414 sive,
2499 1358 2558 1402 ut
2582 1347 2657 1404 ait
2681 1345 2997 1418 Cyprianus,
3031 1347 3110 1400 ira
3134 1357 3182 1402 et
3205 1347 3504 1417 indignitate
3529 1347 3758 1414 accensi,
3793 1348 3924 1418 quia

2335 1440 2510 1510 legem
2549 1455 2737 1494 eorum
2785 1439 3025 1495 solvebat
3059 1447 3114 1496 et
3139 1437 3452 1510 autiquabat
3495 1439 3517 1508 (
3550 1438 3816 1494 Disseruit.
3867 1440 3930 1493 in

2333 1532 2548 1588 Lactan.
2575 1551 2624 1588 c.
2649 1532 2737 1589 18.
2760 1541 2864 1592 art.
2890 1532 2972 1601 9).

2403 1626 2566 1682 Addit
2591 1635 2770 1682 autem
2805 1624 3168 1682 Tertullianus
3198 1643 3211 1678 :
3260 1623 3584 1679 Praedixerat
3624 1633 3674 1678 et
3725 1623 3834 1692 ipse
3857 1624 3932 1678 ita

2337 1722 2588 1792 facturos.
2642 1718 2840 1774 Parum
2887 1719 2982 1772 hoc
3012 1718 3032 1789 (
3059 1719 3112 1772 in
3161 1717 3542 1786 manuscriptis
3592 1715 3929 1772 desideratur

633 1820 823 1874 clueret
841 1853 855 1877 ,
888 1811 1195 1882 paralyticos
1233 1811 1550 1881 restringeret
1571 1850 1586 1878 ,
1616 1809 1842 1879 leprosos
1871 1816 2306 1880 purgaret......B
2335 1829 2626 1885 pronomen
2649 1814 2742 1868 hoc
2762 1815 2802 1883 ),
2842 1812 2886 1867 si
2911 1828 3014 1866 non
3043 1821 3091 1866 et
3134 1811 3396 1882 propheta
3422 1819 3555 1864 retro
3585 1809 3915 1883 (Ter-tullius.

632 1902 808 1958 Judazi
835 1904 921 1974 qui
948 1903 1097 1958 illum
1125 1891 1444 1958 crediderunt
1473 1901 1726 1956 hominem
1757 1910 1954 1955 tantum
1974 1900 2038 1954 de
2066 1900 2233 1954 [tumi-

632 1997 776 2052 litate
801 1998 970 2050 carnis
1009 2005 1058 2050 et
1110 1995 1374 2066 corporis,
1425 1994 1776 2049 existimabant
1816 2008 2022 2063 magum
2059 1991 2123 2046 de
2170 1992 2234 2047 li-

633 2089 797 2142 centia
836 2087 1127 2155 potestatis,
1177 2095 1232 2141 et
1267 2085 1408 2156 apud
1452 2084 1840 2141 Tertulliauum
1887 2092 2131 2140 nostrum
2170 2083 2235 2138 de

637 2191 875 2252 potestate
913 2179 1196 2254 (Cyprian.
1251 2179 1314 2234 de
1355 2178 1556 2235 ldolor.
1604 2178 1762 2232 carsit.
1787 2176 1830 2249 ).
1903 2177 1961 2236 lu
2001 2185 2234 2247 quatuor

636 2288 796 2341 vero,
834 2287 970 2344 quos
1007 2274 1150 2328 nacti
1190 2285 1412 2335 sumus,
1465 2269 1855 2341 antiquioribus
1909 2269 2068 2340 hujus
2124 2267 2232 2340 Cy-

636 2366 806 2435 priani
850 2365 999 2422 libris
1039 2364 1414 2434 manuscriptis
1452 2362 1726 2420 codicibus
1759 2363 1949 2434 legitur
1968 2378 2230 2434 magnum,

635 2455 689 2511 in
723 2457 844 2512 aliis
885 2465 1062 2512 autem
1106 2471 1332 2526 magum.
1385 2455 1762 2511 Verumtamen
1811 2455 2074 2525 posterior
2118 2453 2235 2510 huic

636 2546 793 2602 lectio
817 2546 972 2602 alteri
1003 2547 1360 2616 pmponenda
1384 2547 1628 2614 videtur;
1652 2547 1775 2617 quia
1808 2555 2032 2617 uterque
2060 2545 2233 2602 dissu-

637 2639 707 2694 rit
734 2638 803 2694 de
839 2639 1019 2694 divina
1048 2639 1246 2694 Christi
1276 2647 1574 2709 potestate,
1615 2655 1719 2709 qua
1756 2637 2011 2694 miracula
2049 2652 2237 2708 prope-

637 2730 855 2786 modum
891 2731 1096 2786 intinita
1123 2773 1139 2798 ,
1169 2741 1224 2786 et
1250 2730 1355 2786 huc
1383 2747 1552 2802 usque
1582 2730 1820 2786 inaudita
1852 2729 2074 2795 edebat,
2115 2745 2234 2798 quas

639 2823 1086 2892 impudentissimi
1135 2824 1548 2884 calumniatores
1594 2822 1766 2879 Judaei
1819 2822 2041 2894 magicis
2089 2823 2234 2878 illius

637 2914 840 2970 artibus
867 2915 1172 2971 adscribere
1194 2915 1311 2974 ausi
1346 2915 1572 2970 fuerant.
1603 2915 1682 2971 De
1710 2914 1794 2970 his
1819 2923 1998 2970 autem
2034 2913 2234 2970 Christi

639 3008 931 3075 miraculis,
966 3009 1162 3080 quibus
1184 3009 1592 3066 evidentissime
1628 3008 1996 3079 comprobavit
2026 3022 2087 3064 se
2111 3020 2234 3063 esse

640 3100 736 3156 Dei
791 3100 982 3156 Filium
1013 3143 1029 3168 ,
1083 3111 1140 3158 et
1183 3112 1464 3172 assumpto
1504 3117 1732 3173 corpore
1781 3104 2038 3169 humano,
2071 3102 2233 3157 vitam

2337 1906 2600 1977 Apologet.
2641 1905 2874 1980 cap.21.
2907 1920 3028 1973 pag.
3052 1902 3152 1962 101
3183 1902 3224 1972 ).
3251 1900 3356 1958 Sed
3401 1901 3515 1956 lucc
3548 1901 3706 1971 paulo
3756 1900 3924 1956 fusius

2337 1999 2677 2072 apertiusque
2728 2011 2756 2051 a
2805 1996 3074 2068 Cypriano
3105 1994 3188 2048 his
3236 1993 3412 2049 verbis
3460 1993 3724 2068 explicata
3767 2003 3928 2049 sunt:

2341 2084 2454 2142 Hoc
2474 2104 2558 2142 eos
2584 2093 2807 2162 facturos
2836 2097 2882 2142 et
2929 2088 3040 2158 ipse
3077 2085 3416 2157 praedixerat,
3470 2094 3516 2137 et
3569 2083 3934 2158 prep/tetarum

2337 2180 2564 2234 omnium
2617 2179 2958 2234 testimonium
3010 2177 3083 2231 sic
3131 2185 3248 2230 ante
3292 2184 3636 2246 prtzcesserat,
3702 2184 3933 2244 aportere

2335 2271 2484 2327 illum
2503 2272 2610 2342 pati
2633 2309 2650 2338 ,
2683 2280 2735 2325 ut
2761 2287 2864 2326 non
2885 2270 3091 2324 sentiret
3121 2277 3320 2322 tantum
3348 2276 3562 2321 mortem
3585 2308 3600 2332 ,
3628 2266 3717 2320 sed
3737 2275 3792 2320 ut
3813 2268 3932 2321 uin-

2336 2377 2468 2421 ceret
2495 2365 2766 2438 (Cyprian.
2807 2366 2871 2419 de
2911 2364 3090 2419 ldolor
3122 2364 3328 2432 νίψει).
3382 2360 3501 2429 Quo
3543 2370 3721 2416 autem
3770 2361 3929 2416 modo

2334 2457 2580 2515 Christus
2625 2455 2960 2512 inferendam
3009 2455 3112 2511 sibi
3141 2470 3172 2510 α
3221 2453 3424 2510 iudicis
3448 2467 3634 2516 necem
3665 2453 3927 2523 praedixe-

2336 2552 2426 2617 rit,
2451 2565 2556 2610 non
2575 2563 2716 2605 unus
2748 2557 2972 2615 tantum,
2995 2547 3091 2603 sed
3107 2560 3298 2602 omnes
3315 2545 3675 2616 Evangelista:
3696 2545 3926 2599 maximo

2333 2643 2496 2714 plane
2520 2655 2782 2696 consensu
2827 2638 3098 2694 testiﬁcati
3137 2646 3280 2693 sunt.
3327 2637 3409 2691 Ab
3436 2637 3567 2707 ipsis
3596 2651 3802 2708 quoque
3831 2651 3929 2696 ve-

2338 2739 2467 2792 teris
2490 2736 2816 2792 Testmnenti
2863 2733 3137 2806 prophetis
3186 2734 3558 2790 auuuutiatam
3608 2732 3771 2792 fuisse
3801 2733 3928 2789 alibi

2335 2827 2688 2885 ostendimus.

2409 2919 2544 2974 Tum
2562 2917 2758 2974 deinde
2786 2922 2986 2975 Auctor
3011 2926 3194 2974 noster
3225 2935 3239 2972 :
3278 2917 3341 2972 Et
3369 2927 3538 2972 tanien
3558 2918 3768 2988 sufﬂans
3791 2919 3930 2972 cruci

2335 3011 2571 3082 spiritum
2613 3027 2726 3064 cum
2751 3010 2896 3066 verbo
2926 3011 3151 3079 dimisit,
3181 3021 3432 3081 praecata
3454 3011 3708 3078 carni/icio
3763 3011 3930 3080 omcio

2343 3100 2578 3172 (Matth,
2611 3116 2658 3155 e.
2684 3100 2774 3166 20,
2814 3101 2848 3173 ᾗ
2877 3101 2997 3168 .18,
3031 3100 3120 3167 19;
3149 3099 3341 3168 Mam,
3367 3099 3451 3154 10.
3483 3097 3586 3165 35;
3619 3099 3743 3152 Luc.
3769 3139 3787 3166 ,
3833 3101 3925 3170 10,

639 3193 814 3264 egisse
839 3194 1144 3260 mortalem,
1177 3197 1229 3249 in
1260 3195 1524 3264 superiori
1559 3195 1788 3265 aliisque
1837 3192 2233 3250 dissertationi-
2261 3213 2308 3277 ρ
2339 3194 2412 3251 53
2459 3203 2505 3248 et
2549 3192 2637 3262 18,
2689 3194 2798 3259 51;
2846 3193 3100 3261 Iobatem,
3147 3195 3200 3261 5,
3251 3193 3287 3248 4
3326 3202 3374 3248 et
3411 3191 3483 3258 8;
3527 3191 3641 3248 Act.
3687 3189 3771 3258 t2,
3817 3193 3929 3259 32;

641 3288 742 3344 bus
764 3289 962 3344 nostris
990 3288 1380 3360 disputavimus
1403 3287 1642 3360 (Dissert.
1669 3289 1722 3342 in
1743 3285 2002 3354 Lactant.,
2030 3302 2146 3355 cap.
2176 3285 2229 3351 9,

641 3389 742 3436 art.
768 3380 805 3435 2
832 3390 879 3436 et
903 3398 1064 3453 seqq.,
1098 3397 1216 3450 cap.
1249 3380 1339 3436 18.
1362 3390 1460 3438 art.
1481 3382 1560 3451 5).

1239 3491 1530 3531 Λιιτιουιυε
1560 3491 1636 3530 ΙΙΙ.

644 3565 903 3622 Christum
924 3568 1155 3622 violentis
1185 3566 1489 3622 Iudaeorum
1519 3566 1807 3640 sulfragiis,
1838 3571 1965 3624 sicut
1979 3569 2088 3639 ipse
2111 3585 2241 3641 prte-

717 3657 952 3726 dixerat,
1009 3660 1065 3714 in
1104 3675 1307 3714 crucem
1369 3677 1402 3713 a
1466 3657 1645 3714 Pilato
1695 3661 1866 3732 Syria:
1915 3673 2242 3732 procuratore

717 3759 921 3818 actum,
967 3761 1149 3819 sponte
1175 3761 1220 3806 et
1249 3768 1369 3806 cum
1395 3753 1543 3808 uerbo
1582 3755 1818 3825 spiritum
1859 3757 2148 3822 dimisisse;
2179 3758 2244 3812 de

718 3843 842 3898 solis
879 3853 985 3898 tum
1025 3845 1249 3916 deliquio
1273 3886 1287 3913 ,
1326 3848 1380 3901 in
1407 3863 1600 3901 arcana
1625 3849 1788 3902 relato
1809 3889 1824 3914 ,
1875 3864 1936 3902 ac
1967 3849 2030 3902 de
2048 3847 2242 3906 Christi

715 3921 998 4007 sepultura.

718 4031 1032 4101 Quanquam
1064 4040 1143 4087 tot
1196 4041 1412 4104 tamque
1443 4032 1703 4104 stupenda
1748 4031 1947 4089 Christi
1983 4035 2242 4092 miracula

648 4125 996 4182 invictissime
1021 4125 1284 4182 adversus
1324 4125 1540 4182 Judaeos
1564 4168 1578 4196 ,
1623 4142 1687 4182 ac
1709 4138 2078 4202 quoscumque
2107 4128 2244 4185 alios

651 4215 800 4270 illum
845 4231 974 4272 vere
1000 4217 1168 4272 Deum
1193 4227 1248 4273 et
1271 4217 1548 4274 hominem
1575 4217 1742 4276 fuisse
1762 4260 1777 4286 ,
1828 4234 1892 4276 ac
1917 4235 2040 4276 cum
2064 4221 2242 4278 homi-

649 4310 808 4367 nibus
832 4309 1028 4367 vixisse
1055 4310 1463 4377 demonstrent;
1511 4311 1614 4367 hoc
1655 4321 1830 4369 tamen
1884 4313 2244 4372 Tertullianus

649 4406 781 4461 satis
807 4404 908 4460 sibi
943 4421 1045 4461 non
1089 4421 1212 4462 esse
1255 4407 1541 4463 arbitratus
1562 4417 1662 4463 est.
1699 4408 1875 4480 Pergit
1902 4409 2044 4464 enim
2068 4451 2083 4477 ,
2145 4425 2246 4467 nec

651 4498 829 4552 minus
853 4497 1152 4552 luculenter
1176 4498 1508 4554 demonstrat
1539 4499 1589 4556 id
1637 4499 1814 4556 adhuc
1855 4502 2081 4557 stabiliri
2112 4517 2242 4558 con-

2340 3285 2610 3342 Dissertat.
2644 3288 2696 3340 in
2721 3286 2956 3342 Lactant.
2988 3303 3104 3357 cap.
3130 3287 3186 3342 8.
3215 3297 3316 3340 art.
3342 3287 3412 3352 2;
3442 3285 3746 3342 Tertullian.
3774 3287 3930 3357 Apol.

2343 3397 2461 3450 cap.
2487 3381 2578 3436 21.
2604 3397 2658 3451 ρ.
2687 3380 2843 3450 401).
2879 3381 2952 3436 Ita
3001 3378 3217 3450 quidem
3271 3379 3552 3450 lligaltius.
3604 3377 3711 3434 Sed
3741 3380 3931 3435 miram

2343 3474 2502 3544 plane
2522 3476 2741 3532 adverte
2770 3476 2842 3528 ibi
2870 3515 2883 3538 ,
2924 3475 3063 3529 sicut
3087 3473 3211 3528 alibi
3241 3513 3256 3539 ,
3284 3472 3403 3543 ejus
3431 3471 3779 3543 diligentiam.
3807 3471 3928 3529 Non

2340 3565 2499 3622 aliam
2525 3567 2721 3637 quippe
2762 3566 2966 3621 notavit
2989 3564 3256 3620 diversam
3309 3563 3594 3620 lectionem
3618 3605 3632 3631 ,
3691 3563 3792 3618 nisi
3821 3604 3837 3629 ,
3884 3571 3933 3617 et

2343 3661 2546 3716 tandem
2576 3702 2591 3726 ,
2648 3675 2746 3730 pro
2771 3702 2785 3727 ,
2845 3670 2892 3714 et
2915 3670 3104 3715 tanien.
3133 3661 3203 3714 At
3229 3659 3283 3713 in
3310 3657 3565 3714 omnibus
3601 3659 3796 3714 nostris
3819 3671 3933 3712 tua.

2345 3753 2632 3822 nuscriptis
2659 3753 3054 3822 exemplaribus
3081 3793 3095 3817 ,
3142 3752 3279 3806 sicut
3320 3760 3375 3806 et
3399 3761 3555 3806 antea
3585 3750 3769 3817 editis,
3819 3749 3935 3805 hac

2345 3845 2608 3900 habentur
2632 3861 2650 3898 :
2695 3844 2762 3898 Et
2788 3854 2954 3899 tamen
2981 3845 3188 3914 stt/ﬁnus
3209 3884 3223 3910 ,
3257 3845 3419 3898 multa
3442 3845 3618 3898 mortis
3643 3843 3782 3897 illius
3811 3859 3941 3913 pro;

2345 3938 2460 4009 pria
2515 3937 2733 3992 ostendit
2802 3938 3040 4009 insignia.
3109 3937 3247 3991 Nam
3304 3937 3540 4006 spiritum
3613 3952 3727 3989 cum
3788 3935 3939 3991 uerbo

2343 4039 2521 4102 sponte
2549 4030 2774 4101 dimisit,
2800 4040 3051 4100 prwvcnto
3073 4030 3329 4099 carniﬁcis
3349 4029 3530 4098 o/jicio.
3560 4027 3617 4083 Si
3644 4027 3823 4083 omnia
3842 4041 3938 4083 au-

2347 4135 2458 4182 tem
2485 4123 2602 4180 haec
2651 4123 2812 4179 verba
2842 4123 3074 4195 Rigaltio
3123 4137 3230 4176 non
3259 4121 3602 4191 arridebant,
3655 4138 3760 4181 cur
3793 4123 3939 4182 nulla

2346 4227 2467 4283 data
2491 4225 2698 4280 ratione
2723 4267 2737 4290 ,
2785 4234 2841 4278 et
2864 4222 2952 4277 illa
2981 4220 3230 4286 abstulit,
3256 4229 3309 4275 et
3329 4221 3548 4275 verbum
3570 4231 3766 4290 sponte,
3785 4221 3940 4293 "quod

2347 4319 2486 4388 apud
2515 4318 2842 4392 Cyprianum
2870 4357 2886 4382 ,
2931 4314 3246 4371 Tertulliani
3278 4323 3630 4385 sequestrem,
3667 4313 3942 4384 ﬁdumque

2347 4413 2694 4483 interpretem
2726 4410 2805 4466 sic
2832 4411 3056 4482 legitur:
3083 4409 3389 4476 Cruciﬁxus,
3413 4418 3665 4477 prtevento
3685 4407 3942 4478 carniﬁcis

2348 4503 2538 4574 ofﬁcio,
2580 4503 2814 4573 spiritum
2861 4510 3037 4572 sponte
3065 4501 3255 4554 dimisit
3307 4499 3578 4570 (Cyprian.
3633 4499 3694 4552 de
3735 4498 3937 4555 Idolor.

651 4587 960 4662 ﬁrmarique
1006 4604 1166 4658 posse
1214 4589 1336 4644 aliis
1381 4591 1643 4646 similibus
1674 4591 1948 4648 miraculis
1979 4635 1993 4658 ,
2025 4607 2146 4664 quae
2173 4595 2320 4666 abp
2347 4594 2504 4648 venit.
2532 4593 2574 4665 ).
2643 4592 2830 4647 Nonne
2891 4591 3150 4662 Rigaltius
3195 4591 3494 4660 intelligere
3572 4589 3695 4645 hinc
3764 4590 3945 4661 potuit

654 4682 745 4736 illo
775 4691 898 4738 ante
926 4692 980 4738 et
1005 4693 1125 4752 post
1146 4691 1372 4740 mortem
1389 4683 1539 4744 edita
1559 4695 1704 4740 sunt.
1730 4686 1864 4741 Eum
1893 4702 2022 4758 ergo
2049 4701 2243 4758 sequa-

653 4788 805 4838 mur,
828 4783 882 4828 et
911 4772 980 4827 de
1005 4773 1093 4828 illa
1118 4773 1314 4828 Christi
1340 4785 1515 4830 morte
1540 4775 1896 4832 disserentem
1916 4777 2197 4833 audiamus
2225 4797 2240 4832 :

655 4863 736 4916 Ad
763 4864 1066 4932 doctrinam,
1097 4866 1287 4936 inquit,
1317 4867 1426 4936 ejus
1451 4868 1572 4938 quia
1601 4867 1975 4940 (manuscripti
2004 4870 2243 4938 codices,

654 4957 776 5027 qua)
803 4958 1211 5022 revincebantur,
1259 4959 1524 5030 magistri,
1577 4965 1918 5033 primoresque
1941 4963 2247 5020 Judteorum

655 5049 730 5103 ita
757 5048 1186 5118 exasperabuntur
1211 5091 1225 5116 ,
1256 5051 1476 5104 maxime
1502 5051 1637 5120 quod
1665 5054 1734 5106 ad
1767 5070 1882 5107 eum
1903 5055 2083 5127 ingens
2111 5056 2247 5111 mul-

656 5143 816 5197 titudo
842 5143 1124 5212 deﬂecteret
1143 5182 1156 5208 ,
1191 5152 1246 5196 nt
1271 5152 1521 5213 postremo
1551 5143 1774 5200 oblatum
1797 5146 1986 5202 Pontio
2034 5148 2210 5205 Pilato
2229 5192 2244 5218 ,

657 5235 867 5307 Syriam
893 5247 1012 5291 tunc
1029 5253 1091 5291 ea:
1117 5245 1260 5307 parte
1282 5235 1514 5292 Romana
1539 5244 1856 5311 procuranti,
1881 5243 2122 5298 violentia
2139 5249 2247 5317 suf-

656 5331 938 5402 fragiorum
966 5331 1019 5384 in
1045 5346 1191 5383 cruce
1215 5330 1234 5402 (
1260 5333 1606 5402 tuanuscripti
1631 5334 1866 5400 codices,
1895 5336 2095 5407 Jesum)
2126 5339 2245 5393 dedi

655 5421 752 5477 sibi
779 5423 1079 5477 extorserint
1106 5420 1437 5493 (Tertullian-
1465 5425 1730 5496 Apologct.
1765 5444 1879 5498 cap.
1909 5428 1998 5482 21.
2018 5447 2068 5498 p.
2091 5429 2240 5503 400).

655 5516 954 5588 Cyprianus
974 5531 1104 5573 vero
1135 5516 1251 5573 haec
1275 5517 1344 5572 ab
1369 5520 1602 5575 Auctore
1639 5529 1823 5576 nostro
1857 5522 1935 5576 sic
1976 5531 2249 5579 mutuatus

657 5616 758 5672 est,
789 5615 848 5663 ut
874 5608 1119 5679 quaedam
1145 5608 1305 5665 etiam
1332 5607 1664 5680 decerpserit
1685 5611 1828 5666 illius
1847 5614 2040 5668 verba:
2065 5613 2241 5683 Hunc,

657 5699 867 5768 inquit,
899 5701 1128 5771 magistri
1155 5716 1330 5755 eorum
1355 5741 1370 5767 ,
1398 5700 1705 5756 Judznorum
1727 5745 1742 5768 ,
1773 5713 1922 5774 atque
1965 5710 2244 5774 primores,

662 5791 757 5842 lto‘c
779 5799 886 5860 est,
912 5808 1038 5861 quos
1072 5802 1122 5847 et
1155 5792 1390 5848 doctrina
1415 5793 1508 5848 ille
1555 5803 1604 5850 et
1633 5797 1888 5864 rapientia
1924 5799 2210 5856 revincebat
2231 5840 2247 5870 ,

2347 4687 2534 4742 eadem
2565 4699 2689 4741 esse
2719 4682 3043 4740 Tertulliani
3074 4683 3256 4747 verba,
3289 4697 3409 4752 qua:
3429 4681 3730 4752 Cyprianus
3759 4682 3810 4736 in
3834 4680 3939 4735 hu-

2343 4778 2432 4848 jus
2463 4778 2790 4848 Apologetici
2821 4777 3005 4832 codice
3035 4775 3178 4830 haud
3207 4774 3366 4829 dubie
3397 4775 3642 4844 legerat?
3672 4773 3943 4844 Numquid

2350 4871 2510 4924 etiam
2540 4869 2737 4923 oblitus
2788 4867 2994 4933 fuerat,
3027 4877 3118 4922 aut
3158 4867 3498 4922 dissimulare
3536 4867 3709 4937 potuit
3742 4866 3882 4936 quod
3910 4880 3942 4921 a

2352 4961 2631 5018 Lactantio
2669 4961 2918 5016 similiter
2944 4961 3199 5029 scriptum
3231 4959 3633 5014 observavimus
3661 4973 3681 5010 :
3709 4957 3945 5026 Suspen-

2351 5072 2437 5111 sns
2463 5066 2612 5125 atque
2631 5055 2828 5126 afﬁxus,
2854 5054 3154 5108 exclamavit
3186 5053 3252 5106 ad
3277 5051 3552 5106 Dominum
3581 5066 3699 5103 rore
3730 5064 3943 5119 magna,

2349 5159 2396 5202 et
2424 5149 2557 5204 ultro
2583 5147 2819 5219 spiritum
2854 5147 3020 5217 posuit
3049 5145 3344 5218 (Dissertat.
3377 5143 3430 5196 in
3459 5142 3670 5195 Lactan.
3697 5155 3813 5213 cap.
3850 5143 3944 5198 18.

2350 5253 2449 5298 art.
2481 5241 2558 5315 ὅ).
2589 5242 2778 5298 Obiter
2798 5252 2976 5298 autem
3003 5241 3223 5298 adverte
3257 5240 3341 5297 his
3362 5239 3560 5307 verbis,
3589 5253 3708 5292 voce
3734 5253 3944 5310 magna,

2351 5337 2490 5393 idem
2521 5335 2807 5406 signiﬁcari
2855 5337 3013 5405 atque
3065 5332 3152 5389 his
3198 5332 3514 5389 Tertulliani
3563 5332 3777 5397 nostri,
3829 5339 3948 5386 cum

2352 5429 2498 5485 verba
2519 5429 2731 5485 dimisit.
2790 5427 2856 5486 Ut
2907 5427 3034 5500 quid
3077 5429 3291 5484 tandem
3319 5428 3588 5499 Rigaltius
3617 5427 3716 5482 alia
3744 5425 3948 5481 abrasit

2352 5521 2594 5595 ejusdem
2620 5522 2932 5579 Tertulliani
2975 5523 3136 5578 verba
3155 5564 3170 5588 ,
3202 5522 3395 5591 quibus
3416 5520 3674 5576 adversus
3703 5518 3942 5585 Judzeos,

2354 5616 2593 5686 aliosque
2619 5615 2847 5685 probare
2893 5615 3060 5670 voluit
3087 5610 3362 5669 Christum
3393 5613 3560 5680 Deum
3587 5621 3642 5668 et
3674 5609 3944 5667 hominem

2354 5719 2545 5782 sponte
2579 5723 2673 5763 sua
2698 5724 2818 5765 esse
2844 5717 3132 5773 mortuum,
3161 5705 3612 5777 quemadmodum
3646 5703 3780 5771 facta
3809 5713 3938 5769 tunc

2355 5802 2504 5858 abeo
2529 5800 2780 5859 miracula
2817 5791 3306 5858 demonstrabant?
3927 5785 3942 5813 ‘
