4240 6262
651 307 762 370 863

1751 305 1819 363 lN
1871 299 2332 366 TERTULLIANI
2367 297 2894 362 APOLOGETICUM
3175 297 3189 360 ’Ξ

3829 298 3942 366 868

652 445 764 501 quae
782 429 1015 486 docerent
1035 424 1270 500 (Cypria.
1300 424 1364 480 de
1387 423 1574 482 idolor.
1608 425 1816 496 uanit.).
1842 426 1918 482 De
1956 425 2041 481 his
2061 435 2242 482 autem
2269 427 2323 487 Λ
2347 425 2483 497 quod
2522 425 2761 481 salutaris
2803 424 2987 481 diuina:
3021 423 3268 481 doctrina!
3304 423 3603 496 praedicatio
3643 425 3954 482 auctoritate

653 523 850 579 Christi
905 518 1368 590 apparitionibus;
1412 527 1468 574 et
1509 519 1750 574 doctrina
1795 533 1899 590 qua
1952 517 2245 590 discipulos

653 629 781 670 suos
817 612 1028 678 imbuit,
1081 610 1134 666 in
1181 610 1300 666 aliis
1349 610 1814 667 dissertationibus
1857 610 2247 681 disputavimus

657 704 947 776 (Dissertat.
995 702 1049 756 in
1089 701 1322 757 Lactant.
1355 719 1472 773 cap.
1503 702 1590 769 l9,
1636 711 1735 756 art.
1783 703 1855 772 5;
1887 712 1934 756 et
1978 701 2243 756 Dissertat.

651 797 705 852 in
731 795 907 851 Ctecil.
933 796 997 850 de
1024 805 1174 850 mort.
1204 806 1454 866 persecut.
1485 812 1602 867 cap.
1632 796 1684 860 4,
1727 804 1827 849 art.
1854 794 1935 864 Ξ).

724 889 782 945 1η
813 888 1004 945 iisdem
1034 889 1195 945 etiam
1222 889 1622 945 enucleavimus
1649 887 1773 958 quid
1803 887 2104 958 signiﬁcent
2133 887 2250 944 haec

651 983 1029 1055 subsequentia
1057 983 1377 1040 Tertulliani
1421 983 1581 1038 verba
1615 981 1854 1038 :Dehinc
1894 983 2142 1036 ordinatis
2179 982 2251 1037 eis

653 1076 722 1130 ad
748 1077 977 1145 ofﬁcium
1003 1076 1318 1144 prazdicandi
1347 1092 1436 1145 per
1465 1076 1634 1129 orbem
1659 1116 1672 1138 ,
1703 1077 2015 1146 circumfusa
2041 1075 2172 1128 nube
2195 1074 2251 1128 in

652 1167 833 1222 coelum
857 1178 928 1222 est
949 1177 1150 1238 ereptus
1171 1166 1499 1238 (Tertullian.
1531 1169 1631 1221 loc.
1654 1164 1787 1238 cit.).
1820 1167 1874 1222 ln
1899 1169 2098 1222 nostris
2123 1181 2253 1222 vero

654 1259 1067 1328 exemplaribus,
1097 1269 1151 1314 et
1192 1259 1312 1313 aliis
1337 1271 1458 1313 ante
1486 1259 1770 1328 Rigaltium
1803 1259 1960 1314 editis
1989 1258 2251 1329 legimus:

655 1350 723 1405 In
784 1353 964 1405 caelum
1021 1361 1094 1405 est
1153 1360 1396 1421 receptus.
1458 1350 1724 1421 Numquid
1775 1351 2038 1422 Rigaltius
2103 1351 2252 1405 illum

657 1442 908 1513 loquendi
956 1442 1173 1498 modum
1224 1444 1363 1499 ferre
1415 1459 1520 1498 non
1578 1445 1790 1514 potuit?
1838 1445 1945 1499 Cur
1989 1460 2116 1513 ergo
2172 1443 2255 1500 his

661 1537 841 1608 potius
883 1552 988 1592 non
1021 1551 1150 1591 usus
1187 1547 1264 1591 est
1298 1535 1548 1608 Cypriani
1596 1537 1772 1592 verbis
1803 1556 1814 1589 :
1851 1536 1914 1590 In
1944 1538 2124 1591 coelum
2159 1538 2260 1590 cir-

659 1634 894 1701 cumfust
920 1631 1048 1684 nube
1077 1630 1302 1685 sublatus
1331 1629 1602 1701 est(Cypr.
1628 1631 1715 1684 lib.
1740 1631 1802 1685 de
1830 1631 2016 1685 idolor.
2049 1631 2260 1702 vanit.)?

2349 530 2398 574 et
2427 520 2622 574 auxilio
2650 519 2912 574 hominum
2944 535 3047 574 non
3073 519 3345 588 indigeret.
3376 516 3508 573 Cum
3550 517 3707 589 igitur
3745 527 3954 572 senatus

2349 611 2644 666 relationem
2672 611 2736 665 de
2763 611 3035 667 Servatore
3059 611 3396 682 repudiasset,
3428 608 3659 664 Tiberius
3699 618 3864 664 tamen
3893 610 3957 663 in

2351 703 2565 774 pristina
2585 705 2834 758 sententia
2861 719 3205 774 perseverans,
3236 703 3366 757 nihil
3392 701 3637 758 adversus
3664 702 3959 757 doctrinam

2352 796 2539 850 Christi
2563 796 2741 850 durius
2771 797 2977 851 molitus
2998 813 3104 851 esse
3125 796 3312 850 dicitur
3333 795 3547 868 (Euseb.
3571 795 3740 862 no.2,
3765 796 3954 851 histor.

2354 885 2550 943 Eccles.
2578 905 2692 958 cap.
2721 889 2776 954 2,
2809 907 2929 960 pag.
2957 887 3071 961 40).
3096 887 3172 944 Ita
3194 889 3441 944 Valesius
3464 889 3840 958 interpretatus
3866 895 3965 944 est

2354 979 2516 1034 verba
2545 979 2762 1035 Eusebii
2790 996 2985 1050 graeca,
3019 995 3161 1053 quae,
3192 980 3315 1052 quia
3349 979 3506 1050 paulo
3532 978 3770 1052 longiora
3801 987 3959 1046 sunt,

2357 1069 2444 1125 hic
2473 1087 2579 1125 non
2611 1071 3039 1127 transcribimus.
3071 1072 3273 1127 Deinde
3303 1087 3432 1128 vero
3460 1071 3720 1128 Eusebius
3743 1071 3967 1128 Tertul-

2356 1163 2483 1217 liani
2510 1164 2670 1217 verba
2694 1179 2920 1233 grmcam
2952 1167 3002 1218 in
3031 1165 3262 1235 linguam
3292 1165 3370 1219 sic
3397 1163 3663 1219 transtulit
3694 1171 3966 1237 εΤιεέριος

2360 1253 2436 1308 οὖν
2467 1260 2764 1326 ἀγγελθέντος
2789 1261 2918 1325 ιιιῦτῷ
2949 1265 2996 1312 ὰ
3019 1265 3337 1319 Παλαιστίνης
3374 1265 3458 1313 τοῦ
3487 1261 3714 1328 dimittere:
3740 1263 3920 1314 τούτου
3943 1299 3963 1324 ,

2356 1353 2464 1400 ενθι
2490 1363 2673 1416 πρῶτον
2699 1358 2894 1418 ἤρξατο,
2923 1362 2984 1417 τῇ
3033 1359 3274 1418 atqui-visre,»
3310 1355 3658 1404 o'tvsxowdtawrs.
3687 1358 3834 1410 Δῆλος
3879 1357 3952 1401 ὧν

2361 1447 2545 1502 inrisos;
2575 1448 2634 1501 ὡς
2657 1453 2726 1511 τῷ
2772 1446 2972 1513 δόγματι
3001 1449 3250 1513 ἀρέσκεται
3275 1461 3287 1474 ⁸
3318 1451 3346 1503 ἡ
3379 1447 3427 1496 δὲ
3447 1447 3715 1513 σίφιλητος,
3738 1446 3839 1496 ἐπεὶ
3871 1447 3970 1498 οὗιι

2363 1537 2488 1587 ari/ria
2536 1536 2880 1601 ἐδεδοκιμᾶιιι,
2904 1539 3148 1589 umbem-ro.
3187 1525 3228 1589 ὁ
3257 1538 3305 1588 δι
3341 1543 3386 1589 ἰν
3426 1546 3486 1603 τῇ
3527 1538 3672 1589 αὺτοῦ
3717 1539 3964 1604 ἀποφάσει

2363 1631 2557 1690 iiut-rev,
2591 1629 2852 1686 inedia;
2877 1633 3076 1680 θόνιντον
3097 1631 3198 1685 τοῖς
3236 1643 3324 1681 τῶν
3350 1650 3404 1696 χρ
3415 1634 3633 1678 (στιεινῶν
3660 1627 3968 1695 ιιτηόροις.

662 1721 851 1777 Nonne
894 1722 1082 1776 melius
1112 1738 1175 1775 ex
1205 1721 1503 1790 discipulo,
1539 1723 1581 1775 si
1630 1720 1680 1776 id
1714 1722 1918 1786 liceret,
1945 1725 2259 1792 magistrum
2367 1714 2612 1770 Valesius
2640 1731 2771 1772 vero
2795 1717 2910 1772 hmc
2935 1718 3123 1773 iisdem
3153 1719 3331 1774 latinis
3358 1717 3538 1773 verbis
3565 1715 3816 1782 reddidit,
3839 1731 3970 1788 qua:

657 1814 1025 1869 correxisset?
1069 1811 1177 1866 Sed
1233 1812 1540 1866 auctoribus
1571 1827 1666 1866 sua
1708 1812 1870 1867 verba
1899 1812 2249 1882 relinquenda
2277 1819 2326 1878 Β
2355 1813 2408 1868 in
2435 1807 2710 1863 codicibus
2727 1809 2926 1864 nostris
2947 1817 2999 1864 et
3017 1808 3339 1864 editionibus
3358 1817 3485 1864 ante
3508 1807 3793 1879 Rigaltium
3810 1807 3970 1863 exhi-

662 1916 804 1961 sunt.
837 1906 984 1961 Alias
1015 1905 1157 1960 enim
1197 1913 1374 1959 actum
1405 1915 1545 1961 esset
1600 1905 1668 1960 de
1721 1906 1966 1976 genuinis
2009 1915 2252 1962 veterum
2293 1919 2298 1922 '
2359 1899 2466 1953 bila
2484 1899 2952 1956 Vidimus.Verum
2984 1902 3037 1956 in
3065 1902 3177 1958 suis
3198 1901 3365 1970 notis,
3405 1901 3697 1972 approbata
3721 1899 3967 1971 ejusdem

671 1997 995 2068 scriptorum
1022 1995 1295 2066 operibus.

735 2091 896 2147 Addit
915 2089 1276 2146 Tertullianus
1292 2088 1560 2143 Christum
1583 2087 1648 2142 ad
1669 2088 1838 2144 caelos
1857 2087 2258 2144 conscendisse:

665 2182 832 2237 Multo
857 2181 1057 2244 melius,
1087 2197 1239 2251 quam
1265 2181 1407 2250 apud
1439 2196 1524 2234 vos
1543 2221 1557 2242 ,
1583 2180 1840 2250 gentiles,
1869 2196 2154 2234 asseverare
2199 2179 2262 2234 de

665 2273 900 2330 Rontulis
927 2272 1140 2327 Proculi
1179 2273 1342 2327 solent
1369 2271 1704 2342 (Tertullian.
1747 2272 1846 2326 loc.
1893 2272 2026 2343 cit.).
2056 2271 2263 2327 Rursus

662 2382 794 2422 vero
839 2366 890 2419 in
939 2363 1128 2420 iisdem
1166 2365 1363 2418 nostris
1400 2373 1455 2418 et
1493 2363 1652 2418 editis
1707 2363 1998 2431 codicibus,
2033 2363 2265 2435 Rigaltio

665 2457 1058 2528 antiquioribus
1091 2475 1104 2510 :
1144 2454 1308 2510 Multo
1337 2457 1571 2510 uerius...
1605 2455 1668 2510 de
1693 2455 1914 2511 Romulo
1944 2455 2158 2511 Proculi
2181 2474 2266 2512 so-

666 2551 789 2606 lent.
809 2550 939 2618 Quis
969 2559 1146 2603 autem
1176 2563 1280 2603 non
1303 2547 1482 2603 videat
1506 2547 1642 2603 hanc
1673 2549 1930 2618 potiorem
1955 2550 2267 2619 genuinam-

667 2658 773 2712 que
803 2656 922 2696 esse
949 2640 1263 2696 Tertulliani
1291 2640 1614 2695 lectionem?
1637 2640 1767 2695 Nam
1797 2639 1864 2695 ibi
1889 2642 2082 2694 asserit
2099 2640 2269 2696 multo

672 2733 854 2788 verius
904 2746 1025 2788 esse
1074 2731 1345 2788 Christum
1392 2732 1444 2786 iu
1499 2732 1668 2787 caelos
1723 2733 2066 2796 ascendisse,
2108 2747 2270 2802 quam

671 2825 982 2887 Romulum,
1027 2823 1271 2893 quamvis
1316 2824 1548 2888 Proculi,
1598 2824 1649 2878 id
1677 2833 1780 2887 est,
1837 2825 1869 2879 ii
1922 2826 2011 2896 qui
2061 2825 2271 2881 Proculi

672 2917 909 2988 perjurio
935 2917 1244 2982 abutuntur,
1269 2917 1543 2973 afﬁrmare
1573 2919 1780 2973 soleant
1819 2919 1988 2974 visum
2016 2935 2046 2973 a
2077 2935 2135 2976 se
2160 2920 2272 2975 Ro-

673 3009 873 3063 mulum
906 3009 958 3062 in
984 3010 1151 3064 ccelos
1179 3009 1579 3065 ascendentem.

745 3101 985 3173 Denique
1048 3105 1251 3157 Auctor
1285 3113 1468 3158 noster
1517 3103 1755 3173 adjecit:
1786 3103 1864 3157 Ea
1905 3107 2076 3160 omnia
2123 3123 2277 3178 super

2360 1992 2572 2064 Rigaltii
2597 1995 2992 2061 emendatione,
3025 1997 3186 2052 verba
3215 2012 3388 2068 graeca
3419 1997 3671 2064 Eusebii,
3712 2005 3802 2052 aut
3829 1997 3972 2054 alte-

2361 2087 2495 2154 rius,
2516 2097 2571 2143 ut
2600 2089 2714 2159 ipse
2747 2100 2914 2158 putat,
2937 2091 3242 2161 interpretis
3269 2100 3519 2160 corrupta
3545 2104 3668 2148 esse
3692 2091 3966 2162 opinatur.

2363 2179 2466 2235 Sed
2492 2179 2536 2234 si
2567 2181 2664 2250 ipsi
2705 2181 3067 2236 suboluissent
3092 2197 3212 2252 quae
3238 2197 3270 2236 a
3295 2181 3528 2253 Rigaltio
3563 2184 3615 2236 in
3655 2191 3802 2237 textu
3825 2181 3970 2238 Ter-

2367 2270 2572 2326 tulliani
2601 2272 2876 2327 immutata
2899 2282 3044 2341 sunt,
3064 2274 3241 2345 potius
3268 2288 3444 2345 graeco
3459 2274 3708 2346 scriptori
3735 2273 3968 2330 fortasse

2364 2363 2789 2434 subscripsisset.
3035 2367 3038 2372 ’

2437 2455 2701 2526 Quidquid
2732 2471 2892 2528 porro
2927 2459 3014 2525 sit,
3047 2473 3113 2514 ex
3140 2467 3362 2529 utraque
3401 2459 3632 2515 lectione
3672 2459 3801 2516 satis
3825 2474 3958 2531 per-

2369 2547 2592 2617 spicitur
2619 2548 2934 2604 Tertulliani
2975 2566 3185 2610 sensus.
3229 2566 3329 2606 nec
3371 2550 3440 2608 de
3478 2551 3572 2606 illa
3619 2566 3740 2607 esse
3786 2560 3971 2622 potest

2372 2638 2474 2692 ulla
2506 2637 2815 2704 difficultas,
2847 2641 2948 2696 nisi
2975 2641 3026 2695 iu
3052 2641 3134 2696 his
3155 2643 3360 2704 verbis,
3389 2643 3586 2712 quibus
3609 2641 3851 2698 Tiberius
3878 2642 3968 2697 di-

2371 2729 2514 2784 citur
2534 2745 2630 2801 pro
2660 2745 2757 2786 sua
2783 2732 3110 2787 conscientia
3129 2733 3238 2802 jam
3267 2733 3432 2789 fuisse
3461 2733 3804 2790 christianus.
3828 2733 3968 2788 Nam

2374 2823 2570 2879 ibidem
2601 2823 3015 2889 dixit,C:esares
3055 2841 3158 2880 non
3203 2825 3525 2894 credidisse,
3563 2827 3687 2897 quia
3725 2824 3969 2882 Caesares

2375 2928 2552 2974 erant.
2577 2919 2683 2974 Sed
2715 2919 2784 2974 ibi
2809 2919 2974 2975 verbo
3008 2921 3214 2975 credere
3242 2921 3373 2976 nihil
3403 2921 3610 2978 videtur
3630 2920 3774 2976 aliud
3806 2921 3975 2990 signi-

2379 3009 2588 3075 licasse,
2624 3010 2723 3065 nisi
2754 3011 3018 3081 publicam
3043 3010 3356 3068 Christiana:
3378 3014 3645 3084 religionis
3672 3013 3975 3084 professio-

2379 3116 2523 3156 nem.
2562 3101 2666 3156 Pro
2707 3116 2801 3157 sua
2835 3103 2991 3172 igitur
3034 3105 3360 3159 conscientia
3386 3104 3632 3160 Tiberius
3660 3111 3776 3159 erat
3816 3103 3972 3159 chri-
4043 3143 4046 3146 .

675 3195 876 3250 Christo
918 3194 1156 3262 Pilatus,
1184 3206 1228 3248 et
1258 3196 1369 3266 ipse
1405 3197 1512 3264 iant
1539 3213 1634 3267 pro
1672 3213 1766 3251 sua
1792 3198 2098 3252 conscientia
2140 3200 2278 3253 chri-
2302 3207 2347 3271 (ζ
2381 3195 2608 3262 stianus,
2635 3195 2727 3250 sed
2752 3212 2914 3251 ausus
2947 3213 3051 3251 non
3075 3207 3158 3252 est
3186 3198 3234 3253 id
3267 3198 3436 3268 palam
3467 3197 3730 3268 proﬁteri.

676 3289 892 3353 stianus,
924 3285 1117 3344 Caesari
1146 3297 1267 3342 tunc
1293 3287 1495 3342 Tiberio
1535 3289 1801 3343 nuntiavit.
1849 3288 1955 3344 Sed
1979 3300 2024 3344 et
2053 3291 2276 3345 Ctesares

675 3381 1006 3436 credidissent
1029 3395 1182 3452 super
1207 3379 1408 3434 Christo
1425 3421 1440 3444 ,
1466 3380 1511 3434 si
1535 3390 1582 3434 et
1607 3380 1829 3435 Cwsarcs
1858 3396 1958 3435 non
1988 3391 2150 3436 essent
2175 3398 2276 3438 sat-

676 3473 794 3527 culo
821 3474 1107 3538 necessarii,
1131 3482 1220 3525 aut
1243 3473 1287 3526 si
1314 3474 1578 3528 christiani
1605 3475 1881 3544 potuissent
1910 3492 2018 3530 esse
2066 3492 2278 3532 cessares

678 3561 889 3632 (Ibid.).
923 3562 1156 3616 Mutuam
1189 3572 1364 3617 autem
1397 3563 1481 3618 his
1501 3566 1680 3618 verbis
1706 3566 1831 3628 alia,
1855 3569 2008 3622 abeo
2032 3569 2280 3638 superius

679 3653 908 3721 scripta,
939 3651 1069 3706 dant
1114 3654 1296 3722 utique
1333 3654 1527 3708 lucem.
1563 3655 1689 3710 llaec
1729 3667 1905 3712 autem
1952 3659 2281 3730 totidemque

681 3753 806 3798 sunt
839 3763 852 3798 :
887 3744 1114 3799 Tiberius
1144 3747 1449 3799 annuntiata
1473 3746 1846 3819 (manuscripti
1879 3752 2071 3815 nOStri,
2100 3761 2152 3805 et
2181 3768 2280 3806 an-

681 3837 844 3904 tiqua:
871 3835 1157 3901 editiones,
1180 3838 1562 3910 annuntiatum)
1586 3839 1679 3894 sibi
1700 3856 1762 3894 ea:
1783 3841 1954 3911 Syriae
1977 3841 2280 3912 Palazstina,

683 3943 800 3996 qua:
825 3926 1117 3994 (Pamelius
1140 3970 1156 3994 ,
1186 3930 1348 3998 quod)
1384 3930 1490 3984 illic
1522 3934 1778 3986 veritatem
1821 3936 1964 3988 istius
2002 3936 2285 3993 diuinitatis

685 4018 1031 4073 revelaverant
1062 4019 1250 4088 (iidem
1297 4023 1666 4091 manuscripti,
1697 4036 1752 4078 et
1797 4024 1917 4079 alite
1955 4028 2285 4098 antiquiores

685 4109 952 4165 editiones
977 4151 993 4176 ,
1021 4112 1349 4184 rerelaverat)
1386 4113 1566 4167 detulit
1591 4115 1661 4167 ad
1683 4125 1913 4170 senatum
1940 4133 2053 4170 cum
2089 4135 2284 4189 praero-

684 4201 854 4270 gatiua
878 4200 1114 4273 su/fragii
1141 4204 1240 4258 sui.
1274 4203 1494 4259 Senatus
1516 4246 1531 4269 ,
1559 4207 1681 4277 quia
1707 4223 1807 4261 non
1833 4209 1943 4278 ipse
1967 4208 2283 4278 probaverat,

685 4293 896 4362 respuit.
929 4291 1102 4349 Caesar
1127 4296 1181 4349 in
1206 4297 1455 4351 sententia
1483 4300 1690 4364 mansit,
1719 4301 2056 4354 comminatus
2090 4303 2288 4371 pericu-

679 4373 794 4438 ‘lum
827 4387 1204 4442 accusatoribus
1230 4387 1634 4444 Christianorum
1663 4389 1990 4459 (Tertullian.
2020 4392 2144 4448 ibid.
2169 4411 2285 4464 cap.

688 4478 744 4545 5,
769 4495 885 4549 pag.
905 4477 1055 4549 291).
1081 4479 1340 4537 Eusebius
1371 4497 1498 4536 vero
1529 4492 1696 4537 totum
1741 4483 1886 4540 hunc
1929 4485 2241 4542 Tertulliani
2267 4529 2284 4554 ,

690 4571 929 4626 indicato
968 4571 1088 4642 ejus
1117 4575 1333 4628 nomine
1355 4615 1370 4640 ,
1405 4574 1577 4629 locum
1609 4578 1966 4648 transcripsit.
1999 4579 2154 4635 Prius
2189 4595 2288 4634 au-
2315 4593 2368 4654 D

692 4669 796 4718 tem
825 4673 1008 4718 narrat
1034 4679 1238 4720 morem
1269 4666 1586 4733 iuvaluisse,
1615 4677 1674 4721 ut
1699 4670 2091 4738 provinciarum
2114 4681 2290 4728 recto-

691 4771 799 4822 rcs,
831 4757 1086 4828 quidquid
1119 4759 1238 4812 novi
1267 4759 1404 4828 apud
1433 4759 1581 4827 ipsos
1605 4761 1940 4832 contigisset,
1974 4763 2287 4834 Imperatori

693 4847 1020 4902 nuntiarent.
1054 4847 1416 4916 Quamobrem
1447 4850 1668 4914 Pilatus,
1691 4851 1756 4905 de
1785 4854 2173 4921 resurrectione,
2205 4857 2288 4910 in-

691 4939 828 5009 quit,
853 4937 1140 4994 Seruatoris
1167 4942 1328 4994 nostri
1347 4939 1379 4993 .l
1387 4957 1474 4994 esu
1493 4939 1702 5006 Christi,
1732 4944 1878 5012 cujus
1901 4961 1990 5013 per
2004 4947 2289 5002 universam

695 5031 1034 5088 Palaestinam
1057 5033 1266 5088 celebris
1302 5034 1444 5103 fama
1467 5045 1594 5100 erat,
1622 5035 1690 5089 ad
1719 5034 1976 5091 Tiberium
2008 5041 2291 5110 principem

692 5126 886 5190 retulit,
905 5125 1065 5179 multa
1087 5140 1286 5194 quoque
1304 5125 1410 5179 alia
1435 5127 1659 5196 ejusdem
1678 5128 1925 5182 miracula
1943 5146 1997 5184 se
2013 5132 2191 5184 auditu
2208 5148 2296 5186 ac-

693 5217 882 5287 cepisse
896 5217 1214 5288 signi/icans,
1239 5225 1282 5272 et
1297 5217 1515 5286 qualiter
1529 5219 1694 5274 denuo
1709 5220 1777 5274 ad
1805 5222 1958 5276 vitam
1973 5233 2294 5288 revocatus,a

697 5309 948 5379 plerisque
961 5311 1078 5380 jam
1099 5307 1236 5366 Deus
1252 5309 1540 5366 haberetur.
1560 5312 1625 5365 At
1643 5311 1900 5368 Tiberium
1917 5315 2116 5383 quidem
2132 5316 2201 5370 ad
2215 5333 2295 5372 se.

697 5410 874 5454 natum
899 5401 1130 5456 retulisse
1156 5403 1436 5472 perhibent,
1464 5403 1554 5458 sed
1579 5413 1809 5459 senatum
1840 5405 2132 5477 hujusmodi
2156 5408 2292 5463 rela-

693 5493 880 5546 tionem
927 5502 1258 5560 aspernatum
1328 5495 1528 5564 fuisse;
1567 5497 1733 5566 specie
1774 5497 2000 5566 quidem,
2051 5515 2110 5554 eo
2154 5499 2292 5567 quod

695 5594 901 5639 senatus
926 5586 1207 5642 auctoritas
1233 5589 1301 5641 ad
1326 5588 1380 5642 id
1409 5604 1511 5642 non
1539 5597 1827 5658 exspectata
1859 5589 2143 5654 uidebatur,
2174 5607 2293 5645 cum

697 5684 864 5729 tamen
909 5676 994 5730 lea:
1019 5689 1161 5732 vetus
1198 5680 1337 5740 apud
1377 5681 1638 5736 Romanos
1666 5692 1792 5738 esset
1820 5723 1834 5748 ,
1867 5699 1932 5736 ne
1967 5685 2080 5753 quis
2109 5683 2293 5753 absque

698 5765 895 5818 decreto
941 5777 1146 5822 senatus
1189 5785 1283 5838 pro
1318 5769 1421 5825 Deo
1452 5771 1751 5836 haberetur;
1778 5789 1832 5828 re
1855 5783 2026 5830 autem
2070 5775 2185 5842 ipsa
2229 5791 2288 5830 ω
2337 5801 2346 5808 ·

2451 3291 2647 3355 Atcur,
2677 3289 2904 3359 inquies,
2927 3290 3118 3360 adjecit
3145 3292 3344 3346 Auctor
3364 3299 3583 3346 noster:
3611 3289 3838 3346 Caesares
3863 3307 3974 3347 cre-

2380 3380 2646 3446 didissent,
2679 3380 2722 3433 si
2751 3398 2852 3436 non
2888 3392 3054 3435 essent
3093 3383 3284 3437 steculo
3325 3382 3636 3438 necessarii?
3666 3382 3978 3454 Respondet

2380 3471 2782 3542 Rigaltiusillud
2817 3473 2934 3528 ideo
2960 3473 3156 3529 dictum
3185 3473 3530 3546 fuisse,qnia,
3560 3475 3637 3530 uti
3665 3474 3799 3530 infra
3825 3475 3978 3533 vide-

2383 3565 2582 3630 bimus,
2627 3581 2942 3637 persuasum
2980 3567 3248 3623 habebant
3282 3568 3400 3623 fore
3439 3577 3500 3624 ut
3534 3568 3788 3636 mundus,
3815 3581 3974 3639 quem

2385 3659 2641 3714 nolebant
2687 3667 2795 3713 tam
2845 3659 2952 3713 cito
2994 3659 3234 3725 destrui,
3277 3676 3401 3715 cum
3447 3660 3693 3715 Romano
3750 3657 3977 3728 imperio

2384 3760 2741 3807 everteretur.
2785 3750 2892 3807 Sed
2921 3767 3188 3821 quamam,
3220 3752 3443 3808 obsecro
3473 3761 3544 3815 te,
3575 3767 3641 3807 ex
3669 3751 3769 3806 hoc
3791 3765 3978 3808 errore

2387 3843 2563 3897 induci
2592 3853 2767 3912 p0test
2795 3845 2920 3898 vitae
2947 3844 3104 3898 unius
3135 3854 3227 3898 aut
3259 3845 3480 3899 alterius
3505 3843 3738 3899 Ctesaris
3778 3856 3973 3897 neces-

2386 3935 2553 3988 sitas?
2587 3934 2778 3989 Nonne
2823 3943 3004 3990 autem
3037 3935 3403 3990 Tertullianus
3431 3934 3612 3990 dicere
3652 3934 3822 4003 potuit
3857 3933 3982 3989 Cae-

2386 4041 2536 4081 sares
2561 4028 2760 4082 εωουιο
2789 4043 2908 4082 esse
2936 4028 3289 4093 necessarios,
3321 4027 3371 4082 id
3403 4035 3505 4086 est.
3533 4025 3713 4081 steculi
3734 4035 3789 4081 et
3809 4040 3980 4095 popu-

2387 4119 2560 4174 lorum
2591 4119 2926 4184 moribus,ac
2955 4119 3251 4190 praesertim
3283 4118 3515 4188 receptis
3542 4117 3858 4188 religionum
3893 4117 3980 4172 in-

2388 4212 2588 4266 stitutis
2620 4220 2760 4266 tanta
2788 4213 3112 4268 necessitate
3136 4212 3424 4267 obstrictos
3442 4253 3458 4278 ,
3487 4220 3548 4266 ut
3585 4226 3649 4266 ea
3677 4211 3793 4265 sine
3830 4208 3978 4264 sedi-

2391 4301 2642 4361 tionibus.
2669 4311 2828 4372 atque
2851 4303 3155 4357 imminenti
3194 4304 3355 4357 etiam
3381 4313 3434 4356 et
3455 4302 3648 4372 capitis
3678 4309 3730 4357 et
3762 4300 3982 4371 imperii

2391 4393 2734 4450 subvertendi
2771 4394 3010 4465 periculo
3038 4394 3362 4450 labefactare
3403 4402 3496 4449 aut
3537 4395 3823 4450 immutare
3867 4407 3978 4448 non

2391 4490 2650 4559 possent]

2987 4617 3280 4660 ABTICULUS
3322 4616 3378 4656 ν.

2402 4713 2533 4770 Vera
2553 4732 2659 4772 esse
2687 4733 2747 4772 ea
2767 4719 2958 4786 omnia,
2991 4735 3103 4796 qua:
3129 4719 3192 4772 de
3216 4717 3418 4773 Christo
3444 4715 3556 4774 Deo
3577 4725 3628 4772 et
3668 4717 3869 4772 homine
3897 4716 3986 4771 di-

2464 4815 2542 4860 cta
2562 4819 2704 4873 sunt;
2724 4812 2911 4865 nemini
2927 4812 3006 4882 {as
3021 4827 3129 4867 esse
3143 4812 3206 4865 de
3219 4810 3465 4881 religione
3482 4827 3576 4865 sua
3599 4810 3819 4872 mentiri;
3835 4808 3989 4865 Chri-

2465 4899 2658 4955 stianos
2702 4904 2890 4972 absque
2927 4904 3034 4958 ulla
3084 4903 3416 4973 ambiguitate
3452 4911 3541 4956 aut
3585 4902 3992 4956 dissimulatione

2467 4994 2639 5061 palam
2667 5003 2713 5048 et
2738 4995 2789 5048 in
2809 4996 3068 5049 tormentis
3085 4997 3237 5051 etiam
3256 4995 3527 5050 dirissimis
3555 4995 3802 5048 clamasse
3822 4992 3992 5047 Deum

2467 5101 2499 5138 a
2528 5102 2582 5139 se
2625 5103 2714 5156 per
2740 5087 2996 5142 Christum
3025 5088 3146 5156 coli,
3177 5104 3269 5142 nec
3297 5088 3352 5141 id
3377 5103 3523 5157 posse
3541 5086 3818 5154 improbari
3837 5102 3868 5137 a
3895 5083 3994 5139 Ju-

2467 5177 2614 5243 dazis,
2641 5179 2728 5248 qui
2772 5178 2937 5233 Deum
2965 5197 3055 5250 per
3096 5180 3340 5250 Moysen,
3373 5194 3466 5233 nec
3502 5193 3534 5230 a
3582 5177 3876 5246 gentilibus,
3899 5177 3991 5244 qui

2477 5289 2565 5344 per
2585 5271 2864 5343 Orpheum,
2900 5271 2952 5325 Μ
2962 5288 3172 5336 usaznnt,
3205 5270 3528 5342 Melampum
3550 5277 3595 5324 et
3629 5265 3991 5338 Trophoniuns

2467 5367 2625 5438 falsas
2646 5364 2765 5418 deos
2789 5363 2954 5418 colere
2969 5361 3274 5418 didicerant.

2468 5502 2600 5570 Quae
2629 5501 2889 5556 hactenus
2925 5499 2992 5556 de
3031 5497 3266 5566 Christo,
3291 5499 3406 5555 sive
3452 5499 3561 5554 Deo
3599 5497 3803 5569 Deique
3827 5493 3992 5564 Filio,

2397 5595 2510 5649 sive
2543 5609 2670 5648 vero
2693 5592 2931 5655 homine,
2951 5607 2981 5646 a
3001 5591 3332 5646 Tertulliano
3360 5590 3562 5660 scripta
3589 5588 3844 5654 vidimus,
3872 5585 3995 5643 hinc

2398 5685 2489 5740 ille
2525 5682 2804 5739 verissima
2841 5696 2964 5739 esse
3010 5692 3154 5738 tanta
3193 5683 3594 5739 asseveratione
3631 5679 3900 5742 afﬁrmat.
3931 5687 4000 5735 ut

2397 5777 2620 5842 nullum,
2649 5789 2717 5831 ne
2745 5776 3024 5832 minimum
3046 5774 3289 5846 quidem,
3322 5773 3588 5844 relinquat
3630 5772 3700 5830 de
3744 5772 3809 5828 iis
3835 5769 3997 5827 dubi-
