4240 6262
247 309 359 369 865

1383 307 1836 368 DISSERTATIO
1875 309 1938 368 D.
1977 311 2068 370 LE
2103 310 2407 372 NOURRY.

3437 316 3545 376 866

248 426 408 484 tandi
442 427 641 482 locum.
668 424 802 481 Nam
825 421 1070 480 ethnicos
1103 422 1247 494 ipsos
1281 424 1360 479 sic
1385 423 1673 495 compellat
1698 443 1710 478 :
1751 423 1850 480 Hic
1877 437 1931 490 Α
2026 427 2244 485 Graecos
2266 445 2399 486 vero
2417 429 2652 502 Orpheus
2682 429 2890 499 Pieriae,
2918 433 3092 504 pergit
3113 433 3316 491 Auctor
3341 445 3545 504 noster,

251 529 329 576 est
359 519 486 574 ordo
524 527 708 574 nostra:
745 516 1097 584 institutionis,
1122 517 1258 572 hunc
1280 518 1530 572 edidimus
1555 527 1604 572 et
1630 529 1780 574 sectte
1807 529 1854 575 et

253 612 476 670 nominis
511 628 718 666 censum
738 627 852 664 cum
878 626 969 666 suo
997 609 1576 681 auctore(Tertullian.,
1606 610 1851 683 Apolog.,

257 723 306 762 c.
335 706 426 773 2t,
451 723 505 776 p.
532 702 686 778 405).
709 702 918 759 Census
957 714 1136 759 autem
1163 702 1231 757 ab
1267 717 1333 758 eo
1367 701 1563 758 dicitur
1589 704 1852 771 recensio,

258 799 555 870 recognitio
590 807 647 854 et
680 797 986 868 esplicatio.
1022 795 1080 850 ιιι
1118 795 1222 851 hoc
1248 804 1428 851 autem
1451 809 1630 862 nemo,
1659 796 1854 867 inquit,

258 892 406 948 aliud
451 905 670 962 prorsus
713 905 836 946 esse
880 881 1175 955 existimet,
1217 889 1362 959 quod
1404 888 1724 944 occultatum
1766 899 1858 946 aut

263 983 654 1042 dissimulatum
689 981 975 1038 voluerim.
1008 980 1149 1036 Nihil
1186 980 1330 1037 enim
1361 980 1464 1046 his,
1511 997 1632 1052 qua:
1673 982 1854 1050 retuli,

261 1079 442 1135 verius
477 1092 598 1133 esse
628 1085 838 1148 potest;
883 1075 1009 1147 quia
1039 1090 1130 1130 nec
1157 1078 1238 1145 fas
1269 1083 1340 1129 est
1367 1074 1481 1140 ulli,
1520 1073 1615 1140 ait,
1656 1075 1721 1130 de
1763 1090 1856 1130 sua

262 1171 512 1244 religione
540 1172 764 1226 mentiri.

335 1264 760 1321 Christianorum
801 1275 980 1320 autem
1020 1262 1328 1335 pectoribus
1366 1273 1476 1319 tam
1501 1263 1608 1320 alte
1639 1262 1855 1320 insitum

264 1365 382 1414 erat
409 1355 540 1412 illud
571 1356 981 1428 documentum,
1021 1363 1081 1410 ut
1123 1355 1558 1426 exquisitissimis
1596 1355 1859 1426 quibusli-

262 1449 356 1507 bet
383 1449 661 1521 suppliciis
689 1449 926 1520 torqueri
946 1458 1000 1505 et
1029 1452 1207 1505 necari
1232 1449 1472 1516 mallent,
1503 1464 1662 1520 quam
1693 1449 1861 1507 inter-

261 1542 436 1614 rogati
468 1541 536 1597 de
565 1556 660 1596 sua
700 1541 983 1612 religione,
1010 1540 1231 1611 aliquid,
1256 1540 1366 1597 imo
1402 1557 1557 1596 suum
1597 1541 1863 1599 duntaxat

263 1632 624 1688 christianum
685 1647 916 1698 nomen,
966 1641 1059 1686 aut
1111 1646 1310 1702 negare
1353 1641 1446 1686 aut
1497 1632 1858 1689 dissimulare.

260 1724 525 1794 Quocirca
553 1726 792 1781 Justinus
819 1732 1043 1796 martyr,
1068 1732 1128 1778 ut
1157 1723 1285 1780 alibi
1321 1723 1586 1792 diximus,
1611 1725 1864 1782 similiter

1960 519 2188 576 Musteus
2220 522 2451 588 Athenis,
2485 521 2776 595 Melampus
2804 525 2974 596 Argis,
2993 523 3319 595 Trophonius
3338 525 3552 582 Boeotiae

1957 614 2328 670 initiationibus
2371 616 2620 687 falsorum
2666 618 2875 672 deorum
2935 619 3160 674 homines
3205 620 3553 689 obligaverunt

1960 705 2163 780 (ibid.),
2182 711 2282 763 hoc
2300 709 2754 782 estalligaverunt
2779 721 2833 767 et
2860 711 3281 768 obstrinxerunt.
3300 712 3408 767 Nos
3427 727 3554 769 vero

1959 799 2088 854 alibi
2133 799 2468 856 ostendimus
2505 801 2573 856 ab
2602 801 2823 872 Orpheo
2860 802 3161 858 introducta
3183 801 3347 859 luisse
3375 801 3555 858 Liberi

1959 904 2111 946 sacra
2145 901 2202 947 et
2248 891 2408 957 festa,
2456 909 2575 964 qua:
2621 894 2821 950 idcirco
2868 896 3090 966 orphica
3127 897 3387 966 appellata
3428 903 3557 951 sunt

1958 985 2258 1057 (Dissertat.
2282 987 2334 1041 in
2355 986 2616 1051 Lactant.,
2645 1005 2764 1060 cap.
2795 988 2887 1055 30,
2919 999 3020 1043 art.
3047 989 3123 1060 5).
3150 989 3270 1045 Alio
3298 999 3478 1045 autem
3500 989 3556 1046 in

1959 1078 2083 1135 loco
2121 1081 2408 1136 citavimus
2447 1081 2663 1137 Diodori
2709 1081 2878 1138 Siculi
2910 1083 3098 1150 verba,
3141 1083 3336 1154 quibus
3377 1091 3559 1140 narrat

1960 1171 2247 1230 Herculem
2267 1175 2482 1230 venisse
2505 1174 2764 1243 Athenas,
2792 1184 2850 1230 ut
2879 1175 3066 1231 matris
3095 1176 3363 1232 Eleusinae
3383 1176 3560 1232 initia-

1960 1275 2112 1323 retur
2155 1268 2450 1340 mysteriis,
2479 1282 2711 1340 quorum
2761 1267 2988 1323 Musaeus
3030 1268 3232 1340 Orphei
3269 1269 3408 1324 ﬁlius
3442 1291 3560 1340 προ-

1962 1367 2185 1425 εστηκὼς,
2214 1357 2500 1430 praefectus
2519 1367 2655 1426 erat,
2674 1359 2765 1430 qui
2789 1359 3013 1430 proinde
3037 1359 3268 1417 docebat
3290 1358 3560 1431 quomodo

1962 1448 2050 1506 his
2099 1450 2344 1509 homines
2379 1451 2740 1523 obligarentur
2766 1454 2929 1526 (tom.
2979 1452 3000 1508 Ι
3043 1453 3319 1525 Apparat.,
3347 1452 3436 1509 lib.
3466 1452 3558 1523 Ill,

1965 1542 2166 1600 dissert.
2195 1542 2254 1611 2,
2280 1560 2396 1615 cap.
2424 1543 2518 1611 35,
2542 1563 2596 1614 p.
2629 1543 2812 1614 1280).

2035 1635 2303 1694 Praeterea
2339 1637 2484 1694 idem
2521 1635 2784 1692 Diodorus
2826 1635 3058 1703 Siculus,
3099 1635 3560 1708 quemadmodum

1963 1726 2021 1784 in
2063 1739 2244 1786 nostra
2283 1729 2352 1786 de
2387 1728 2652 1786 Lactantii
2681 1727 2833 1783 libris
2863 1727 3245 1783 dissertatione
3277 1727 3562 1784 annotavi-

261 1816 546 1890 gentilibus
575 1816 784 1871 dicebat
810 1814 1299 1881 :Considerate,au
1319 1823 1368 1871 ὰ
1393 1823 1479 1873 τοῦ
1505 1817 1572 1887 ἐφ’
1599 1821 1712 1885 ἡμῖν
1741 1817 1864 1872 εἶναι
1892 1826 1941 1889 Β
1971 1837 2114 1890 mus,
2161 1822 2356 1879 litteris
2390 1820 2666 1877 mandavit
2705 1819 3094 1891 Melampodem
3123 1835 3190 1876 ex
3231 1819 3467 1892 Egypto
3501 1821 3557 1878 in

263 1915 502 1980 ἀρνεῖσθαι
549 1914 906 1977 ἐξεταζομένους
932 1949 948 1975 ,
977 1911 1028 1962 οὗ
1055 1912 1324 1980 βουλόμεθα
1345 1915 1431 1981 ζῇν
1459 1915 1856 1983 ψευδοληοῦντις,

267 2002 418 2070 Quod
438 2004 492 2058 in
519 2015 693 2058 nostra
719 2012 968 2074 potestate
986 2012 1080 2067 est,
1113 2012 1169 2056 ut
1207 2020 1322 2057 cum
1361 2004 1685 2076 inquirimur,
1712 2022 1862 2078 nege-

270 2113 384 2152 mus
406 2115 426 2164 ;
453 2097 542 2152 sed
571 2097 811 2151 uoluntas
833 2097 997 2151 vivere
1036 2095 1370 2163 mendaciter,
1395 2095 1446 2151 id
1475 2105 1580 2164 est,
1610 2099 1862 2154 nolumus

265 2189 468 2254 vivere,
495 2189 807 2260 religionem
839 2197 1077 2244 nostram
1107 2189 1452 2257 mentientes,
1485 2199 1580 2245 aut
1601 2189 1860 2246 dissimu-

267 2280 440 2340 lantes
466 2279 705 2352 (Justin.,
736 2282 1030 2354 Apologet.,
1063 2282 1178 2338 [ad
1216 2283 1488 2351 Antoniu.,
1528 2301 1583 2354 p.
1625 2283 1716 2349 57,
1751 2293 1790 2338 t.
1839 2282 1860 2338 Ι

269 2373 549 2445 Apparat.,
581 2391 635 2444 p.
661 2374 810 2445 557).
840 2373 1072 2430 Tantum
1111 2383 1290 2429 autem
1320 2373 1587 2444 piaculum
1611 2390 1732 2430 esse
1757 2389 1859 2446 pu-

269 2467 479 2533 tabant,
501 2465 710 2537 quando
730 2465 798 2522 de
833 2467 1095 2542 religione
1132 2482 1226 2521 sua
1255 2465 1745 2536 interrogabantur,
1771 2465 1859 2521 di-

269 2558 372 2614 ctis
396 2556 722 2630 respondere
749 2558 1048 2628 ambiguis;
1081 2567 1159 2625 ut,
1189 2559 1306 2628 ipso
1341 2558 1864 2616 adhucTerlulliano

275 2660 435 2716 teste,
467 2650 558 2721 qui
600 2649 916 2723 martyrium
960 2651 1131 2722 magis
1175 2649 1457 2718 timebant,
1502 2650 1558 2706 hi
1601 2650 1706 2722 ipsi
1752 2661 1865 2708 tor-

278 2742 434 2814 queri
477 2741 772 2812 nccarique
814 2742 1118 2809 maluerint,
1163 2757 1322 2813 quam
1365 2751 1475 2798 tres
1513 2743 1865 2800 sanctissima:

275 2832 559 2892 Trinitatis
582 2849 840 2902 personas
865 2833 1194 2900 conﬁtendo,
1229 2833 1409 2904 plures
1438 2835 1618 2892 dicere
1637 2835 1790 2893 deos.

344 2927 452 2983 Cur
479 2935 656 2982 autem
683 2941 843 2983 omne
869 2925 937 2982 de
955 2927 1209 2996 religione
1231 2927 1588 2994 mendacium,
1607 2938 1698 2982 aut
1719 2943 1868 3000 quae-

269 3019 402 3077 libet
445 3018 824 3084 dissimulatio,
858 3018 1070 3088 penitus
1099 3018 1404 3082 damnetur,
1434 3019 1479 3073 si
1518 3033 1749 3088 quaeras,
1779 3034 1866 3075 re-

271 3113 559 3184 apondehit
588 3111 972 3176 Tertullianus,
1000 3126 1058 3165 eo
1079 3110 1217 3182 quod
1235 3110 1323 3182 qui
1348 3111 1493 3164 aliud
1523 3128 1556 3164 a
1575 3127 1629 3166 se
1654 3111 1752 3166 coli
1779 3109 1864 3164 di-

1963 1912 2226 1972 Grmciam
2255 1912 2594 1968 transtulisse
2614 1913 2818 1968 sancita
2841 1911 3050 1968 Baccho
3074 1913 3220 1983 orgia
3251 1912 3546 1984 (Dissertat.

1963 2021 2103 2060 mox.
2129 2006 2244 2072 cit.,
2274 2003 2523 2070 Diodor.,
2564 2003 2651 2058 lib.
2683 2001 2723 2068 ι,
2745 2002 3004 2066 biblioth.,
3035 2021 3087 2073 p.
3120 2003 3234 2074 6|).
3262 2004 3549 2074 Suhjunxit

1963 2095 2127 2154 etiam
2153 2092 2450 2151 fabulosam
2478 2093 2545 2152 de
2569 2093 2825 2160 Saturno,
2847 2108 2914 2152 ac
2932 2093 3230 2161 Titanibus,
3250 2103 3411 2164 atque
3431 2093 3562 2150 deo-

1962 2200 2084 2244 rum
2108 2184 2482 2242 aliectionibus
2511 2186 2900 2252 narrationem,
2921 2201 3041 2256 qua:
3073 2186 3282 2259 tametsi
3313 2183 3565 2241 omnibus

1963 2293 2073 2334 non
2099 2276 2377 2349 probetur,
2403 2293 2512 2334 non
2544 2293 2735 2348 parum
2763 2289 2942 2334 tamen
2966 2275 3221 2334 conducit
3245 2277 3312 2334 ad
3346 2277 3563 2335 Tertul-

1964 2366 2095 2426 liani
2119 2368 2290 2426 nostri
2316 2369 2673 2441 propositum.

2037 2460 2379 2532 Trophonius
2409 2475 2573 2534 porro
2595 2459 2802 2531 Ergini,
2820 2467 2913 2517 aut
2935 2461 3114 2533 potius
3131 2459 3396 2532 Apollinis
3425 2461 3564 2518 ﬁlius

1965 2567 2088 2611 esse
2113 2551 2410 2620 ferebatur,
2429 2553 2588 2624 cujus
2613 2553 2915 2618 oraculum,
2947 2553 3088 2609 sicut
3122 2553 3250 2610 alibi
3272 2552 3563 2609 Tertullia-

1965 2661 2068 2702 nus
2095 2645 2190 2715 ait,
2222 2645 2276 2702 in
2315 2645 2520 2704 Bmotia
2549 2646 2798 2704 exstabat
2842 2644 3209 2718 (,Tertultian.,
3255 2647 3356 2701 loc.
3383 2647 3475 2700 cit.
3518 2654 3570 2700 et

1965 2738 2057 2796 lib.
2112 2741 2177 2796 de
2217 2740 2417 2810 Anim.,
2447 2757 2495 2796 c.
2527 2741 2598 2797 46
2628 2741 2672 2812 ).
2720 2741 2790 2796 At
2837 2738 2990 2810 plura
3045 2739 3114 2796 de
3154 2755 3242 2807 eo,
3293 2748 3347 2794 et
3398 2739 3566 2795 acditi-

1967 2834 2103 2889 catis
2149 2834 2218 2891 ab
2263 2833 2454 2892 eodem
2494 2832 2806 2905 Trophonio
2841 2831 3098 2899 deorum,
3139 2847 3205 2888 ac
3248 2831 3566 2889 nominatim

1968 2926 2236 2998 Apollinis
2293 2927 2560 2999 Delphici,
2611 2925 2828 2997 templis
2891 2926 3169 2982 memoria:
3217 2925 3569 2997 prodiderunt

1969 3017 2284 3088 Pausanias,
2324 3021 2615 3090 Lucianus,
2637 3020 2850 3090 Cicero,
2878 3019 3254 3088 Philostratus,
3279 3019 3563 3091 Erasmus,

1970 3123 2027 3168 et
2059 3112 2151 3168 alii
2179 3128 2209 3166 a
2248 3112 2404 3168 nobis
2443 3113 2498 3168 in
2527 3110 2796 3184 superiori
2825 3111 2892 3168 de
2929 3112 3152 3168 Arnobii
3184 3113 3338 3169 libris
3364 3113 3568 3170 disser-

273 3207 362 3274 cit,
383 3223 534 3278 quant
568 3207 711 3273 colit,
744 3214 891 3278 negat
917 3204 1052 3277 quod
1077 3205 1218 3271 colit,
1251 3215 1298 3259 et
1325 3205 1580 3258 culturam
1617 3213 1663 3259 et
1700 3205 1864 3261 Itono-
1891 3214 1940 3279 ο
1972 3205 2174 3262 talione
2200 3205 2347 3262 citati
2377 3203 2662 3279 (Pansam,
2700 3204 2790 3259 lib.
2834 3203 2868 3260 9
2908 3204 2972 3259 de
2993 3202 3184 3268 Bacon,
3209 3221 3264 3274 p.
3295 3205 3394 3261 5H
3419 3222 3438 3272 ;
3461 3202 3569 3260 Lu-

272 3314 382 3355 rem
407 3300 460 3352 in
480 3300 698 3354 alterum
719 3299 978 3368 transfert,
1005 3307 1052 3352 et
1073 3297 1424 3368 transferendo
1446 3297 1560 3367 jam
1588 3312 1690 3352 non
1723 3297 1867 3366 colit,

279 3391 419 3462 quod
442 3391 638 3460 negauit
667 3388 1019 3460 (Tertullian.,
1042 3389 1397 3460 Apologet.,c.
1419 3387 1514 3454 2i,
1543 3405 1590 3442 c.
1622 3387 1777 3459 403).
1798 3387 1873 3443 At

279 3479 518 3553 Bigaltio
557 3481 754 3551 placuit
781 3481 896 3537 hzec
923 3481 1106 3538 delere
1135 3480 1319 3547 verba,
1349 3491 1395 3534 et
1425 3480 1694 3536 honorem.
1738 3479 1870 3549 Quis

273 3582 458 3628 autem
479 3588 542 3628 ea
566 3573 639 3629 ibi
662 3588 768 3629 non
799 3573 1004 3630 inutilia
1041 3588 1162 3630 esse
1191 3573 1550 3629 dillitebitur?
1577 3572 1695 3631 Non
1723 3573 1870 3628 enim

275 3665 487 3722 cultura
516 3675 570 3722 et
590 3666 763 3723 honor
784 3667 1006 3723 omnino
1032 3681 1330 3739 synonyma
1357 3675 1518 3731 sunt;
1545 3677 1602 3723 et
1626 3666 1871 3738 quamvis

277 3768 478 3825 essent,
507 3772 668 3814 nemo
699 3769 876 3814 tamen
915 3758 1134 3828 negabit
1157 3757 1545 3814 Tertullianum
1573 3757 1639 3812 iis
1670 3755 1743 3812 uti
1777 3770 1874 3828 po-

289 3853 476 3908 tuisse.
508 3851 615 3908 Sed
658 3851 778 3908 haec
811 3851 1044 3919 minimi,
1081 3851 1186 3907 nisi
1226 3851 1292 3907 ad
1332 3851 1619 3908 notandam
1659 3849 1874 3922 Rigaltii

278 3943 578 4014 audaciam,
619 3955 748 4000 sunt
789 3942 1075 4016 momenti.
1122 3945 1192 3999 At
1225 3953 1372 4000 certe
1402 3945 1559 4015 longe
1605 3941 1868 4015 gravioris

281 4036 538 4106 ponderis
578 4044 662 4094 est
697 4035 814 4092 haec
844 4035 1093 4092 Auctoris
1119 4035 1290 4091 nostri
1335 4034 1674 4090 ratiocinatio
1713 4051 1728 4089 :
1783 4031 1875 4104 qui

281 4129 410 4186 dicit
436 4127 623 4185 Jovem
651 4128 799 4183 verbi
827 4127 996 4199 gratia
1018 4143 1046 4181 a
1077 4141 1140 4182 se
1169 4126 1291 4190 coli,
1322 4135 1378 4182 et
1408 4128 1573 4182 alium
1604 4126 1770 4182 Deum
1790 4138 1876 4180 co-

281 4221 366 4288 lit,
403 4222 448 4278 is
474 4220 658 4278 Jovem
685 4219 846 4277 deum
878 4234 998 4277 esse
1028 4231 1203 4290 negat,
1224 4226 1278 4276 et
1309 4218 1550 4289 ejusdem
1577 4217 1728 4275 Jovis
1753 4216 1874 4272 cul-

281 4323 396 4370 tum
428 4322 483 4370 et
523 4305 783 4372 honorem
821 4315 874 4370 in
909 4313 1076 4369 alium
1117 4312 1398 4380 transfert,
1423 4327 1486 4368 ac
1531 4312 1610 4368 sic
1647 4307 1879 4366 transfe-

281 4407 480 4474 rcndo,
506 4424 613 4465 non
640 4409 837 4479 ipsum,
864 4407 1024 4464 sicuti
1046 4406 1284 4478 dicebat,
1305 4406 1496 4464 Jovem
1520 4405 1669 4475 colit,
1692 4405 1876 4462 illum-

283 4517 394 4574 que
415 4501 577 4556 deum
606 4515 727 4557 csse
755 4510 935 4570 negat.

1972 3299 2136 3366 ciam,
2169 3296 2312 3353 Dial.
2336 3295 2562 3368 Menip.,
2586 3306 2708 3362 etc.,
2736 3314 2792 3368 p.
2813 3295 2917 3352 116
2941 3306 2988 3350 et
3013 3312 3117 3367 seq.
3140 3313 3160 3362 ;
3185 3294 3378 3363 Cicer.,
3400 3297 3491 3352 lib.
3510 3297 3566 3364 1,

1972 3385 2213 3457 Tuscul.,
2241 3406 2296 3461 p.
2330 3388 2473 3455 1'55;
2509 3386 2784 3452 Phtlostr.,
2816 3386 2905 3442 lib.
2931 3385 3128 3443 Vlllde
3164 3385 3266 3444 Vit.
3295 3387 3565 3457 Apollon.,

1973 3499 2029 3556 p.
2052 3481 2160 3538 A20
2189 3489 2236 3535 et
2261 3497 2408 3552 seq.;
2439 3478 2672 3548 Erasm.,
2696 3479 2866 3551 Adag.
2898 3480 3022 3535 chil.
3063 3480 3113 3545 1,
3137 3479 3296 3550 adag.
3328 3479 3426 3546 77;
3451 3477 3574 3535 Dis-

1971 3582 2147 3630 sertat.
2169 3573 2225 3628 in
2244 3571 2438 3628 Arnob.
2447 3613 2462 3640 ,
2485 3588 2603 3644 cap.
2631 3571 2728 3639 24,
2747 3581 2846 3627 art.
2865 3570 2924 3638 2;
2946 3569 3216 3626 Dissertat.
3239 3571 3294 3624 in
3310 3569 3570 3638 Lactant.,

1973 3681 2092 3737 cap.
2120 3663 2214 3733 50,
2235 3673 2338 3720 art.
2362 3664 2446 3734 Δ).
2467 3663 2600 3732 Quis
2629 3673 2809 3720 autem
2837 3677 2942 3719 non
2959 3662 3105 3720 videt
3123 3677 3310 3719 eorum
3335 3663 3576 3720 testimoo

1973 3759 2066 3814 nio
2092 3757 2223 3814 satis
2252 3772 2520 3828 superque
2545 3754 2762 3828 probari
2800 3755 2870 3812 ab
2902 3755 3016 3824 illo,
3044 3765 3101 3812 et
3140 3755 3262 3811 aliis
3289 3771 3322 3810 a
3359 3754 3575 3812 Tertul-

1975 3848 2125 3908 liano
2169 3849 2506 3914 memoratis,
2547 3847 2795 3904 homines
2839 3847 3230 3904 initiationibus
3256 3847 3482 3904 deorum
3508 3847 3577 3903 ab

1976 3943 2096 4000 aliis
2133 3942 2444 4000 hominibus
2479 3941 2646 3998 fuisse
2683 3941 2954 4012 illigatos?
2988 3941 3216 3998 Demum
3248 3940 3343 3999 ille
3381 3940 3579 4012 adjecit

1975 4036 2203 4095 Numam
2235 4035 2558 4108 Pompilium
2587 4035 2986 4106 operosissimis
3013 4035 3289 4091 Romanos
3321 4047 3578 4090 onerasse

1977 4129 2422 4188 institutionibus.
2467 4128 2641 4196 Quam
2687 4136 2869 4185 autem
2913 4125 2968 4182 id
3013 4141 3200 4184 verum
3237 4125 3331 4194 sit,
3361 4140 3392 4182 a
3422 4125 3578 4184 nobis

1978 4221 2410 4280 demonstratum
2439 4228 2544 4276 est.

2053 4315 2225 4372 Recte
2247 4330 2375 4386 ergo
2403 4329 2469 4368 ex
2501 4312 2585 4368 his
2621 4309 2901 4368 concludit
2924 4308 3288 4367 Tertullianus
3316 4325 3425 4366 non
3470 4311 3576 4367 mi-

1980 4422 2084 4464 nus
2123 4406 2363 4470 Christo,
2394 4402 2605 4460 etiamsi
2648 4401 2812 4457 homo
2839 4409 3046 4456 tantum
3087 4411 3251 4468 esset,
3282 4417 3444 4472 quam
3485 4400 3576 4456 his

1981 4496 2200 4556 licuisse
2225 4497 2458 4566 aliquam
2503 4492 2854 4548 commentari
2898 4492 3236 4557 divinitatem,
3277 4508 3436 4562 quam
3475 4490 3575 4548 ho-

356 4591 696 4662 Quapropter
719 4605 816 4647 nos
839 4589 1153 4657 Christiani,
1177 4590 1353 4664 inquit
1371 4590 1480 4670 ille,
1507 4588 1708 4660 rejecta
1734 4587 1880 4646 omni
1905 4607 1958 4670 D
1987 4591 2164 4650 mines
2191 4589 2370 4646 colere
2395 4587 2634 4642 doceret.
2671 4585 2740 4642 At
2764 4583 3012 4641 Christus
3049 4599 3159 4640 non
3196 4583 3369 4639 solum
3406 4581 3570 4638 homo

283 4699 515 4758 prorsus
542 4681 990 4751 dissimulatione,
1021 4682 1230 4750 fraude,
1277 4691 1334 4738 et
1374 4668 1741 4752 ambiguitate,
1782 4697 1881 4752 pa-

289 4777 397 4833 lam
422 4775 658 4842 dicimus,
687 4784 735 4829 et
761 4774 898 4830 vobis
937 4775 1151 4831 ethnicis
1190 4774 1560 4846 torquentibus,
1597 4773 1806 4828 lacerati
1835 4780 1884 4828 et

286 4871 484 4926 cruenti
509 4871 849 4941 vociferamur
865 4885 884 4924 :
902 4868 1065 4923 Deum
1081 4869 1294 4924 colimus
1315 4885 1405 4940 per
1421 4866 1676 4922 Christum
1703 4865 1878 4935 tibid.,

291 4980 342 5020 c.
361 4963 468 5019 405
481 4972 526 5016 et
543 4963 701 5033 seq.),
729 4977 827 5038 per
848 4977 1032 5032 quem,
1054 4976 1150 5018 seu
1175 4977 1283 5033 quo
1308 4961 1558 5029 docente,
1582 4947 1882 5016 n'osdidici-

289 5069 410 5111 mus
436 5055 558 5125 quis
587 5069 745 5110 verus
767 5054 838 5110 sit
864 5053 1028 5121 Deus,
1057 5069 1217 5122 quem
1245 5069 1436 5110 omnes
1461 5054 1640 5110 colere
1658 5053 1880 5110 debent.

289 5147 364 5204 At
395 5147 578 5215 homo,
609 5147 906 5217 arguebant
938 5145 1163 5214 ethnici,
1195 5145 1294 5202 l‘uit
1318 5147 1587 5203 Christus.
1621 5146 1773 5207 Esto.
1801 5161 1888 5202 re-

291 5239 529 5310 spondet
577 5238 980 5307 Tertullianus;
1011 5253 1120 5294 non
1159 5237 1362 5294 idcirco
1393 5248 1569 5294 tamen
1599 5221 1892 5294 Christiani

292 5347 421 5389 eum
449 5332 688 5388 colentes
719 5332 958 5402 torqueri
985 5344 1038 5387 et
1056 5331 1226 5387 occidi
1253 5331 1320 5386 ab
1351 5331 1581 5386 ethnicis
1597 5329 1889 5398 debebant,

291 5425 396 5480 nisi
442 5424 494 5480 hi
521 5423 760 5491 Judzeos,
793 5422 1037 5490 Graecos,
1080 5439 1145 5479 ac
1184 5424 1456 5480 Romanos
1495 5425 1658 5480 etiam
1697 5422 1892 5478 eodem

292 5517 456 5574 modo
480 5518 928 5574 condemnarent.
969 5517 1102 5574 Nam
1145 5517 1336 5584 Judaei,
1382 5518 1572 5588 inquit,
1609 5516 1772 5572 Deum
1803 5529 1893 5586 per

295 5610 552 5666 hominem
598 5609 818 5682 Moysen
853 5611 1020 5666 colere
1056 5609 1342 5665 didicerunt
1369 5607 1543 5682 (ibid.,
1591 5626 1646 5680 p.
1683 5608 1803 5680 23).
1831 5607 1892 5666 In

291 5700 410 5756 suis
434 5702 632 5773 quippe
655 5701 812 5758 libris
839 5701 1051 5773 Moyses
1078 5701 1263 5759 docuit
1279 5717 1386 5774 qua
1414 5702 1644 5774 ratione,
1672 5700 1894 5774 quibus.

292 5808 401 5867 que
427 5794 885 5874 ritibuspeusab
901 5795 1012 5858 illis
1039 5795 1146 5859 coli
1163 5795 1414 5859 debebat.

1985 4684 2106 4749 l'uit,
2151 4679 2248 4738 sed
2292 4693 2471 4736 veram
2502 4692 2623 4733 cum
2653 4690 2754 4732 suo
2794 4684 2998 4732 aeterno
3045 4675 3204 4732 Patre
3245 4673 3578 4730 divinitatem

1987 4775 2168 4838 habet,
2217 4788 2344 4838 rem,
2385 4769 2463 4826 uti
2508 4771 2708 4825 Auctor
2748 4777 2931 4824 noster
2969 4767 3065 4834 ait,
3113 4765 3413 4838 propriam;
3454 4765 3583 4836 quia

1987 4867 2114 4940 ipsi,
2137 4864 2275 4921 sicut
2295 4863 2440 4918 Patri
2466 4876 2586 4929 suo,
2609 4858 2824 4930 propria
2839 4866 2925 4914 est
2949 4856 3312 4929 (Tertullian.,
3335 4857 3580 4929 Apolog.,

1987 4975 2037 5015 c.
2063 4957 2158 5024 2|,
2189 4974 2236 5015 ο.
2265 4953 2416 5028 404).
2449 4953 2567 5011 Non
2591 4953 2734 5010 enim
2771 4949 2884 5016 ille,
2911 4948 3366 5023 quemadmodum
3410 4948 3583 5005 Numa

1990 5047 2302 5120 Pompilius,
2322 5045 2542 5117 rupices,
2569 5044 2618 5099 id
2647 5055 2752 5111 est,
2775 5041 3084 5114 sylvicolas,
3113 5040 3276 5105 feros.
3309 5049 3365 5096 et
3392 5039 3585 5096 barba-

1992 5159 2109 5208 ros,
2141 5151 2199 5198 ut
2221 5139 2352 5196 alibi
2380 5138 2496 5211 ipse
2515 5137 2880 5194 Tertullianus
2903 5135 3136 5208 explicat
3167 5132 3366 5208 (idem,
3389 5133 3482 5190 lib.
3519 5132 3585 5189 dc

1999 5234 2195 5298 Pallio,
2218 5251 2338 5306 cap.
2369 5233 2424 5299 ι,
2452 5241 2500 5288 et
2525 5231 2590 5285 de
2616 5230 2810 5298 Anim.,
2844 5247 2964 5299 cap.
3004 5229 3083 5302 6),
3111 5230 3357 5286 homines
3386 5226 3586 5299 injecto

1994 5327 2250 5384 falsorum
2283 5325 2508 5380 deorum
2539 5332 2771 5390 terrore,
2803 5323 2872 5379 ad
2903 5323 3286 5380 humanitatem
3321 5331 3588 5392 tempera-

1995 5423 2093 5488 vit,
2115 5419 2214 5479 sed
2238 5419 2438 5491 politos
2459 5428 2514 5473 et
2531 5417 2766 5474 urbanos
2791 5416 2845 5472 in
2870 5416 3198 5487 agnitionem
3223 5415 3336 5471 veri
3354 5414 3447 5470 Dci
3467 5430 3590 5469 ocu-

1997 5516 2142 5583 lavit,
2169 5513 2274 5569 hoc
2300 5522 2404 5579 est,
2433 5512 2540 5568 illis
2561 5510 2713 5567 dedit
2731 5509 2846 5566 veri
2875 5508 2970 5564 Dei
3002 5507 3234 5571 vivendi.
3261 5521 3358 5562 seu
3384 5520 3588 5578 cogno-

1995 5607 2181 5668 scendi
2211 5607 2542 5664 facultatem.
2573 5603 2780 5663 Eodem
2805 5602 2955 5660 enim
2981 5616 3144 5659 sensu
3159 5600 3285 5660 alibi
3305 5599 3376 5656 de
3402 5599 3587 5656 hirun-

1995 5701 2123 5760 dine
2148 5697 2534 5758 dixit:Pullos
2577 5701 2714 5756 novit
2759 5697 2966 5754 oculare
3003 5711 3184 5752 rursus
3229 5693 3295 5750 de
3330 5709 3427 5750 sua
3473 5693 3591 5748 che-

1998 5795 2194 5856 tidonia
2217 5795 2242 5871 (
2262 5791 2424 5870 idem,
2469 5792 2562 5856 lib.
2609 5793 2676 5853 de
2717 5791 2933 5863 Panis,
2983 5804 3032 5848 c.
3065 5789 3198 5863 12).
3227 5785 3592 5860 Quamobrem
