4240 6262
265 314 372 376 869

1395 308 1846 378 DlSSERTATlO
1877 310 1942 377 ἰ).
1982 312 2072 376 LE
2107 313 2411 380 NOURRY.

3454 315 3566 382 870

265 433 355 491 iud
387 445 604 499 nomen,
631 439 790 502 atque
818 440 926 487 non
948 429 1126 487 solum
1156 441 1186 487 a
1207 428 1553 498 Christianis,
1576 432 1673 489 sed
1698 432 1860 489 etiam
1887 430 1940 494 A
1966 433 2261 504 perniciem
2287 447 2438 490 suam
2466 431 2650 502 traxit,
2678 445 2967 506 pravorum
3005 432 3318 507 angelorum
3360 437 3558 506 pecca-

265 543 294 581 a
324 526 615 598 gentilibus
646 527 697 581 in
739 525 934 580 malam
963 533 1174 597 partem
1203 538 1419 597 semper
1448 527 1859 600 accipiebatur?

265 619 450 675 Nonne
501 620 613 689 ipse
664 619 996 689 Augustinus
1047 628 1098 674 et
1137 619 1228 674 alii
1253 621 1546 691 scriptores
1575 621 1748 689 latini,
1797 629 1857 679 ut

264 711 388 766 alibi
409 711 814 767 observavimus
833 709 1072 781 (Dissert.
1089 712 1142 766 in
1158 710 1390 768 Lactant.
1409 727 1526 783 cap.
1547 711 1640 768 20.
1656 723 1760 767 art.
1777 712 1855 782 4),

267 815 462 858 nomen
516 815 748 872 grmeum
790 806 1041 872 δαίμονες,
1098 803 1240 858 idem
1309 802 1611 874 signiﬁcare
1663 805 1858 860 testiﬁ-

265 903 470 959 cantur,
503 903 663 964 atque
689 907 870 950 rerum
895 896 1059 962 scios,
1088 904 1141 950 et
1169 895 1407 966 peritos?
1435 896 1703 952 Praeterea
1726 895 1858 951 Ter-

266 985 516 1040 tullianus
542 985 709 1042 hocce
730 987 783 1042 in
814 985 1166 1056 Apologetico
1198 987 1336 1046 libro
1361 1002 1458 1043 nos
1487 993 1674 1044 monet
1715 986 1857 1044 idem

267 1089 385 1132 esse
422 1076 724 1134 dtemouum
747 1119 762 1145 ,
810 1087 973 1148 atque
1001 1079 1284 1149 geniorum
1319 1093 1516 1134 nomen
1549 1096 1564 1132 :
1598 1078 1855 1144 Nescitis,

264 1169 452 1240 inquit,
501 1172 676 1241 genios
703 1170 966 1226 daemonas
995 1171 1119 1236 dici,
1159 1180 1211 1226 et
1248 1171 1370 1226 inde
1397 1172 1697 1226 diminutiva
1741 1185 1861 1228 uoce

265 1263 564 1317 dtemonia?
604 1263 670 1318 Et
713 1263 872 1333 paulo
908 1272 1057 1334 post,
1100 1264 1355 1318 daemones
1387 1281 1400 1318 :
1433 1265 1490 1318 id
1529 1273 1600 1318 est
1624 1303 1638 1329 ,
1685 1264 1862 1335 genios

269 1353 598 1425 (Tertullian.
632 1354 904 1426 Apologet.
936 1371 1051 1424 cap.
1085 1353 1173 1410 32.
1201 1355 1303 1410 cal.
1331 1354 1486 1427 447).
1516 1355 1658 1411 Alibi
1689 1370 1855 1411 vero:

267 1445 510 1514 (inanibus
544 1447 677 1518 genii
703 1446 1034 1516 deputantur,
1067 1448 1204 1516 quod
1229 1446 1521 1502 dcamonum
1559 1456 1635 1502 est
1676 1463 1860 1501 nomen

263 1536 434 1608 (Idem
454 1581 467 1602 ,
493 1540 581 1594 lib.
613 1539 675 1594 de
696 1540 856 1594 anim.
883 1556 999 1606 cap.
1023 1538 1114 1596 59.
1145 1539 1249 1594 col.
1283 1539 1434 1610 5M).
1457 1539 1596 1607 Quid
1624 1540 1784 1610 igitur
1805 1541 1859 1596 in

260 1644 324 1686 co
371 1632 588 1687 nomine
623 1633 744 1701 itam
791 1631 1024 1696 malum,
1076 1639 1293 1700 tamque
1335 1631 1560 1702 singulis
1609 1632 1861 1688 omnibus

261 1721 614 1788 detestabile?
659 1723 804 1778 Bene
846 1721 1085 1792 quidem,
1125 1723 1172 1777 si
1208 1737 1306 1780 sua
1346 1724 1596 1788 scientia.
1643 1725 1857 1795 peritia,

1963 534 2098 592 tum,
2139 541 2240 581 nec
2281 526 2374 591 ibi,
2419 537 2522 581 nec
2563 527 2616 580 in
2659 525 3009 597 Apologetico
3033 527 3317 596 perspicue
3338 528 3562 584 omnino

1962 617 2283 688 explanavit.
2319 617 2514 672 Verum
2559 618 2664 672 alio
2712 618 2765 672 in
2797 617 2935 672 libro
2965 617 3071 672 duo
3111 631 3300 674 eorum
3340 627 3560 689 peccata

1963 708 2048 767 bis
2075 709 2286 765 videtttr
2309 709 2566 765 denotare
2591 709 2770 765 verbis
2801 727 2813 763 :
2847 709 2997 764 Nihil
3029 711 3221 781 angelis
3246 711 3352 765 illis
3384 713 3558 782 impu-

1963 812 2093 856 tetur
2121 812 2331 873 propter
2360 801 2468 872 (alii
2495 802 2706 873 praeter)
2733 801 3002 873 repudium
3045 803 3176 868 cteli,
3211 812 3259 857 et
3293 804 3560 858 matrimo-

1962 897 2102 949 nium
2154 896 2322 949 carnis
2372 894 2611 967 (Tertull.
2664 895 2752 950 lib.
2803 895 2868 950 de
2894 896 3028 950 Cult.
3075 897 3269 966 (tentia.
3320 914 3436 968 cap.
3473 898 3557 970 4).

1962 987 2221 1056 Quocirca
2264 984 2382 1044 illos
2423 987 2547 1043 alibi
2597 985 2830 1060 appellat
2861 988 3081 1060 Angelos
3105 989 3386 1046 desertores
3438 983 3558 1057 Dei,

1963 1088 2215 1133 amatores
2260 1075 2602 1148 feminarum,
2645 1095 2703 1133 ac
2751 1087 3018 1150 propterea
3062 1080 3329 1135 damnatos
3373 1095 3403 1133 a
3450 1079 3562 1136 Deo

1962 1169 2156 1242 (Idem,
2190 1170 2278 1225 lib.
2304 1170 2366 1224 de
2401 1169 2646 1226 Idololat.
2678 1188 2792 1238 cap.
2825 1169 2904 1246 9).
2934 1170 3124 1227 Nonne
3154 1181 3331 1227 autem
3361 1170 3560 1242 duplex

1962 1262 2032 1318 ibi
2059 1262 2337 1334 distinguit
2367 1263 2687 1336 angelorum.
2709 1273 2985 1334 peccatum
3013 1283 3026 1329 ;
3059 1265 3286 1334 primum
3317 1263 3557 1336 quidem,

1962 1353 2504 1425 thO'rcpudiavcrunl
2529 1353 2748 1424 caelum,
2776 1366 2831 1413 et
2862 1357 3026 1414 Deum
3054 1357 3442 1426 deseruerunt;
3475 1377 3560 1418 se-

1961 1447 2193 1502 cundum
2226 1462 2375 1513 vero,
2396 1462 2704 1518 perversum
2731 1449 3068 1506 heminarum
3094 1465 3331 1507 amorem
3363 1458 3417 1508 et
3443 1465 3563 1508 car—

1962 1540 2044 1595 nis
2074 1541 2516 1596 matrimonium?

2035 1627 2111 1687 De
2148 1629 2249 1687 hoc
2283 1644 2444 1702 porro
2475 1631 2712 1690 secundo
2738 1647 2926 1690 eorum
2955 1632 3180 1693 crimine
3221 1634 3294 1692 ita
3340 1635 3559 1708 quidem

1964 1725 2054 1781 ille
2077 1747 2089 1782 :
2116 1725 2379 1794 Damnati,
2401 1727 2594 1798 inquit,
2615 1728 2667 1782 in
2695 1741 2897 1798 plenam
2933 1726 3110 1783 mortis
3145 1729 3455 1798 deputantur
3480 1727 3565 1786 illi

264 1816 566 1886 ingeniique
593 1817 792 1872 viribus
818 1831 923 1871 non
945 1817 1085 1872 male
1111 1825 1407 1878 uterentur.
1427 1817 1532 1874 Sed
1550 1821 1672 1890 quia
1700 1819 1765 1876 iis
1789 1820 1857 1876 ad
1886 1822 1935 1884 Β
1963 1816 2154 1872 scilicet
2179 1819 2350 1888 angeli
2375 1861 2388 1885 ,
2416 1819 2502 1889 qui
2524 1817 2593 1872 ad
2618 1818 2754 1888 ﬁlias
2783 1817 3043 1874 hominum
3074 1817 3136 1874 de
3176 1817 3300 1875 coelo
3326 1832 3558 1891 ruerunt,

261 1906 532 1963 vexandos
556 1907 925 1977 iallendosque
949 1907 1215 1978 homines,
1246 1917 1303 1965 ut
1329 1919 1514 1980 postea
1537 1909 1858 1981 videbimus,

262 2000 417 2070 plane
461 2000 776 2063 abutuntur,
809 2016 916 2054 non
962 2002 1157 2056 mirum
1198 2001 1439 2072 proiecto
1478 2003 1522 2056 si
1555 2003 1730 2058 cuncti
1759 2003 1864 2062 hoc

267 2094 658 2150 detestarentur
695 2108 915 2162 nomen,
954 2093 1192 2166 illudque
1233 2095 1344 2152 suis
1384 2095 1521 2151 alios
1563 2095 1864 2154 maledictis

264 2187 594 2244 adhiberent.

336 2279 588 2347 Quamvis
639 2288 817 2335 autem
870 2283 1075 2338 Auctor
1126 2291 1313 2339 noster
1368 2297 1536 2354 pauca
1589 2285 1658 2341 de
1709 2285 1865 2342 bonis

265 2373 482 2442 Angelis
523 2374 574 2428 in
606 2373 957 2444 Apologetico
1001 2374 1300 2444 tradiderit,
1346 2377 1465 2432 illos
1513 2379 1863 2437 nihilominus

266 2479 293 2517 a
327 2464 502 2532 malis,
531 2476 584 2520 et
608 2465 705 2520 hos
723 2480 755 2521 a
783 2466 1120 2522 daemonibus
1142 2466 1283 2523 haud
1310 2470 1538 2526 obscuro
1564 2471 1860 2543 distinguit.

269 2558 348 2614 De
374 2557 477 2613 illis
506 2557 780 2614 enimvero
810 2558 913 2615 hoc
937 2559 1174 2629 quidem,
1209 2559 1304 2616 sed
1334 2560 1651 2619 brevissime
1677 2581 1691 2618 :
1719 2564 1865 2631 Quo-

265 2649 435 2717 modo,
470 2650 661 2720 inquit,
687 2653 750 2704 tte
777 2650 972 2721 angelis
989 2652 1309 2722 quibusdam,
1338 2670 1434 2709 sua
1451 2666 1631 2726 sponte
1649 2672 1863 2728 corrup-

267 2743 350 2806 tis,
376 2744 663 2812 corruptior
691 2760 815 2813 gens
843 2745 1134 2798 dwiuonuut
1160 2747 1394 2814 euaserit,
1424 2747 1667 2803 damnata
1693 2767 1726 2803 a
1751 2748 1864 2806 Deo

266 2850 378 2889 cum
404 2838 601 2907 generis
627 2838 935 2902 auctoribus,
963 2846 1010 2891 et
1035 2854 1150 2891 cum
1176 2854 1256 2906 ea,
1285 2855 1431 2910 quem
1458 2840 1694 2908 dicimus,
1719 2844 1862 2912 prin-

266 2928 395 2998 cipe,
439 2929 575 2998 apud
601 2927 821 2983 Litteras
854 2939 1056 2983 sanctas
1096 2929 1275 2984 ordine
1322 2933 1640 3003 cognoscitur
1687 2931 1862 3003 (Idem

266 3017 530 3090 Apologet.
551 3036 666 3090 cap.
701 3018 794 3073 22.
825 3036 867 3074 c.
908 3019 1062 3088 405).
1088 3021 1156 3075 At
1182 3020 1334 3091 plura
1371 3022 1460 3076 ille
1485 3026 1667 3093 paucis
1688 3025 1863 3081 verbis

265 3113 654 3182 complectitur,
689 3128 808 3183 qua:
840 3129 944 3167 non
980 3113 1049 3168 ita
1081 3113 1335 3181 breviter,
1366 3130 1475 3171 nec.
1493 3115 1610 3173 sine
1637 3116 1860 3188 quibus-

265 3202 387 3258 dam
417 3204 880 3260 observationibus
911 3204 1311 3276 perstringenda
1343 3216 1488 3261 sunt.

339 3294 520 3351 Primo
567 3307 747 3350 autem
800 3295 1038 3352 declarat
1094 3296 1352 3365 quosdam
1405 3297 1640 3368 Angelos
1698 3298 1862 3354 fuisse

263 3397 574 3459 corruptos.
616 3389 804 3444 Plures
856 3404 983 3459 ergo
1035 3388 1170 3443 alios
1221 3387 1386 3444 fuisse
1433 3389 1717 3460 signiﬁcat,
1769 3391 1860 3461 qui
1906 3435 1909 3439 .

261 3484 502 3554 corrupti
552 3497 657 3538 non
700 3483 930 3549 luerunt,
974 3497 1212 3554 quosque
1263 3481 1461 3538 idcirco
1519 3484 1862 3539 nominamus

262 3575 460 3640 bonos,
489 3583 647 3644 atque
670 3575 739 3629 ob
759 3589 908 3629 suam
940 3573 991 3628 in
1025 3572 1167 3629 bono
1195 3574 1646 3644 perseverantiam
1674 3575 1860 3631 beatos

262 3680 386 3722 esse
408 3667 530 3738 jure
553 3668 742 3724 merito
770 3665 1059 3723 credimus.
1082 3666 1352 3732 Secundo,
1377 3667 1595 3722 eosdem
1625 3667 1861 3737 Angelos

263 3757 490 3815 donatos
516 3758 678 3815 fuisse
702 3760 872 3817 libero
896 3760 1184 3814 voluntatis
1208 3758 1452 3823 arbitrio,
1481 3775 1587 3829 quo
1612 3758 1748 3814 bene
1769 3767 1862 3815 aut

263 3853 403 3909 male
430 3854 659 3926 agendo,
691 3853 972 3925 praemium
1008 3853 1091 3908 vel
1119 3867 1331 3923 pinnam
1361 3852 1551 3908 mereri
1589 3860 1854 3922 poterant.

263 3942 468 4012 Tertio,
500 3946 760 4018 quosdam
793 3962 859 4001 ex
895 3945 999 4001 illis
1028 3953 1312 4016 corruptos
1343 3960 1406 4002 ac
1447 3945 1630 4001 liberte
1673 3955 1857 4016 potes-

265 4037 390 4092 tatis
424 4051 534 4092 suae
576 4037 768 4104 abusu,
803 4039 855 4090 in
882 4037 1056 4107 aliqua
1088 4036 1364 4106 prolapsos
1411 4034 1577 4091 fuisse
1614 4045 1854 4106 peccata,

262 4128 334 4184 ob
377 4143 494 4198 qua:
536 4144 566 4183 a
598 4129 710 4184 Deo
754 4127 991 4184 damnati
1027 4138 1168 4182 sunt.
1207 4126 1419 4194 Quarto
1458 4143 1649 4182 eorum
1696 4127 1859 4183 fuisse

261 4221 580 4293 principem,
611 4221 680 4277 de
723 4237 828 4293 quo
857 4221 944 4276 ille
977 4220 1136 4291 paulo
1162 4231 1285 4276 ante
1326 4219 1536 4277 dixerat
1564 4235 1578 4276 :
1606 4219 1859 4276 Satanam

262 4313 544 4384 principem
566 4313 719 4385 hujus
749 4313 872 4367 mali
902 4313 1098 4382 generis
1127 4309 1342 4385 (Ibid).
1375 4309 1517 4367 Alibi
1549 4324 1679 4368 vero
1707 4311 1857 4369 illum

260 4415 418 4460 vocat
443 4406 725 4476 Angelum,
755 4419 910 4476 quem
933 4405 1096 4470 Deus,
1117 4419 1180 4460 ex
1199 4406 1363 4475 forma
1389 4421 1598 4476 cperam
1615 4405 1860 4460 bonorum

257 4498 478 4552 instituit
504 4496 710 4559 bonum,
742 4507 793 4552 et
823 4497 1059 4552 omnium
1089 4495 1539 4566 sapientissimum
1566 4513 1580 4562 ;
1615 4507 1718 4551 tam
1747 4499 1856 4551 ins-

1964 1915 2021 1961 ut
2075 1909 2183 1963 haec
2227 1925 2423 1980 quoque
2491 1909 2773 1981 ignominia
2825 1913 3044 1985 {minime
3091 1913 3318 1968 accedat.
3365 1911 3583 1987 (Idem'

1965 1998 2052 2051 lib.
2098 1999 2162 2053 de
2207 1999 2330 2054 cult.
2381 2000 2575 2070 flemin.
2620 2015 2735 2073 cap.
2788 2002 2876 2071 2).
2909 2003 2979 2058 At
3023 2003 3067 2058 si
3104 2019 3169 2058 ex
3226 1999 3330 2059 hoc
3378 2007 3560 2076 Ange-

1965 2089 2153 2145 lorum‘
2188 2087 2394 2147 scelere
2427 2091 2660 2149 fluminis
2701 2094 2990 2166 ignominia
3023 2097 3269 2164 accessit,
3316 2096 3362 2152 si
3395 2113 3563 2169 propc

1968 2193 2132 2250 terea,
2166 2175 2242 2238 uti
2269 2183 2468 2240 dictum
2497 2185 2564 2242 ab
2591 2185 2780 2243 eodem
2802 2189 3036 2245 Auctore
3062 2203 3248 2246 nostro
3270 2203 3393 2247 mox
3420 2191 3561 2248 vidi-

1966 2289 2105 2339 mus,
2142 2275 2328 2346 Angeli
2359 2275 2594 2332 damnati
2623 2288 2765 2346 sunt,
2799 2293 2896 2335 cur
2931 2293 3081 2352 ergo,
3116 2281 3318 2354 inquiet
3344 2284 3559 2356 aliquis,

1966 2365 2094 2421 illud
2119 2367 2434 2437 simpliciter
2479 2368 2862 2425 matrimonium
2887 2373 3061 2427 carnis
3081 2414 3096 2439 ,
3127 2385 3232 2428 non
3257 2383 3436 2431 autem
3468 2389 3564 2433 ne.

1966 2459 2154 2514 larium
2183 2469 2422 2530 stuprum
2454 2461 2522 2518 ab
2553 2461 2643 2518 illo
2681 2463 2950 2519 vocatur?
2982 2463 3164 2522 Cuivis
3204 2466 3382 2538 itaque
3402 2508 3416 2536 ,
3449 2468 3501 2524 id
3531 2485 3563 2526 a

1967 2551 2122 2607 nobis
2153 2553 2480 2622 postulanti,
2505 2551 2587 2608 his
2632 2553 3078 2628 respondebimus
3123 2557 3451 2632 totidemque
3482 2563 3564 2633 ip-

1965 2643 2193 2699 siusmet
2237 2640 2554 2699 Tertulliani
2583 2645 2798 2702 verbis:
2844 2645 3134 2719 Conspicati
3165 2649 3262 2718 ﬁlii
3286 2649 3385 2705 Dei
3426 2651 3563 2718 ﬁlias

1966 2735 2230 2789 hominum
2261 2738 2398 2807 quod
2424 2739 2650 2807 pulchra:
2688 2749 2870 2807 essent,
2899 2752 3202 2812 acceperunt
3246 2744 3342 2797 sibi
3381 2759 3563 2800 uxores

1965 2843 2028 2881 ea:
2055 2827 2284 2883 omnibus
2320 2843 2446 2900 quas
2481 2828 2729 2901 legerunt.
2778 2830 2878 2885 Hic
2904 2833 3036 2886 enim
3064 2849 3246 2890 nomen
3293 2838 3563 2894 mulierum

1964 2931 2187 2989 graecum
2213 2934 2396 2990 uxores
2421 2921 2553 2992 sapit
2578 2937 2592 2985 ;
2623 2924 2748 2993 quia
2780 2924 2844 2978 de
2883 2925 3075 2996 nuptiis
3099 2929 3285 2984 mentio
3309 2937 3402 2986 est.
3434 2929 3562 2987 Cum

1965 3021 2082 3078 ergo
2109 3010 2244 3078 filias
2276 3011 2539 3065 hominum
2567 3013 2709 3078 dicit,
2745 3017 3012 3088 manifeste
3036 3019 3255 3090 virgines
3281 3024 3558 3094 portendit,

1963 3113 2079 3166 the
2115 3099 2285 3154 adhuc
2329 3100 2470 3172 apud
2525 3114 2756 3175 parentes
2794 3106 3340 3182 depbtareutur(nam
3387 3122 3563 3187 nupta:

1887 3209 1935 3273 ο
1967 3196 2263 3249 maritorum
2303 3199 2704 3271 nuncupantur)
2751 3217 2866 3255 cum
2902 3204 3118 3272 potuerit
3155 3206 3343 3262 dixisse
3378 3223 3564 3266 uxores

1968 3285 2270 3342 hominum:
2299 3301 2439 3358 teque
2465 3304 2569 3346 non
2612 3291 2873 3347 adulteras
2913 3295 3182 3351 nominans
3221 3301 3449 3369 angelos,
3473 3303 3564 3356 sed

1964 3377 2176 3433 maritos
2201 3420 2216 3447 ,
2249 3378 2371 3433 dum
2396 3381 2641 3452 innuptas
2679 3393 2885 3440 sumunt
2915 3385 3053 3455 ﬁlias
3103 3388 3365 3446 hominum
3388 3434 3403 3460 ,
3431 3405 3565 3464 quas

1963 3480 2110 3525 natas
2139 3488 2297 3542 supra
2323 3475 2475 3539 dixit,
2499 3475 2573 3529 sic
2592 3491 2788 3547 quoque
2808 3476 3026 3550 uirgines
3051 3481 3560 3558 signiﬁcans,"supra

1962 3574 2131 3632 natas,
2165 3576 2216 3620 at
2241 3565 2320 3621 hic
2345 3568 2540 3639 angelis
2569 3581 2756 3641 nuptas
2809 3573 2829 3644 (
2857 3571 3021 3644 Idem,
3046 3575 3134 3631 lib.
3166 3578 3231 3634 de
3258 3577 3457 3652 Virgin.
3483 3597 3564 3637 ve-

1965 3658 2105 3712 land.
2132 3675 2245 3728 cap.
2274 3658 2351 3729 7).
2391 3659 2514 3717 ideo
2539 3661 2695 3732 igitur
2722 3665 3043 3736 Angelorum
3088 3673 3562 3742 prmvaricatorum

1963 3751 2362 3808 matrimonium
2401 3754 2666 3825 appellat;
2693 3759 2814 3827 quia
2850 3758 2924 3815 illi
2972 3759 3106 3818 iilias
3138 3762 3411 3820 hominum
3455 3779 3561 3824 non

1963 3852 2157 3912 nuptas
2182 3886 2196 3910 ,
2227 3843 2320 3900 scd
2349 3846 2581 3916 virgines
2610 3859 2988 3920 sumpserunt,
3019 3862 3073 3909 et
3107 3849 3306 3913 ideirco
3331 3867 3432 3915 nec
3459 3859 3562 3932 ipsi

1962 3932 2189 3990 adulteri
2216 3945 2492 3992 vocantur.

2033 4024 2217 4098 Neque
2257 4036 2435 4085 tamen
2481 4029 2582 4086 hoc
2627 4029 3028 4092 matrimonium
3075 4035 3286 4094 licitum
3318 4043 3558 4112 putavit,

1963 4117 2056 4176 sed
2086 4121 2328 4177 illicitum
2359 4123 2516 4193 plane
2539 4139 2602 4179 ac
2631 4127 2940 4194 scelestum,
2971 4139 3192 4200 prepter
3214 4135 3358 4201 quod
3390 4133 3562 4189 lacini-

1963 4213 2046 4268 nis
2073 4212 2360 4284 ignominia
2398 4217 2657 4285 accessit,
2690 4225 2744 4273 et
2782 4220 2985 4290 angelis
3027 4217 3323 4278 damnatio.
3355 4221 3558 4292 Quam-

1963 4306 2147 4361 obrem
2177 4307 2281 4362 alio
2327 4303 2414 4362 ille
2441 4306 2492 4363 ln
2522 4307 2658 4365 libro
2693 4328 2704 4363 :
2739 4307 2965 4378 Sciebat,
2997 4313 3183 4385 inquit,
3216 4325 3260 4371 et
3285 4316 3561 4382 Apestoius

1961 4402 2015 4452 in
2044 4400 2181 4453 caelis
2201 4411 2408 4471 operata
2423 4413 2529 4456 esse
2555 4395 2810 4468 spiritalia
2826 4401 3062 4474 nequitiae
3077 4405 3386 4479 Angelorum
3412 4426 3561 4463 scan-

1963 4490 2301 4547 dalizatoru'm
2343 4493 2396 4548 in
2443 4493 2580 4563 ﬁlias
2625 4493 2884 4552 hominum
2910 4498 2928 4569 (
2956 4493 3102 4554 Idem
3129 4501 3216 4556 lib.
3244 4499 3309 4557 ν.
3355 4503 3554 4557 advers.

261 4590 522 4652 titutione,
547 4587 694 4657 juxta
721 4589 1056 4660 prophetiam
1095 4589 1413 4656 Ezechielis,
1449 4590 1636 4644 bonum
1684 4591 1858 4662 Ange-
1882 4598 1938 4660 1)
1964 4585 2217 4641 Marcion.
2245 4599 2361 4657 cap.
2395 4585 2462 4643 18
2492 4586 2532 4658 ).
2571 4587 2641 4643 A’t
2683 4587 2750 4644 de
2793 4587 2896 4644 hoc
2941 4585 3240 4647 facinoroso
3269 4605 3559 4662 pravorum

264 4681 398 4745 tum,
440 4691 593 4749 quam
619 4689 795 4751 sponte
821 4691 1116 4754 corruptum
1155 4680 1395 4756 (Tertull.
1439 4683 1526 4738 lib.
1572 4683 1628 4738 2.
1659 4683 1858 4741 advers.

263 4771 526 4828 Marcion.
561 4788 677 4842 cap.
710 4773 838 4847 ill).
863 4773 998 4830 Tum
1046 4774 1264 4841 deinde,
1310 4774 1714 4845 invituperabilis
1767 4778 1864 4847 fuit

261 4880 298 4918 a
347 4866 430 4919 die
476 4863 780 4921 conditionis
830 4882 968 4933 suta,
1016 4883 1048 4920 a
1099 4865 1205 4922 Deo
1258 4867 1312 4921 in
1365 4867 1550 4922 bonum
1588 4867 1861 4933 conditus,

259 4968 320 5014 ut
357 4973 390 5012 a
442 4960 571 5014 bona
607 4959 870 5014 conditore
918 4959 1380 5030 invituperabilium
1422 4959 1790 5027 conditionum,
1817 4967 1864 5015 et

257 5052 494 5109 excultus
545 5054 683 5110 omni
727 5053 893 5124 gloria
919 5050 1185 5124 Angelica,
1217 5061 1263 5108 et
1292 5051 1432 5124 apud
1470 5051 1635 5108 Deum
1675 5054 1865 5108 consti-

257 5155 419 5215 tutus,
466 5165 567 5220 qua
593 5148 754 5204 bonus
781 5148 920 5219 apud
946 5148 991 5208 c.-
1012 5163 1154 5215 num,
1198 5155 1374 5220 postea
1400 5161 1514 5202 vero
1539 5163 1572 5202 a
1595 5148 1862 5220 semetipso

256 5241 540 5298 translatus
561 5242 612 5297 in
641 5242 979 5296 malunt......
1015 5257 1114 5296 non
1141 5240 1328 5308 minus,
1359 5241 1467 5313 ipse
1493 5241 1637 5296 liberi
1665 5240 1863 5296 arbitrii

252 5332 518 5388 institutus
542 5376 556 5402 ,
587 5343 644 5388 ut
669 5334 880 5405 spiritus
919 5330 1083 5403 (Ibid.
1113 5332 1211 5387 col.
1246 5331 1394 5403 462).
1429 5333 1592 5388 Addit
1629 5329 1862 5404 denique

254 5423 402 5480 hunc
441 5431 676 5481 satanam
711 5426 780 5484 de
816 5423 1152 5482 sublimitate
1191 5423 1457 5482 decidisse
1498 5424 1696 5481 delicto
1737 5439 1856 5490 suo,

249 5517 410 5587 cujus
453 5531 643 5576 anetor
686 5520 801 5591 ipse
834 5519 952 5576 iuit.
1002 5515 1080 5573 De
1123 5517 1214 5573 illo
1242 5528 1422 5574 autem
1469 5517 1522 5573 in
1566 5525 1747 5573 nostra
1792 5515 1861 5572 de

247 5608 516 5668 Lactantii
565 5611 719 5669 libris
767 5612 1153 5670 disSertatione
1195 5611 1402 5684 egimus
1446 5607 1760 5684 (Dissertat.
1807 5609 1861 5662 in

247 5700 497 5760 Lactant.
524 5719 640 5778 cap.
662 5707 758 5764 20.
789 5717 891 5763 art.
925 5707 1006 5780 5).

329 5795 612 5864 Quodnam
633 5808 811 5860 autem
840 5797 1002 5860 luerit
1039 5797 1592 5872 holus-aliorumque,
1624 5807 1759 5868 quos
1806 5793 1859 5850 in

1967 4679 2280 4750 angelorum
2319 4691 2440 4735 cum
2489 4677 2699 4737 ﬁliabus
2729 4679 3003 4737 hominum
3051 4681 3433 4751 matrimonio,
3463 4701 3559 4743 seu

1967 4774 2144 4844 potius
2171 4787 2300 4829 vero
2327 4784 2536 4845 stupro,
2563 4773 2704 4829 haud
2741 4776 2908 4831 Semel
2937 4773 3329 4846 disputavimus
3355 4788 3477 4834 eum
3503 4779 3560 4838 in

1969 4877 2147 4923 nostra
2185 4865 2252 4922 de
2276 4867 2536 4923 Lactantii
2565 4862 2829 4939 Operibus
2857 4865 3253 4938 dissertatione,
3283 4875 3396 4927 tum
3439 4873 3559 4928 aliis

1968 4962 2021 5016 in
2051 4959 2180 5017 locis
2214 4961 2284 5017 ibi
2325 4958 2590 5019 adnotatis
2618 4957 2640 5035 (
2668 4961 2938 5018 Disseruit.
2969 4963 3023 5018 in
3053 4963 3288 5019 Lactant.
3315 4977 3432 5037 cap.
3464 4966 3557 5035 20,

1969 5061 2066 5107 art.
2102 5053 2136 5108 5
2165 5059 2213 5107 et
2239 5054 2271 5107 4
2543 5052 2546 5054 ’

2036 5145 2233 5212 Quinto
2262 5143 2472 5202 tandem
2495 5157 2557 5202 ac
2587 5153 2860 5217 postremo
2899 5147 3017 5205 loco
3042 5148 3437 5205 observandum
3465 5163 3559 5205 su-

1964 5245 2164 5309 perest,
2189 5233 2576 5294 Tertullianum
2602 5235 2654 5293 in
2686 5237 3026 5311 Apologetico
3053 5241 3152 5296 ulla
3177 5241 3378 5313 absque
3400 5241 3561 5298 hinsi-

1963 5331 2164 5388 talione
2204 5345 2543 5389 asseverasse
2582 5347 2648 5388 ex
2678 5331 2892 5390 illorum
2923 5342 3293 5405 corruptorum
3324 5336 3561 5407 Angelo-

1963 5439 2080 5480 rum
2127 5437 2250 5480 cum
2288 5424 2498 5479 ﬁliabus
2541 5423 2818 5481 hominum
2861 5422 3147 5484 concubitu
3186 5435 3355 5482 ortam
3388 5427 3552 5482 fuisse

1963 5515 2351 5589 corruptiorem
2404 5521 2620 5587 gentem
2671 5511 2994 5572 daemonum.
3047 5517 3116 5574 At
3159 5529 3265 5575 nco
3320 5519 3558 5574 minores

1964 5609 2177 5683 quidem
2210 5608 2261 5665 in
2280 5606 2401 5676 hac,
2429 5621 2588 5680 quam
2606 5608 2706 5664 alia
2734 5607 2800 5666 de
2822 5610 3148 5682 Angelorum
3173 5627 3291 5668 cum
3320 5609 3558 5669 fluminis

1965 5701 2309 5759 matrimonio
2334 5693 2586 5770 opinione
2613 5697 2956 5759 difﬁcultates
2987 5711 3291 5760 occurrunt.
3323 5701 3430 5760 Eas
3459 5721 3553 5760 au-

1967 5800 2073 5850 tem
2103 5801 2317 5865 augent,
2339 5805 2460 5864 qua:
2489 5791 2579 5849 ille
2614 5790 2682 5850 de
2705 5793 3017 5853 earumdem
3041 5792 3366 5865 daemonum,
3393 5805 3555 5868 atque
