4240 6262
642 289 741 350 δτι

1719 285 1786 342 IN
1822 281 2285 347 TERTULLIANI
2319 280 2849 342 APOLOGETICUM

3827 283 3937 340 8τῆ

641 407 967 481 Angelorum
1001 408 1112 462 sive
1133 404 1395 462 bonorum
1421 443 1437 472 ,
1465 402 1579 460 sive
1613 402 1880 459 malorum
1916 412 2104 458 natura
2134 401 2227 458 de-
2254 411 2308 471 Α
2332 412 2450 455 esse
2475 414 2674 470 corpus
2701 398 2940 470 aliquod,
2981 412 3124 455 nunc
3167 412 3276 455 non
3303 399 3547 471 litigabo,
3603 399 3767 457 modo
3798 402 3933 458 mihi

644 502 838 560 cernit.
861 501 993 567 Qua:
1022 497 1238 568 quidem
1277 511 1308 552 a
1345 495 1502 554 nobis
1519 495 1755 567 primum
1774 535 1788 563 .
1818 505 1874 553 et
1899 493 2001 551 alia
2037 492 2232 552 deinde

637 588 1002 662 investiganda
1023 599 1170 646 sunt.

1229 780 1525 824 Αιιτιουιυε
1562 781 1623 822 ιι.

642 919 827 982 Utrum
847 919 1195 980 Tertullianus
1225 922 1495 976 crediderit
1521 917 1836 990 spiritualem
1864 932 1970 972 esse
2003 915 2230 970 omnium

711 1016 1022 1088 Angelorutn
1056 1025 1103 1071 et
1140 1015 1426 1070 dwmonum
1470 1021 1746 1067 naturam:
1770 1017 1956 1081 quanta
2001 1025 2059 1062 ea
2087 1007 2150 1061 de
2176 1023 2232 1061 re

711 1119 918 1180 propter
960 1109 1171 1163 istorum
1199 1123 1260 1162 ea:
1288 1106 1453 1176 pravis
1479 1104 1703 1175 angelis,
1730 1111 1775 1157 et
1806 1102 2065 1155 hominum
2089 1100 2228 1168 ﬁlia-

708 1204 802 1255 bus
825 1200 1069 1272 originem
1097 1197 1365 1269 difﬁcultas
1393 1211 1410 1250 :
1443 1195 1507 1250 de
1535 1193 1821 1250 eorumdem
1850 1191 2134 1247 daemonum
2153 1192 2231 1244 in-

711 1293 872 1358 vidia;
900 1309 1001 1362 qua
1025 1293 1078 1345 in
1105 1291 1386 1356 hominum,
1422 1288 1605 1359 quibus
1648 1284 1836 1342 subditi
1875 1292 2010 1349 sunt,
2054 1281 2227 1357 perui-

707 1386 836 1444 ciem
860 1385 1176 1456 gonspirant.
1598 1395 1600 1398 '

707 1589 868 1646 Suam
924 1586 991 1644 de
1018 1585 1236 1658 Angelis
1263 1593 1318 1641 et
1343 1583 1680 1640 daemonibus
1704 1579 2115 1651 disputationem
2148 1576 2229 1633 his

642 1680 1007 1740 Tertullianus
1038 1679 1090 1733 in
1120 1676 1468 1748 Apologetico
1506 1675 1684 1731 verbis
1713 1674 1966 1728 inchoat:
1999 1670 2229 1728 Dicimus

635 1789 744 1829 esse
762 1771 1070 1828 substantias
1097 1769 1340 1840 quasdam
1371 1768 1624 1838 spiritales
1651 1766 1670 1839 (
1701 1763 2005 1819 Tertullian.
2035 1763 2226 1833 Apolo-

635 1873 734 1937 get.
768 1880 884 1933 cap.
924 1861 1014 1916 22.
1044 1878 1164 1932 pag.
1197 1859 1345 1929 404).
1396 1857 1452 1913 In
1483 1857 1746 1928 superiori
1795 1864 1973 1911 autem
2003 1853 2230 1908 articulo

634 1955 838 2011 dictum
871 1953 1098 2010 vidimus
1123 1952 1189 2007 de
1218 1951 1411 2008 Satana
1443 1950 1854 2013 eminentissimo,
1888 1961 1946 2002 ut
1973 1948 2090 2018 ipse
2132 1947 2228 2014 ait,

633 2049 964 2120 Angelorum,
991 2057 1040 2102 et
1065 2046 1405 2117 Archangelo,
1437 2045 1580 2115 quod
1619 2059 1650 2098 a
1680 2043 1793 2098 Deo
1846 2040 1990 2096 liberi
2035 2040 2230 2094 arbitrii

634 2140 930 2196 constitutus
951 2142 1036 2206 sit,
1067 2148 1123 2193 ut
1158 2139 1368 2208 spiritus
1415 2136 1606 2211 (Ident,
1640 2135 1727 2189 lib.
1759 2133 1823 2189 Il.
1855 2134 2054 2187 advers.
2080 2131 2228 2187 Mar-

633 2234 770 2289 cion.
810 2248 926 2302 cap.
989 2232 1064 2302 7).
1090 2229 1291 2286 Omnes
1319 2244 1446 2286 vero
1475 2226 1729 2298 Angelos,
1773 2225 1911 2281 sicut
1939 2224 2030 2280 ille
2057 2223 2232 2279 adhuc

633 2327 818 2383 scribit
847 2324 1008 2398 (Ibid.
1042 2324 1132 2381 lib.
1161 2323 1248 2382 lll.
1278 2339 1393 2393 cap.
1430 2319 1509 2393 9),
1540 2331 1642 2375 tam
1671 2336 1781 2374 vere
1805 2328 2000 2374 creator
2021 2318 2230 2389 spiritus

635 2419 774 2490 fecit,
797 2434 949 2489 quam
977 2417 1294 2490 apparitores
1317 2431 1435 2470 suos
1479 2415 1646 2485 ignem
1673 2413 1975 2482 flagrantem
2001 2409 2226 2482 (Psalnt.

593 2552 595 2555 τ
634 2510 760 2567 105.
783 2510 819 2572 Ῡ
843 2549 857 2562 .
880 2509 934 2566 4.
949 2510 1016 2563 ad
1036 2500 1236 2563 Hebre.
1268 2506 1303 2576 ᾗ
1327 2545 1344 2562 .
1369 2505 1447 2574 7).
1479 2503 1758 2574 Nunquam
1787 2503 1946 2573 igitur
1970 2500 2230 2557 dubitavit

633 2602 868 2673 Angelos
917 2616 1104 2656 omnes
1131 2615 1252 2657 esse
1279 2597 1516 2670 Spiritus,
1545 2611 1609 2653 ac
1635 2595 1930 2668 Spiritalem
1960 2608 2082 2650 esse
2109 2594 2229 2649 illo-

635 2706 756 2750 rum
785 2693 1158 2749 substantiam.

708 2790 817 2847 Sed
873 2789 926 2845 in
981 2788 1400 2844 controversiam
1448 2791 1667 2841 vocatur
1709 2781 1836 2854 quid
1890 2781 1981 2838 illo
2023 2779 2229 2851 spiritus

633 2883 853 2941 nomine
880 2881 1162 2952 intelligat,
1194 2897 1263 2936 an
1295 2879 1648 2935 substantiam
1677 2876 1745 2931 ab
1773 2873 1920 2932 omni
1948 2890 2008 2931 re
2036 2888 2229 2943 corpo-

642 2989 736 3032 rea
766 2988 986 3046 prorsus
1010 2974 1338 3041 diStinctam,
1379 2970 1464 3028 vel
1491 2984 1686 3040 corpus
1712 2967 1923 3038 aliquod
1973 2965 2227 3022 tenuissi-

635 3082 783 3124 mum
810 3081 874 3123 ac
899 3065 1341 3130 subtilissimum,
1373 3061 1515 3133 quod
1552 3075 1767 3116 omnem
1798 3058 2030 3114 hominis
2065 3072 2231 3133 aspe-

2335 488 2663 548 concedatur
2689 492 3042 547 substantiam
3086 490 3422 561 Angelicam,
3455 492 3500 546 si
3528 490 3667 548 forte
3717 494 3786 548 sit
3811 508 3936 549 cor-

2336 599 2454 654 pus,
2494 598 2613 638 cam
2659 597 2782 639 esse
2827 597 3023 654 corpus
3056 584 3139 638 sui
3185 583 3420 652 generis.
3450 587 3786 656 Atcorporis
3835 602 3934 642 no-

2335 679 2482 742 mine
2511 693 2619 733 non
2648 675 2814 740 aliud,
2847 685 2905 732 ut
2933 676 3058 732 alibi
3088 675 3321 732 vidimus
3353 676 3374 747 (
3402 677 3502 732 loc.
3536 678 3676 748 cit.),
3730 680 3934 750 signiﬁ-

2334 779 2440 835 cat,
2465 771 2565 824 nisi
2595 785 2707 825 rem
2734 769 3025 841 quamlibet
3064 771 3413 826 exsisteutem
3466 780 3522 827 et
3567 787 3687 842 qua:
3717 775 3794 829 rei
3821 789 3931 831 non

2335 860 2637 928 exsistenti,
2669 869 2724 915 et
2770 860 2936 916 nihilo
2980 862 3286 930 opponitur.
3331 859 3522 918 Nonne
3567 878 3698 934 ergo
3749 865 3932 938 colligi

2335 953 2476 1008 haud
2517 953 2748 1010 absurde
2774 953 2900 1008 hinc
2925 963 3100 1025 potest
3127 954 3276 1008 illum
3303 954 3698 1012 existimavisse
3753 959 3936 1030 Ange-

2335 1047 2508 1102 lorum
2541 1057 2784 1102 naturam
2809 1062 2931 1102 esse
2957 1062 3106 1102 mere
3124 1046 3444 1117 spiritalem,
3469 1064 3591 1120 quae
3608 1060 3783 1107 tamen
3805 1051 3932 1110 ideo

2339 1153 2544 1209 corpus
2575 1140 2659 1196 sui
2680 1141 2898 1211 generis
2923 1141 3103 1198 vocari
3136 1151 3335 1212 potest,
3363 1143 3488 1213 quia
3511 1158 3618 1200 non
3650 1154 3734 1202 est
3769 1145 3926 1214 nihil,

2333 1247 2396 1288 ac
2425 1247 2610 1288 revera
2639 1233 2884 1289 exsistit?

2406 1348 2612 1404 Eodem
2661 1347 2816 1419 plane
2843 1357 3159 1420 argumento
3186 1348 3435 1406 eumdem
3463 1349 3739 1407 Marcionis
3767 1367 3925 1408 erro-

2333 1457 2448 1499 rem
2479 1442 2754 1513 impugnat
2783 1459 2798 1497 :
2831 1441 2945 1508 Quo
2973 1442 3136 1512 magis
3159 1482 3174 1507 ,
3215 1442 3423 1513 inquit,
3455 1442 3631 1514 Angeli
3664 1460 3824 1514 neque
3848 1444 3921 1498 ad

2334 1534 2651 1588 moriendum
2681 1549 2774 1604 pro
2801 1534 2943 1589 nobis
2970 1533 3229 1603 dispositi,
3261 1534 3455 1589 brevem
3483 1535 3650 1589 carnis
3674 1551 3930 1592 commea-

2333 1635 2441 1681 tum
2477 1641 2577 1680 non
2611 1626 2889 1681 debuerunt
2913 1626 3168 1681 nascendo
3205 1627 3477 1697 sumpsisse
3498 1667 3512 1693 ,
3548 1625 3668 1697 quia
3694 1643 3785 1681 nec
3812 1644 3927 1682 nta-

2331 1719 2510 1774 riendo
2533 1718 2812 1790 deposituri
2835 1735 2945 1774 eam
2976 1721 3244 1792 fuerant...
3271 1720 3335 1775 Si
3352 1729 3546 1774 creator
3565 1721 3690 1791 facit
3709 1720 3928 1793 Angelos

2259 1822 2306 1882 Β
2333 1813 2543 1882 spiritus
2563 1853 2576 1877 ,
2607 1822 2655 1866 et
2697 1813 3013 1883 apparitores
3055 1829 3175 1868 suos
3228 1812 3397 1883 ignem
3433 1814 3768 1883 ﬂagrantem,
3821 1823 3929 1867 tam

2332 1920 2446 1960 vere
2497 1905 2741 1974 spiritus,
2787 1921 2939 1972 quam
2990 1913 3037 1958 et
3079 1905 3246 1975 ignem
3290 1905 3407 1958 illos
3449 1920 3561 1959 vere
3601 1905 3724 1977 facit
3757 1903 3927 1975 (Ter-

2333 1999 2450 2054 tull.
2482 1998 2570 2053 lib.
2628 1996 2693 2054 Ill
2731 1998 2930 2053 advers.
2960 1997 3212 2052 Marcion.
3245 2014 3361 2068 cap.
3396 1996 3472 2069 9).
3503 1998 3739 2053 Audisne
3767 2012 3927 2070 quam

2333 2099 2518 2160 aperte
2561 2089 2801 2146 declaret
2831 2090 3084 2162 Angelos,
3115 2090 3202 2160 qui
3245 2088 3472 2145 humana
3525 2089 3692 2144 forma
3730 2089 3796 2144 ab
3835 2105 3931 2160 pa-

2333 2181 2582 2237 triarchis
2618 2183 2715 2238 visi
2759 2192 2904 2246 sunt,
2948 2190 3053 2236 tam
3100 2197 3225 2236 vere
3264 2181 3484 2250 Spiritus
3528 2180 3709 2246 fuisse,
3766 2196 3926 2252 quam

2332 2287 2514 2328 veram
2562 2275 2660 2344 ipsi
2709 2275 2982 2328 hominum
3043 2288 3259 2328 carnem
3306 2273 3760 2343 assumpserant?
3808 2272 3927 2330 Non

2331 2367 2545 2436 propria
2576 2375 2753 2422 autem
2782 2381 2968 2423 eorum
3016 2375 3133 2421 erat
3180 2381 3336 2429 caro,
3370 2365 3464 2421 sed
3496 2367 3624 2436 ipsis
3651 2366 3718 2420 ad
3762 2366 3929 2424 breve

2334 2469 2546 2530 tempus
2593 2476 2622 2514 a
2680 2460 2792 2516 Deo
2839 2459 2984 2526 data,
3017 2469 3075 2514 ut
3125 2475 3247 2515 cum
3288 2459 3592 2515 hominibus
3620 2460 3929 2515 conversari

2333 2563 2554 2622 possent
2585 2560 2638 2607 et
2665 2552 2914 2623 colloqui.
2950 2552 3064 2606 Alia
3097 2553 3275 2623 itaque
3305 2552 3539 2618 illorum,
3569 2567 3726 2624 quam
3755 2551 3932 2608 homi-

2332 2658 2460 2700 num
2487 2653 2569 2700 est
2593 2645 2913 2709 substantia,
2947 2645 3196 2701 videlicet
3215 2645 3528 2716 Spiritualis,
3551 2660 3656 2717 qua
3683 2645 3928 2717 superio-

2331 2752 2420 2793 res
2447 2736 2750 2792 hominibus
2778 2753 2903 2793 vere
2929 2747 3054 2792 sunt
3081 2737 3320 2807 spiritus.

2407 2852 2561 2907 Plura
2591 2854 2636 2908 si
2664 2854 2784 2924 quis
2809 2853 3102 2920 desideret,
3136 2854 3276 2908 illius
3307 2854 3369 2908 de
3396 2853 3780 2910 Resurrectione
3806 2869 3926 2908 car-

2334 2944 2416 2998 nis
2445 2944 2640 2999 librum
2685 2944 2862 3013 adeat,
2889 2959 2942 3001 et
2984 2946 3056 3002 ibi
3100 2946 3316 3001 totidem
3361 2946 3538 3017 legere
3576 2948 3770 3017 poterit
3808 2949 3928 3017 ejus

2331 3036 2492 3090 verba
2538 3055 2552 3092 :
2599 3037 2778 3108 Angeli
2830 3037 3107 3108 aliquando
3161 3048 3397 3108 tanquam
3453 3039 3674 3092 homines
3718 3043 3928 3109 fuerunt

632 3171 780 3216 etum
839 3158 1024 3231 fugiat.
1079 3156 1187 3214 Nec
1238 3128 1456 3212 diffiteri
1501 3153 1714 3224 quidem
1762 3131 2223 3224 possumus‘hanc

2330 3128 2546 3193 edendo,
2588 3139 2634 3182 et
2681 3128 2915 3196 bibendo,
2947 3139 2993 3182 et
3022 3129 3174 3200 pedes
3217 3130 3415 3183 lavacro
3449 3129 3750 3200 porrigenda
3783 3145 3804 3183 :
3827 3131 3928 3184 hu-

630 3217 1072 3323 discepmi'onem
1104 3263 1210 3304 non
1243 3262 1400 3318 posse
1427 3217 1582 3300 facile
1629 3260 1660 3299 a
1707 3217 1973 3314 qdoquam
2022 3241 2223 3298 dirimi.
2253 3217 2298 3280 C
2331 3235 2534 3274 manum
2582 3221 2714 3274 enim
2742 3221 3011 3275 induerant
3053 3221 3392 3292 superficiem,
3441 3221 3581 3275 salva
3621 3223 3758 3275 intus
3801 3223 3928 3277 sub-

629 3344 767 3413 Quid
799 3354 974 3400 tamen
1004 3342 1074 3398 de
1099 3341 1198 3396 hac
1225 3337 1544 3394 Tertulliani
1591 3336 1762 3392 nostri
1800 3335 2055 3406 opinione
2107 3348 2224 3391 cer-

631 3439 740 3496 tius
770 3436 994 3509 prnlerri
1027 3434 1217 3506 possit,
1241 3432 1522 3502 explorare
1545 3427 1892 3485 tentabimus.

702 3529 940 3585 Primum
967 3528 1144 3596 itaque
1169 3521 1556 3581 advertendum
1584 3530 1669 3577 est
1704 3519 1976 3592 quomodo
2003 3518 2091 3576 ille
2131 3521 2225 3574 ad-

629 3632 820 3674 versus
868 3617 1172 3680 haereticos,
1223 3615 1311 3684 qui
1339 3622 1673 3682 assumptum
1702 3626 1732 3665 a
1772 3609 1986 3666 Christo
2035 3625 2220 3666 verum

631 3713 827 3778 corpus
858 3706 1144 3777 negabant,
1165 3703 1423 3774 disputet,
1476 3715 1770 3771 eorumque
1820 3700 2027 3756 refellat
2073 3715 2224 3756 erro-

632 3797 1044 3856 remﬂmretici
1097 3805 1279 3851 autem
1323 3793 1401 3850 illi
1429 3793 1677 3862 exemplo
1731 3793 2079 3862 Angelorum,
2131 3785 2220 3864 qui

627 3890 782 3957 olim,
815 3902 978 3944 carne
1031 3886 1264 3943 humana
1293 3886 1486 3954 vestiti,
1548 3885 1866 3956 patriarchis
1906 3885 2222 3956 apparuisse

627 3982 1001 4055 perhibentur,
1020 3979 1323 4038 inferebant
1349 3993 1448 4035 nec
1491 3994 1695 4044 veram,
1728 3994 1825 4034 nec
1847 3988 2026 4035 natam
2055 3979 2221 4034 fuisse

628 4077 828 4132 Christi
853 4088 1095 4131 carnem.
1130 4075 1199 4128 At
1225 4071 1586 4128 Tertullianus
1610 4071 1963 4142 Angelorum,
1995 4086 2102 4126 non
2131 4086 2222 4126 ve-

636 4185 701 4227 ro
727 4169 927 4225 ChriSIi
953 4182 1172 4224 carnem
1200 4175 1380 4222 natam
1409 4179 1530 4222 esse
1557 4163 1855 4232 contendit;
1885 4164 2008 4235 quia
2036 4180 2142 4219 non
2167 4163 2220 4219 hi

635 4259 732 4316 sed
757 4259 1006 4316 Christus
1035 4270 1190 4316 natus
1220 4268 1325 4323 est,
1355 4268 1414 4314 ut
1440 4257 1868 4328 cruciﬁgeretur,
1895 4271 1958 4312 ac
1983 4271 2221 4312 morere-

631 4366 720 4412 tur
749 4373 764 4410 :
796 4352 937 4409 Nam
963 4362 1180 4419 constat,
1213 4352 1405 4424 inquit,
1436 4351 1656 4420 Angelos
1707 4366 1910 4404 carnem
1955 4366 2056 4404 non
2101 4365 2220 4420 pro-

629 4450 792 4522 priant
821 4456 1060 4518 gestasse,
1091 4453 1148 4499 ut
1173 4454 1288 4515 pote
1317 4454 1527 4499 naturas
1551 4442 1644 4514 (al.
1678 4441 1900 4514 naturte)
1928 4443 2222 4498 substantiae

627 4544 896 4616 spiritalis,
921 4542 1012 4598 etsi
1060 4541 1288 4612 corporis
1313 4541 1555 4612 alicujus,
1584 4542 1664 4596 sui
1691 4549 1859 4596 tamen
1886 4542 2081 4612 generis
2101 4557 2120 4596 :
2166 4541 2222 4596 in

2327 3314 2516 3365 stantia
2555 3311 2746 3383 (Idem,
2778 3312 2867 3366 lib.
2900 3314 2962 3366 de
2991 3312 3203 3367 Resurr.
3231 3329 3374 3367 carn.
3419 3329 3534 3383 cap.
3592 3310 3661 3366 62
3688 3315 3728 3382 ).
3761 3313 3924 3380 Qum-

2327 3417 2453 3458 nam
2501 3413 2678 3459 autem
2728 3401 2887 3458 fuerit
2931 3404 3016 3458 illa
3049 3404 3262 3474 propria
3305 3404 3615 3474 angelorum
3669 3392 3925 3460 substan-

2327 3498 2396 3552 tia
2425 3506 2477 3552 et
2506 3507 2716 3564 natura,
2739 3497 2838 3552 sub
2867 3497 3096 3552 humana
3125 3497 3300 3567 efﬁgie
3327 3496 3666 3565 delitescens,
3699 3496 3923 3567 ipsemet

2325 3587 2522 3643 ibidem
2552 3588 2630 3644 sic
2657 3589 2886 3658 explicat
2922 3605 2936 3641 :
2971 3588 3149 3658 Angcli
3191 3588 3345 3658 facti,
3381 3595 3621 3656 tanquam
3664 3586 3916 3653 homines,

2325 3679 2378 3734 in
2405 3680 2580 3735 eadem
2609 3680 2890 3735 substantia
2917 3682 3122 3751 spiritus
3151 3679 3407 3734 carnalem
3436 3681 3782 3735 tractationem
3805 3696 3921 3735 sus-

2325 3784 2568 3843 ceperunt
2599 3772 2809 3848 (Ibid).
2836 3779 2904 3829 At
2931 3777 3124 3846 quibus
3149 3775 3338 3831 amabo
3369 3784 3438 3842 te,
3469 3774 3783 3831 clarioribus
3800 3789 3923 3831 ver-

2323 3865 2407 3922 hls
2429 3867 2652 3936 exprimi
2682 3867 3136 3938 poteratAngelos
3167 3883 3289 3922 vero
3316 3882 3437 3920 esse
3464 3866 3702 3936 spiritus,
3732 3874 3787 3921 et
3810 3865 3923 3935 Spi-

2324 3956 2533 4012 ritaletu
2556 3971 2744 4012 eorum
2775 3967 3020 4014 naturam
3050 3959 3184 4015 nihil
3210 3973 3430 4030 prorsus
3454 3958 3736 4016 admittere
3757 3957 3919 4016 ullius

2324 4049 2595 4118 materia},
2625 4059 2682 4106 et
2709 4053 2998 4122 corporis?
3075 4064 3084 4075 ·

2317 4229 2325 4234 ,
2395 4163 2525 4230 Quae
2543 4180 2704 4235 porro
2733 4165 2990 4222 hactenus
3033 4167 3330 4233 retulimus,
3362 4166 3478 4224 lucc
3520 4167 3589 4223 ad
3625 4183 3743 4224 eam
3765 4209 3780 4236 ,
3811 4182 3917 4238 qua

2323 4269 2513 4311 omnes
2543 4257 2732 4328 Angeli
2779 4260 2944 4314 creati
2992 4268 3134 4325 sunt,
3169 4268 3411 4315 naturam
3463 4268 3727 4330 spectant,
3756 4275 3916 4329 quam

2323 4347 2415 4404 ille
2455 4349 2587 4406 satis
2640 4360 2824 4422 aperte
2866 4354 3061 4408 asserit
3107 4369 3228 4409 esse
3275 4352 3592 4423 spiritalem,
3624 4353 3725 4408 nisi
3778 4353 3916 4407 hanc

2323 4443 2643 4497 sententiam
2688 4443 2773 4510 iis,
2804 4460 2923 4515 qua:
2950 4444 3018 4500 de
3059 4446 3234 4515 pravis
3259 4445 3475 4515 Angelis
3503 4456 3557 4500 et
3585 4444 3916 4500 daemonibus

2327 4534 2581 4604 prodidit,
2625 4546 2872 4607 tanquam
2912 4547 3026 4592 atra
3075 4536 3306 4608 quadam
3359 4537 3609 4608 caligine,
3637 4547 3694 4594 et
3731 4537 3914 4592 densis

625 4608 830 4690 carnem
853 4642 1022 4688 autem
1051 4608 1486 4702 transﬁgurabiles
1510 4630 1578 4684 ad
1639 4639 1856 4701 tempus,
1881 4608 1935 4685 ut
1975 4632 2132 4686 videri
2172 4642 2220 4686 et
2245 4608 2298 4670 D
2328 4626 2561 4681 tenebris
2610 4625 2778 4682 offusa
2821 4627 3233 4684 obscuravisset.
3273 4628 3406 4684 Nam
3448 4644 3543 4685 eos
3572 4645 3760 4686 omnes
3804 4643 3912 4684 non

627 4725 865 4799 congredi
893 4741 1008 4780 cum
1032 4724 1317 4780 hominibus
1340 4731 1564 4794 possent.
1593 4721 1832 4793 (Tertull.
1857 4721 1946 4777 lib.
1970 4723 2033 4776 de
2058 4720 2214 4778 Carn.

629 4819 818 4874 Christ.
846 4833 962 4888 cap.
996 4816 1091 4888 6).
1132 4815 1352 4871 Fatetur
1381 4830 1508 4884 ergo
1557 4814 1656 4869 hos
1689 4816 1925 4885 Angelos
1969 4830 2220 4884 assump-

628 4912 765 4966 sisse
817 4909 885 4966 ad
931 4918 1142 4978 tempus
1188 4907 1474 4963 humanam
1528 4920 1742 4961 carnem
1769 4947 1784 4972 ,
1832 4922 1952 4977 quae
2001 4906 2218 4979 quidem

626 5005 727 5062 etsi
786 5019 932 5068 vera,
988 5016 1096 5058 non
1136 5000 1350 5072 propria
1400 5007 1577 5053 tamen
1630 5009 1748 5054 erat
1801 4999 2012 5054 illorum
2066 5014 2212 5066 caro,

626 5098 772 5170 quia,
819 5095 898 5151 uti
935 5096 1048 5166 ipse
1092 5091 1231 5148 haud
1287 5091 1595 5147 dubitanter
1645 5090 1920 5168 alﬁrmat.
1964 5075 2220 5162 spiritalis

625 5199 710 5246 est
739 5203 927 5245 eorum
977 5185 1294 5243 substantia.
1323 5183 1523 5240 Verum
1562 5184 1814 5255 quoniam
1861 5186 1944 5242 vel
1973 5186 2088 5258 ipse
2129 5188 2217 5246 vel

624 5281 714 5336 alii
739 5279 971 5336 dubitari
1009 5293 1168 5351 posse
1215 5275 1576 5349 opinabantur
1599 5287 1775 5332 utrum
1795 5279 2014 5349 aliquid,
2041 5287 2097 5336 ut
2120 5295 2210 5336 su-

625 5374 809 5445 perius
827 5370 1234 5440 annotavimus(
1261 5386 1407 5439 supr.
1449 5369 1745 5440 cap.7.art
1791 5370 1874 5442 3).
1920 5379 2063 5429 esset
2107 5389 2221 5430 nte-

625 5465 772 5520 dium
803 5462 945 5519 inter
986 5473 1180 5531 corpus
1202 5470 1255 5516 et
1284 5459 1459 5527 nihil,
1488 5459 1614 5516 hinc
1638 5461 1727 5516 ille
1765 5476 1835 5518 ne
1862 5461 2036 5519 ullum
2056 5465 2220 5522 cavil-

625 5555 768 5612 landi
793 5552 967 5610 locum
989 5553 1273 5624 praeberet,
1303 5551 1376 5607 ibi
1417 5551 1632 5622 adjecit,
1662 5552 1757 5608 etsi
1802 5554 2030 5626 corporis
2056 5555 2216 5610 alicu-

617 5648 730 5718 jus,
764 5645 847 5702 sui
875 5654 1043 5701 tamen
1071 5644 1289 5716 generis,
1315 5642 1541 5716 perinde
1568 5658 1632 5700 ac
1657 5643 1703 5700 si
1727 5642 1992 5703 dixisset:
2017 5645 2075 5701 Si
2097 5646 2216 5716 quis

623 5735 950 5805 pertinacius
995 5734 1284 5794 contendat
1327 5749 1546 5794 omnem
1588 5735 1810 5796 omnino
1856 5736 2214 5798 substantiam

2323 4729 2479 4770 secus
2505 4731 2570 4771 ac
2591 4716 2760 4773 bonos
2783 4719 3014 4790 Angelos
3045 4728 3197 4774 vocat
3225 4720 3464 4789 spiritus.
3494 4718 3679 4790 Neque
3709 4719 3761 4774 id
3791 4733 3915 4790 pro-

2324 4809 2450 4865 batu
2485 4809 2720 4866 difﬁcile.
2753 4811 2868 4867 Jatn
2902 4813 3044 4867 enim
3081 4814 3422 4869 observatum
3452 4823 3535 4869 est
3574 4814 3641 4870 de
3667 4812 3917 4868 omnibus

2321 4909 2619 4976 generatim
2667 4917 2772 4963 tant
2833 4908 3010 4973 bonis,
3047 4925 3206 4980 quam
3246 4909 3400 4963 malis
3449 4909 3670 4978 Angelis
3710 4908 3777 4961 ab
3823 4906 3916 4962 illo

2322 4998 2578 5068 scriptum
2606 5017 2619 5052 :
2647 4997 2877 5054 Dicimus
2902 5017 3007 5054 esse
3034 4999 3343 5054 substantias
3371 5000 3618 5071 quasdam
3638 4997 3915 5070 spiritales.

2323 5089 2514 5148 Postea
2569 5108 2695 5148 vero
2741 5105 2794 5148 et
2837 5093 3012 5148 adhuc
3066 5093 3423 5164 expressius:
3479 5093 3656 5149 Omnis
3701 5091 3917 5162 spiritus

2320 5183 2449 5250 ales,
2493 5183 2589 5237 hoc
2611 5193 2660 5239 et
2688 5184 2870 5255 Angeli
2898 5195 2944 5240 et
2985 5186 3239 5242 dannones
3268 5183 3459 5256 (Idem,
3492 5183 3758 5254 Apologet.
3789 5199 3913 5254 cap.

2319 5275 2411 5342 22,
2438 5293 2490 5347 p.
2520 5277 2675 5348 404).
2712 5278 2920 5335 Rursus
2944 5289 3121 5334 autem
3164 5296 3178 5332 :
3208 5280 3394 5351 Angeli
3429 5287 3475 5332 et
3504 5279 3756 5332 dannones
3797 5275 3918 5331 sub-

2315 5371 2503 5425 stantia
2539 5371 2747 5442 pessimi
2781 5371 2990 5440 spiritus
3042 5369 3219 5442 (Ibid.
3248 5387 3365 5442 cap.
3395 5369 3488 5435 ‘59,
3519 5386 3568 5426 c.
3597 5367 3746 5440 468).
3776 5367 3912 5424 Pra-

2319 5475 2506 5516 vorutn
2536 5478 2747 5533 quoque
2771 5463 3094 5534 Angelorum
3124 5463 3400 5534 princeps,
3434 5463 3501 5519 de
3521 5478 3628 5534 quo
3658 5463 3713 5517 in
3752 5476 3917 5532 supe-

2317 5552 2445 5608 riori
2476 5552 2701 5609 articulo
2725 5553 2994 5620 diximus,
3022 5556 3090 5610 ab
3109 5569 3174 5610 eo
3207 5563 3451 5620 vocatur,
3479 5554 3692 5625 spiritus
3719 5554 3918 5609 damo-

2316 5648 2478 5702 niaca:
2522 5657 2569 5704 et
2611 5647 2854 5721 angelicte
2879 5659 3136 5721 paratum:
3171 5647 3336 5722 (Ibid.
3377 5666 3498 5722 cap.
3535 5649 3629 5718 27,
3660 5666 3708 5704 c.
3753 5649 3912 5720 455),

2316 5739 2373 5800 id
2415 5749 2517 5811 est,
2564 5742 2806 5816 spiritus,
2847 5743 2940 5815 qui
2975 5741 3282 5830 Quinctium
3306 5752 3364 5804 et
3388 5743 3720 5818 Angelorum
3752 5739 3924 5800 habet
