4240 6262
333 314 444 375 873

1453 312 1913 375 DlSSERTATlO
1950 315 2015 376 D.
2054 314 2146 375 LE
2175 312 2477 377 NOURRY.

3532 319 3642 385 9M

336 429 716 503 dispositiones
740 436 796 487 et
825 427 1130 502 qualitates.
1157 426 1265 487 Sed
1296 426 1364 486 de
1392 426 1495 487 hoc
1522 431 1739 488 nomine
1760 428 1937 487 adhuc
1960 436 2016 498 Α
2039 432 2292 503 angelica:
2326 446 2427 489 nec
2466 432 2716 489 humanae
2751 447 2876 490 esse
2905 446 3113 504 parem,
3140 434 3233 492 sed
3268 435 3470 510 aliquid
3497 438 3643 496 inter

336 524 476 581 infra
516 522 742 599 articulo
765 524 1032 594 sequenti.

409 615 547 685 Quid
575 630 727 685 vero,
758 614 903 687 quod
928 630 1090 687 supra
1117 613 1349 672 vidimus
1374 613 1513 687 (Art.
1530 616 1731 689 super.)
1759 616 1827 671 ab
1847 630 1940 673 eo-

338 707 463 765 dem
492 710 609 781 ipso
638 706 972 765 Tertulliano
1000 708 1204 765 diserte
1235 709 1565 780 pronuntiari
1593 708 1814 765 ethunc
1836 707 1937 764 Sa~

340 809 555 868 tanam,
601 810 656 857 et
723 809 952 857 caeteros
999 816 1191 858 omnes
1239 802 1461 872 angelos
1500 816 1696 873 pravos
1744 800 1942 879 eodem-

348 896 531 962 tnodo,
559 909 667 967 quo
714 903 769 952 et
798 895 970 951 bonos
1006 904 1218 952 creatos
1257 893 1443 951 fuisse.
1472 894 1612 964 Quin
1638 896 1799 951 etiam
1830 899 1937 950 da:-

346 1004 537 1055 mones,
568 988 741 1060 inquit
771 988 883 1054 ille,
916 1002 1114 1059 negare
1157 1001 1266 1044 non
1310 998 1534 1058 possunt
1571 1005 1625 1043 se
1646 987 1938 1042 immundos

232 1112 245 1117 -
339 1082 551 1154 spiritus
596 1097 704 1137 esse
736 1079 1081 1153 (Tcrtullian.
1124 1080 1249 1135 ibid.
1276 1095 1393 1149 cap.
1419 1079 1517 1145 2'5,
1552 1095 1599 1134 c.
1633 1078 1788 1150 M0).
1840 1078 1939 1136 De-

339 1174 501 1244 nique
539 1173 831 1229 maximam
865 1171 996 1227 dicit
1040 1186 1162 1227 esse
1200 1171 1414 1227 illorum
1450 1170 1801 1227 subtilitatem
1824 1212 1838 1235 ,
1874 1185 1938 1226 ac

339 1266 676 1330 tenuitatem,
721 1264 814 1336 qui
865 1270 963 1319 Sua
1017 1262 1297 1320 alacritate
1348 1270 1629 1333 utramque
1679 1261 1940 1319 invadunt

340 1357 576 1415 hominis
602 1342 957 1415 substantiam
978 1398 995 1424 ,
1022 1372 1130 1413 uno
1158 1368 1430 1413 momento
1461 1356 1657 1428 ubique
1703 1365 1848 1423 sunt,
1883 1365 1941 1413 et

339 1457 483 1505 totus
511 1458 775 1506 terrarum
827 1449 976 1505 orbis
1027 1463 1164 1505 unus
1192 1448 1270 1505 eis
1313 1457 1400 1504 est
1451 1448 1621 1523 locus.
1671 1447 1939 1504 Praeterea

336 1540 646 1609 invisibiles,
694 1541 901 1613 inquit,
941 1550 991 1596 et
1040 1539 1351 1597 insensibiles
1402 1540 1456 1594 in
1503 1541 1692 1612 effectu
1738 1540 1938 1611 potius,

335 1650 491 1705 quant
532 1635 587 1689 in
629 1644 749 1688 actu
805 1649 899 1689 suo
945 1642 1194 1702 apparent
1241 1629 1401 1702 (ibid.
1430 1646 1546 1703 cap.
1592 1630 1683 1696 2‘2,
1707 1630 1937 1702 p.406).

334 1724 526 1782 Nonne
552 1734 729 1781 autem
755 1723 871 1780 haec
894 1723 1075 1779 omnia
1103 1723 1233 1780 satis
1256 1720 1540 1778 manifeste
1568 1722 1942 1779 demonstrant

2040 533 2323 596 utramque
2352 526 2619 593 medium;
2652 539 2756 580 non
2784 524 2908 582 inde
2934 528 3121 581 tamen
3160 530 3416 584 continuo
3452 531 3642 587 inferri

2041 616 2203 673 debet
2232 617 2381 673 illum
2429 632 2653 690 negasse
2696 618 2932 688 Angelos
2980 634 3103 675 esse
3148 619 3387 691 spiritus.
3409 620 3465 677 Si
3495 622 3643 693 quod

2039 708 2317 765 enimvero
2358 708 2695 765 daemonibus
2723 724 2920 780 corpus
2958 710 3228 778 attribuit,
3275 711 3405 766 illud
3453 722 3639 781 tantae,

2039 802 2181 858 sicut
2212 803 2463 870 vidimus,
2491 802 2760 858 tenuitatis
2788 813 2842 858 et
2874 802 3183 858 subtilitatis
3222 818 3344 860 esse
3383 805 3640 876 opinaba-

2041 901 2127 950 tur
2154 910 2255 965 qua
2298 894 2471 964 major
2514 895 2658 951 nulla
2698 910 2819 951 esse
2870 904 3065 966 potest.
3097 895 3415 953 Persuasum
3456 908 3639 956 autem

2041 983 2292 1041 habuisse
2319 985 2529 1043 videtur
2561 987 2987 1057 praestantiorem
3010 1002 3131 1044 esse
3158 986 3419 1044 bonorum
3457 990 3642 1063 Ange-

2042 1076 2240 1147 lorum,
2282 1093 2442 1150 quam
2484 1080 2790 1135 daemonum
2820 1091 3086 1136 naturam.
3119 1081 3190 1136 At
3232 1096 3361 1153 quo,
3411 1082 3641 1140 obsecro

2041 1180 2115 1239 te,
2141 1170 2301 1227 modo
2325 1173 2664 1243 prtestantior
2694 1187 2818 1229 esse
2858 1183 3053 1245 potest,
3094 1173 3192 1229 nisi
3230 1173 3347 1231 haec
3374 1175 3444 1231 sit
3486 1192 3640 1234 mere

2040 1263 2317 1335 spiritalis,
2350 1264 2592 1336 nihilque
2632 1279 2850 1336 prorsus
2882 1265 3127 1337 corporei
3163 1264 3397 1322 habeat?
3440 1266 3638 1334 Quanti

2041 1370 2169 1411 vero
2189 1354 2253 1410 ad
2282 1353 2348 1410 'id
2386 1355 2716 1425 probandum
2762 1355 3010 1426 ponderis
3039 1357 3146 1413 sint
3171 1371 3257 1425 ea,
3288 1374 3408 1429 quae
3452 1357 3639 1416 hacte-

2042 1460 2144 1501 nus
2174 1445 2475 1512 retulimus,
2502 1457 2837 1518 argenteola,
2865 1449 2981 1503 aliis
3001 1447 3638 1521 judicanduuvrelinqui.

2043 1552 2184 1592 mus.
2206 1536 2377 1594 Nemo
2413 1546 2624 1604 autem,
2665 1538 2767 1594 nisi
2809 1540 2966 1609 plane
3006 1538 3259 1609 fallimur,
3292 1541 3499 1597 inficias
3544 1542 3641 1597 ibit

2043 1633 2091 1689 si
2116 1634 2236 1705 quis
2275 1634 2326 1689 iu
2363 1633 2446 1690 his
2483 1636 2731 1691 omnibus
2761 1651 2913 1691 error
2950 1635 3021 1690 sit
3043 1636 3399 1702 ‘Tertulliaui,
3433 1637 3641 1693 nullum

2044 1740 2110 1783 eo
2138 1743 2257 1784 esse
2285 1729 2540 1800 pejorem,
2573 1743 2679 1799 quo
2704 1743 2987 1798 pravorum
3018 1729 3327 1799 angelorum
3355 1722 3476 1784 cum
3503 1730 3641 1787 ﬁlia-

335 1815 668 1873 Tertulliano
713 1828 1028 1895 persuasum
1071 1814 1241 1871 fuisse
1278 1801 1496 1885 angelos
1546 1813 1718 1869 malos
1743 1824 1797 1871 et
1825 1813 1936 1870 dm-
1965 1831 2016 1893 Β
2046 1817 2144 1875 bus
2189 1819 2464 1875 hominum
2493 1819 2833 1875 concubitum
2855 1861 2871 1888 ,
2901 1828 3080 1891 atque
3099 1835 3171 1878 ex
3191 1820 3282 1874 illo
3309 1824 3642 1891 procreatio-

338 1924 525 1967 mones
573 1924 682 1965 non
721 1906 898 1964 minus
934 1922 1098 1979 quam
1138 1905 1311 1963 bonos
1348 1904 1587 1977 angelos,
1618 1903 1785 1962 fuisse
1828 1907 1938 1978 spi-

336 2001 509 2059 ritus?

376 2092 610 2161 (Verum
663 2092 790 2150 huic
830 2091 1113 2149 sententiae
1157 2090 1291 2148 illud
1345 2105 1649 2163 repugnare
1694 2089 1936 2158 videtur,

339 2187 482 2260 quod
502 2201 661 2258 supra
687 2186 757 2242 ab
783 2186 900 2258 ipso
927 2186 1179 2242 traditum
1219 2185 1718 2253 animadvertimus,
1749 2199 1941 2257 pravos

340 2282 560 2352 angelos
585 2294 705 2338 sese
733 2277 941 2336 nefario
969 2279 1224 2352 polluisse
1261 2277 1604 2338 fteminarum
1629 2276 1939 2344 concubitu,

341 2390 451 2447 quo
478 2374 749 2431 daemones
772 2384 1094 2445 genuerunt.
1126 2372 1234 2430 Sed
1262 2371 1589 2444 respondere
1616 2372 1736 2443 quis
1764 2379 1945 2441 posset

342 2468 413 2523 ab
447 2467 551 2524 illis
574 2469 770 2539 pravis,
794 2466 1245 2539 quemadmodum
1289 2483 1321 2522 a
1360 2466 1515 2522 bonis
1560 2464 1801 2536 Angelis,
1851 2459 1974 2519 as-'

343 2568 636 2630 sumptam,
659 2560 798 2615 sicut
824 2558 984 2629 paulo
1010 2567 1134 2614 ante
1157 2557 1487 2625 dicebamus,
1518 2555 1793 2611 hominum
1822 2570 1944 2610 car-

345 2668 493 2719 nem,
523 2668 624 2723 qua
655 2660 943 2721 potuerunt
966 2666 1088 2707 cum
1122 2649 1431 2707 mulieribus
1457 2648 1816 2705 commisceri.
1838 2646 1947 2704 Ve-

346 2759 466 2802 rum
490 2754 680 2801 contra
706 2743 843 2798 alius
878 2748 1057 2798 statim
1085 2750 1274 2814 arguet
1300 2742 1631 2812 probandum
1659 2756 1779 2797 esse
1806 2740 1947 2797 unde

345 2839 496 2911 pravi
545 2839 736 2911 Angeli
782 2838 1071 2894 humanam
1123 2852 1338 2893 carnem
1367 2836 1432 2891 ad
1479 2845 1690 2906 tempus
1732 2835 1947 2906 aliquod

348 2932 702 3001 sumpserint.
733 2929 993 2998 Quamvis
1044 2928 1186 2983 enim
1227 2926 1588 2982 Tertullianus
1633 2941 1751 2982 eam
1794 2926 1950 2983 bonis

346 3024 566 3095 Angelis
609 3038 640 3077 a
685 3023 797 3078 Deo
848 3021 1028 3078 datam
1074 3035 1179 3076 non
1228 3019 1419 3087 semel,
1470 3019 1947 3085 utannotavimus,

350 3125 535 3188 aperte
563 3113 910 3187 pronuntiet;
937 3128 1094 3169 nemo
1140 3123 1315 3167 tamen
1349 3111 1576 3183 probare
1606 3119 1783 3183 potest
1806 3111 1948 3164 illam

2046 1924 2170 1967 nem
2199 1910 2503 1966 daemonum
2542 1910 2808 1981 explicare
2856 1911 3064 1966 nititur.
3108 1910 3213 1967 Sed
3242 1910 3391 1978 vide,
3425 1927 3641 1983 quaeso,

2045 2016 2166 2071 qua:
2196 2000 2261 2056 de
2294 1999 2377 2056 his
2408 2001 2461 2057 in
2499 2003 2777 2072 superiore
2801 2001 3176 2058 dissertatione
3210 2001 3478 2073 disputata
3521 2012 3648 2058 sunt

2044 2090 2350 2161 (Dissertat.
2397 2093 2450 2147 in
2498 2091 2737 2151 Lactant.
2779 2110 2896 2164 cap.
2936 2092 3028 2159 20,
3072 2101 3173 2149 art.
3215 2094 3312 2165 5),
3360 2103 3419 2151 et
3465 2102 3648 2151 utrum

2045 2183 2171 2240 inde
2197 2185 2314 2255 ejus
2341 2185 2519 2257 Opinio
2550 2186 2617 2241 ad
2649 2187 2885 2242 veritatis
2921 2187 3133 2258 regulas
3174 2188 3343 2259 possit
3361 2188 3567 2244 reduci.

2115 2275 2286 2331 Nemo
2315 2287 2493 2332 autem
2522 2277 2786 2333 dubitabit
2824 2278 2925 2334 hoc
2952 2294 3135 2335 verum
3160 2294 3301 2347 esse,
3321 2280 3464 2352 quod
3491 2282 3644 2351 post-

2046 2368 2109 2423 ea
2136 2368 2204 2424 de
2231 2369 2429 2425 Satana
2455 2378 2510 2426 et
2534 2358 2885 2426 dzemonibus'
2915 2380 3151 2428 enarrat.
3182 2370 3409 2427 Satanas
3452 2383 3643 2442 noster,

2046 2460 2252 2533 inquit,
2277 2464 2338 2517 σὺ
2363 2463 2653 2527 divortium,
2682 2478 2713 2517 a
2735 2462 2846 2518 Deo
2872 2462 3138 2530 videlicet,
3172 2474 3226 2520 et
3245 2479 3399 2520 suum
3421 2463 3493 2520 ob
3517 2479 3649 2535 pec—

2047 2567 2226 2613 catum
2256 2554 2489 2618 annulus.
2523 2555 2637 2610 sive
2661 2554 2830 2610 hostis
2855 2564 2909 2611 et
2949 2555 3215 2623 inimicus,
3245 2566 3291 2610 et
3312 2556 3376 2610 ob
3403 2554 3501 2611 Dei
3521 2573 3647 2628 gra-

2048 2651 2174 2705 tiam
2203 2648 2519 2706 Christianis
2556 2662 2869 2704 concessam
2901 2648 3133 2717 invidus,
3173 2662 3387 2718 semper
3422 2657 3648 2705 conatus

2048 2756 2135 2804 est
2157 2747 2356 2802 occulta
2384 2747 2717 2820 inspiratione
2759 2747 3045 2818 gentilibus
3078 2746 3384 2802 subornatis
3425 2762 3647 2817 persua-

2050 2841 2200 2910 dere,
2230 2850 2288 2895 ut
2309 2840 2429 2896 illos
2457 2841 2603 2895 omni
2628 2841 2960 2910 cruciatuum
2990 2853 3188 2908 genere
3209 2848 3455 2894 avertant
3480 2856 3510 2895 a
3534 2843 3649 2896 veri

2052 2931 2147 2987 Dei
2172 2931 2340 2998 cultu,
2371 2940 2427 2986 et
2447 2930 2516 2986 ad
2538 2929 2702 2985 falsos
2727 2929 2859 2985 deos
2885 2928 3141 2985 colendos
3159 2931 3484 3003 compellant
3504 2930 3653 3000 (Ter-

2053 3024 2258 3079 tullian.
2322 3023 2448 3077 ibid.
2489 3038 2607 3093 cap.
2648 3020 2742 3087 27,
2768 3038 2826 3092 p.
2880 3020 3033 3093 452).
3084 3021 3217 3077 Nam
3259 3023 3383 3079 licet
3423 3023 3651 3095 subjecta

2051 3115 2117 3170 sit
2140 3114 2283 3170 nobis
2307 3122 2414 3169 tota
2437 3114 2509 3169 vis
2536 3114 2847 3181 demonum,
2876 3123 2927 3170 ct
2956 3115 3205 3185 ejusmodi
3244 3116 3451 3188 spiritus
3479 3115 3645 3187 (Ibid.

280 3280 295 3293 Ι
347 3210 595 3265 similiter
634 3209 703 3265 ab
745 3207 839 3264 illo
870 3192 1027 3264 tribui
1079 3207 1255 3285 pravis
1308 3204 1546 3279 Angelis,
1597 3214 1658 3259 ut
1696 3202 1949 3260 mulieres
1975 3219 2020 3283 ρ
2055 3226 2102 3263 c.
2128 3208 2294 3278 455),
2325 3206 2376 3262 id
2399 3214 2502 3274 est,
2528 3206 2834 3264 Satanae....
2862 3206 3240 3262 Verumtamen
3271 3210 3377 3263 vice
3402 3208 3654 3264 rebellan-

349 3311 538 3359 COIlSlU
546 3308 778 3371 prarent.

427 3393 535 3450 Fac
575 3403 750 3449 tamen
786 3392 906 3449 illos
948 3406 1163 3465 quoquo
1206 3389 1422 3446 tandem
1472 3388 1633 3445 modo
1677 3388 1790 3444 sive
1832 3386 1949 3444 suis

352 3487 661 3562 praestigiis,
688 3487 799 3543 sive
835 3486 954 3541 aliis
993 3483 1238 3541 nefandis
1290 3482 1495 3539 artibus
1528 3497 1646 3537 cam
1691 3479 1946 3548 induisse,

354 3579 532 3651 major
554 3593 682 3635 sane
702 3586 948 3650 superest
974 3576 1042 3633 de
1079 3576 1413 3633 daemonibus
1440 3574 1749 3631 difficultas.
1786 3573 1950 3644 Cujus

354 3674 499 3729 enim
518 3673 736 3745 generis
763 3671 985 3743 spiritus
1014 3669 1066 3726 hi
1088 3669 1365 3745 daemones
1392 3683 1513 3725 esse
1541 3677 1783 3740 possunt,
1815 3682 1953 3739 quos

355 3764 716 3823 Tertullianus
757 3762 967 3819 nefasto
1005 3762 1347 3833 innuptarum
1391 3761 1658 3833 virginum
1705 3760 1952 3831 conjugio

355 3868 503 3914 artos
530 3857 859 3913 arbitratur?
884 3856 1165 3924 Quomodo
1189 3871 1256 3911 ex
1280 3854 1343 3910 iis
1368 3854 1637 3926 procreari
1668 3861 1955 3924 potuerunt

354 3950 667 4007 substantia:
711 3950 1064 4018 tenuissinim,
1093 3949 1475 4014 subtilissimae,
1510 3947 1826 4014 invisibiles,
1855 3964 1953 4004 vo-

356 4041 563 4097 lucrum
625 4051 943 4114 superantes
1008 4041 1414 4112 pernicitatem,
1469 4056 1591 4113 quas
1660 4041 1957 4109 pervadunt

358 4132 552 4207 corpus
593 4144 646 4192 et
689 4136 922 4191 animam
968 4135 1265 4201 hominum,
1296 4149 1506 4205 unoque
1547 4142 1820 4190 momento
1845 4134 1959 4190 ubi-

360 4241 465 4295 que
497 4225 658 4282 sunt?
688 4225 882 4296 Negari
922 4236 1069 4282 certe
1094 4241 1199 4281 non
1243 4236 1415 4295 poteSt
1451 4225 1565 4280 haec
1597 4224 1826 4280 maxima
1857 4225 1957 4280 ob-

362 4320 615 4375 scuritate
653 4319 874 4374 involvi.
904 4319 959 4375 Si
1007 4318 1131 4389 quid
1177 4319 1319 4373 enim
1363 4316 1726 4372 Tertullianus
1753 4317 1957 4372 danun-

362 4427 488 4467 num
519 4425 872 4483 corpus‘eSSe
900 4410 1244 4475 existimavit,
1273 4408 1402 4464 illud
1445 4410 1630 4480 procul
1668 4409 1833 4465 dubio
1860 4424 1961 4465 nec

363 4504 678 4571 humanum,
705 4520 804 4560 nec
827 4504 1057 4560 humana
1087 4504 1249 4574 figura
1293 4502 1531 4558 efﬁctum
1567 4518 1688 4559 esse
1729 4503 1958 4559 censuit.

2053 3302 2178 3357 tium
2204 3299 2570 3374 ergastulorum
2589 3341 2605 3367 ,
2627 3301 2706 3356 uel
2735 3300 3055 3356 metallorum
3075 3341 3091 3368 ,
3120 3301 3196 3355 vel
3226 3301 3319 3355 hoc
3347 3318 3503 3373 genus
3534 3319 3648 3372 pae-

2052 3395 2187 3450 nalis
2235 3392 2485 3449 seruitutis
2531 3402 2801 3464 erumpunt
2849 3395 3118 3446 adversum
3167 3408 3258 3447 nos
3293 3378 3648 3463 Christianos,

2052 3488 2156 3543 hoc
2180 3495 2278 3552 est,
2313 3495 2598 3555 erumpunt
2624 3484 2676 3540 in
2702 3499 2892 3540 eorum
2917 3483 3337 3551 similitudinem,
3382 3484 3471 3556 qui
3502 3501 3655 3557 erga-

2052 3580 2208 3637 stulis
2237 3595 2301 3633 ac
2326 3578 2632 3634 carceribus
2676 3575 2885 3643 inclusi,
2919 3584 3013 3630 aut
3036 3574 3352 3631 cll‘odiendis
3379 3576 3611 3632 metallis
3630 3617 3648 3644 ,

2053 3683 2145 3730 aut
2172 3672 2280 3728 alio
2300 3671 2480 3743 aliquo
2512 3669 2740 3741 ptenalis
2763 3668 3040 3725 servitutis
3065 3682 3263 3740 genere
3285 3668 3543 3732 damnati.
3566 3669 3658 3725 do-

2054 3769 2215 3825 minis
2257 3766 2525 3823 obsistunt
2566 3776 2631 3819 ae
2666 3771 2986 3835 repugnant.
3018 3760 3167 3829 Quos
3187 3770 3363 3817 autem
3400 3763 3550 3833 pravi
3578 3762 3657 3817 illi

2055 3865 2330 3922 daemones
2362 3865 2431 3922 ad
2467 3879 2620 3921 suum
2658 3863 3021 3933 falsorumque
3058 3859 3281 3918 deorum
3312 3860 3512 3916 cultum
3540 3860 3661 3916 vio-

2056 3957 2216 4012 lentia
2243 3967 2298 4014 et
2336 3966 2539 4013 armata
2568 3971 2729 4011 manu
2754 3953 3025 4009 adducere
3051 3952 3365 4021 nequibant,
3396 3952 3513 4006 illos
3541 3952 3659 4021 qui-

2058 4048 2287 4108 buslibet
2311 4051 2429 4107 aliis
2454 4049 2734 4115 machinis,
2767 4047 3010 4125 fallaciis,
3040 4046 3211 4111 dolis,
3240 4046 3500 4115 malisque
3521 4045 3659 4099 arti-

2059 4144 2160 4198 bus
2195 4144 2491 4199 subornare
2519 4141 2897 4198 moliebantur.
2929 4138 3035 4195 Sed
3079 4153 3197 4208 quae
3229 4136 3296 4192 de
3327 4137 3430 4193 illis
3461 4139 3661 4194 Auctor

2061 4243 2246 4290 noster
2272 4234 2507 4299 tradidit,
2537 4232 2697 4305 paulo
2723 4230 2889 4286 fusius
2915 4228 3242 4284 enueleanda
3267 4238 3410 4285 sunt.

2662 4404 2852 4445 Αιιτιῦυ
2864 4402 2962 4445 ωε
2990 4403 3064 4444 lli.

2068 4526 2332 4597 Quomodo
2366 4524 2719 4581 Tcrtullianus
2764 4525 2993 4580 ostendat
3025 4526 3293 4592 nonnulla,
3333 4540 3447 4596 qute
3473 4524 3665 4581 ethnici

364 4595 501 4662 Quid
527 4595 688 4666 ergo?
715 4595 978 4667 Numquid
1024 4597 1240 4667 putabat
1268 4594 1511 4688 qua-dam
1542 4609 1662 4650 esse
1697 4594 1957 4688 monslra.
1986 4618 2040 4679 1)
2090 4594 2107 4597 ἠ
2136 4620 2234 4673 diis
2256 4619 2363 4672 suis
2399 4627 2637 4687 tanquam
2666 4631 2785 4671 vera
2822 4616 3071 4669 miracula
3110 4594 3481 4682 adscribebant,
3523 4618 3663 4688 facta

362 4703 486 4758 qua:
514 4702 614 4742 nec
641 4688 813 4758 angeli
842 4699 964 4743 sunt
1002 4703 1101 4744 nec
1139 4686 1421 4743 homines?
1448 4688 1518 4742 At
1543 4701 1720 4741 nonne
1759 4685 1861 4740 hoc
1885 4687 1965 4756 ip-

363 4795 485 4836 sum
514 4779 760 4836 absurda:
786 4780 1052 4851 opinionis
1093 4790 1390 4835 monstrum
1432 4778 1551 4835 est?
1579 4777 1962 4834 Verumtamen

364 4872 491 4930 inde
520 4873 852 4942 Lactantius,
877 4885 932 4929 ut
958 4889 1055 4929 suo
1083 4874 1202 4929 loco
1224 4872 1697 4929 animadvertimus
1723 4871 1962 4945 (Dissert.

365 4965 422 5021 in
449 4964 685 5022 Lactant.
730 4983 846 5038 cap.
881 4967 986 5034 ‘20,
1015 4977 1116 5023 art.
1143 4967 1226 5039 4),
1257 4966 1467 5022 videtur
1506 4982 1656 5023 suam
1699 4966 1964 5022 delibasse

367 5059 699 5128 opinionem,
730 5075 833 5130 qua
862 5061 1020 5116 docet
1046 5060 1275 5116 mediam
1310 5059 1595 5130 quamdam
1622 5074 1741 5115 esse
1760 5059 1969 5114 dromo-

369 5165 495 5205 num
519 5151 659 5206 inter
682 5152 901 5220 angelos
925 5160 982 5206 et
1009 5152 1257 5207 homines
1298 5162 1565 5206 naturam.
1594 5150 1792 5208 Verum
1835 5151 1971 5206 Ter-

371 5243 621 5298 tullianus
650 5244 702 5298 in
730 5258 832 5299 suo
872 5244 1063 5299 saltem
1107 5244 1455 5315 Apologetico
1481 5243 1611 5297 illud
1646 5259 1746 5299 nec
1784 5252 1974 5313 aperte

371 5336 611 5403 omnino,
670 5351 771 5393 nec
812 5336 1056 5392 absolute
1099 5336 1363 5399 definivit,
1400 5318 1495 5392 sed
1535 5352 1654 5391 eam
1703 5350 1823 5392 esse
1861 5351 1977 5407 qua:

372 5427 514 5501 apud
539 5438 743 5484 sanctas
772 5430 966 5486 litteras
1002 5431 1182 5485 ordine
1209 5430 1533 5502 cognoscitur
1558 5419 1803 5501 (Tertull.
1835 5429 1977 5499 Apo-

373 5524 551 5595 loget.,
578 5542 696 5596 cap.
722 5522 827 5592 22,
861 5540 909 5579 c.
942 5525 1103 5595 405).
1134 5522 1346 5595 Optime
1388 5523 1627 5594 quidem,
1665 5522 1709 5577 si
1769 5522 1820 5576 in
1861 5520 1981 5575 aliis

371 5614 527 5671 libris
561 5614 700 5671 intra
728 5615 891 5672 hosce
936 5631 1079 5673 verre
1117 5615 1379 5671 doctrinae
1416 5613 1613 5670 limites
1657 5628 1776 5670 sese
1812 5610 1983 5669 conti-

374 5711 607 5769 nuisset.

449 5804 740 5871 Caeterum,
764 5806 867 5863 etsi
897 5806 1146 5877 opinatus
1167 5805 1237 5863 sit
1280 5813 1525 5862 naturam
1551 5800 1856 5859 dzemonum
1882 5811 1985 5855 nec

660 5896 1102 5958 Temenum
1165 5896 1219 5958 Ι.

2140 4711 2296 4784 fuisse
2322 4710 2612 4764 datmonnm
2637 4707 2832 4762 artibus
2855 4723 2916 4761 ac
2946 4705 3235 4778 prazstigiis.

2138 4869 2356 4926 Multam
2386 4882 2537 4935 sane,
2567 4882 2667 4923 nec
2690 4866 2960 4923 immerito
2992 4863 3205 4935 quidem
3234 4862 3355 4935 jure
3382 4863 3669 4920 Tertulliaa-

2070 4980 2172 5021 nus
2196 4978 2415 5035 operam
2435 4961 2704 5026 consumit
2740 4960 2795 5015 in
2841 4957 3155 5030 explicanda
3200 4972 3264 5014 ac
3303 4957 3668 5028 patefacienda

2073 5059 2398 5131 dazmopum,
2438 5066 2497 5113 ut
2532 5056 2646 5127 ipse
2670 5054 2765 5122 ait,
2791 5054 3083 5124 operatione
3118 5051 3444 5125 (Tertullian.
3478 5051 3672 5123 Apolo-

2075 5162 2175 5223 get.
2215 5166 2331 5221 cap.
2358 5148 2451 5215 2‘2,
2484 5164 2531 5202 c.
2563 5147 2718 5219 405),
2746 5145 2860 5201 sive
2885 5145 3145 5200 machinis
3165 5185 3180 5210 ,
3222 5144 3539 5213 praestigiis,
3571 5143 3671 5198 do-

2078 5243 2164 5306 lis,
2194 5241 2441 5305 fallaciis,
2470 5248 2524 5294 et
2538 5239 2656 5295 aliis
2688 5237 2842 5293 malis
2866 5237 3091 5302 artibus,
3121 5236 3314 5307 quibus
3347 5235 3475 5291 falsa
3513 5235 3677 5291 mira-

2079 5336 2219 5402 cula,
2243 5334 2482 5400 oracula,
2504 5332 2713 5401 aliaque
2735 5332 2889 5404 plura
2916 5338 3066 5386 extra
3099 5330 3312 5385 solitum
3355 5339 3559 5385 naturae
3583 5343 3676 5384 or-

2082 5427 2262 5485 dinem
2287 5425 2448 5481 edere
2483 5423 2817 5479 videbantur.
2846 5421 3057 5478 Ethnici
3087 5420 3351 5491 siquidem
3384 5437 3444 5475 ea
3474 5420 3679 5485 omnia,

2084 5535 2204 5590 qum
2226 5534 2348 5574 vera
2376 5531 2496 5572 esse
2519 5516 2894 5587 epinabantur,
2916 5513 3138 5570 deorum
3163 5528 3382 5568 suorum
3412 5512 3689 5568 adscribe-

2086 5611 2215 5668 bant
2257 5609 2532 5682 potentitr,
2561 5618 2720 5678 atque
2764 5606 2888 5661 inde
2933 5604 3323 5661 concludebant
3360 5619 3518 5659 veros
3566 5608 3688 5660 ess'e

2086 5702 2219 5760 deos
2267 5715 2414 5763 suos.
2444 5714 2735 5771 veramque
2770 5712 2923 5752 suam
2960 5696 3295 5767 religionem.
3328 5692 3692 5752 Tertullianus

2088 5796 2267 5866 itaque
2288 5791 2389 5849 hoc
2417 5788 2664 5848 ultimum
2687 5804 2872 5847 eorum
2899 5788 3353 5856 propugnaculum
3382 5787 3578 5861 duplici
3607 5804 3700 5843 ar-

2711 5878 3164 5963 (Vingt-huit.)
