4198 6260
539 352 647 426 875

1608 346 1679 404 IN
1716 336 2182 405 TERTULLIANI
2216 334 2753 404 APOLOGETICUM

3737 333 3847 393 876

540 478 796 544 gumento
827 475 1083 540 tanquam
1107 458 1308 537 duplici
1337 461 1505 538 ariete
1532 462 1770 520 concutit
1799 460 2144 533 fundltusquc
2172 460 2220 522 Α
2251 461 2569 532 permulsisse
2593 459 2788 525 malas;
2818 464 2872 513 ut
2909 473 2935 513 ε
2969 454 3115 529 nigro
3139 444 3348 510 rutilum
3393 453 3589 525 carique
3636 453 3842 509 assimi-

543 567 753 623 cvertit.
778 565 1013 620 Primum
1034 559 1175 616 enim
1198 555 1430 616 ostendit
1454 557 1875 615 extraordinaria
1898 555 1986 611 illa
2006 553 2143 611 facta

550 676 659 717 non
688 659 755 713 ab
785 658 993 713 illorum
1014 654 1137 721 diis,
1175 655 1248 709 uti
1281 650 1567 724 putabant,
1593 649 1691 707 Sed
1733 650 2007 721 perversis
2037 647 2145 704 dte-é

543 768 763 812 menum
792 753 996 808 artibus
1025 750 1165 807 edita
1192 749 1375 806 fuisse.
1405 744 1606 804 Deinde
1638 754 1763 802 vero
1788 743 2005 800 eosdem
2036 742 2144 797 dte-

538 860 731 903 mones
766 860 797 900 a
833 842 1150 901 Christianis
1196 841 1497 913 adjuratos,
1533 840 1706 909 palam
1746 832 1991 893 confiteri
2032 834 2144 890 hare

552 953 661 994 non
684 936 752 993 ab
778 935 898 991 aliis
918 945 1033 991 acta
1065 947 1209 1001 esse,
1237 947 1397 1004 quam
1430 932 1754 1001 semetipsis,
1786 929 1876 1000 qui
1913 941 2019 983 non
2046 925 2141 993 dii,

545 1029 641 1088 sed
671 1028 947 1086 daemones
976 1037 1179 1082 tantum
1205 1032 1378 1082 erant.

614 1119 697 1178 Ad
723 1120 945 1193 primam
969 1134 1096 1176 vero
1123 1116 1541 1190 propositionem
1564 1114 1763 1170 clarius
1778 1110 2145 1169 demonStran-

545 1218 672 1274 dam
714 1216 802 1272 ille
844 1228 941 1286 pro
970 1220 1118 1270 eerto
1146 1211 1326 1284 posuit
1357 1208 1544 1283 (Ibid)
1569 1206 1712 1281 quod
1752 1214 1947 1278 negare
1987 1220 2145 1263 nemo

540 1317 740 1381 potest,
793 1306 1097 1362 daemonum
1148 1302 1525 1365 substantiam,
1576 1301 1717 1355 sicut
1771 1298 1823 1354 in
1878 1295 2146 1367 superiori

543 1399 769 1455 articulo
817 1397 1079 1460 vidimus,
1113 1409 1219 1449 non
1259 1392 1435 1448 solum
1484 1404 1605 1447 esse
1650 1387 2052 1444 subtilissimam
2085 1399 2147 1442 ac

538 1493 930 1557 tenuissimam,
959 1488 1052 1545 sed
1091 1489 1233 1544 vires
1257 1488 1419 1543 etiam
1460 1492 1647 1541 eorum
1686 1481 1975 1553 spiritales,
1999 1494 2148 1535 smn-

541 1592 795 1657 mamque‘
819 1583 1167 1647 alacritatem,
1197 1593 1300 1651 qua
1330 1592 1439 1634 uno
1465 1572 1740 1632 mbtnento
1770 1573 1967 1644 ubique
2000 1582 2143 1639 esse,

543 1693 607 1733 ac
637 1676 844 1747 singula
893 1687 1152 1744 quaeque,
1192 1679 1247 1725 et
1285 1670 1456 1740 ipsam
1506 1666 1742 1723 hominis
1790 1663 2146 1720 substantiam

546 1768 842 1841 pervadere
886 1772 1127 1836 possunt.
1166 1762 1346 1833 itaque
1388 1772 1509 1815 cum
1542 1760 1613 1814 ita
1647 1756 1858 1814 formati
1889 1755 2029 1824 sint,
2056 1769 2147 1811 eo-

2247 554 2344 628 lem
2371 554 2614 624 capillum
2642 553 2928 607 redderent.
2957 551 3108 619 Quod
3133 549 3329 621 insigne
3355 549 3561 613 mansit,
3594 557 3642 603 et
3668 548 3722 601 iu
3749 562 3844 618 po-

2246 648 2391 702 steris
2420 648 2550 717 ejus,
2578 661 2638 701 ac
2686 662 2873 715 magna
2915 652 3036 715 pars
3063 641 3220 698 rutila
3264 640 3419 697 barba
3460 642 3663 711 fuerunt
3692 637 3848 712 (Sue-

2246 749 2352 795 ton.
2386 741 2438 793 in
2482 741 2568 794 vit.
2617 738 2813 793 Neron.
2843 736 2873 811 ς
2906 728 3081 809 l).l:‘.t
3130 735 3183 791 id
3231 735 3446 806 quidem
3490 751 3520 789 a
3559 732 3848 790 Plutarcho

2245 830 2593 888 confirmatur
2649 828 2943 903 (Plutarch.
2991 830 3044 883 in
3095 829 3185 883 vit.
3233 825 3393 881 Pauli
3420 823 3609 880 ίΕηιίι.
3656 832 3778 879 tom.
3802 822 3847 892 l,

2246 942 2300 996 p.
2330 923 2484 997 268).
2515 922 2810 994 lnrnfatam
2837 924 2996 995 igitur
3035 920 3255 978 barbam
3300 919 3436 975 dixit
3461 912 3843 984 Terttdlianus,

2247 1019 2369 1088 quia
2400 1032 2465 1073 es
2505 1017 2658 1088 nigro
2704 1015 2886 1071 colore
2924 1015 2978 1069 itt
3033 1012 3253 1070 rubrum
3296 1026 3555 1068 conversa
3606 1010 3725 1066 fuit.
3778 1010 3852 1064 At

2247 1110 2525 1166 brevitatis
2567 1122 2729 1163 causa
2771 1107 2906 1163 hanc
2932 1107 3021 1162 ille
3071 1104 3444 1161 tantummodo
3490 1104 3716 1159 subitam
3746 1100 3852 1158 mi-

2248 1218 2471 1274 ramque
2510 1201 2690 1258 barbae
2727 1200 3135 1256 conversionem
3179 1204 3475 1265 memorat,
3504 1213 3600 1268 qua
3626 1196 3848 1269 quidem

2256 1297 2360 1353 alia
2385 1304 2621 1367 quoque,
2652 1310 2772 1366 qua:
2805 1291 3006 1349 ethnici
3035 1290 3400 1358 venditabant,
3434 1290 3687 1346 miracula
3717 1289 3853 1345 satis

2249 1399 2436 1463 aperte
2456 1388 2890 1459 designabantur.

2320 1483 2696 1557 Spiritualibus
2726 1484 2904 1538 autein
2935 1478 3238 1537 dremonnm
3268 1479 3521 1551 ingeniis,
3544 1477 3765 1543 viribus,
3794 1485 3855 1532 et

2250 1578 2476 1634 fallaciis
2529 1575 2643 1631 haec
2693 1574 2829 1631 facta
2880 1590 3001 1631 esse
3042 1574 3325 1630 adseverat
3373 1564 3705 1645 (Tcrtullian.
3749 1570 3851 1625 loc.

2248 1668 2385 1741 cit.),
2414 1666 2866 1740 quemadmodum
2906 1678 2958 1723 et
3003 1684 3210 1731 navem,
3255 1665 3330 1720 uti
3385 1664 3561 1719 adhuc
3598 1664 3714 1730 ait,
3743 1664 3857 1717 cin-

2251 1762 2370 1832 gulo
2413 1768 2717 1830 promotam,
2755 1774 2784 1813 a
2832 1755 3050 1814 Claudia
3095 1756 3348 1812 nimirum
3373 1753 3572 1811 Vestali
3623 1754 3854 1825 virgine,

545 1876 688 1927 rum,
730 1858 806 1913 ait
842 1856 1237 1920 Tertullianus,
1270 1853 1466 1907 malitia
1504 1850 1752 1922 spiritalis
1800 1864 1832 1903 a
1865 1846 2144 1920 primordio
2174 1848 2223 1912 B
2250 1861 2307 1907 ut
2332 1851 2457 1906 alibi
2479 1850 2590 1922 jam
2629 1849 3111 1905 animadvertimus
3135 1846 3377 1920 (Disserl.
3414 1845 3467 1900 in
3511 1845 3702 1899 Μίνωι.
3731 1850 3854 1917 cap.

544 1952 726 2009 mundi
754 1952 1017 2015 auspicata
1059 1959 1131 2004 est
1157 1950 1209 2002 tn
1240 1946 1457 2003 hominis
1487 1944 1696 2001 exitium
1730 1941 1779 2015 (1
1789 1942 1948 2011 bid.);
1977 1956 2145 2013 quan-

545 2048 614 2101 do
632 2040 845 2100 scilicet
876 2043 1038 2096 Evam
1066 2046 1120 2096 et
1150 2039 1437 2106 Adamum,
1463 2038 1666 2094 felicem
1697 2036 1751 2091 in
1777 2034 2015 2091 terrestri
2048 2033 2148 2087 Pa-

540 2141 721 2198 radiso
761 2140 924 2194 vitam
954 2142 1172 2209 agentes
1201 2136 1430 2203 decepit.
1464 2132 1661 2189 Eadem
1693 2144 1907 2202 quoque
1932 2126 2146 2201 imalilia

541 2244 767 2291 caeteros
794 2232 1041 2287 homines
1069 2230 1120 2284 in
1170 2242 1433 2292 errorem,
1463 2233 1519 2282 et
1545 2223 1799 2294 quzelibet
1825 2221 2052 2287 scelera,
2084 2234 2148 2274 ac

543 2326 881 2399 potissimum
914 2324 963 2377 in
994 2319 1374 2384 idololatriam,
1402 2317 1764 2386 falsorumque
1791 2313 2014 2371 deorum
2059 2327 2150 2369 no-

544 2420 710 2483 mine,
746 2419 797 2473 in
827 2416 909 2473 sui
941 2414 1141 2470 cultum
1171 2410 1428 2467 inducere
1454 2408 1822 2465 conniluntur.

618 2510 699 2567 Ab
721 2511 786 2565 iis
808 2516 985 2564 autem
1005 2550 1019 2573 ,
1050 2520 1169 2577 quae
1199 2502 1303 2559 diis
1329 2502 1439 2557 suis
1469 2499 1667 2556 ethnici
1698 2496 2007 2554 tribuebant
2049 2496 2149 2551 mi—

544 2603 749 2670 racula,
797 2612 855 2658 ut
903 2600 1197 2669 ordiamur,
1232 2596 1347 2651 haec
1381 2610 1410 2649 a
1440 2593 1775 2649 daemonibus
1816 2591 1952 2647 facta
1984 2581 2160 2646 fuisse

545 2704 730 2753 auctor
763 2704 947 2751 noster
975 2696 1053 2747 sic
1082 2688 1436 2746 demonstrat.
1468 2682 1679 2750 Tantis,
1711 2685 1917 2755 inquit,
1948 2682 2148 2737 viribus

550 2798 606 2845 et
627 2785 993 2860 spiritualibus
1019 2792 1074 2837 et
1106 2779 1463 2837 invisibilibus
1489 2776 1755 2843 instructi,
1780 2775 2022 2831 incautos
2053 2772 2149 2827 lto-

545 2881 720 2934 mines
774 2873 1090 2946 qnibusdam
1154 2877 1409 2942 premunt
1471 2866 1897 2940 mgritudinibus,
1945 2878 2144 2935 easque

549 2969 823 3042 depellunt
867 2964 1139 3032 remediis,
1195 2963 1280 3020 vel
1331 2960 1397 3018 ad
1448 2956 1766 3017 miraculum
1822 2958 2011 3024 novis,
2063 2957 2149 3011 vel

549 3064 710 3120 etiam
739 3057 1052 3122 contrariis;
1084 3065 1141 3111 ut
1167 3055 1285 3110 illos
1316 3054 1537 3109 Satiasse
1571 3050 1875 3117 credantur,
1907 3062 2042 3121 quos
2069 3062 2151 3104 re-

549 3156 713 3212 metis
757 3162 961 3209 tantum
1013 3147 1313 3211 maleficiis,
1364 3143 1561 3201 laedere
1625 3142 1897 3201 desinunt.
1948 3141 2150 3211 Quam-

2252 1943 2352 2011 17,
2385 1952 2484 1999 art.
2533 1940 2613 2015 ί).
2657 1940 3020 1998 Venditabant
3076 1946 3294 2012 insuper
3357 1939 3588 2006 ethnici,
3636 1956 3850 2010 aquam,

2251 2038 2327 2094 uti
2359 2037 2532 2109 pergit
2552 2037 2642 2091 ille
2675 2034 2882 2107 (lbid.),
2903 2034 3069 2090 cribro
3099 2044 3369 2106 gestatam,
3399 2050 3429 2086 a
3461 2032 3651 2088 Tuscia
3689 2031 3856 2086 nimi-

2250 2146 2371 2186 rum
2418 2130 2520 2184 alia
2554 2127 2740 2185 vestali
2784 2126 2966 2183 itidem
3015 2127 3220 2197 virgine
3248 2147 3263 2183 :
3289 2143 3395 2196 quo
3439 2122 3676 2195 quidem,
3716 2125 3859 2180 sicut

2253 2221 2327 2276 illi
2350 2220 2717 2285 autumabant,
2762 2220 3019 2275 miraculo
3048 2220 3250 2274 illatum
3295 2220 3399 2275 sibi
3447 2219 3653 2273 violata!
3684 2219 3855 2274 casti-

2254 2314 2397 2380 tatis,
2429 2322 2522 2369 aut
2546 2315 2777 2370 sicutait
2809 2308 3093 2386 Dionysius
3134 2310 3573 2370 Halicarnasseus
3605 2309 3853 2386 (Diongs.

2256 2404 2430 2464 Halic.
2456 2408 2543 2463 lib.
2595 2407 2660 2476 ll,
2689 2408 2927 2480 antiquit.
2961 2402 3178 2463 Roman.
3224 2426 3280 2479 p.
3307 2400 3413 2464 1‘23
3433 2450 3448 2475 ,
3476 2410 3523 2461 el
3550 2406 3740 2478 seqq.),
3770 2425 3860 2464 ex-

2252 2499 2431 2554 stincti
2460 2498 2598 2553 sacri
2638 2499 2773 2569 ignis
2803 2500 3006 2555 crimen
3041 2501 3255 2571 penitus
3290 2498 3465 2555 diluit.
3492 2498 3597 2556 Sed
3633 2500 3701 2556 de
3730 2499 3854 2567 hac.

2253 2609 2604 2665 quascumque
2658 2595 2746 2661 sit,
2778 2593 2997 2649 historia
3054 2594 3203 2665 plura
3249 2592 3498 2650 Valerius
3557 2593 3842 2661 Maximus,

2254 2702 2411 2757 quem
2441 2685 2724 2741 consulere
2746 2686 2968 2757 poteris,
2997 2686 3153 2741 sicuti
3183 2684 3438 2750 Plinium,
3472 2682 3851 2758 Augustinum,

2254 2786 2307 2834 et
2334 2778 2468 2835 alios
2495 2775 2646 2848 (Val.
2678 2777 2823 2834 Max.
2850 2777 2939 2834 lib.
2969 2776 3100 2845 VIII,
3124 2794 3169 2831 c.
3209 2777 3251 2833 1.
3281 2775 3424 2832 Plin.
3470 2777 3560 2834 lib.
3608 2776 3852 2846 XXVIII,

2254 2881 2425 2925 natur.
2455 2871 2573 2926 hist.
2615 2887 2731 2942 cap.
2753 2871 2808 2938 2,
2846 2888 2903 2943 p.
2947 2866 3073 2927 157.
3102 2869 3315 2943 August.
3350 2866 3439 2924 lib'.
3470 2860 3553 2937 X,
3582 2869 3646 2925 de
3700 2869 3851 2926 Civil.

2255 2980 2373 3036 cap.
2404 2963 2492 3033 i6,
2517 2982 2573 3032 p.
2603 2963 2757 3033 252).

2325 3057 2685 3113 Tertullianus
2712 3056 2890 3128 itaque
2918 3054 3033 3112 haec
3056 3065 3110 3111 et
3140 3055 3242 3111 alia
3273 3053 3851 3125 bujusmodiextraor-

2252 3151 2457 3207 dinaria
2482 3149 2641 3216 facta,
2664 3165 2783 3221 qua:
2802 3147 3000 3204 ethnici
3034 3146 3383 3212 mirabantur,
3411 3142 3530 3202 ideo
3543 3146 3850 3204 dmmonum

550 3249 735 3304 obrem
762 3245 903 3310 illos.
937 3250 990 3305 et
1021 3240 1141 3298 “cla
1173 3250 1360 3295 eorum
1390 3237 1646 3293 miracula
1676 3235 1755 3292 Sic
1784 3233 1972 3290 Ῐτΐῑάθι
2006 3250 2019 3287 ε
2048 3230 2145 3288 Βεί
2177 3242 2222 3305 C
2254 3254 2369 3298 arte
2389 3252 2444 3298 et
2465 3242 2745 3313 prmstigiis
2771 3240 2916 3296 edita
2939 3256 3059 3296 esse
3091 3243 3301 3307 aSSerit,
3329 3250 3385 3293 ιιι
3408 3238 3608 3294 numina
3622 3238 3849 3309 lapides,

551 3339 703 3409 ue/ici
739 3338 891 3410 plane
919 3345 967 3390 et
1006 3334 1142 3389 circa
1190 3344 1342 3387 curas
1376 3329 1767 3395 valetudinum;
1796 3328 1987 3383 ltedunt
2021 3328 2154 3382 enim

554 3432 739 3501 prima,
767 3429 949 3484 dehinc
973 3424 1196 3481 remedia
1228 3424 1548 3495 principium,
1577 3422 1646 3476 ad
1673 3421 1975 3476 miraculum
2003 3434 2151 3487 nova,

554 3525 657 3576 sive
682 3520 960 3583 contraria,
1003 3524 1119 3588 post
1162 3529 1278 3584 qua!
1329 3514 1566 3570 desinunt
1611 3512 1815 3581 (cedere,
1858 3523 1905 3567 et
1950 3528 2157 3568 curasse

552 3611 825 3666 creduntur
842 3609 893 3683 (Ι
902 3609 1004 3662 bid.
1025 3624 1075 3662 c.
1100 3606 1254 3675 ΝΒ).
1276 3606 1458 3676 Neque
1478 3605 1563 3659 bis
1591 3611 1799 3659 tantum
1828 3605 2018 3676 plagis,
2038 3619 2157 3660 cor-

552 3703 673 3775 pori
720 3702 957 3757 humano
992 3700 1238 3764 inﬂictis,
1265 3707 1320 3753 ct
1355 3696 1577 3764 sanatis,
1626 3698 1678 3751 in
1724 3696 1999 3751 hominum
2028 3710 2155 3751 con-

552 3797 759 3868 spirant
807 3793 1122 3865 perniciem,
1165 3789 1261 3846 sed
1300 3800 1394 3844 sea
1449 3790 1610 3844 etiam
1658 3788 1955 3843 subtilitate
1986 3790 2154 3859 ipsam

554 3885 855 3958 pervadunt
887 3883 1103 3938 illorum
1141 3882 1397 3947 animum,
1428 3889 1589 3951 atque
1617 3884 1776 3935 saevis
1821 3878 2153 3947 libidinibus,

556 3976 826 4043 amentiis,
865 3986 928 4030 ac
968 3971 1237 4028 furoribus
1272 3971 1537 4037 excitatis,
1580 3970 1634 4025 in
1663 3968 1939 4040 quodlibet
1982 3969 2157 4025 scelus

558 4072 680 4127 illos
699 4069 957 4126 inducunt
978 4064 1190 4137 (ibid).
1223 4064 1333 4121 Nos
1359 4070 1537 4120 autem
1562 4062 1632 4120 de
1662 4062 1744 4118 his
1782 4061 2026 4119 nefandis
2046 4063 2156 4118 da:-

557 4179 780 4220 monum
813 4161 1017 4217 artibus
1052 4159 1178 4215 alibi
1224 4156 1578 4213 disseruimus
1604 4154 1855 4233 (Dissert.
1880 4157 1934 4210 in
1963 4155 2152 4212 Μίνωι.

560 4272 677 4326 cap.
701 4251 891 4318 XVIII,
920 4260 1017 4306 art.
1049 4250 1129 4318 2).

633 4344 835 4401 Eadem
856 4341 1146 4398 subtilitate
1165 4339 1439 4395 daemones
1465 4338 1758 4394 induebant
1778 4340 2155 4409 phantasmata,

561 4438 676 4493 sive
702 4434 931 4505 efﬁgiem
958 4430 1225 4487 Castorum
1256 4426 1605 4501 (Tertullian.
1635 4428 1761 4484 ibid.
1787 4427 1808 4503 )
1837 4430 1888 4485 id
1917 4438 2022 4497 est,
2049 4428 2155 4486 Ca-

562 4531 725 4586 storis
751 4537 805 4585 et
835 4526 1071 4582 Pollucis
1088 4566 1104 4592 ,
1134 4538 1198 4579 ac
1224 4536 1321 4578 sua
1350 4523 1531 4578 innata
1556 4523 1840 4580 velocitate
1885 4525 2156 4581 celebrem

562 4623 925 4678 Romanorum
952 4618 1022 4673 de
1062 4616 1227 4672 Perse
1269 4613 1413 4686 Rege
1443 4615 1718 4670 victoriam
1755 4616 1941 4671 llosna:
1966 4615 2155 4672 eodem
2181 4632 2237 4694 Β

560 4715 649 4770 die
675 4712 1127 4768 annuntiaverunt
1145 4749 1160 4776 ,
1189 4722 1297 4780 quo
1332 4716 1601 4778 reportata
1630 4706 1824 4764 fuerat.
1855 4708 2008 4777 Quod
2035 4709 2156 4780 qui-

563 4808 685 4862 dem
716 4806 843 4861 alibi
882 4821 914 4860 a
950 4804 1104 4860 nobis
1130 4811 1436 4859 enarratum
1474 4811 1555 4858 est
1585 4800 1603 4871 (
1633 4799 1851 4858 Dissert.
1883 4804 1936 4857 in
1966 4801 2153 4858 Minut.

562 4914 678 4970 cap.
700 4898 788 4964 18,
816 4907 915 4954 art.
941 4895 1025 4968 Ξ).
1177 4968 1182 4970 _
1822 4880 1835 4887 ”

632 4990 748 5047 Huc
770 5003 982 5061 quoque
1020 4968 1260 5059 spectant
1291 5000 1452 5057 pauca
1479 4984 1727 5057 quidem,
1761 4985 1855 5041 sed
1894 5000 2011 5055 qum
2040 4983 2092 5061 pl
2111 5001 2163 5042 1-

558 5084 709 5140 ribus
734 5083 963 5140 obscura
992 5079 1316 5135 videbuntur
1338 5077 1456 5133 hac
1487 5077 1732 5134 Auctoris
1766 5078 1932 5133 nostri
1963 5080 2155 5133 verba:

566 5174 633 5229 Et
661 5173 866 5230 barbam
905 5178 1042 5226 tactu
1078 5171 1358 5242 inrufatam
1407 5168 1629 5240 (Tertul.
1672 5156 1847 5241 ibid.).
1875 5173 1943 5224 At
1970 5182 2031 5223 ca
2057 5168 2161 5225 cla-

559 5269 674 5323 rius
703 5266 937 5337 explicat
963 5263 1271 5328 Suetonius,
1304 5261 1392 5316 ubi
1437 5261 1505 5317 de
1533 5261 1740 5333 origine
1774 5261 1949 5333 gentis
1974 5260 2160 5317 (Eno-

558 5358 848 5415 barborum
892 5355 1111 5412 disserit
1142 5373 1155 5409 :
1187 5350 1503 5420 (Enobarbi,
1532 5354 1722 5425 inquit,
1750 5363 2006 5410 auctorem
2054 5356 2159 5410 ori-

497 5440 506 5447 ’
559 5454 695 5524 ginis
719 5453 935 5523 itemque
954 5449 1268 5522 cognominjs
1292 5448 1475 5503 habent
1501 5446 1715 5504 Lucium
1741 5447 2043 5517 Domitium,
2072 5452 2157 5506 cui

556 5562 677 5601 rure
700 5546 965 5601 revertenti
992 5546 1195 5613 iuvenes
1234 5543 1420 5615 gemini
1450 5541 1633 5600 Castor
1672 5552 1720 5600 et
1765 5542 1955 5600 Pollux
1992 5562 2154 5617 augu-

561 5642 712 5696 stiore
738 5646 904 5711 [arma
949 5654 1013 5694 ex
1036 5653 1247 5693 occursu
1281 5636 1556 5707 imperasse
1588 5638 1860 5693 traduntur
1899 5640 2156 5695 nuntiaret

562 5732 756 5785 senatui
802 5747 862 5784 ac
909 5730 1099 5800 populo
1140 5731 1424 5799 victoriam,
1457 5731 1523 5785 de
1567 5744 1671 5801 qua
1713 5730 1954 5789 incertum
1983 5734 2153 5789 adhuc

560 5831 665 5869 erat
685 5857 700 5882 ,
733 5829 881 5887 atque
911 5819 965 5871 in
995 5819 1147 5886 ﬁdem
1173 5819 1473 5885 maiestatis,
1500 5820 1694 5876 divina:
1724 5822 1992 5891 videlicet,
2020 5824 2150 5881 adeo

2259 3334 2312 3389 id
2350 3343 2451 3399 est,
2487 3333 2709 3389 deorum
2741 3333 3027 3387 simulacra
3059 3328 3323 3402 lapidibus
3352 3330 3548 3397 efficta,
3582 3347 3687 3385 non
3725 3330 3850 3385 falsi

2257 3426 2331 3482 dii
2369 3425 2711 3492 crederentur,
2741 3435 2787 3479 et
2812 3442 2956 3480 verus
2983 3422 3120 3478 Deus
3147 3441 3247 3479 non
3270 3433 3580 3496 quwreretur
3608 3421 3851 3496 (Tertull.

2256 3521 2433 3592 ibid).
2466 3517 2523 3575 In
2552 3518 2919 3591 supei'ioribus
2948 3514 3125 3574 autem
3158 3518 3356 3574 nostris
3377 3517 3850 3574 dissertationibus

2258 3611 2328 3668 de
2369 3611 2452 3666 his
2485 3610 2697 3667 abunde
2724 3609 3096 3674 disseruimus,
3130 3610 3578 3680 manifestumque
3610 3609 3683 3664 ibi
3717 3607 3849 3664 feei-

2258 3720 2378 3761 mus
2407 3720 2509 3776 qua
2553 3705 2760 3760 ratione
2785 3703 3051 3758 Arnobius
3078 3718 3264 3758 eorum
3309 3701 3594 3758 falsitatem
3629 3702 3854 3759 demon-

2259 3808 2433 3853 strare
2480 3806 2704 3854 conetur
2732 3793 3027 3869 (Dissertat.
3059 3795 3113 3849 in
3144 3793 3358 3858 Arnob.,
3390 3809 3433 3847 c.
3468 3791 3558 3858 18,
3599 3802 3700 3846 art.
3737 3793 3763 3847 l
3803 3801 3849 3848 et

2257 3888 2334 3961 2).
2392 3891 2461 3945 At
2511 3888 2762 3971 minutius
2806 3886 3167 3959 Felisatque
3206 3887 3537 3953 Lactantius,
3568 3883 3854 3941 Tertullia-

2260 3997 2384 4036 nnm
2436 3980 2626 4046 secuti,
2675 3978 2789 4035 hmc
2826 3979 3154 4047 dmmonum,
3202 3978 3277 4033 uti
3319 3978 3572 4045 diximus,
3619 3976 3754 4032 dolis
3784 3989 3849 4031 ac

2258 4070 2533 4127 fraudibus
2563 4069 2702 4127 facta
2730 4085 2853 4127 esse
2901 4052 3191 4126 ostendunt
3225 4068 3520 4143 (Disseruit.
3546 4069 3600 4122 in
3632 4065 3846 4134 aliaat,

2261 4179 2309 4218 ο.
2333 4161 2424 4230 20,
2454 4180 2506 4218 α.
2532 4162 2602 4225 2;
2633 4162 2902 4218 Dissertat.
2941 4164 2995 4219 in
3034 4161 3297 4228 Lactant.,
3330 4178 3445 4231 cap.
3488 4158 3582 4227 20,
3613 4167 3709 4213 art.
3738 4159 3773 4213 7
3800 4168 3848 4213 et

2260 4272 2374 4328 cap.
2406 4255 2495 4323 52,
2524 4254 2719 4326 armi).
2739 4253 2869 4323 Quae
2898 4269 3028 4311 vero
3058 4255 3172 4325 ipse
3214 4253 3576 4309 Tertullianus
3606 4249 3708 4307 sibi
3754 4264 3847 4322 pe-

2260 4348 2479 4405 culiaria
2511 4347 2691 4415 habet,
2722 4356 2778 4404 et
2821 4346 3097 4419 speciatim
3149 4347 3370 4413 retulit,
3415 4344 3468 4400 in
3500 4342 3846 4417 sequentibus

2261 4443 2499 4500 articulis
2517 4443 2858 4515 complanare
2886 4442 3228 4499 tentabimus.

2848 4572 3144 4615 ABTICULUS
3180 4572 3256 4614 ιν.

2265 4668 2533 4738 Quomodo
2568 4671 2823 4727 dmntones
2845 4674 3140 4742 [tolerarunt
3157 4686 3327 4726 rerum
3367 4669 3629 4725 scientiam
3670 4667 3842 4724 subri-

2328 4778 2450 4833 pere
2467 4762 2782 4829 tentaverint,
2804 4777 2867 4815 ac
2889 4764 3135 4834 falsorum
3156 4762 3366 4837 deorum
3386 4760 3587 4816 nomine
3602 4760 3843 4831 ainbigtus

2324 4856 2651 4927 quibusdam,
2689 4870 2750 4909 ac
2776 4857 3057 4925 praesertim
3085 4847 3290 4925 Pyrrho
3318 4862 3366 4910 et
3403 4852 3573 4909 Cresa
3591 4892 3607 4921 ,
3633 4850 3848 4908 «acula

2330 4950 2580 5006 dederint.

2335 5082 2631 5137 Prmseusio
2660 5089 2713 5136 et
2739 5080 2960 5137 scientia
2991 5095 3169 5137 rerum
3212 5080 3509 5136 futurarum
3542 5076 3845 5151 magniﬁca,

2260 5174 2334 5229 ait
2361 5173 2570 5239 Cicero,
2602 5173 2834 5244 quietiam
2864 5190 2943 5227 res
2982 5183 3029 5227 et
3051 5156 3313 5238 salutaris,
3337 5173 3382 5229 si
3410 5171 3559 5227 modo
3594 5177 3667 5227 est
3704 5168 3838 5238 ulla,

2257 5283 2469 5342 quisque
2502 5267 2735 5340 proxima
2760 5267 2828 5321 ad
2854 5267 3062 5322 deorum
3093 5268 3192 5323 vim
3221 5276 3414 5324 natum
3449 5266 3654 5322 mortali
3679 5266 3850 5336 possit

2258 5363 2487 5420 accidere
2514 5363 2533 5435 (
2558 5362 2746 5429 Cicer.,
2771 5362 2859 5418 lib.
2890 5362 2911 5419 Ι
2937 5363 3002 5418 de
3036 5362 3286 5430 Divinam,
3315 5380 3371 5432 ρ.
3397 5362 3548 5437 254).
3578 5362 3762 5436 Neque
3789 5362 3846 5420 id

2256 5455 2589 5511 daemonibus
2604 5462 2724 5512 erat
2752 5455 3100 5528 incognitum.
3118 5456 3478 5525 Quamobrem
3506 5455 3646 5511 hanc
3669 5457 3847 5514 scien-

2257 5548 2384 5605 tiam
2414 5549 2516 5606 sibi
2543 5562 2759 5621 quoquo
2790 5552 3002 5606 tandem
3041 5551 3200 5607 modo
3226 5551 3502 5608 vindicare
3526 5536 3837 5607 voluerunt.

2254 5639 2387 5697 Nam
2418 5650 2475 5696 ut
2498 5641 2742 5712 apposite
2768 5645 2988 5697 omnino
3017 5640 3376 5698 Tertullianus
3399 5644 3604 5710 noster,
3638 5640 3837 5699 ﬁmu-

2253 5733 2443 5799 lantur,
2477 5733 2667 5805 inquit,
2699 5734 3035 5802 divinitatem,
3067 5735 3189 5790 dum
3210 5737 3454 5808 furantur
3475 5714 3857 5793 divinationem.

2251 5822 2606 5897 (Tertullian.,
2644 5824 2931 5897 Apologet.,
2972 5841 3017 5881 c.
3058 5825 3164 5897 22,
3197 5838 3245 5883 ε.
3279 5824 3429 5899 ωε).
3458 5824 3601 5896 Quin
3643 5827 3758 5884 imo
3804 5826 3854 5885 sl
