4198 6260
308 351 421 423 επ
815 353 839 389 δ’
1446 331 1885 419 ΒΙΞΞΕΚΤΑΤΪ(

1988 364 2004 418 ’.
2050 361 2139 421 LE
2178 363 2486 427 NOURRY.
3026 372 3041 386 '
3511 374 3619 437 878

309 473 476 531 ﬁdem
510 475 557 531 ei
602 473 822 541 habeas,
854 472 989 530 nihil
1031 472 1134 530 illis
1179 474 1279 533 hac
1316 476 1657 535 aemulatione
1694 479 1909 535 charius
1934 478 1989 541 ll
2014 478 2173 538 fuerit
2201 481 2285 539 his
2308 486 2636 557 Augustinus
2669 487 3117 559 patefecitverbis
3140 507 3155 547 :
3178 490 3263 547 Ait
3279 488 3415 549 enim
3432 491 3611 551 fatidi-

313 567 694 639 antiquiusque
722 566 815 621 fuit
850 584 862 620 :
898 565 964 621 Et
983 584 1096 639 qua:
1122 566 1243 635 illis,
1278 570 1369 635 ait,
1404 572 1693 625 accuratior
1715 586 1911 642 pascua
2015 590 2132 641 cus,
2168 577 2294 632 Dico
2312 587 2375 644 te,
2405 578 2625 650 Pyrrhe,
2656 581 2853 637 vincere
2870 596 3019 654 posse
3042 582 3515 657 Romana‘s:atque
3532 587 3608 642 ita

311 667 407 727 est,
431 676 581 730 quant
603 671 659 715 ut
681 660 936 715 hominem
955 678 987 714 a
1006 662 1287 734 recogitata
1309 679 1437 718 vera:
1462 664 1742 721 divinitatis
1765 682 1910 721 aver-
2009 666 2113 720 sive
2142 664 2375 739 Pyrrhus
2391 687 2421 724 a
2440 668 2706 739 Romanis,
2724 674 2826 729 sive
2843 672 3067 729 Romani
3085 693 3117 729 a
3134 671 3338 747 Pyrrho
3349 678 3599 734 uincereno

309 760 419 806 tant
450 753 723 824 priestigiis
747 754 898 825 falsa'
926 754 1254 810 divinationis
1282 754 1457 828 (Ibid.
1482 757 1704 831 p.407).
1730 760 1907 830 Atque
2009 767 2110 826 tur,
2160 776 2367 816 securus
2408 764 2650 833 fatidicus
2689 766 2982 822 utrumlibet
3008 778 3321 840 exspectaret
3372 780 3611 847 eventum

307 842 379 898 ita
410 844 625 914 quidem
655 845 708 899 in
747 845 983 900 editione
1012 845 1253 918 Rigaltii,
1293 849 1383 919 qui
1421 849 1537 907 haec
1585 851 1768 920 verba,
1802 851 1906 907 illis
2008 851 2278 922 (August,
2308 854 2397 909 lib.
2436 854 2525 923 lll,
2558 856 2623 912 de
2645 856 2821 924 Civit.,
2851 876 2900 914 ε.
2931 861 3018 926 i7,
3054 877 3106 931 p.
3146 861 3258 933 75).
3304 862 3377 917 At
3405 863 3596 932 hujus-

305 945 360 992 et
395 942 643 1006 avertant,
674 938 740 993 ad
768 937 1043 996 daemones
1080 940 1365 997 referenda
1397 960 1516 1000 esse
1547 946 1795 1016 opinatus
1820 956 1905 1002 est

303 1026 376 1085 At
403 1026 454 1084 in
499 1033 702 1087 nostris
733 1034 1115 1104 manuscriptis
1148 1035 1445 1105 codicibus,
1475 1052 1538 1094 ac
1566 1040 1757 1110 priscis
1782 1041 1900 1096 edi-

304 1119 538 1177 tionibus
565 1124 789 1193 legimus
809 1124 890 1179 illi
909 1134 963 1180 et
982 1136 1210 1192 avertat;
1232 1144 1351 1199 qum
1369 1140 1678 1186 annotatam
1702 1132 1898 1189 ibidem

305 1227 334 1267 a
360 1211 694 1269 Tertulliauo
736 1217 1103 1288 aspirationem
1153 1219 1462 1276 daemonum
1502 1224 1688 1279 referri
1717 1226 1899 1295 utique

303 1315 547 1374 possunt.
591 1305 800 1362 Nomen
843 1322 970 1363 vero
1016 1326 1209 1379 pascua
1260 1311 1329 1366 ab
1355 1327 1441 1379 eo,
1472 1314 1629 1369 siculi
1668 1331 1697 1369 a
1731 1318 1899 1372 sacris

302 1392 666 1465 Scriptoribus
711 1399 912 1455 nostris
957 1402 1219 1470 accipitur
1260 1418 1359 1473 pro
1400 1406 1656 1474 pastione
1700 1415 1754 1463 et
1794 1408 1896 1463 ali-

307 1492 515 1543 mento.
543 1488 675 1543 Nam
704 1499 759 1544 ut
782 1490 930 1561 plura
961 1507 1147 1547 eorum
1179 1495 1293 1551 loca
1323 1497 1654 1561 omittamus,
1674 1502 1727 1554 in
1759 1499 1899 1569 psal-

298 1594 390 1634 mo
420 1581 679 1652 vigesimo
710 1584 948 1639 secundo
975 1586 1230 1655 scriptum
1263 1596 1382 1643 est:
1432 1588 1494 1644 In
1538 1590 1647 1646 loco
1690 1609 1895 1662 pascua:

298 1671 367 1726 ibi
399 1689 476 1726 me
502 1673 766 1727 collocavit
795 1673 912 1744 (Ps.
944 1674 1106 1743 XXII,
1152 1678 1188 1746 Ῡ
1214 1719 1226 1732 ,
1257 1677 1373 1749 20).

368 1764 650 1833 Quomodo
678 1775 856 1822 autem
887 1766 1162 1825 daemones
1183 1771 1351 1827 moliti
1376 1773 1482 1827 sint
1508 1774 1889 1832 divinationem

2006 944 2151 1003 modi
2194 945 2419 1003 fallacia:
2461 949 2917 1024 fraudulentaeque
2952 955 3229 1025 captiones
3257 970 3286 1010 a
3322 971 3453 1013 vero
3484 957 3598 1013 Deo

2006 1038 2278 1106 proficisci
2320 1054 2424 1095 non
2464 1051 2706 1113 possunt,
2741 1044 2836 1099 sed
2875 1060 2905 1100 a
2947 1046 3197 1118 malignis
3236 1047 3600 1117 daemonibus,

2004 1128 2093 1196 qui
2126 1139 2327 1185 natura:
2347 1145 2457 1187 sua:
2478 1133 2779 1209 subtilitate
2803 1136 2904 1193 sub
2933 1135 3188 1193 falstirum
3209 1138 3433 1195 deorum
3462 1140 3601 1196 ima-

2002 1221 2217 1290 ginibus
2257 1222 2509 1291 latentes,
2540 1226 2622 1280 his
2649 1229 2925 1297 responsis
2953 1228 3199 1286 homines
3229 1231 3587 1302 decipiebant.

2002 1310 2082 1366 De
2113 1317 2211 1368 hac
2227 1321 2409 1371 autem
2436 1316 2605 1371 fallaci
2627 1317 2892 1387 Apollinis
2919 1320 3095 1392 Pythii
3118 1321 3185 1376 ad
3208 1322 3472 1393 Pyrrhum
3506 1340 3595 1381 re-

2000 1419 2121 1474 gem
2174 1422 2435 1478 l‘L‘SpOllSO
2482 1410 2874 1481 disputavimus
2918 1415 2969 1469 in
3024 1425 3209 1471 nostra
3259 1417 3327 1473 de
3378 1416 3596 1475 Minucii

1999 1494 2219 1553 Octavio
2262 1497 2639 1557 dissertatione
2689 1502 2979 1575 (Dissertat.
3023 1509 3076 1562 in
3108 1506 3323 1576 Mirum,
3352 1524 3469 1581 cap.
3503 1512 3600 1578 Π,

1998 1601 2097 1645 art.
2154 1593 2232 1663 5).
2288 1593 2542 1664 Ejusdem
2587 1600 2825 1667 profecto
2855 1604 3077 1675 generis
3107 1600 3190 1658 est
3237 1603 3380 1659 aliud
3408 1603 3596 1665 Crasso

1996 1686 2284 1744 redditum.
2314 1688 2507 1745 Narrat
2532 1692 2676 1747 enim
2706 1693 2969 1751 Eusebius
2992 1695 3232 1765 (Euseb,
3260 1698 3351 1753 lib.
3371 1698 3435 1766 V,
3463 1717 3591 1769 pra:-

1997 1795 2113 1847 par.
2134 1777 2408 1851 Evangel.,
2436 1798 2553 1852 cap.
2584 1782 2649 1838 21
2682 1793 2729 1839 et
2758 1784 2848 1851 22,
2879 1804 2931 1856 p.
2959 1785 3059 1840 2H
3092 1796 3138 1841 et
3164 1787 3292 1859 seq.)
3325 1788 3466 1847 hunc
3492 1791 3596 1862 Ly-

297 1856 577 1929 subripere
598 1900 612 1925 ,
647 1857 788 1914 hunc
817 1861 1018 1916 Auctor
1048 1870 1232 1918 noster
1264 1867 1508 1934 exposuit
1544 1868 1595 1922 in
1636 1869 1852 1924 modum
1878 1889 1891 1926 :
1924 1869 1974 1929 Β
1999 1867 2101 1922 ditt:
2128 1874 2307 1940 rese"!
2333 1886 2455 1925 cum
2485 1873 2682 1928 bellum
2705 1874 3106 1934 Persisinferre
3122 1856 3403 1949 cogitaret,
3431 1856 3595 1951 Apol-

301 1947 503 2020 lngenii
545 1952 625 2005 sui
652 1951 942 2009 subtilitate
969 1954 1326 2025 dispositioncs
1352 1959 1505 2013 etiant
1542 1957 1663 2028 Dei,
1698 1969 1743 2017 et
1770 1971 1890 2017 tunc

297 2042 556 2113 prophetis
585 2044 1005 2101 concionantibus
1047 2060 1370 2119 exceperunt,
1410 2061 1454 2107 et
1484 2069 1617 2107 nunc
1656 2054 1889 2110 lectioni-

297 2132 389 2188 bus
417 2149 583 2190 sacra:
600 2135 888 2216 Scriptura:
916 2141 1273 2220 resonantibus
1298 2155 1514 2214 carpunt
1534 2144 1888 2216 (Tertullian.,

296 2226 445 2295 ibid.,
493 2247 547 2299 p.
578 2229 730 2302 408).
775 2231 1041 2288 Praeterea
1085 2243 1311 2302 sumunt,
1342 2236 1395 2291 id
1438 2245 1560 2304 est,
1596 2251 1892 2308 agnoscunt

296 2319 542 2391 quasdam
570 2330 853 2392 temporum
875 2335 1055 2391 sortes,
1081 2328 1197 2382 sive
1226 2326 1433 2384 futuros
1457 2338 1756 2401 temporum
1783 2340 1893 2389 sta-

298 2418 384 2465 tus
417 2419 472 2466 et
508 2423 749 2469 eventus.
791 2411 849 2469 In
896 2425 1080 2472 nostra
1120 2426 1303 2474 autem
1334 2419 1402 2476 de
1445 2420 1705 2477 Lactantii
1736 2424 1889 2481 libris

296 2500 674 2561 dissertatione
703 2504 814 2563 haec
842 2509 1243 2566 enucleavimus
1267 2508 1509 2585 (Dissert.
1541 2517 1593 2568 in
1618 2512 1882 2584 Lactant.,

303 2612 418 2667 cap.
448 2595 537 2664 20,
568 2608 667 2654 art.
702 2598 781 2669 7).

365 2688 489 2743 Alio
516 2689 692 2746 adhuc
721 2692 882 2749 modo
908 2694 1120 2766 pluvias
1141 2695 1298 2754 facile
1324 2699 1644 2770 praedicunt.
1671 2702 1887 2759 Etenim

295 2779 499 2847 habent,
530 2782 603 2836 ait
625 2778 801 2840 adhuc
828 2784 1194 2845 Tertullianus
1218 2788 1433 2863 (Ibid),
1464 2793 1528 2848 de
1551 2795 1779 2850 incolatu
1804 2814 1891 2851 ae-

294 2873 383 2937 ris,
410 2883 454 2929 et
483 2875 546 2930 de
574 2877 759 2933 vicinia
780 2880 1024 2950 siderum,
1048 2894 1097 2939 et
1120 2885 1183 2939 de
1203 2888 1510 2943 commercio
1540 2891 1753 2945 nubium
1791 2908 1890 2947 cae-

296 2966 440 3022 lestes
465 2984 662 3038 sapere,
692 2970 795 3027 hoc
819 2982 921 3042 est,
958 2989 1252 3046 agnoscere
1280 2991 1578 3050 paraturas,
1611 2991 1665 3036 ut
1693 2992 1740 3037 et
1768 2985 1888 3055 plu-

293 3060 420 3127 vias,
462 3078 588 3132 quas
618 3066 732 3136 jam
758 3067 997 3136 sentiunt,
1040 3074 1418 3141 repromittant.
1452 3074 1719 3133 Pamelius
1755 3093 1890 3134 vero

294 3164 393 3207 nos
418 3151 504 3207 hic
529 3157 762 3211 monitos
784 3172 905 3215 esse
936 3160 1102 3216 voluit
1128 3177 1187 3218 se
1216 3180 1321 3219 non
1356 3150 1674 3224 meminisse
1705 3179 1887 3227 utrum

1997 1959 2163 2016 linem
2207 1962 2545 2034 Delphicum,
2574 1966 2732 2037 cujus
2770 1969 3025 2039 templum
3067 1969 3288 2025 infinitis
3313 1973 3504 2042 opibus
3538 1983 3593 2030 et

1994 2053 2233 2109 donariis
2277 2067 2654 2125 exornaverat,
2706 2060 2773 2115 de
2810 2060 2994 2119 futuro
3043 2064 3205 2135 huius
3233 2065 3356 2121 belli
3392 2079 3596 2131 eventu

1993 2147 2356 2218 consuluisse,
2382 2159 2438 2206 et
2480 2151 2582 2207 hoc
2628 2152 2789 2223 plane
2824 2155 3132 2228 ambiguum
3167 2159 3440 2231 accepisse
3471 2175 3594 2217 res-

1995 2257 2225 2313 ponsum
2260 2262 2274 2297 :

2243 2353 2403 2402 Χροῖσος
2426 2342 2514 2392 [Aw
2532 2349 2668 2401 διαϐὰς
2682 2382 2694 2400 ,
2715 2355 2872 2405 paer
2892 2356 3004 2408 ἀρχὴν
3025 2357 3241 2397 mellam.

2119 2419 2315 2472 Croesus
2335 2421 2490 2486 Halyn
2529 2436 2769 2486 superans
2792 2437 3018 2489 magnam
3038 2429 3295 2491 pervertet
3314 2442 3459 2494 opum
3476 2432 3592 2482 vim.

2410 2504 2714 2574 (Herodot.,
2733 2508 2822 2563 lib.
2837 2509 2841 2515 ’
2855 2508 2895 2577 l,
2924 2526 3042 2583 cap.
3067 2510 3177 2584 65).

1993 2617 2145 2687 Quod
2186 2619 2276 2676 ille
2303 2629 2485 2690 postea
2512 2621 2796 2679 confirmat
2841 2623 3107 2682 (Euomai
3153 2626 3480 2684 testimonio.
3515 2630 3588 2685 At
3682 2608 3688 2617 ”

1993 2711 2045 2765 id
2078 2713 2169 2767 tibi
2201 2713 2247 2768 si
2278 2729 2385 2785 pou
2419 2714 2672 2783 sufficiat,
2696 2716 2845 2774 adire
2887 2720 3107 2789 poteris-
3132 2718 3483 2789 Herodotum,
3520 2731 3576 2778 et

1993 2806 2081 2876 qui
2128 2807 2197 2862 de
2226 2816 2454 2877 utroque
2484 2809 2692 2880 Pyrrho
2718 2820 2772 2866 et
2793 2810 2984 2867 Crceso
3010 2822 3204 2883 agunt,
3233 2810 3573 2881 Ciceronem,

1991 2898 2348 2969 Bulengerum
2376 2909 2429 2955 et
2451 2900 2586 2955 alios
2607 2900 2821 2973 (Cicer.,
2851 2902 2940 2958 lib.
2965 2902 3033 2969 ll,
3057 2904 3119 2958 de
3138 2903 3340 2976 Divin.,
3364 2924 3417 2977 p.
3443 2904 3573 2973 296;

1990 2989 2290 3064 Bulenger.,
2314 2992 2400 3047 lib.
2432 2993 2495 3047 de
2520 3009 2660 3049 orac.
2688 3004 2735 3049 et
2761 3004 2889 3060 vat.,
2921 3012 3040 3067 cap.
3074 2998 3157 3068 6).

2063 3083 2144 3139 Ad
2186 3085 2434 3141 eumdem
2474 3100 2637 3155 porro
2687 3086 2932 3155 Crtnsum
2969 3091 3200 3148 attinent
3244 3092 3360 3149 haec
3393 3093 3583 3150 subse-

1990 3176 2210 3246 quentia
2241 3176 2554 3233 Tertulliani
2598 3180 2799 3236 verbu:
2830 3181 3079 3238 Cancrum
3121 3186 3421 3240 testudinem
3452 3203 3578 3241 con-

292 3256 487 3299 nomen
515 3256 760 3316 paratura
797 3250 938 3321 apud
967 3251 1101 3311 alios
1130 3267 1378 3313 auctores
1405 3259 1630 3333 legatur.
1656 3262 1762 3319 Sed
1792 3271 1886 3320 aut
1913 3259 1958 3322 C
1992 3271 2138 3341 coqui
2158 3286 2274 3324 cum
2299 3272 2538 3327 carnibus
2563 3274 2768 3344 pecudis
2795 3273 3017 3346 Pythius
3037 3293 3095 3331 eo
3124 3277 3276 3331 modo
3302 3279 3577 3347 nuntiavit,

292 3333 409 3404 ipse
448 3352 554 3409 non
596 3338 816 3409 legerat,
846 3354 935 3399 aut
957 3361 1062 3401 non
1087 3350 1472 3407 recordabatur
1509 3369 1569 3410 se
1610 3355 1806 3426 legisse
1835 3358 1885 3412 in

291 3426 399 3481 vita
430 3431 598 3484 sancti
624 3431 873 3504 Cypriani
909 3437 1023 3494 haec
1057 3439 1233 3496 Pontii
1276 3444 1439 3499 verba
1468 3463 1481 3499 :
1516 3445 1765 3503 Nondum
1806 3465 1888 3504 se-

290 3522 462 3577 cunda
490 3526 731 3582 nativitas
766 3546 947 3587 novum
976 3534 1231 3590 hominem
1256 3537 1529 3608 splendore
1557 3550 1661 3595 toto
1700 3542 1886 3599 divina:

291 3618 802 3688 lucisoculauerat,et
810 3627 923 3698 jam
942 3640 1126 3685 veteres
1156 3647 1215 3685 ac
1244 3633 1487 3703 pristinas
1512 3637 1745 3692 tenebras
1772 3638 1885 3693 salu

292 3708 418 3803 lucis
446 3726 693 3784 paratura
720 3718 949 3776 vincebat
980 3722 1164 3793 (Pont.
1194 3726 1249 3781 in
1284 3729 1391 3783 vita
1426 3728 1490 3785 S.
1523 3729 1773 3802 Cypr.,c.
1799 3732 1882 3803 2).

288 3799 559 3861 Paraturae
584 3817 764 3865 autem
794 3827 990 3870 nomen
1016 3816 1086 3872 ibi
1119 3817 1236 3888 ipso
1256 3799 1579 3876 Tertulliani
1595 3799 1755 3880 sensu
1783 3799 1882 3880 ad-

289 3892 502 3953 hibetur
531 3917 627 3971 pro
656 3903 1030 3977 dispositione,
1065 3897 1345 3982 apparatu,
1377 3922 1432 3970 et
1462 3917 1877 3987 praeparatione,

287 3987 363 4043 uti
400 3989 509 4058 jam
538 3994 885 4053 observatum
928 4011 1009 4056 est
1039 4002 1176 4073 (art.
1202 4004 1401 4078 super.)

286 4098 301 4106 ‘
357 4083 497 4140 Dicit
528 4087 707 4159 itaque
738 4101 925 4147 auctor
960 4104 1145 4151 noster
1170 4113 1258 4164 ea,
1288 4112 1409 4170 quae
1452 4100 1506 4155 in
1546 4100 1721 4159 altiori
1751 4102 1878 4159 coeli

285 4173 507 4246 regione
533 4184 989 4253 praeparabantur,
1015 4188 1237 4243 nubium
1270 4194 1598 4248 commercio
1624 4196 1880 4265 cognosci

284 4280 315 4320 a
341 4266 677 4327 daemonibus
698 4274 761 4330 de
782 4276 1007 4332 incolatu
1038 4281 1190 4337 aeris.
1222 4281 1458 4339 Noverat
1485 4285 1749 4357 siquidem
1778 4287 1879 4345 Sa-

283 4365 461 4415 tanam
492 4363 560 4418 ab
599 4368 846 4437 apostolo
872 4371 1075 4438 vocari,
1112 4372 1405 4446 Principem
1444 4382 1711 4447 potestatis
1746 4382 1880 4437 aeris

284 4449 479 4524 hujus;
504 4454 777 4517 daemones
797 4478 944 4531 vero,
970 4466 1261 4535 spiritualia
1291 4471 1530 4543 nequitia:
1568 4475 1621 4526 in
1661 4475 1878 4528 caelesti-

282 4545 375 4600 bus
397 4547 588 4620 (Epist.
619 4555 686 4607 ad
712 4553 929 4626 Ephes.,
952 4576 1066 4630 cap.
1096 4561 1151 4625 2,
1179 4561 1235 4629 2,
1267 4571 1314 4616 et
1339 4580 1455 4633 cap.
1489 4564 1542 4628 6,
1573 4564 1681 4637 12).
1708 4566 1878 4621 Deni-

1989 3379 2088 3433 quo
2132 3381 2289 3433 supra
2328 3364 2556 3420 diximus
2594 3381 2617 3423 .'
2654 3378 2907 3423 momento
2951 3369 3094 3438 apud
3137 3368 3359 3441 Lydians
3413 3375 3583 3442 fuerat

1990 3456 2344 3531 (Tertullian.,
2368 3460 2658 3534 Apologet.,
2679 3479 2725 3516 c.
2746 3462 2839 3530 (ὶὲ,
2867 3481 2920 3535 p.
2944 3464 3097 3536 409).
3118 3465 3391 3523 Memoriae
3416 3468 3587 3539 siqui-

1988 3548 2110 3605 dem
2126 3551 2235 3621 jam
2258 3552 2451 3608 citatus
2480 3568 2509 3607 a
2539 3554 2694 3609 nobis
2735 3554 3038 3612 Herodotus
3062 3558 3297 3629 prodidit
3324 3561 3518 3616 missos
3541 3578 3573 3616 a

1986 3640 2175 3699 Croeso
2203 3645 2451 3711 nuntios,
2482 3645 2574 3717 qui
2618 3648 2765 3702 varia
2807 3648 3032 3704 deorum
3068 3652 3283 3707 oracula
3324 3654 3576 3709 consule-

1986 3746 2127 3805 rent,
2147 3746 2200 3792 et
2217 3736 2345 3808 quid
2374 3739 2560 3809 ipsein
2588 3739 2755 3812 Lydia
2782 3749 2983 3812 ageret,
3009 3742 3432 3801 sciscitarentur.
3455 3746 3580 3803 Sin-

1984 3827 2230 3897 gulorum
2258 3836 2436 3884 autem
2464 3845 2718 3900 responsa
2736 3848 2857 3888 cum
2882 3833 3197 3904 accepisset,
3222 3836 3424 3891 nullum
3455 3853 3581 3908 pro-

1983 3916 2149 3983 bavit,
2178 3919 2280 3975 nisi
2310 3918 2548 3989 Delphici
2578 3922 2862 3992 Apollinis,
2894 3925 2983 3995 qui
3009 3939 3094 3992 ea,
3118 3942 3237 3997 qua:
3265 3927 3334 3983 ab
3360 3928 3453 3983 illo
3485 3945 3577 3984 re-

1984 4024 2109 4066 vera
2139 4011 2449 4081 agebantur,
2467 4012 2570 4068 hoc
2597 4029 2860 4085 responso
2878 4016 3044 4072 edixit
3065 4036 3079 4073 :
3097 4026 3319 4080 Χελώνην
3334 4024 3426 4103 \xai
3453 4025 3574 4090 ἄρνα

1982 4105 2254 4170 ιιτακὸψως
2272 4107 2390 4172 ὁμοῦ
2406 4109 2506 4172 ἕψει
2525 4109 2664 4166 αὐτὸς
2684 4112 2730 4160 ἕν
2752 4114 2914 4167 λέϐητι
2935 4115 3137 4177 χαλκέῳ,
3155 4114 3352 4176 χάλκεθν
3371 4118 3578 4181 ἐπίθημα

1983 4197 2177 4254 (areale.
2186 4192 2508 4250 Testudinem
2529 4197 2718 4264 pariter
2729 4208 2774 4252 et
2785 4214 2974 4269 agnum
2989 4200 3215 4254 concisos
3227 4201 3279 4255 in
3297 4203 3452 4257 lebete
3464 4206 3582 4259 alte-

1982 4303 2077 4341 neo
2097 4288 2229 4343 coxit
2254 4290 2492 4358 operculo
2505 4291 2696 4344 ahenea
2714 4291 2949 4357 imposito
2970 4290 3221 4363 (Herod.,
3240 4294 3327 4349 lib.
3344 4294 3385 4361 Ι,
3405 4295 3433 4368 ς
3451 4296 3548 4367 48)
3562 4336 3577 4351 .

1982 4379 2052 4432 At
2080 4392 2191 4433 non
2219 4379 2399 4435 divino
2415 4381 2629 4450 quidem
2653 4382 2831 4436 afflatu
2850 4382 3060 4440 daimon
3080 4385 3167 4441 ille
3181 4389 3431 4457 cognovit
3445 4389 3572 4458 quid

1980 4469 2201 4527 Croesus
2222 4481 2424 4542 ageret,
2449 4473 2543 4528 sed
2572 4475 2749 4529 innata
2775 4475 2900 4542 sibi,
2930 4476 3006 4532 ait
3029 4477 3424 4545 Tertullianus,
3456 4480 3574 4550 agi-

1983 4562 2130 4619 litate
2150 4563 2205 4618 in
2241 4563 2464 4635 Lydiam
2497 4580 2605 4620 uno
2645 4576 2920 4623 momento
2954 4570 3277 4635 convolavit,
3302 4578 3356 4624 et
3380 4569 3571 4626 eadem

282 4653 388 4709 que
401 4639 469 4696 de
481 4644 655 4712 pluvia
676 4648 822 4705 abiis
836 4653 1549 4726 praenuntiata'aliquidintra
1565 4658 1874 4716 dicendum.
1905 4648 1960 4711 D
1985 4655 2258 4711 celeritate
2287 4671 2554 4721 reversus,
2583 4657 2754 4713 (ἔταξςῆ
2785 4658 2986 4714 nuntiis
3026 4671 3378 4715 memoratum
3408 4660 3574 4730 Apol-

355 4733 561 4793 Eodem
582 4755 794 4814 quoque
820 4744 981 4801 modo
1003 4747 1093 4802 ille
1118 4748 1294 4804 adhuc
1325 4751 1565 4807 ostendit
1585 4752 1655 4808 ab
1683 4752 1874 4810 iisdem

280 4826 615 4886 daemonibus
641 4838 877 4903 profecta
904 4853 1044 4904 esse,
1064 4855 1183 4910 qua:
1201 4840 1401 4898 ethnici
1427 4851 1718 4915 tantopere
1747 4860 1877 4902 ven-

280 4917 542 4990 ditabant,
577 4923 800 4982 deorum
838 4945 1058 4987 suorum
1086 4935 1324 4990 oracula.
1358 4934 1489 5003 Quis
1517 4947 1701 4994 autem
1739 4938 1877 4996 adeo

280 5025 460 5069 cmcus
490 5024 594 5083 est,
627 5019 765 5075 utin
799 5022 879 5078 eis
907 5024 1095 5081 solitas
1130 5025 1434 5082 daemonum
1482 5027 1717 5095 fraudes,
1759 5045 1876 5088 ma.

279 5103 585 5179 lignumque
610 5111 960 5171 subtilitatem
987 5133 1053 5173 eo
1080 5118 1291 5175 facilius
1333 5136 1439 5177 non
1483 5122 1872 5193 deprehendat,

278 5214 387 5269 quo
409 5204 579 5277 magis
601 5206 845 5279 ambigua
873 5210 1108 5269 fuerunt.
1140 5213 1196 5271 Si
1223 5216 1343 5287 quis
1384 5225 1560 5273 tamen
1588 5217 1878 5276 Tertullia-

279 5306 352 5347 no
381 5297 603 5354 credere
633 5301 787 5369 nolit,
820 5304 866 5359 is
890 5316 1038 5361 certe
1070 5301 1268 5375 audiat,
1302 5309 1685 5390 expendatque
1711 5327 1872 5383 quam

276 5387 563 5447 manifeste
606 5394 735 5449 illud
774 5397 845 5453 ab
884 5414 950 5454 eo
971 5400 1228 5470 probetur
1258 5419 1272 5456 :
1304 5400 1372 5456 In
1399 5387 1643 5468 oraculis,
1678 5403 1872 5474 inquit,

276 5495 375 5549 quo
414 5483 616 5555 ingenio
652 5489 1007 5561 ambiguitates
1042 5510 1165 5548 suas
1206 5503 1484 5564 temperent
1546 5494 1602 5549 in
1646 5505 1875 5564 eventus,

275 5574 443 5631 sciunt
472 5578 649 5648 Croesi,
677 5584 854 5644 sciunt.
874 5584 1067 5657 Pyrrhi
1091 5584 1459 5655 (Tertullian.,
1502 5588 1795 5658 Apologia,
1826 5605 1875 5644 c.

275 5664 367 5734 22,
392 5686 446 5739 p.
474 5671 628 5739 408).
659 5675 773 5729 Duo
800 5677 978 5748 itaque
1010 5676 1212 5748 profert
1240 5678 1598 5735 celeberrima
1628 5680 1879 5736 oraculo-

272 5772 395 5813 rum
418 5766 681 5835 exerupla,
710 5783 938 5838 quorum
969 5785 1133 5825 unum
1170 5769 1400 5842 Pyrrho,
1429 5772 1658 5828 alterum
1691 5773 1882 5828 Crasso

273 5847 459 5908 datum
480 5866 581 5912 est.
614 5856 786 5926 Quam
822 5861 1133 5934 ambiguum
1167 5869 1354 5920 autem
1380 5870 1435 5922 et
1466 5862 1628 5923 fallax
1649 5862 1880 5937 primum

1984 4748 2109 4804 linis
2135 4749 2352 4805 nomine
2379 4764 2697 4821 responsum
2725 4749 2977 4806 reddidit.

2051 4841 2127 4896 De
2149 4841 2231 4897 his
2252 4856 2413 4912 porro
2436 4857 2499 4897 ac
2524 4842 2791 4899 similibus
2817 4842 3071 4907 oraculis,
3104 4842 3475 4915 ambiguisque
3502 4859 3569 4901 ac

1977 4932 2257 4990 fallacibus
2283 4934 2587 4990 daemonum
2627 4935 2924 5006 responsis,
2962 4944 3019 4992 et
3064 4934 3279 4991 illorum
3318 4935 3559 5004 defectu,

1978 5040 2085 5082 non
2106 5024 2282 5082 solum
2308 5024 2362 5082 iu
2389 5026 2549 5081 citata
2575 5025 2643 5081 de
2668 5024 2884 5082 Minucii
2902 5024 3149 5092 Octavio,
3179 5026 3272 5081 sed
3298 5026 3418 5082 aliis
3442 5040 3578 5097 quo-

1976 5135 2093 5193 que
2108 5119 2306 5175 nostris
2331 5118 2799 5175 dissertationibus
2825 5126 3002 5174 actum
3041 5134 3071 5173 a
3110 5118 3267 5175 nobis
3292 5118 3390 5174 fuit
3416 5117 3568 5190 (Dis-

1978 5221 2152 5268 sertat.
2182 5211 2237 5266 in
2268 5211 2480 5277 Minut,
2510 5227 2627 5281 cup.
2652 5211 2743 5277 50,
2770 5220 2873 5265 art.
2905 5209 2959 5275 5,
2987 5220 3036 5264 et
3061 5210 3115 5264 in
3141 5208 3402 5276 Lactant.,
3450 5226 3576 5280 cap.

1976 5306 2069 5371 20,
2097 5312 2196 5369 art.
2232 5305 2263 5358 7
2285 5312 2328 5358 et
2350 5305 2403 5369 8,
2432 5313 2479 5358 et
2505 5320 2620 5373 cup.
2663 5302 2754 5370 52,
2780 5313 2879 5357 art.
2910 5303 2987 5374 Ι).
3020 5304 3091 5358 At
3134 5303 3406 5360 neminem
3449 5318 3573 5360 esse

1977 5409 2250 5471 putamus,
2276 5398 2365 5467 qui
2393 5413 2459 5453 ex
2484 5397 2644 5453 dictis
2666 5413 2773 5452 non
2802 5396 3061 5467 intelligat
3089 5406 3353 5468 quantum
3380 5394 3413 5450 a'
3434 5395 3571 5452 Ter-

1981 5492 2189 5546 tulliani
2226 5490 2561 5557 aliorumque
2616 5489 3114 5561 antiquissimorum
3166 5488 3424 5545 Ecclesiae
3473 5488 3590 5575 Pa-g

1982 5595 2122 5640 trum
2146 5583 2410 5639 sententia
2441 5582 2715 5638 recentior
2742 5581 2958 5651 quidem
2981 5622 2997 5647 ,
3027 5591 3088 5636 ut
3132 5580 3259 5637 alibi
3293 5579 3576 5636 annotavi-

1984 5692 2125 5742 mus,
2156 5675 2435 5739 dissideat,
2458 5674 2551 5745 qui
2593 5684 2772 5729 vetera
2813 5673 3090 5744 gentilium
3117 5672 3333 5728 oracula
3364 5688 3469 5728 non
3496 5671 3580 5727 his

1986 5770 2292 5826 daemonum
2313 5767 2450 5823 dolis
2471 5766 2824 5838 pessimisque
2847 5766 3070 5832 artibus,
3100 5766 3194 5822 sed
3217 5765 3577 5833 sacerdotum,

1986 5862 2143 5923 idolis
2168 5861 2541 5929 servientium,
2571 5857 2798 5918 fallaciis
2817 5874 2880 5917 ac
2898 5857 3184 5931 praestigiis
3195 5858 3402 5918 reddita
3422 5858 3591 5916 fuisse
