4198 6260
571 344 684 404 8'70

1647 322 1727 396 tu
1767 333 2230 395 TERTULLIANI
2266 329 2801 391 APOLOGETICUM

3766 321 3878 382 889

571 475 857 536 perperam
888 456 1147 518 venditat.
1179 455 1438 525 Quamvis
1481 453 1625 511 enim
1671 453 1932 510 nonnulla
1973 451 2043 507 ab
2083 451 2174 507 his
2197 453 2252 516 Α
2348 449 2620 504 Prmterea
2671 442 3005 502 detestandis
3049 442 3158 499 illis
3197 441 3404 536 artibus
3430 439 3875 536 ,l’hantdsmata

569 555 938 613 sacerdotibus
967 550 1214 625 profecta
1242 548 1417 606 fuisse
1457 555 1752 615 constaret,
1782 545 2039 626 pleraque
2088 552 2178 599 ta-

571 663 698 705 men
738 647 917 702 omnia
958 644 1123 700 edere
1189 657 1298 698 non
1343 648 1656 713 potuerunt,
1705 627 1886 694 sicuti‘
1907 650 2006 708 nec
2045 649 2177 692 vera

584 738 866 807 miracula,
898 736 968 794 de
990 736 1184 808 quibus
1212 749 1356 791 nunc
1382 733 1648 806 agendum
1677 741 1779 788 est.

1188 885 1476 927 ARTICULUS
1514 885 1566 924 V.

581 1010 850 1081 Quomodo
871 1009 1220 1064 Tertullianus
1241 1008 1474 1063 ostendat
1509 1005 1803 1060 daemonum
1837 1009 2088 1074 potestate
2115 1015 2176 1074 ac

653 1105 923 1177 fraudibus
944 1120 1003 1158 ea
1020 1118 1126 1157 esse
1145 1106 1299 1173 facta,
1320 1116 1438 1169 qua:
1457 1101 1593 1170 ntagi
1620 1097 1959 1152 circulatoriis
1984 1093 2177 1166 prtcsti-

651 1199 747 1270 giis
782 1197 987 1264 ludunt,
1016 1194 1194 1266 quibus
1221 1194 1547 1264 infamantur
1580 1191 1941 1262 defunctorum
1967 1187 2173 1249 animae,

651 1290 798 1361 pueri
851 1289 906 1342 in
963 1288 1216 1357 eloquium
1266 1284 1465 1339 oraculi
1503 1282 1785 1345 eliduntur,
1833 1280 2175 1334 inmtittuntur

579 1364 590 1382 ’
655 1385 872 1449 somnia,
901 1397 1070 1452 capra:
1101 1390 1146 1434 et
1166 1394 1355 1433 mensw
1389 1377 1649 1438 divinant;
1691 1390 1782 1428 nec
1821 1370 2120 1442 responderi
2143 1385 2176 1422 a

577 1459 587 1480 “
650 1492 904 1547 quoquam
935 1489 1080 1546 posse
1121 1487 1179 1526 ea
1214 1472 1392 1525 saltem
1433 1469 1532 1524 diis
1560 1465 1852 1532 tribuenda,
1889 1479 2003 1532 qua:
2041 1462 2176 1516 intra

575 1622 580 1638 ,
650 1570 858 1626 illorum
880 1565 1067 1637 templa
1083 1565 1382 1637 agebantur.

655 1726 916 1783 Ethnicos
945 1723 1120 1778 acrius
1152 1721 1326 1777 adhuc
1352 1726 1504 1790 urget
1529 1714 1914 1786 Tertulliauus,
1933 1712 2177 1784 planum-

581 1807 686 1890 que
707 1818 833 1873 facit
858 1831 942 1882 ea,
966 1830 1086 1886 qua:
1115 1828 1145 1867 a
1180 1810 1538 1867 circulatoriis
1568 1808 1737 1878 magis
1778 1819 1940 1875 supra
1972 1813 2177 1858 natura:

581 1911 824 1968 ordinem
859 1909 999 1964 edita
1038 1906 1416 1978 Opinabantur,
1451 1903 1567 1958 hzec
1602 1901 1738 1956 facta
1776 1899 1939 1953 fuisse
1969 1897 2175 1952 daemo-

580 2019 710 2060 num
733 2000 1008 2056 fraudibus
1033 2014 1096 2054 ac
1125 1997 1431 2068 praestigiis.
1465 1995 1527 2049 Et
1563 2001 1710 2047 certe
1736 1988 2007 2061 quomodo
2037 1985 2178 2056 magi

579 2095 659 2160 illi
687 2091 1029 2150 exsecrandis
1075 2090 1189 2145 suis
1228 2089 1432 2143 artibus
1463 2088 1638 2141 facere
1684 2081 1907 2160 aliquid,
1932 2088 2174 2151 possent,

549 2167 682 2244 ’nisi
713 2187 992 2252 baberent,
1023 2184 1177 2238 semel
1197 2184 1544 2243 invitatorum,
1569 2179 1644 2234 ait
1665 2177 2052 2240 Tertullianus,
2081 2190 2179 2227 an-

585 2280 836 2351 gelorum,
872 2277 1124 2332 videlicet
1153 2274 1438 2337 malorum,
1469 2282 1513 2326 et
1532 2271 1821 2324 daemonum
1849 2268 2178 2322 adsistentent

580 2379 881 2445 potestatem
911 2369 1269 2442 (Tertulliam,
1289 2365 1583 2437 Apologet.,
1608 2382 1657 2420 c.
1677 2363 1770 2428 25,
1799 2381 1856 2434 p.
1882 2361 2033 2431 410).
2062 2359 2196 2414 Non-

581 2466 726 2520 enim
749 2479 866 2520 eam
896 2463 1215 2534 potentiam,
1243 2475 1364 2530 qua:
1405 2459 1591 2513 solitas
1634 2456 1866 2510 hominis
1899 2455 2040 2508 vires
2085 2469 2179 2508 su-

581 2568 756 2630 perat,
782 2573 810 2612 a
836 2571 894 2612 se
923 2555 1055 2626 ipsis
1081 2554 1300 2616 habent,
1329 2565 1504 2621 neque
1539 2549 1700 2605 etiam
1743 2563 1773 2602 a
1814 2548 1923 2601 Deo
1951 2545 2178 2616 optimo,

543 2641 548 2654 ’
583 2650 674 2721 qui
706 2647 1093 2704 maleficiorum
1127 2655 1313 2698 auctor
1335 2657 1455 2698 esse
1484 2656 1588 2694 non
1632 2646 1824 2708 potest.
1857 2638 1996 2707 Ergo
2036 2635 2179 2690 illam

583 2747 960 2811 acceperunta
990 2737 1352 2800 daemonibus,
1388 2737 1478 2805 qui
1508 2749 1624 2798 sua,
1655 2734 1730 2787 uti
1773 2731 2031 2794 diximus,
2067 2744 2183 2806 ma-

584 2833 826 2904 lignitate
865 2833 1112 2888 homines
1149 2830 1205 2884 in
1236 2827 1490 2900 quaelibet
1531 2825 1736 2881 scelera
1784 2823 2038 2878 inducere
2065 2836 2183 2875 mo-

584 2925 808 2979 liuntur.
842 2923 950 2979 Sed
980 2922 1096 2978 haec
1126 2921 1217 2976 ille
1243 2920 1350 2974 alio
1373 2919 1422 2973 in
1455 2918 1595 2973 libro
1619 2916 1818 2972 clarius
1855 2914 2183 2984 uberiusque

584 3015 921 3071 demonSIrat
962 3012 1136 3082 (Idem
1161 3055 1174 3079 ,
1202 3011 1290 3066 lib.
1320 3012 1383 3078 de
1411 3011 1608 3077 Anim.,
1633 3025 1752 3080 cap.
1781 3007 1895 3080 57).

657 3106 797 3177 Magi
825 3107 1003 3176 itaque
1039 3112 1259 3174 accepta
1293 3104 1359 3156 ab
1388 3103 1495 3157 illis
1531 3101 1869 3156 dannonibus
1913 3114 2001 3155 res
2022 3111 2183 3170 quas-

585 3197 711 3254 dam
756 3208 906 3254 extra
949 3205 1264 3252 consuetum
1312 3205 1516 3250 natura:
1565 3194 1809 3249 ordinem
1849 3191 2042 3248 edendi
2092 3206 2186 3260 po-

583 3301 800 3358 testate,
842 3290 1206 3357 circulatoriis,
1247 3290 1322 3342 ait
1361 3286 1743 3353 Tertullianus,
1785 3283 2058 3355 pra’stigiis
2099 3281 2182 3335 lu-

587 3386 715 3438 dunt
739 3383 936 3455 (Idem,
961 3381 1250 3454 Apologet.,
1278 3397 1323 3434 c.
1347 3380 1439 3444 25,
1471 3397 1528 3449 ρ.
1571 3378 1720 3448 411).
1750 3375 1857 3432 Sed
1888 3391 2006 3446 qum
2033 3381 2182 3439 sunt,

587 3475 799 3546 rogabit
825 3474 1038 3545 aliquis,
1063 3472 1148 3528 liae
1189 3471 1546 3527 circulatoriae
1579 3468 1900 3540 praestigiae?
1931 3467 2183 3538 Respon-

589 3565 721 3618 dent
745 3564 910 3634 aliqui
936 3563 1058 3618 illas
1089 3563 1169 3618 sic
1189 3563 1391 3625 vocari,
1423 3562 1545 3630 quia
1575 3561 1714 3630 magi
1747 3559 2181 3626 circumforanei,

591 3657 949 3724 spectantium
975 3664 1116 3710 cmtu
1139 3655 1252 3708 sive
1279 3653 1484 3707 circulo
1505 3652 1847 3718 circumdati,
1881 3650 2070 3706 fabulis
2096 3659 2187 3703 aut

535 3747 544 3755 “
594 3749 876 3818 praestigiis
921 3732 1359 3801 ludunt.\'erum
1392 3743 1549 3798 nobis
1591 3743 1797 3797 facilius
1833 3741 2181 3812 persuadebi-

591 3852 680 3896 tur
717 3839 801 3894 his
840 3837 1020 3894 verbis
1065 3837 1196 3892 nihil
1241 3852 1268 3889 a
1311 3836 1638 3890 Tertulliano
1687 3834 1829 3888 aliud
1869 3832 2181 3902 signiﬁcari,

589 3948 750 4004 quam
801 3931 1033 4003 magicas
1080 3929 1396 4000 praestigias.
1446 3928 1542 3982 Ubi
1593 3928 1736 3983 enim
1782 3925 2070 3982 Marcionis
2116 3924 2184 3980 de

589 4025 924 4097 pbantastica
947 4021 1146 4077 Christi
1177 4036 1338 4076 carne
1370 4034 1606 4075 errorem
1635 4016 1867 4072 refellit:
1907 4015 2048 4088 Ergo
2069 4017 2183 4087 jam

589 4117 868 4184 Christum,
900 4117 1090 4187 inquit,
1122 4131 1222 4168 nou
1251 4114 1313 4167 de
1337 4112 1462 4166 caelo
1492 4111 1688 4183 deferre
1713 4110 1980 4174 debueras,
2009 4107 2099 4162 sed
2121 4108 2186 4162 de

499 4214 502 4216 ’
591 4213 763 4278 aliquo
791 4210 1141 4276 circulatorio,
1172 4207 1220 4262 id
1250 4216 1356 4271 est,
1387 4219 1683 4275 magorum,
1720 4213 1870 4268 centu,
1901 4219 1991 4257 nec
2020 4201 2183 4256 Deum

591 4312 777 4375 praeter
811 4301 1087 4366 hominem,
1131 4301 1219 4353 sed
1259 4314 1462 4370 magum
1490 4295 1744 4351 hominem
1779 4294 1974 4367 (Idem,
2012 4293 2096 4347 lib.
2125 4293 2187 4346 de

578 4395 746 4450 'Carn.
775 4393 984 4461 Christi,
1017 4410 1062 4446 c.
1101 4393 1176 4463 5).
1210 4392 1349 4446 Alibi
1382 4405 1510 4445 vero
1545 4406 1558 4444 :
1589 4389 1706 4443 Alia
1746 4390 1936 4458 species
1981 4388 2184 4460 mugire,

590 4502 707 4556 qua:
773 4485 1036 4540 miraculis
1091 4493 1473 4554 aperatur......
1510 4481 1690 4536 exinde
1739 4490 1784 4535 et
1840 4481 2022 4536 Simon
2071 4497 2185 4534 ma-

589 4593 705 4647 gus,
727 4578 839 4648 jam
869 4575 1056 4645 ﬁdelis,
1104 4575 1342 4644 quoniam
1388 4573 1582 4642 aliquid
1625 4572 1794 4626 adhuc
1851 4574 1912 4626 de
1963 4572 2182 4626 circula-

590 4670 723 4723 toria
772 4677 905 4722 secta
951 4668 1192 4738 cogitaret
1244 4665 1444 4735 (Idem,
1493 4665 1579 4719 lib.
1618 4666 1680 4718 de
1719 4664 1990 4729 Idololat.,
2024 4683 2068 4720 c.
2103 4665 2178 4736 9).

586 4760 725 4828 Quid
751 4771 928 4817 autem
958 4761 1028 4817 ibi
1056 4760 1392 4815 circulatoria
1421 4768 1588 4823 secta,
1623 4760 1723 4813 nisi
1758 4774 2034 4830 magorum
2066 4773 2183 4814 scc-

589 4864 700 4908 tam
761 4853 1057 4924 significat?
1095 4853 1300 4908 Alieubi
1344 4864 1558 4918 tamen,
1595 4869 1662 4906 ne
1705 4853 1830 4923 quid
1877 4851 2180 4907 dissimule-

589 4957 732 5010 mus,
779 4958 964 5014 magos
1001 4960 1030 4998 a
1067 4943 1422 4998 circulatoriis
1450 4943 1779 5014 distinguere
1811 4942 2038 5006 videtur,
2090 4942 2177 4997 ubi

590 5035 849 5093 adversus
895 5037 1178 5092 hmreticos
1205 5037 1282 5090 sic
1309 5036 1547 5106 diSputat
1579 5053 1590 5088 :
1622 5033 1817 5090 Notata
1859 5045 1975 5091 sunt
2027 5036 2177 5092 etiam

585 5133 886 5186 conuuerct'a
911 5130 1262 5184 haereticorum
1298 5145 1414 5183 cum
1441 5129 1603 5200 magis
1627 5129 2030 5199 quampluribus,
2062 5145 2180 5196 qum

586 5223 995 5290 circulatoribus,
1020 5237 1132 5276 cum
1157 5221 1448 5292 astrologis,
1475 5237 1589 5274 cum
1617 5220 1940 5292 philosophis
1960 5221 2177 5274 curiosi-

589 5313 682 5367 tati
729 5313 915 5368 scilicet
964 5313 1148 5368 deditis
1192 5311 1385 5384 (Idem,
1410 5313 1463 5366 in
1507 5314 1600 5381 fin.
1649 5313 1737 5368 lib.
1767 5313 1829 5366 de
1874 5311 2176 5382 Prcescript.

584 5407 785 5470 lueret,
819 5404 1032 5477 c.45).
1081 5405 1188 5461 Sed
1238 5420 1417 5460 nonne
1465 5407 1641 5460 cernis
1699 5405 1768 5460 ibi
1828 5406 2000 5460 varias
2055 5413 2176 5460 tan.

583 5509 695 5552 tum
750 5498 925 5552 notari
979 5497 1276 5566 hominum,
1327 5499 1550 5569 magicis
1597 5499 1804 5554 artibus
1845 5499 2174 5570 deditorum,

580 5589 828 5660 species?
855 5589 1046 5647 Nonne
1083 5591 1240 5662 igitur
1271 5591 1412 5646 illius
1441 5593 1494 5646 in
1533 5593 1879 5666 Apologetico
1922 5593 2010 5650 hic
2054 5609 2178 5652 seu~

586 5695 680 5734 sus
709 5690 791 5734 est
834 5698 847 5733 :
892 5683 1028 5749 magi
1072 5682 1234 5736 multa
1279 5683 1532 5738 miracula
1557 5683 1932 5750 circulatoriis,
1964 5684 2017 5740 id
2063 5696 2168 5755 εει,

589 5768 810 5835 magicis
827 5770 1032 5823 artibus
1064 5770 1274 5837 ludunt,
1305 5771 1406 5824 hoc
1435 5781 1537 5838 est,
1567 5772 1774 5843 fingunt.
1812 5785 1866 5830 et
1901 5774 2038 5831 falso
2058 5777 2174 5845 jac-

585 5860 702 5906 tant
731 5869 761 5907 a
783 5870 843 5910 se
878 5855 1012 5922 fieri,
1037 5859 1217 5929 sicque
1257 5859 1502 5918 homines
1531 5863 1738 5932 ludunt,
1768 5879 1828 5920 ac
1853 5864 2169 5938 decipiunt?

2279 541 2456 607 edunt,
2481 550 2528 596 et
2554 540 2915 612 defunctorum
2943 538 3196 607 infamant
3229 535 3429 591 animas
3459 533 3652 606 (Idem,
3684 532 3878 604 Apolo-

2279 643 2404 708 get.,
2423 651 2469 690 c.
2500 631 2593 699 25,
2618 650 2670 704 p.
2687 631 2846 704 410).
2877 630 2994 687 Jam
3025 644 3154 686 vero
3179 629 3379 686 dictum
3402 628 3470 683 ab
3496 628 3590 683 illo
3615 627 3879 683 observa-

2279 729 2455 788 vimus
2479 743 2508 783 a
2534 727 2875 783 daemonibus
2911 725 3055 782 edita
3087 725 3251 780 fuisse
3288 723 3662 795 phantasmata
3685 719 3881 776 Casto-

2281 835 2399 875 rum
2429 822 2446 889 (
2473 802 2644 891 supr.,
2689 829 2789 873 art.
2822 817 2897 890 5)
2931 835 2946 872 :
2979 833 3122 873 nune
3169 832 3296 873 vero
3329 822 3604 872 asseverat
3648 814 3879 868 aliorum

2279 913 2652 969 defunctorum
2686 912 3082 983 phantasmata,
3114 910 3230 966 sive
3259 909 3410 964 fictas
3433 906 3663 978 effigies,
3696 921 3726 961 a
3756 919 3877 960 ma-

2279 1006 2360 1075 gis
2397 1006 2703 1061 dtemonum
2734 1003 2960 1060 artificio
2986 1001 3396 1074 reprzeseutari.
3427 1000 3531 1058 Sed
3560 999 3676 1057 hare
3704 999 3792 1055 ille
3817 998 3878 1054 in

2280 1095 2416 1151 libro
2443 1096 2510 1152 de
2531 1097 2723 1151 Anima
2751 1095 2944 1162 fusius,
2968 1095 3162 1166 hisque
3188 1093 3368 1149 verbis
3388 1092 3618 1163 explicat
3642 1109 3657 1147 :
3679 1090 3749 1146 In
3778 1091 3880 1145 illa

2280 1189 2446 1259 specie
2485 1191 2687 1261 magiae,
2716 1205 2831 1260 qua:
2849 1191 2967 1260 jam
2991 1189 3298 1260 quiescentes
3327 1187 3526 1241 animas
3557 1186 3767 1242 evellere
3803 1184 3880 1239 ab

2279 1281 2457 1349 inferis
2487 1281 2744 1348 creditur,
2767 1291 2816 1336 et
2851 1281 3141 1352 conspectui
3166 1280 3416 1346 exhibere,
3447 1295 3545 1333 non
3571 1279 3673 1333 alia
3703 1279 3875 1351 falla-

2279 1373 2373 1426 cia:
2398 1373 2473 1428 vis
2501 1375 2792 1443 operatior;
2823 1375 2976 1445 plane
3000 1374 3120 1443 quia
3156 1383 3201 1427 et
3237 1374 3546 1446 phantasma
3577 1381 3880 1444 praestatur,

2279 1465 2402 1534 quia
2441 1474 2487 1518 et
2526 1482 2710 1536 corpus
2748 1466 3026 1538 afﬁngitur,
3054 1482 3146 1520 nec
3199 1482 3439 1537 magnum
3486 1466 3563 1520 illi
3609 1467 3885 1519 exteriores

2279 1558 2452 1612 oculos
2479 1557 2904 1625 circumscribere,
2932 1559 3015 1613 cui
3042 1559 3335 1614 interiorem
3370 1558 3549 1613 mentis
3578 1559 3736 1612 aciem
3779 1571 3879 1612 ex-

2279 1665 2470 1704 ctecare
2495 1652 2738 1722 perfacile
2764 1659 2856 1705 est.
2882 1649 3113 1722 Corpora
3137 1651 3352 1721 denique
3390 1650 3688 1704 uidebantur
3718 1647 3878 1703 Pha-

2279 1743 2448 1809 raoni,
2479 1753 2526 1797 et
2552 1742 2820 1815 zEgyptiis
2842 1745 3158 1815 magicarunt
3183 1745 3442 1815 virgarum
3469 1744 3752 1809 dracones;
3787 1741 3883 1798 sed

2285 1835 2480 1908 Moysis
2520 1838 2703 1892 veritas
2748 1837 3068 1892 mendacium
3109 1837 3366 1891 devoravit
3394 1835 3750 1909 (Tertullian.,
3783 1835 3883 1890 lib.

2282 1928 2346 1981 de
2372 1928 2571 1994 Anint.,
2616 1944 2662 1981 c.
2693 1928 2784 1994 57,
2816 1945 2867 1997 p.
2899 1927 3054 1998 ⁸555).
3085 1926 3141 1981 1η
3170 1927 3253 1982 his
3284 1927 3460 1998 itaque
3499 1925 3716 1998 magicis
3745 1939 3886 1982 evo-

2282 2019 2583 2074 cationibus
2609 2017 2744 2073 nihil
2775 2018 2919 2073 aliud
2959 2032 3080 2073 esse
3102 2018 3402 2084 contendit,
3433 2018 3534 2074 nisi
3573 2017 3890 2072 dininonutn

2283 2110 2516 2177 frandes,
2560 2109 2822 2177 fallacias,
2876 2109 3078 2177 fucum,
3118 2120 3278 2180 atque
3324 2109 3684 2166 mendacium.
3724 2107 3891 2177 Quod

2283 2202 2498 2273 quidem
2529 2203 2620 2257 ille
2652 2202 2846 2258 ibidem
2880 2203 2981 2258 hac
3012 2212 3119 2258 tam
3144 2211 3312 2268 certa,
3337 2219 3498 2274 quam
3527 2196 3765 2259 evidenti
3793 2219 3890 2259 ra-

2285 2296 2430 2350 tione
2460 2297 2811 2367 comprobat:
2837 2296 2984 2352 Hanc
3005 2297 3267 2367 fallaciam
3291 2299 3505 2368 spiritus
3531 2315 3771 2376 nequam,
3791 2298 3892 2353 sub

2285 2387 2515 2456 personis
2556 2386 2916 2458 defunctorum
2960 2389 3317 2456 delitescentis,
3353 2389 3456 2443 nisi
3498 2389 3679 2460 fallor,
3723 2391 3887 2444 etiam

2285 2477 2432 2530 rebus
2461 2478 2733 2547 probamus
2754 2496 2870 2533 cum
2898 2481 2949 2534 in
2972 2480 3265 2535 exorcismis
3296 2481 3551 2535 interdum
3572 2482 3796 2553 aliquem
3832 2499 3893 2539 se

2285 2584 2348 2623 ea:
2366 2571 2658 2639 parentibus
2689 2573 2945 2626 hominem
2979 2574 3085 2628 suis
3111 2574 3362 2643 afﬁrmat,
3388 2574 3647 2629 interdum
3682 2576 3896 2646 gladia-

2287 2667 2467 2727 torem,
2511 2662 2588 2716 vel
2618 2662 2932 2729 bestiarium,
2961 2665 3089 2718 sicut
3115 2675 3161 2719 et
3190 2666 3316 2720 alibi
3343 2665 3517 2730 deum,
3549 2667 3681 2721 nihil
3721 2668 3894 2740 magis

2285 2768 2492 2819 curans,
2521 2769 2674 2822 quam
2719 2755 2813 2808 hoc
2839 2756 3008 2826 ipsum
3039 2757 3327 2822 excludere,
3351 2759 3488 2828 quod
3523 2760 3892 2828 pra'dicamus,

2286 2859 2350 2898 ne
2376 2844 2530 2913 facile
2563 2845 2830 2900 credamus
2875 2847 3076 2902 animas
3103 2849 3364 2903 universas
3384 2851 3452 2902 ad
3483 2850 3672 2919 inferos
3697 2851 3890 2922 redigi,

2289 2943 2346 2988 ut
2372 2944 2419 2988 et
2440 2935 2626 3001 iudicii
2655 2947 2700 2989 et
2728 2939 3110 2992 resurrectionis
3140 2939 3295 3008 ﬁdem
3323 2939 3486 2994 turbet
3517 2939 3722 3012 (Ibid).

2359 3031 2429 3084 At
2457 3046 2572 3109 cur,
2599 3031 2828 3101 inquies,
2850 3033 3043 3087 anima!
3063 3032 3439 3089 defunctorum
3467 3034 3534 3090 ab
3553 3049 3617 3090 eo
3648 3044 3775 3090 tunc
3802 3035 3898 3091 di-

2286 3131 2481 3177 cuntur
2519 3122 2798 3178 infamari?
2829 3124 3025 3178 Putant
3057 3126 3298 3181 nonnulli
3346 3126 3478 3181 illud
3506 3127 3621 3182 ideo
3651 3115 3892 3196 dictum;

2288 3213 2410 3282 quia
2453 3213 2666 3267 infamia
2696 3223 2749 3269 et
2776 3215 3103 3270 contumelia
3144 3217 3475 3272 afficiuntur.
3497 3218 3599 3273 Sed
3628 3233 3896 3274 veremur

2289 3319 2357 3360 ne
2396 3305 2497 3360 hoc
2530 3306 2748 3361 verbum
2780 3307 2886 3361 alio
2934 3322 3095 3362 sensu
3138 3324 3167 3362 a
3211 3308 3545 3376 Tertulliano
3591 3310 3900 3381 accipiatur

2291 3410 2388 3466 pro
2418 3398 2619 3467 tingere
2647 3397 2913 3464 videlicet,
2947 3414 3010 3454 ac
3041 3400 3176 3455 falso
3217 3400 3494 3457 exhibere.
3530 3401 3663 3458 Nam
3691 3404 3896 3461 eodem

2290 3486 2344 3542 in
2388 3487 2525 3543 libro
2555 3489 2744 3558 probat
2776 3491 2884 3544 falli
2915 3490 3195 3547 hominum
3227 3494 3435 3561 oculos,
3467 3509 3531 3549 ac
3555 3496 3714 3565 objiei
3744 3513 3897 3551 men-

2292 3578 2497 3632 dacium
2523 3595 2696 3634 eorunt
2737 3581 2886 3647 uisui,
2911 3582 3048 3652 quod
3086 3583 3487 3654 a'qualissimam
3517 3588 3768 3656 porticum
3792 3605 3895 3642 an-

2287 3673 2561 3740 gustiorem
2616 3673 2667 3725 in
2723 3673 2903 3726 ultimo
2971 3674 3182 3744 infamet
3244 3674 3444 3747 (lbid.,
3513 3694 3559 3730 c.
3628 3679 3770 3748 17).
3831 3678 3894 3735 id

2292 3769 2393 3824 est,
2427 3761 2563 3816 falso
2590 3762 2863 3831 exhibeat,
2891 3779 2955 3818 ac
2987 3765 3267 3821 mendacio
3295 3778 3660 3839 repraesentet.
3691 3770 3892 3826 Postea

2290 3865 2419 3906 vero
2461 3852 2648 3920 adjicit
2688 3863 2817 3910 tunc
2863 3857 3061 3911 nullam
3089 3872 3212 3915 esse
3259 3859 3541 3916 oculorum
3592 3862 3891 3933 fallaciam,

2288 3941 2601 4012 nullumque
2661 3946 3020 4013 mendacium,
3068 3950 3114 4002 si
3163 3959 3217 4004 et
3276 3950 3404 4020 ipsa:
3452 3969 3622 4008 causa:
3673 3954 3891 4024 objecta

2289 4040 2437 4088 recte
2463 4033 2677 4088 videndi
2705 4036 2920 4093 infamia
2940 4039 3252 4097 liberentur.
3285 4041 3456 4098 Nemo
3487 4055 3665 4100 autem
3689 4045 3896 4102 dixerit

2296 4123 2371 4179 ibi
2415 4126 2635 4180 verbum
2681 4127 2938 4199 infamare
2979 4132 3047 4185 ab
3091 4132 3182 4186 illo
3221 4136 3464 4206 usurpari
3509 4152 3605 4206 pro
3647 4137 3890 4207 macula,

2287 4231 2392 4286 qua
2422 4219 2658 4286 porticus
2689 4219 2951 4276 inuratur.
2981 4222 3038 4279 Si
3067 4224 3192 4294 quis
3234 4235 3411 4280 tamen
3445 4228 3752 4296 probaverit
3778 4229 3889 4286 hoc

2290 4309 2527 4365 secundo
2567 4311 2866 4382 significatu
2897 4313 2950 4368 in
2982 4316 3349 4388 Apologetieo,
3383 4321 3524 4374 sicut
3559 4321 3610 4376 in
3650 4336 3774 4376 mox
3803 4322 3893 4378 ci-

2288 4401 2411 4455 tatis
2439 4401 2594 4470 locis,
2615 4401 2787 4472 primo
2808 4421 2968 4461 sensu
2991 4408 3180 4478 accipi,
3210 4424 3314 4463 non
3337 4411 3559 4465 omnino
3581 4426 3892 4483 repugnare

2291 4492 2628 4549 audebimus.

2362 4585 2498 4656 Magi
2554 4587 2807 4658 insuper,
2847 4606 3064 4660 pueros,
3117 4593 3326 4664 inquit,
3371 4595 3424 4649 in
3466 4597 3718 4669 eloquium
3757 4612 3886 4652 ora-

2287 4677 2390 4729 culi
2440 4677 2634 4733 elidunt
2666 4677 2856 4750 (Idem,
2880 4683 3146 4754 Apologet.
3181 4701 3295 4755 cap.
3327 4684 3420 4748 95,
3449 4704 3570 4756 pag.
3601 4687 3764 4759 411).
3813 4689 3890 4744 Et

2287 4768 2360 4822 ita
2391 4784 2520 4825 sane
2563 4771 2615 4825 in
2663 4774 2860 4827 nostris
2891 4773 3168 4832 codicibus
3194 4780 3571 4850 mauuscriptis
3617 4787 3675 4835 et
3717 4781 3887 4837 editis

2285 4862 2675 4918 recentioribus
2720 4865 2881 4933 apud,
2915 4877 3018 4922 etc.
3072 4867 3245 4925 Minus
3289 4879 3468 4926 autem
3498 4871 3637 4927 bene
3680 4872 3733 4927 in
3770 4874 3891 4943 pri-

2283 4957 2387 5010 mis
2430 4957 2753 5014 editionibus
2805 4960 3034 5016 eliciunt.
3075 4963 3333 5032 Apuleius
3377 4981 3607 5037 namque
3656 4977 3893 5024 testatur

2282 5062 2620 5106 communem
2675 5051 2754 5105 sui
2810 5054 3064 5122 temporis
3135 5069 3336 5111 morem
3387 5071 3646 5130 usumque
3683 5059 3888 5128 fuisse,

2282 5148 2341 5193 ut
2383 5141 2522 5210 magi
2575 5152 2770 5211 pueros
2823 5143 2937 5199 sive
2988 5159 3174 5201 servos
3219 5146 3286 5201 ad
3335 5149 3551 5204 oracula
3609 5148 3890 5207 fundentia

2281 5241 2613 5285 assumereut
2637 5274 2650 5296 ,
2684 5233 2772 5302 qui
2818 5234 2888 5288 ab
2923 5233 2986 5289 iis
3017 5236 3270 5292 incantati
3309 5239 3670 5306 corruebant,
3720 5250 3890 5313 atque

2283 5319 2482 5376 idcirco
2507 5323 2847 5379 elidebautur
2869 5326 3046 5398 (Apul.
3095 5329 3314 5401 Apolog.
3352 5346 3392 5397 ι,
3423 5348 3539 5402 pag.
3576 5332 3734 5404 540.)

2355 5412 2554 5469 Eadem
2610 5418 2769 5470 etiam
2816 5417 3003 5474 fraude
3052 5422 3288 5490 somnia,
3348 5424 3421 5477 ait
3468 5421 3883 5495 Tertullianus,

2280 5501 2519 5576 (Tertull.
2549 5505 2674 5560 ibid.
2698 5525 2712 5574 ;
2742 5505 3010 5564 Dissertat.
3033 5512 3087 5565 in
3112 5509 3303 5567 Minut.
3333 5529 3451 5584 cap.
3479 5514 3572 5583 20,
3599 5525 3700 5582 art,
3729 5515 3801 5584 2,
3825 5520 3886 5573 in

2281 5593 2472 5651 Arnob.
2499 5613 2614 5669 cap.
2659 5599 2747 5664 ~18,
2769 5610 2869 5654 art.
2902 5617 2919 5656 ι
2945 5643 2961 5669 ,
2990 5601 3043 5656 in
3066 5600 3307 5658 Lactant.
3339 5621 3453 5676 cap.
3488 5605 3561 5660 32
3581 5648 3597 5672 ,
3624 5617 3727 5662 art.
3769 5608 3804 5663 4
3832 5609 3878 5679 ),

2279 5685 2576 5744 futurorum
2599 5690 2740 5746 haud
2761 5693 2921 5748 dubie
2949 5696 3247 5765 praenuntia
3264 5696 3562 5753 immittunt.
3590 5698 3662 5755 At
3689 5697 3757 5756 de
3778 5697 3886 5756 btt-

2273 5779 2508 5850 jusmodi
2533 5787 2756 5842 somniis
2779 5787 2927 5857 plura
2950 5789 3004 5846 in
3027 5790 3396 5864 superioribus
3418 5793 3617 5849 nostris
3658 5793 3868 5851 disser-

2277 5872 2568 5932 tationibus
2586 5877 2840 5935 diximus.
