4198 6260
324 315 424 374 88f

1470 309 1916 370 DISSERTATIO
1953 310 2016 368 D.
2056 311 2145 368 LE
2182 296 2504 369 NOURRY.

3524 310 3632 370 882

399 431 586 504 Neque
613 430 713 486 soli
743 429 990 486 homines
1023 427 1121 483 hac
1147 437 1264 484 arte
1287 441 1564 499 magorum
1587 427 1700 482 sive
1748 427 1926 497 potius
1951 425 2005 486 Α
2031 425 2224 481 mirum
2253 441 2360 482 non
2413 440 2534 482 esse
2556 468 2572 493 ,
2603 424 2648 480 si
2678 423 2996 481 Tertulliani
3037 434 3276 497 tempore
3328 427 3414 483 vel
3463 435 3625 484 antea

325 525 634 582 daemonum
659 565 676 592 ,
726 522 816 593 qui
844 521 1036 576 horum
1070 521 1373 577 ministerio
1401 520 1756 576 abolebantur
1781 562 1795 586 ,
1829 517 1926 574 sed

325 619 492 676 etiam
519 631 690 686 capra:
708 657 724 683 ,
755 614 929 684 inquit
951 622 1139 668 auctor
1162 620 1346 668 noster
1366 653 1379 678 ,
1405 621 1450 668 et
1480 627 1667 666 mensa:
1697 610 1927 664 divinare

325 717 688 767 consueverunt
711 707 1043 778 (Tertullian.
1069 706 1334 776 Apologet.
1365 722 1482 775 cap.
1504 705 1595 772 ‘22,
1630 721 1748 777 pag.
1773 703 1922 775 404).

323 803 396 860 At
441 816 727 875 qutenam,
771 800 997 855 obsecro
1050 807 1134 865 te,
1188 807 1344 854 erant
1379 797 1479 853 ha:
1525 796 1922 852 mensae?Num

324 895 502 964 sacri,
547 905 606 949 ut
653 892 854 950 ethnici
876 891 1185 963 garriebat-it
1214 933 1228 957 ,
1290 890 1562 959 tripodes,
1609 906 1676 946 ex
1728 890 1923 959 quibus

325 991 515 1047 Pithia:
538 1030 554 1056 ,
578 987 892 1045 sacerdotes
925 986 1186 1057 Apollinis
1212 1025 1228 1048 ,
1276 985 1523 1040 solebant
1567 983 1780 1038 oracula
1826 997 1920 1037 sua

324 1081 590 1138 fundere?
618 1081 775 1136 Certe
797 1079 864 1134 tle
915 1078 1020 1134 illis
1048 1077 1298 1148 Virgilius
1327 1077 1526 1132 cecinit
1557 1075 1776 1147 (Virgil.
1829 1075 1919 1129 lib.

327 1175 395 1240 5,
430 1172 651 1228 Αἰηείά.
684 1188 734 1224 v.
769 1170 896 1240 558)
933 1190 946 1225 :
1329 1159 1335 1165 ’

447 1265 728 1328 Trojugena
754 1265 1006 1328 interpres
1027 1264 1209 1320 divum,
1227 1263 1315 1328 qui
1326 1263 1521 1328 numina
1543 1261 1736 1328 Plitebi,

448 1325 557 1388 Qui
569 1325 784 1391 tripodas
805 1325 950 1377 Clarii
975 1325 1154 1387 lauros,
1177 1325 1263 1387 qui
1279 1325 1442 1374 sidera
1464 1325 1638 1373 sentis.

322 1431 547 1488 Servius
567 1430 832 1502 siquidem
859 1430 911 1484 in
937 1428 1034 1484 hos
1063 1429 1240 1483 Poeta:
1269 1443 1458 1483 versus
1482 1468 1497 1490 ,
1530 1425 1804 1497 Tripodes,
1835 1426 1918 1480 in-

320 1523 472 1595 quit,
501 1537 686 1578 mensa:
705 1521 909 1592 {tierunt
942 1521 994 1574 in
1052 1521 1250 1590 templo
1282 1519 1524 1589 Delphici
1571 1518 1873 1590 Appollinis
1903 1559 1918 1583 ,

321 1616 502 1688 quibus
546 1617 881 1687 superposita:
919 1614 1204 1670 Pluebades
1244 1614 1652 1669 vaticinabantur
1709 1613 1914 1684 (Buten.

322 1711 411 1765 lib.
445 1711 508 1766 de
533 1727 671 1766 orac.
703 1720 750 1763 et
784 1709 977 1764 vatibus
1025 1725 1141 1778 cap.
1178 1709 1239 1763 l7
1266 1749 1280 1774 ,
1310 1717 1354 1761 et
1384 1712 1537 1779 seq.).
1567 1707 1689 1762 Noti
1738 1717 1917 1761 autem

2031 520 2302 574 temerarii
2360 517 2779 591 praestigiatores
2843 519 2985 574 hunc
3033 518 3087 574 in
3165 517 3383 575 modum
3436 519 3624 578 volare

2029 613 2371 668 tentaverint.

2100 705 2267 778 Urget
2293 707 2468 764 adhuc
2498 708 2584 763 ille
2611 723 2795 779 parem
2820 721 2942 764 esse
2970 708 3209 762 furorem
3248 713 3304 760 et
3330 705 3620 760 amentiam

2033 799 2180 854 illius
2203 841 2218 866 ,
2252 801 2338 867 qui
2366 802 2609 872 genitalia
2659 801 2736 855 vel
2764 801 3014 867 lacertas,
3055 807 3215 869 atque
3257 797 3477 854 alterius
3497 838 3510 861 ,
3540 799 3627 868 qui

2027 894 2124 948 sibi
2171 894 2345 963 gulam
2389 903 2617 964 prosecat
2667 892 2997 965 (Tertullian.
3029 892 3295 963 Apologet.
3346 907 3462 962 cap.
3509 890 3622 956 25,

2031 1004 2153 1059 pag.
2194 988 2348 1057 421).
2384 989 2536 1043 Prior
2561 997 2740 1044 autem
2773 999 2886 1043 erat
2933 989 3106 1060 gallus
3134 987 3222 1043 vel
3254 985 3586 1057 Arehigallus
3607 1027 3622 1052 ,

2025 1079 2118 1150 qui
2163 1080 2216 1135 in
2245 1080 2428 1136 Matris
2456 1081 2713 1145 deorum,
2745 1083 2828 1137 vel
2873 1081 3126 1146 Bellona,
3174 1079 3343 1136 sacris
3385 1078 3624 1134 membra

2027 1189 2120 1229 sua
2151 1188 2335 1229 secare
2377 1185 2730 1230 consueverat
2773 1174 3012 1245 (Dissert.
3053 1175 3108 1228 in
3135 1173 3324 1228 Minut.
3370 1189 3489 1242 cap.
3517 1173 3623 1238 20,

2025 1278 2125 1321 art.
2147 1267 2202 1333 2,
2236 1277 2284 1322 et
2304 1267 2521 1323 Dissert.
2547 1270 2598 1321 in
2625 1267 2857 1323 Lactant.
2889 1285 3006 1338 cap.
3040 1268 3110 1323 54
3132 1309 3147 1333 ,
3179 1276 3278 1321 art.
3318 1264 3380 1335 ι).
3411 1267 3486 1322 De
3524 1265 3628 1320 hoc

2027 1369 2202 1414 autem
2233 1359 2533 1428 Arehigallo
2555 1361 2644 1415 ille
2667 1364 2824 1429 paulo
2852 1368 2991 1429 post,
3013 1374 3077 1414 ac
3103 1374 3201 1414 nos
3229 1357 3297 1413 de
3315 1357 3410 1412 illo
3429 1367 3484 1412 et
3501 1357 3624 1412 aliis

2023 1454 2180 1524 gallis
2224 1453 2349 1508 alibi
2393 1454 2758 1523 desseruimus
2789 1471 2801 1507 :
2834 1453 2985 1520 Atqui
3026 1467 3236 1522 compar
3282 1462 3355 1504 est
3380 1491 3394 1515 ,
3428 1449 3619 1519 inquit,

2025 1547 2188 1600 exitus
2227 1547 2452 1617 furoris,
2484 1555 2528 1599 et
2583 1563 2688 1601 una
2714 1547 2846 1598 ratio
2870 1554 2943 1599 est
2990 1544 3330 1614 instigationis
3380 1543 3432 1597 in
3475 1541 3580 1596 illis
3604 1584 3619 1608 ,

2024 1646 2185 1707 atque
2212 1635 2265 1690 in
2291 1651 2357 1691 eo
2378 1676 2393 1702 ,
2426 1636 2514 1706 qui
2538 1636 2634 1691 sibi
2662 1636 2836 1704 gulam
2857 1644 3087 1706 prosecat
3111 1676 3124 1699 ,
3159 1634 3211 1689 id
3233 1642 3352 1696 est.
3385 1648 3444 1688 se
3462 1632 3624 1703 jugu-

2026 1729 2100 1783 lat
2126 1770 2140 1794 ,
2166 1739 2258 1784 aut
2286 1728 2519 1799 gladium
2549 1743 2705 1783 suum
2735 1727 2970 1782 demittit
2992 1727 3043 1780 in
3074 1726 3253 1797 gulam
3284 1724 3615 1796 (Tcrtullian.

318 1812 446 1858 sunt
475 1802 726 1857 omnibus
753 1801 991 1872 tripodes
1021 1801 1131 1866 illi,
1165 1799 1231 1856 de
1257 1800 1450 1870 quibus
1477 1799 1524 1854 si
1571 1799 1723 1870 plura
1778 1799 1918 1854 scire

2029 1820 2197 1892 ibid.).
2225 1821 2284 1876 ln
2314 1821 2513 1877 nostris
2563 1829 2740 1875 autem
2788 1818 3065 1874 codicilms
3117 1817 3497 1886 manuscriptis
3525 1833 3622 1887 pro

319 1910 479 1952 avcas
502 1935 518 1962 ,
550 1894 701 1950 adire
724 1895 925 1965 poteris
948 1893 1304 1964 Bulengerum
1328 1901 1382 1946 et
1402 1893 1575 1947 alios.—

393 1987 774 2045 Verumtamen
807 1988 930 2058 quia
969 1985 1334 2042 Tertullianus
1361 1984 1430 2040 de
1482 1984 1567 2040 his
1589 2025 1603 2050 ,
1637 2000 1758 2056 qua:
1812 1998 1917 2039 non

321 2080 660 2136 sacerdotum
682 2078 1044 2145 ethnicorum,
1064 2077 1161 2133 sed
1183 2092 1459 2148 magorum
1487 2091 1650 2146 opera
1674 2075 1916 2132 efﬁciun-

321 2182 441 2239 tur,
477 2172 548 2226 ibi
597 2185 904 2226 sermonem
948 2169 1161 2225 videtur
1207 2170 1395 2225 fecisse
1420 2211 1434 2236 ,
1471 2170 1516 2224 si
1552 2169 1672 2240 quis
1708 2168 1776 2223 de
1801 2168 1921 2224 aliis

320 2267 522 2323 mensis
550 2266 842 2340 cumioqni
886 2265 1188 2337 probaverit
1217 2305 1231 2330 ,
1281 2262 1330 2318 ei
1361 2263 1500 2317 haud
1553 2277 1695 2332 aigre
1736 2275 1921 2316 assen-

321 2360 540 2422 tiemur.
594 2356 877 2429 Expendat
905 2356 1254 2410 nihilominus
1305 2353 1421 2410 hac
1467 2370 1573 2410 non
1624 2354 1800 2408 minus
1853 2353 1919 2407 ad

322 2452 540 2508 oracula
571 2450 788 2506 deorum
817 2447 1014 2506 referri
1051 2463 1210 2518 posse
1233 2488 1248 2513 ,
1277 2462 1438 2517 quam
1469 2445 1536 2500 ad
1576 2453 1785 2500 notatas
1815 2443 1918 2498 ibi-

322 2543 445 2600 dem
475 2543 543 2599 ab
572 2543 688 2612 ipso
718 2541 891 2598 adhuc
918 2541 1251 2596 'l‘ertulliano
1277 2557 1462 2610 capras
1496 2539 1826 2605 divinantes,
1854 2539 1922 2596 de

321 2635 517 2706 quibus
562 2636 616 2691 in
665 2634 839 2705 primo
870 2636 1169 2703 Apparatus
1218 2632 1386 2687 nostri
1437 2640 1582 2686 tomu
1629 2631 1921 2700 disputavi-

320 2743 440 2785 mus
467 2727 625 2800 (tom.
680 2729 700 2783 Ι
746 2727 1000 2798 Apparat.
1045 2723 1220 2789 lib.l,
1266 2741 1384 2794 cap.
1422 2724 1522 2792 l0,
1555 2741 1674 2796 pag.
1708 2724 1831 2791 772,
1874 2732 1921 2777 et

319 2819 504 2892 seqq.).

397 2912 661 2980 Quoniam
690 2926 823 2967 vero
864 2909 1233 2966 Tertullianus
1281 2907 1350 2965 de
1384 2909 1484 2975 iis,
1515 2923 1635 2979 quae
1691 2908 1827 2962 intra
1869 2914 1924 2962 et

325 3015 474 3062 extra
505 3003 728 3061 deorum
760 3003 957 3073 templa
982 3002 1279 3074 agebantur
1302 3042 1316 3067 ,
1351 3000 1403 3055 in
1434 3003 1535 3056 hoc
1589 2999 1922 3072 Apologetici

322 3098 444 3154 loco
488 3082 758 3169 disputat,
807 3112 904 3152 eos
946 3096 1142 3152 refellit
1170 3137 1184 3158 ,
1217 3097 1308 3166 qui
1359 3094 1688 3165 objiciebant
1734 3094 1923 3150 distin-

2022 1930 2232 1985 compar
2269 1953 2286 1977 ,
2335 1912 2562 1988 habetur
2613 1927 2852 1982 compara
2892 1953 2908 1978 ,
2958 1908 3100 1981 quod
3154 1908 3254 1964 etsi
3305 1916 3620 1977 corruptum

2022 2007 2180 2075 plane
2206 2004 2486 2071 videatur;
2515 2019 2613 2059 suo
2643 2013 2824 2057 tamen
2854 2015 3076 2073 prorsus
3121 2015 3230 2056 non
3259 2007 3412 2055 caret
3439 2013 3620 2054 sensu.

2023 2097 2094 2150 At
2117 2095 2376 2151 Minucius
2397 2095 2546 2150 Felix
2574 2136 2587 2160 ,
2617 2093 3068 2165 quemadmodum
3099 2106 3198 2147 suo
3233 2091 3354 2147 loco
3391 2099 3616 2145 annota-

2023 2188 2236 2253 vimus,
2283 2187 2441 2257 paulo
2483 2186 2679 2253 aliter,
2726 2184 2821 2240 sed
2870 2183 3120 2240 eumdem
3174 2184 3229 2238 in
3280 2181 3442 2238 finem
3488 2182 3624 2237 dixit

2024 2275 2324 2348 (Dissertat.
2350 2278 2404 2332 in
2427 2275 2626 2331 Minue.
2655 2294 2772 2346 cap.
2793 2276 2886 2345 20,
2917 2286 3015 2330 art.
3046 2277 3106 2345 5)
3147 2291 3162 2328 :
3195 2273 3303 2329 Par
3330 2275 3384 2329 in
3411 2275 3515 2329 illis
3543 2275 3624 2329 in-
3654 2309 3664 2314 -

2023 2370 2229 2440 stigatio
2250 2369 2514 2433 dwntonis,
2545 2370 2634 2424 sed
2661 2368 2837 2439 dispar
2862 2377 3219 2440 argumentum
3248 2367 3457 2438 furoris.
3487 2365 3621 2421 Nam

2024 2462 2213 2517 eadem
2239 2471 2323 2517 est
2353 2461 2632 2532 utriusque
2681 2461 2732 2514 in
2781 2459 3029 2515 ethnicos
3057 2458 3451 2529 argumentatio
3471 2497 3487 2525 ,
3519 2472 3620 2528 qua

2023 2555 2236 2610 illorum
2264 2569 2503 2610 errorem
2536 2553 2793 2608 radicitus
2821 2551 3079 2607 evellunt.
3126 2549 3332 2605 Videtis
3362 2550 3554 2604 citatos
3583 2565 3615 2603 a

2024 2646 2179 2700 nobis
2209 2645 2261 2699 in
2289 2645 2382 2698 illa
2421 2644 2799 2699 dissertatione
2827 2640 3105 2696 Ciceronis
3151 2641 3218 2696 de
3246 2639 3612 2703 divinatione,

2025 2745 2080 2792 et
2105 2736 2387 2806 Augustini
2405 2735 2627 2791 totidem
2655 2734 2723 2789 de
2744 2733 3070 2788 divinatione
3096 2731 3404 2786 daemonum
3430 2731 3618 2785 libros.

2099 2827 2176 2884 Ex
2199 2827 2459 2883 hactenus
2488 2841 2649 2896 porro
2679 2825 2962 2895 diSputatis
2987 2824 3107 2894 quis
3137 2838 3243 2878 non
3271 2822 3452 2889 videt,
3482 2822 3620 2878 hanc

2025 2931 2173 2977 recte
2224 2938 2256 2975 a
2287 2920 2619 2976 Ter-tulliano
2669 2919 2789 2974 elici
2826 2917 3268 2974 conclusionem?
3294 2917 3348 2973 Si
3376 2915 3618 2987 malignis

2027 3015 2332 3069 daimonum
2362 3013 2605 3079 artibus,
2639 3011 2894 3077 fallaciis,
2941 3026 3004 3066 ac
3051 3011 3333 3081 praestigiis
3376 3025 3439 3066 ea
3465 3018 3617 3065 extra

2025 3105 2244 3160 solitum
2267 3113 2476 3158 natura:
2501 3103 2744 3160 ordinem
2769 3102 2906 3157 facta
2935 3111 3082 3168 sunt,
3106 3119 3226 3172 qua:
3255 3103 3481 3172 gentiles
3509 3101 3615 3158 diis

319 3189 586 3261 guendam
618 3203 738 3245 esse
763 3188 1004 3244 locorum
1034 3187 1392 3244 differentiam
1416 3228 1433 3254 ,
1461 3201 1524 3242 ac
1552 3187 1655 3242 diis
1682 3201 1744 3241 ea
1795 3195 1914 3240 tan-

2029 3198 2134 3252 suis
2166 3195 2508 3262 tribuebant,
2540 3209 2669 3264 ergo
2699 3193 2818 3248 falsi
2841 3204 2965 3249 sunt
2991 3193 3044 3248 hi
3076 3209 3266 3248 otnnes
3291 3194 3387 3259 dii,
3413 3203 3469 3248 et
3489 3193 3620 3247 falsa

235 3325 238 3328 Α
322 3266 851 3349 tutnadscribeuda,
881 3297 1002 3352 qua:
1026 3282 1079 3335 in
1115 3281 1316 3350 templis
1357 3280 1471 3350 ﬁeri
1497 3279 1740 3334 solebant
1765 3277 1918 3349 (Ter-

323 3375 532 3430 tullian.
580 3375 844 3446 Apologet.
875 3393 992 3446 cap.
1022 3375 1115 3444 9.2,
1149 3391 1270 3447 pag.
1303 3375 1464 3446 407).
1491 3373 1625 3430 Cum
1653 3375 1794 3429 enim
1824 3388 1921 3429 vos

322 3467 562 3535 ethnici,
588 3467 656 3522 ita
685 3468 803 3522 illos
842 3469 1174 3539 compellat,
1228 3467 1345 3522 hinc
1394 3466 1551 3522 nobis
1590 3467 1878 3538 objectatis
1902 3509 1917 3534 ,

324 3559 490 3626 alibi,
522 3559 574 3615 id
598 3567 684 3615 est
712 3598 728 3625 ,
757 3569 901 3614 extra
930 3559 1125 3629 templa
1156 3559 1277 3614 deos
1304 3575 1408 3613 non
1435 3559 1603 3614 dicitis
1632 3557 1843 3631 (Ibid),
1868 3558 1922 3614 id

323 3660 436 3717 est,
479 3667 601 3707 cum
635 3649 871 3706 fatemini
919 3651 1051 3706 deos
1075 3661 1284 3707 vestros
1331 3668 1438 3706 non
1492 3651 1620 3706 alibi
1664 3666 1824 3720 esse,
1867 3660 1923 3707 et

322 3756 484 3816 agere
508 3786 523 3812 ,
555 3760 712 3815 quam
742 3745 795 3798 in
826 3743 1066 3812 templis,
1095 3758 1160 3799 eo
1183 3743 1298 3813 ipso
1319 3742 1496 3799 dicitis
1523 3758 1618 3800 eos
1644 3759 1764 3800 esse
1825 3743 1925 3798 fal-

322 3851 414 3893 sos
439 3837 588 3893 deos.
618 3835 752 3891 Nam
783 3851 942 3893 verus
969 3837 1110 3893 Deus
1133 3838 1330 3909 ubique
1351 3848 1452 3895 est.

398 3931 603 3988 Deinde
628 3945 758 3986 vero
806 3947 909 3984 non
955 3930 1133 3996 aliter,
1195 3931 1397 4002 inquit,
1462 3933 1767 3997 dementire,
1823 3933 1924 3989 hoc

329 4032 414 4079 est
437 4066 452 4090 ,
487 4024 558 4079 uti
588 4025 728 4094 apud
762 4022 1068 4078 Lucretium
1097 4063 1112 4089 ,
1142 4024 1425 4093 Apuleium
1451 4035 1556 4091 ,χοι
1585 4025 1922 4080 Lactantium

325 4117 557 4190 (Lucret.
593 4117 684 4174 lib.
712 4117 776 4172 Ill
803 4159 817 4182 ,
850 4132 902 4170 v.
933 4116 1038 4174 ’596
1063 4158 1076 4180 .
1114 4120 1316 4189 Apulei.
1352 4121 1503 4192 Apol.
1540 4120 1581 4187 1,
1611 4137 1729 4192 pag.
1765 4119 1866 4176 5M
1904 4160 1922 4189 ,

327 4209 562 4266 Lactant.
595 4209 685 4265 lib.
711 4210 778 4266 IV
801 4252 814 4274 ,
853 4211 1010 4264 divin.
1057 4209 1286 4264 lnstitut.
1315 4227 1431 4281 cap.
1479 4212 1568 4279 17,
1625 4229 1746 4283 pag.
1773 4212 1874 4266 Mi
1905 4251 1921 4278 ,

331 4299 634 4356 Tertullian.
677 4303 944 4372 Apologet.
994 4318 1112 4376 cap.
1148 4302 1253 4369 15,
1291 4319 1411 4372 pag.
1463 4303 1596 4374 545)
1644 4303 1878 4358 insanire
1906 4343 1922 4369 ,

328 4397 592 4462 delirare,
623 4413 716 4452 seu
745 4408 896 4451 extra
943 4404 1180 4452 mentem
1231 4396 1383 4450 exire
1409 4437 1421 4460 .
1457 4397 1502 4451 is
1545 4397 1746 4452 videtur
1771 4437 1787 4462 ,
1839 4395 1927 4466 qui

329 4508 502 4547 sacras
529 4493 848 4564 templorum
877 4503 1042 4548 turres
1073 4493 1299 4564 pervolat
1327 4533 1342 4559 ,
1369 4508 1535 4564 quam
1559 4495 1645 4563 qui
1676 4503 1804 4546 tecta
1852 4491 1928 4544 vi-

330 4587 481 4640 cinia.-
506 4589 720 4642 transilit
745 4631 760 4656 ,
790 4589 903 4644 sive
932 4605 996 4644 ex
1019 4589 1212 4644 vicinis
1265 4588 1587 4659 templorum
1632 4587 1789 4642 tectis
1837 4601 1929 4641 vo-
1952 4593 2006 4653 1)

331 4677 494 4735 lamlo
543 4694 662 4737 sese
681 4683 802 4740 .aeri
843 4683 1150 4738 committit.
1176 4683 1368 4737 Parem
1411 4682 1592 4752 itaque
1621 4682 1818 4736 asserit
1841 4681 1930 4737 de-

331 4773 589 4828 mentiam
620 4789 740 4830 esse
770 4776 945 4842 illius,
981 4777 1068 4846 qui
1097 4791 1168 4832 ex
1202 4775 1566 4846 quibuslibet,
1597 4783 1757 4845 atque
1791 4775 1927 4830 alte-

332 4866 447 4922 rius
473 4909 488 4935 ,
521 4869 610 4938 qui
642 4885 706 4923 ex
740 4870 1098 4940 templorum,
1131 4868 1276 4924 falsis
1327 4867 1427 4924 diis
1455 4867 1750 4924 dicatoruni
1773 4909 1788 4934 ,
1821 4876 1930 4922 tur-

333 4959 481 5014 ribus
526 4974 648 5015 sese
682 4960 1068 5032 praecipitando
1092 5003 1105 5028 ,
1154 4976 1252 5033 per
1274 4973 1401 5018 aera
1431 4962 1643 5017 volasse
1673 4958 1928 5031 perhibe-

332 5051 512 5110 batur.
554 5054 869 5126 Perpendas
917 5066 1099 5112 autem
1147 5056 1312 5112 velim
1368 5068 1548 5114 utrum
1603 5058 1710 5126 ibi,
1768 5058 1930 5112 tacito

333 5146 571 5212 nomine,
595 5147 1145 5204 notaveritSimouem
1170 5165 1403 5220 magum,
1425 5152 1576 5220 cujus
1602 5151 1932 5206 mentionem

334 5245 489 5292 antea
521 5236 740 5293 fecerat.
775 5242 840 5293 At
862 5239 1129 5296 Lucianus
1159 5252 1417 5310 praeterea
1441 5242 1732 5298 Philoclem
1762 5243 1933 5297 intro-

336 5328 480 5384 ducit
505 5341 906 5404 asseverantem
941 5347 1000 5388 se
1025 5333 1378 5404 Babylonium
1406 5339 1687 5405 quemdam
1713 5338 1932 5402 vidisse,

336 5426 424 5495 qui
453 5440 548 5494 per
575 5443 701 5483 aera
724 5429 978 5484 volitabat
1007 5429 1248 5500 (Lucian.
1280 5431 1419 5502 diag.
1447 5431 1622 5486 Philo.
1650 5449 1790 5502 pseu.
1813 5450 1935 5504 pag.

337 5517 512 5591 831,).
539 5519 758 5576 Addunt
786 5523 1030 5579 nonnulli
1057 5524 1362 5592 exemplum
1388 5525 1614 5594 Agareni
1643 5525 1938 5596 cujuspiam

333 5613 744 5685 pra-stigiatoris
767 5657 781 5681 ,
839 5615 928 5687 qui
961 5626 1098 5671 teste
1145 5617 1332 5673 Nieeta
1365 5615 1566 5671 Chonia
1581 5627 1630 5672 te
1653 5661 1669 5686 ,
1700 5634 1822 5672 cum
1873 5633 1941 5675 ex

335 5718 545 5760 summa
573 5705 922 5778 Hippodromi
953 5719 1099 5764 turre
1121 5724 1218 5781 per
1238 5725 1415 5765 aerem
1441 5711 1669 5780 volaret,
1701 5726 1940 5782 praeceps

340 5805 490 5852 actus
517 5797 739 5857 interiit.
768 5800 875 5860 Sed
906 5801 1008 5862 hoc
1026 5803 1272 5876 exempto
1298 5803 1491 5864 confici
1528 5813 1729 5864 tantum
1767 5813 1942 5878 potest

2025 3298 2111 3344 est
2129 3287 2440 3342 eorumdem
2463 3286 2739 3356 gentilium
2765 3327 2782 3353 ,
2811 3301 2875 3341 ac
2902 3301 3028 3341 vera
3057 3285 3473 3340 Christianorum
3531 3299 3618 3339 re-

2024 3380 2168 3451 ligio.
2202 3378 2267 3434 lli
2287 3380 2429 3434 enim
2450 3380 2633 3434 colunt
2653 3379 2868 3434 unicum
2895 3389 2950 3434 et
2973 3377 3395 3448 omnipotentem
3424 3376 3616 3445 Deum,

2024 3472 2176 3542 cujus
2229 3471 2341 3526 sola
2389 3479 2690 3542 potestate,
2744 3471 2957 3526 caeteris
3009 3469 3257 3525 omnibus
3295 3467 3623 3539 superiore,

2025 3580 2153 3622 vera
2185 3565 2444 3620 miracula
2477 3563 2590 3620 fieri
2613 3575 2861 3637 possunt.

2598 3699 2892 3740 ARTICULUS
2931 3699 2981 3738 Vl
2994 3724 3006 3739 .

2028 3804 2144 3870 Qua
2169 3802 2367 3856 ratione
2406 3798 2758 3856 Tertullianus
2796 3801 3104 3855 demonstret
3143 3817 3261 3867 eos,
3307 3799 3393 3871 qui
3418 3800 3482 3853 de
3533 3798 3628 3854 de.)

2099 3895 2583 3967 patitestimantur,
2621 3897 2708 3966 qui
2755 3897 2860 3950 aris
2888 3896 3158 3963 inhalatu,
3212 3895 3299 3967 qui
3348 3912 3533 3950 numen
3565 3895 3628 3950 de

2099 3989 2278 4043 nidore
2321 3989 2634 4059 concipiunt,
2665 3988 2914 4043 ructando
2941 3999 3209 4052 conantur,
3235 3989 3507 4058 profantur
3527 4003 3619 4040 an-

2100 4081 2353 4148 helando;
2384 4097 2595 4135 necnon
2621 4082 2864 4151 virginem
2891 4080 3175 4148 Caelestent,
3196 4079 3484 4150 pluviarum
3512 4078 3632 4150 pol-

2100 4174 2442 4239 licitatricein,
2472 4183 2518 4226 et
2542 4171 2907 4243 jEsculapium
2939 4173 3044 4226 alia
3083 4173 3166 4225 dic
3187 4171 3459 4240 Socordio,
3481 4169 3624 4226 ΤΙιεσ

2100 4268 2238 4320 natio
2261 4306 2277 4330 ,
2302 4275 2348 4318 et
2376 4264 2739 4333 Asclepiodoro
2780 4265 2896 4318 vita:
2931 4263 3420 4319 subministratorem
3442 4303 3457 4330 ,
3508 4278 3626 4316 cum

2100 4378 2132 4414 a
2161 4359 2462 4414 Christianis
2489 4358 2862 4427 adjurabantur
2888 4397 2904 4423 ,
2937 4366 3057 4412 tunc
3097 4359 3268 4428 palam
3308 4356 3628 4428 respondisse

2101 4467 2156 4506 se
2180 4468 2281 4505 non
2306 4466 2413 4505 esse
2437 4449 2558 4504 deos
2582 4489 2598 4516 ,
2628 4449 2716 4502 sed
2742 4448 3017 4506 dtentones.

2107 4586 2276 4642 Multo
2315 4601 2445 4641 sane
2497 4586 2709 4656 longius
2758 4584 3096 4656 progreditur
3150 4583 3545 4653 Tertullianus,
3579 4595 3634 4642 et

2041 4689 2361 4752 argumento
2400 4680 2554 4750 longe
2586 4679 2869 4734 cfficaciori
2895 4719 2910 4745 ,
2939 4693 3002 4733 ac
3023 4686 3209 4734 contra
3236 4678 3474 4750 quod'ne
3512 4696 3635 4736 mu-

2037 4775 2138 4829 tire
2164 4773 2378 4845 quidem
2407 4773 2607 4828 ethnici
2635 4772 2936 4838 audebant,
2961 4771 3363 4828 evidentissime
3383 4772 3637 4828 demons-

2036 4869 2343 4925 tratomnia
2373 4867 2465 4922 illa
2521 4866 2774 4921 miracula
2802 4907 2816 4931 ,
2868 4865 3119 4933 oracula,
3151 4875 3205 4921 et
3259 4865 3360 4921 alia
3383 4907 3398 4931 ,
3433 4883 3553 4938 qua:
3581 4867 3636 4921 hi

2035 4980 2201 5036 supra
2231 4965 2373 5021 vires
2396 4965 2656 5018 humanas
2689 4981 2719 5018 a
2736 4962 2839 5018 diis
2855 4962 2968 5018 suis
2987 4971 3106 5017 acta
3123 4977 3243 5018 esse
3267 4960 3638 5027 venditabant,

2041 5059 2110 5113 ab
2139 5056 2270 5128 ipsis
2290 5055 2628 5111 daemonibus
2654 5070 2774 5110 esse
2804 5053 2966 5122 facta,
3002 5069 3065 5110 ac
3092 5053 3314 5125 proinde
3341 5067 3474 5124 quos
3493 5053 3642 5110 dice-

2037 5147 2167 5203 bant
2185 5147 2318 5202 deos
2340 5188 2355 5215 ,
2380 5161 2498 5202 esse
2522 5161 2708 5201 revera
2736 5145 3030 5201 dtcmones.
3059 5144 3244 5215 Neque
3266 5145 3407 5200 enim
3434 5147 3642 5216 privata

2039 5242 2274 5299 hominis
2301 5240 2527 5310 alicujus
2557 5243 2906 5308 auctoritate,
2935 5247 3028 5294 aut
3072 5242 3279 5296 ratione
3304 5237 3415 5292 ullo
3447 5239 3640 5293 huma-

2041 5350 2113 5391 no
2143 5337 2358 5407 ingenio
2398 5337 2697 5407 excogitata
2726 5377 2741 5403 ,
2794 5336 2848 5391 id
2904 5334 3137 5405 probat,
3168 5335 3263 5391 sed
3295 5336 3509 5405 publico
3532 5378 3547 5404 ,
3578 5350 3644 5392 ac

2040 5430 2164 5485 dato
2190 5445 2370 5484 coram
2402 5428 2728 5500 quibuslibet
2755 5428 3046 5503 gentilibus
3093 5428 3446 5501 ipsorummet
3486 5429 3643 5485 testi—

2043 5522 2228 5577 monio
2255 5521 2505 5577 deortnu.

2115 5621 2301 5677 Totius
2323 5631 2502 5678 autem
2556 5623 2718 5694 hujus
2744 5621 3220 5695 argumentationis
3265 5637 3475 5679 summa
3519 5620 3636 5679 haec

2042 5726 2125 5772 est
2155 5713 2484 5789 (Tertullian.
2517 5716 2780 5787 Apologet.
2811 5733 2930 5785 cap.
2973 5714 3062 5783 22,
3098 5733 3219 5788 pag.
3272 5716 3418 5787 405)
3447 5732 3463 5771 :
3493 5713 3639 5782 Quo-

2042 5823 2274 5882 cumque
2330 5810 2725 5882 dtrmone,aut
2767 5808 3042 5882 quibusvis
3092 5807 3428 5871 diemonibus
3479 5807 3646 5876 homo
