4240 6262
564 275 674 333 883

1635 263 1705 322 ΙΝ
1741 262 1785 321 Τ
1787 255 2203 321 ERTULUANI
2228 247 2777 314 ‘~APOLOGETICUM

3762 250 3881 310 εει

566 402 789 462 agatur,
831 390 946 447 sive
973 387 1117 445 malo
1163 398 1354 442 eorum
1413 382 1679 455 agitetur,
1724 379 1944 451 spiritu,
1977 376 2158 446 cujus-
2187 365 2240 439 Δ
2265 381 2346 426 tur
2371 380 2497 428 ante
2522 371 2859 443 ethnicorum
2886 366 3172 425 tribunalia
3194 408 3208 433 ,
3239 367 3426 437 aliquis
3453 380 3518 420 ea:
3541 366 3606 422 iis
3627 408 3643 434 ,
3693 367 3780 437 qui
3809 367 3881 424 de

570 486 705 547 libet
753 483 916 546 etiam
985 478 1223 537 hominis
1289 490 1489 547 corpus
1549 474 1618 531 ab
1668 474 1737 531 iis
1819 470 2165 535 obsideatur,

567 580 730 635 iidem
783 577 1058 632 daemones
1108 571 1177 627 ab
1226 570 1333 627 illis
1372 568 1623 625 omnibus
1676 567 1786 623 sola
1833 563 2168 621 Christiano-

569 686 686 729 rum
716 666 1092 738 adiuratione,
1120 674 1177 720 et
1221 662 1573 730 exorcismis,
1621 670 1713 714 aut
1742 657 1861 714 solo
1904 655 1969 713 ad
1984 664 2125 711 tactu
2147 694 2164 721 ,

568 770 661 819 aut
707 759 836 823 ﬂatu
880 754 1173 817 confestim
1226 752 1587 823 expelluntur.
1635 748 1798 821 Atqui
1867 757 2015 809 tunc,
2072 755 2168 800 ta—

571 850 730 913 metsi
778 849 931 907 inviti
958 888 974 912 ,
1004 852 1108 905 nec
1156 846 1388 909 maxima
1417 843 1535 899 sine
1572 841 1864 912 ignominia
1906 839 2169 910 ejiceren—

565 953 654 1005 tur
677 983 694 1010 ,
723 942 902 1014 palam
932 956 996 996 ac
1045 954 1231 997 coram
1264 937 1516 993 omnibus
1562 933 1795 990 ethnicis
1838 932 2166 1003 cogebantur

562 1036 721 1093 fateri
745 1050 805 1092 se
831 1049 937 1091 non
962 1032 1096 1089 deos
1118 1073 1135 1101 ,
1165 1031 1243 1085 uti
1281 1029 1512 1100 gentiles
1536 1026 1850 1083 etl‘utiebant
1875 1067 1888 1091 ,
1918 1022 2013 1078 sed
2048 1036 2162 1076 mc-

563 1142 656 1183 ros
682 1140 802 1183 esse
828 1125 1105 1187 dmmones
1131 1165 1146 1189 ,
1181 1122 1395 1177 unicum
1418 1134 1547 1175 vero
1576 1132 1697 1173 esse
1746 1117 1912 1171 Deum
1941 1157 1956 1184 ,
2004 1129 2165 1185 quem

565 1217 859 1276 christiana
882 1215 1015 1272 ﬁdes
1044 1214 1173 1270 colit
1198 1224 1251 1269 et
1278 1213 1485 1267 adorat.

636 1311 777 1369 Cum
801 1294 891 1367 res
916 1322 1048 1378 ergo
1065 1308 1134 1361 ita
1160 1307 1252 1372 sit,
1280 1304 1405 1360 inde
1432 1304 1634 1359 Auctor
1656 1309 1841 1358 uoster
1868 1307 2014 1358 recte
2039 1291 2169 1354 con-

569 1402 735 1458 cludit
774 1400 940 1471 (lbid.
971 1401 1070 1455 col.
1103 1398 1235 1470 405)
1273 1416 1286 1453 :
1320 1396 1456 1462 Quid
1495 1396 1593 1451 isto
1631 1411 1781 1467 opere
1810 1393 2168 1465 manifestius?

571 1495 709 1564 Quid
733 1495 830 1550 hac
874 1493 1176 1564 probatione
1204 1489 1451 1561 ﬁdelius?
1498 1488 1817 1557 Simplicitas
1862 1488 2085 1542 veritatis
2114 1487 2168 1543 in

565 1586 733 1642 medio
759 1584 986 1667 est..Aut
1010 1584 1098 1639 illa
1128 1582 1327 1639 etenim
1356 1580 1564 1652 publica
1609 1581 1915 1635 daemonum
1957 1578 2169 1634 confes-

566 1680 649 1735 sio
676 1694 802 1739 vera
833 1686 984 1745 erat,
1018 1685 1110 1731 aut
1131 1675 1265 1739 falsa
1288 1683 1342 1729 et
1368 1672 1623 1731 mendax.
1734 1688 1891 1741 vera,
1933 1674 1999 1727 iis
2045 1687 2167 1742 pro-

2269 468 2364 522 deo
2395 467 2502 536 pati
2528 466 2913 530 existimantur,
2959 463 3045 533 qui
3094 462 3197 517 aris
3238 460 3528 515 inhalantes
3575 476 3761 516 numen
3810 461 3884 526 de

2269 559 2447 615 nidore
2465 558 2757 628 concipiunt
2780 599 2795 624 ,
2833 557 2919 626 qui
2951 554 3200 610 ructando
3238 562 3529 618 conantur,
3582 552 3669 622 qui
3718 553 3881 609 anhe-

2270 652 2425 708 lando
2453 655 2753 724 profantur.
2795 647 2921 720 Ipsa
2948 650 3090 721 virgo
3134 647 3350 702 caelestis
3372 688 3388 711 ,
3418 645 3711 718 pluviarum
3757 647 3883 716 pol-

2275 744 2681 810 licitatrim;iste
2721 743 2831 814 ipse
2879 740 3221 813 Ai‘sculapius
3242 739 3611 794 medicinarum
3660 739 3881 794 demon-

2268 848 2457 895 strator
2482 837 2587 891 alia
2630 837 2711 891 die
2746 836 3004 890 morituris
3051 833 3334 898 Socordio,
3387 841 3437 887 et
3491 831 3742 889 Tltenatio
3769 874 3785 899 ,
3825 842 3881 889 et

2269 929 2624 997 Asclepiodoto
2653 928 2768 983 vita:
2814 926 3227 981 subministrator
3253 965 3270 991 ,
3301 923 3357 978 hi
3400 938 3590 978 omnes
3619 939 3649 978 a
3682 924 3877 980 Chriso

2270 1019 2428 1075 tianis
2465 1019 2693 1090 adjurati
2724 1017 2998 1073 dmmones
3023 1031 3082 1071 se
3106 1030 3228 1073 esse
3257 1014 3405 1070 illico
3434 1013 3860 1071 confitebuntur.

2342 1112 2580 1168 Audisne
2602 1120 2735 1183 quot
2759 1111 2859 1166 ille
2876 1110 3117 1182 proferat
3143 1109 3393 1179 exempla
3419 1149 3435 1174 ,
3468 1125 3595 1187 quae]
3630 1110 3699 1166 ab
3740 1112 3874 1167 eth-

2271 1207 2408 1262 nicis
2435 1221 2535 1263 nec
2577 1205 2763 1277 negari
2821 1219 3058 1275 unquam
3085 1245 3103 1275 ,
3169 1217 3271 1258 nec
3314 1201 3427 1257 ullo
3454 1216 3668 1273 prorsus
3703 1201 3877 1258 modo

2270 1300 2606 1357 dissimulari
2636 1299 2920 1371 poterant?
2951 1297 3057 1355 Sed
3095 1298 3221 1368 quia
3249 1296 3365 1351 huic
3387 1337 3401 1361 ,
3429 1311 3492 1352 ac
3530 1297 3874 1367 potissimum

2271 1396 2566 1463 posteriora
2595 1408 2702 1448 non
2755 1392 2976 1447 minima
3009 1390 3222 1460 quidem
3269 1387 3497 1460 caligine
3545 1403 3877 1460 respergun—
3978 1391 3991 1402 ’

2271 1495 2390 1550 tur,
2417 1502 2533 1541 eam
2562 1502 2661 1556 pro
2687 1486 2824 1540 virili
2859 1494 3009 1555 parte
3039 1495 3225 1539 nostra
3259 1482 3532 1539 discutere
3580 1484 3876 1538 enitamur.

2269 1578 2509 1636 Primum
2553 1578 2735 1649 itaque
2760 1577 3169 1633 observabimus
3220 1576 3285 1629 iis
3306 1616 3320 1641 ,
3355 1591 3477 1645 qua:
3505 1575 3574 1631 ab
3615 1575 3707 1629 illo
3738 1590 3881 1645 prte-

2236 1671 2429 1729 .missa
2457 1681 2580 1727 sunt
2605 1715 2618 1737 ,
2654 1672 2824 1727 lucem
2857 1672 3090 1741 aliquam
3129 1668 3311 1724 atl‘erri
3356 1683 3513 1740 posse
3557 1670 3642 1725 his
3698 1668 3876 1741 Virgi-

564 1773 654 1827 cul
678 1768 844 1831 dubio
872 1767 1201 1833 credendum
1222 1806 1237 1832 ,
1272 1775 1433 1838 atque
1468 1764 1671 1820 ethnici
1702 1764 1949 1823 conﬁteri
1990 1764 2161 1823 debe-
2190 1766 2241 1831 B
2269 1765 2324 1822 lii
2351 1765 2679 1821 carminibus
2710 1763 2924 1837 (Virgil.
2954 1764 3041 1818 lib.
3067 1762 3136 1818 Vl
3157 1760 3373 1817 .Eneid.
3402 1778 3455 1816 ν.
3485 1763 3571 1829 77,
3602 1769 3650 1817 et
3680 1764 3873 1834 seqq.):

567 1863 699 1925 bant
720 1860 887 1921 falsos
934 1875 1057 1927 esse
1098 1859 1233 1916 deos
1252 1873 1421 1926 suos,
1455 1873 1518 1914 ac
1558 1873 1722 1919 unum
1754 1858 2125 1925 tantummodo
2148 1901 2163 1927 ,

568 1969 728 2026 quem
760 1952 1053 2013 Christiani
1105 1960 1463 2017 venerantur,
1488 1965 1611 2006 esse
1655 1965 1841 2006 verum
1891 1950 2077 2006 Deum.
2110 1952 2168 2008 Si

528 2116 539 2125 ν
570 2056 751 2117 autem
782 2047 1052 2109 daemones
1086 2056 1198 2100 tum
1244 2045 1644 2101 mentiebantur
1671 2087 1686 2111 ,
1720 2045 1892 2115 primo
1917 2045 1971 2101 id
2011 2045 2167 2102 l'acile

569 2136 774 2194 nemini
804 2136 1176 2207 persuadebis.
1205 2136 1442 2205 Quilibet
1485 2137 1763 2193 enimvero
1807 2137 1875 2192 ad
1906 2137 2167 2194 honorem

569 2230 892 2304 quandoque
930 2246 1085 2286 suum
1105 2247 1212 2286 non
1243 2241 1421 2287 autem
1440 2230 1505 2284 ad
1527 2231 1761 2288 dedecus
1784 2232 2168 2304 infamiamque

568 2340 720 2381 suam
741 2339 975 2395 unquam
996 2323 1272 2379 mentitur.
1310 2324 1577 2381 Praeterea
1602 2325 1645 2379 si
1670 2324 2093 2394 mentiebantur,
2112 2336 2167 2385 et

569 2414 673 2475 hoc
690 2414 971 2489 mendacio
986 2430 1191 2475 morem
1209 2416 1464 2493 gerebant
1480 2415 1818 2481 Christianis,
1845 2417 1965 2473 inde
1980 2419 2168 2474 certis-

571 2507 710 2564 sime
728 2507 1017 2565 coniicitur
1042 2506 1246 2563 nullam
1294 2522 1417 2564 esse
1442 2549 1457 2575 ,
1486 2522 1647 2578 quam
1679 2508 1880 2563 ethnici
1926 2508 2169 2564 vendita-

574 2600 743 2667 bant,
800 2613 991 2659 eorum
1035 2598 1392 2655 divinitatem.
1429 2598 1598 2655 Verus
1642 2599 1840 2669 quippe
1886 2599 2028 2655 Deus
2069 2614 2169 2656 nec

571 2693 819 2760 mentiri,
870 2707 971 2753 nec
1012 2691 1279 2749 creaturis
1330 2691 1399 2746 ad
1441 2705 1597 2745 suum
1653 2690 1890 2747 dedecus
1946 2690 2168 2761 obsequi

570 2772 768 2855 potest.
802 2781 964 2839 Falsa
1006 2784 1166 2855 igitur
1190 2797 1252 2839 ca
1301 2792 1384 2837 est
1413 2781 1661 2837 divinitas
1684 2823 1699 2851 ,
1726 2796 1846 2851 quae
1872 2780 2071 2851 aliquid
2101 2780 2170 2834 ad

577 2875 793 2929 dedecus
818 2914 834 2942 ,
862 2882 919 2930 ut
942 2875 1019 2930 ait
1039 2876 1240 2931 Auctor
1268 2882 1486 2941 noster,
1538 2873 1665 2942 facit
1706 2873 1906 2927 wmulis
1948 2873 2072 2941 suis,
2116 2871 2168 2939 id

573 2978 690 3038 est,
724 2983 843 3039 qua:
867 2968 937 3024 ad
965 2967 1201 3024 dedecus
1225 2982 1379 3024 suum
1409 2965 1650 3023 hosdbus
1690 2966 1802 3033 suis
1852 2964 2170 3025 Christianis

576 3059 864 3124 mentitur,
890 3059 1065 3131 iisque
1095 3058 1406 3115 mentiendo
1443 3072 1503 3114 se
1530 3057 1747 3129 subjicit
1770 3056 2069 3130 (Dissertat.
2116 3058 2171 3112 in

2394 1880 2458 1927 At
2480 1876 2647 1931 Pluebi
2674 1876 2885 1925 nondum
2911 1880 3102 1939 patiens
3132 1876 3353 1925 immanls
3378 1876 3425 1925 in
3450 1880 3594 1927 antro

2395 1940 2665 2010 Qaccbatur
2690 1946 2845 2010 vates,
2870 1952 3097 2010 magnum
3116 1941 3155 1987 si
3180 1943 3386 2010 pectore
3412 1944 3563 2010 possit

2399 2001 2684 2050 Excussisse
2709 2001 2859 2049 deum
2882 2016 2896 2059 ;
2920 1998 3055 2050 tanto
3077 1998 3229 2060 magis
3251 1998 3337 2048 ille
3361 1998 3529 2062 fatigat

2396 2063 2465 2114 Os
2487 2063 2727 2124 rabidum,
2754 2062 2859 2114 t‘era
2875 2064 3020 2113 corda
3052 2063 3271 2123 domans,
3297 2062 3537 2126 ﬁngitque
3578 2065 3875 2126 premendo.

2269 2167 2329 2224 lu
2384 2168 2614 2239 primum
2670 2177 2847 2223 autem
2899 2181 3117 2222 carmen
3168 2165 3389 2221 Servius
3428 2209 3441 2232 ,
3494 2168 3720 2221 nondum
3764 2184 3866 2236 pa-

2271 2260 2400 2315 tiens
2426 2303 2438 2323 ,
2472 2261 2677 2330 inquit,
2712 2276 2826 2329 quae
2854 2258 3083 2314 nondum
3113 2267 3280 2327 posset
3310 2259 3522 2329 implere
3547 2259 3875 2323 oraculorum

2269 2360 2562 2407 sermones.
2596 2352 2708 2408 Deo
2766 2351 2925 2421 igitur
2982 2350 3188 2419 patiens
3231 2349 3428 2404 dicitur
3455 2351 3657 2417 7vates,
3686 2351 3776 2420 qui
3805 2349 3874 2406 ad

2270 2443 2483 2500 oracula
2554 2441 2821 2498 fundenda
2890 2442 3110 2497 numine
3170 2440 3400 2511 alicujus
3460 2440 3546 2496 dei
3615 2432 3871 2510 amatus,

2269 2537 2445 2593 donec
2480 2551 2542 2591 ea
2567 2550 2634 2590 ex
2664 2545 2880 2605 pectore
2908 2532 3237 2589 excussisset
3263 2575 3277 2600 ,
3307 2533 3624 2599 laborabat,
3652 2543 3873 2605 torque-

2272 2631 2461 2694 batur,
2492 2628 2811 2683 domabatur
2831 2669 2846 2694 ,
2877 2626 3242 2696 premebatur.
3272 2625 3342 2680 Et
3385 2641 3517 2683 vero
3559 2628 3867 2697 hujusmodi

2272 2731 2422 2776 vates
2445 2764 2459 2787 ,
2490 2731 2549 2776 ut
2568 2722 2783 2793 ipsimet
2806 2720 3011 2776 ethnici
3038 2721 3255 2775 aiebant
3279 2763 3295 2785 ,
3326 2720 3545 2776 insolito
3570 2722 3857 2792 repleban-

2274 2826 2357 2871 tur
2381 2815 2580 2871 lurore.

2341 2908 2444 2977 Qui
2470 2918 2600 2964 vero
2644 2907 2840 2964 dehinc
2868 2909 2974 2962 aris
3020 2906 3361 2961 inltalantesa
3407 2906 3735 2961 Tertulliano
3764 2921 3868 2962 vo-
3958 2962 3965 2967 ,

2271 3014 2489 3071 cantur,
2523 3004 2576 3057 hi
2603 3002 2766 3057 dubio
2792 3000 2981 3072 procul
3008 3010 3134 3055 sunt
3161 3000 3315 3054 arioli
3341 3042 3356 3058 .
3381 2999 3448 3054 de
3477 2999 3667 3068 quibus
3698 2999 3875 3054 Dona-

2275 3106 2359 3152 tus
2388 3098 2442 3152 in
2469 3098 2581 3152 suis
2625 3096 2692 3151 ad
2720 3094 3029 3151 Terentium
3071 3092 3532 3149 observationibus
3564 3091 3776 3163 (Donat.
3813 3094 3873 3147 in

575 3152 767 3208 Minut.
829 3150 1007 3213 Octav.
1036 3168 1152 3223 cap.
1183 3148 1275 3216 20,
1308 3161 1409 3205 art.
1450 3151 1505 3218 5,
1538 3160 1586 3205 et
1614 3150 1668 3204 in
1696 3148 1937 3205 Lactant.
1966 3166 2082 3218 cap.
2109 3149 2165 3217 9,

2503 3148 2996 3242 wllgltovrwmio‘n.‘nArcl.
3026 3186 3084 3251 4,
3112 3148 3248 3239 scen.
3280 3185 3332 3251 4,
3383 3199 3433 3239 v.
3482 3148 3601 3253 27‘)
3633 3199 3648 3239 :
3684 3180 3874 3237 Hario-

574 3253 676 3300 art.
728 3243 807 3316 Ξ).
838 3243 1031 3313 Quanti
1062 3257 1226 3315 porro
1255 3243 1326 3298 sit
1354 3242 1567 3299 roboris
1598 3243 1714 3299 huc
1739 3242 2132 3315 argumentatio
2154 3283 2171 3310 ,

575 3337 630 3390 in
659 3335 1031 3406 superioribus
1078 3335 1281 3392 nostris
1319 3334 1790 3391 dissertationibus
1836 3334 2049 3391 abunde
2079 3334 2172 3389 de-

570 3436 931 3504 monstratum
956 3433 1058 3485 est:
1348 3484 1351 3486 .

648 3517 1010 3585 Quamobrem
1038 3517 1171 3572 nihil
1215 3515 1362 3571 aliud
1414 3524 1585 3572 restat
1628 3515 2025 3589 explanandum
2070 3517 2170 3571 nisi

580 3608 723 3679 quod
779 3609 934 3677 paulo
1000 3608 1285 3665 obscurius
1364 3609 1417 3662 in
1475 3610 1728 3665 Auctoris
1787 3611 1958 3665 nostri
2024 3618 2171 3665 textu

578 3702 840 3770 scriptum
866 3703 1122 3767 occurrit.
1158 3701 1416 3756 Ethnicos
1445 3711 1624 3757 autem
1668 3702 1738 3756 ibi
1762 3701 2016 3758 audacter
2044 3719 2172 3772 pro-

572 3799 730 3847 vocat
755 3792 821 3846 ad
843 3792 1002 3862 hujus
1016 3792 1454 3847 Christianorum
1486 3793 1540 3846 in
1569 3792 1846 3847 daemones
1865 3793 2168 3862 potestatis,

573 3895 633 3940 et
656 3884 885 3957 publica:
913 3884 1056 3939 illius
1081 3882 1410 3949 daemonum,
1446 3898 1507 3938 se
1525 3883 1659 3939 deos
1685 3898 1809 3938 esse
1836 3885 2167 3954 negantium,

573 3970 936 4032 conifessionis
967 3974 1262 4046 periculum
1286 3974 1617 4031 iaciendum.
1646 3976 1855 4044 Quanta
1887 3991 2017 4031 vero
2041 3991 2171 4033 oon-

578 4067 800 4125 tideutia
824 4067 875 4123 id
904 4067 1250 4138 pronuntiet,
1280 4081 1347 4121 ex
1379 4066 1480 4122 hac
1508 4066 1626 4136 ejus
1646 4067 1760 4137 ipsa
1792 4068 2171 4137 provocatione

571 4176 866 4234 cognosces
895 4161 1221 4232 (Tertullian.
1258 4162 1526 4233 Apologet.
1574 4165 1674 4217 col.
1706 4161 1797 4229 25,
1831 4179 1950 4233 pag.
1991 4163 2107 4234 24,)
2152 4183 2167 4219 :

575 4250 820 4324 Adjurati
839 4296 854 4322 ,
886 4255 1060 4325 inquit
1085 4295 1099 4320 ,
1127 4270 1160 4307 α
1184 4253 1511 4323 Christianis,
1551 4255 1650 4310 nisi
1678 4272 1732 4310 se
1754 4254 2013 4311 daemones
2049 4273 2172 4311 con-

577 4350 699 4420 fessi
725 4350 948 4420 fuerint,
995 4350 1182 4404 ibidem
1206 4351 1367 4417 ,sive
1407 4365 1477 4405 eo
1518 4351 1636 4420 ipso
1665 4351 1906 4419 inloco,
1950 4361 2006 4407 et
2048 4366 2167 4406 mo-

576 4451 760 4500 mento
783 4484 799 4510 ,
830 4442 973 4497 illius
1000 4442 1269 4497 christiani
1296 4445 1644 4514 procacissimi
1668 4448 1966 4517 sanguinem
1996 4446 2169 4517 {undi-

578 4549 645 4594 te.
672 4537 753 4595 Ne
780 4538 900 4611 quis
924 4547 1103 4594 autem
1132 4536 1377 4594 fraudem
1406 4539 1637 4611 aliquam
1663 4550 1756 4595 aut
1783 4540 1965 4596 dolum
1984 4541 2164 4612 suspi-
2188 4543 2245 4607 Β

573 4640 818 4699 curetur,
849 4629 917 4693 ad
940 4630 1072 4688 illud
1115 4633 1542 4702 experimentum
1596 4647 1700 4688 non
1730 4633 1904 4693 locum
1932 4635 2163 4707 aliquem

578 4724 844 4796 privatum
865 4764 880 4793 ,
929 4731 1026 4779 aut
1052 4723 1281 4780 ethnicis
1308 4734 1617 4796 suspectum
1644 4768 1659 4794 ,
1693 4726 1787 4782 sed
1817 4728 2084 4798 publicum
2112 4737 2168 4793 et

572 4814 682 4871 illis
706 4815 957 4872 omnibus
980 4830 1234 4872 securum
1279 4818 1512 4888 postulat
1542 4816 1755 4891 (Ibid.).
1808 4819 1916 4876 Eos
1966 4824 2166 4894 quippe

565 4907 641 4962 ita
669 4908 953 4978 alloquitur
985 4926 998 4962 :
1033 4907 1229 4962 Edatur
1260 4908 1342 4962 hic
1368 4910 1551 4979 aliquis
1575 4910 1663 4965 sub
1696 4911 2030 4970 tribunalibus
2050 4930 2163 4969 ves-

567 5000 680 5067 tris,
705 5016 853 5072 quem
877 4999 1107 5054 dtemone
1133 5002 1218 5072 agi
1242 5010 1436 5056 constet
1458 5018 1477 5068 ;
1495 5003 1669 5072 jussus
1691 5019 1723 5056 a
1747 5005 1967 5073 quolibet
1992 5005 2169 5061 .Chris-
2194 5070 2207 5075 ,

566 5091 707 5147 tiano
737 5092 876 5163 loqui
913 5091 1128 5162 spiritus
1156 5091 1276 5159 ille,
1309 5103 1413 5145 tam
1449 5091 1730 5148 dwmonem
1757 5111 1811 5149 se
1847 5097 2168 5164 conﬁtebitur

569 5184 634 5236 de
661 5198 776 5238 vero
800 5223 816 5253 ,
840 5198 997 5254 quam
1023 5172 1147 5236 alibi
1177 5180 1341 5237 Deum
1367 5182 1430 5237 de
1457 5183 1610 5254 falso.
1643 5183 1699 5239 In
1727 5187 1925 5242 nostris
1967 5189 2165 5244 codici-

563 5274 668 5331 bus
692 5274 886 5346 legitur
913 5289 1020 5331 non
1042 5274 1194 5328 deum
1222 5274 1459 5347 quidem,
1490 5276 1583 5332 sed
1611 5277 1872 5333 dominum
1898 5319 1915 5348 ,
1946 5295 2055 5339 non
2086 5280 2166 5336 di-

565 5383 725 5426 verso
753 5377 930 5424 tamen
961 5382 1145 5425 sensu.

634 5461 819 5534 Neque
845 5462 946 5519 hoc
971 5478 1077 5519 uno
1104 5471 1310 5519 tantum
1339 5505 1355 5533 ,
1383 5465 1480 5522 sed
1500 5465 1738 5536 quolibet
1768 5466 1873 5522 alio
1918 5467 2159 5539 cujusvis

560 5555 829 5623 hominis,
860 5572 1075 5628 quoquo
1102 5556 1263 5612 modo
1287 5572 1317 5611 a
1357 5558 1604 5616 daemone
1659 5560 1882 5632 agitati,
1935 5563 2157 5632 experi-

558 5655 742 5704 mento
769 5647 821 5703 id
843 5649 1090 5704 similiter
1126 5650 1339 5720 probari
1369 5642 1528 5722 posse
1580 5662 1893 5711 constanter
1932 5671 2149 5712 asseve-

552 5749 655 5794 rat.
685 5741 776 5798 Sic
804 5757 1035 5814 namque
1062 5749 1403 5818 prosequitur
1428 5749 1618 5823 (Ibid.)
1652 5770 1663 5809 :
1693 5750 1869 5824 Eque
1896 5753 2154 5823 produca-

2276 3282 2356 3336 lus
2381 3290 2456 3334 est
2478 3321 2493 3347 ,
2526 3279 2728 3349 inquit,
2761 3279 2847 3348 qui
2879 3278 3052 3332 divina
3100 3286 3266 3331 mente
3294 3276 3595 3330 vaticinatur
3622 3316 3638 3341 ,
3671 3275 3756 3344 qui
3794 3279 3879 3346 fa-
3917 3297 3930 3307 ·

2274 3374 2435 3428 riotus
2457 3390 2490 3427 a
2518 3372 2658 3437 fatis,
2682 3380 2729 3425 et
2755 3389 2787 3425 a
2818 3370 2976 3425 fando
3007 3385 3121 3424 cum
3146 3368 3212 3423 F.
3241 3385 3333 3440 pro
3364 3367 3433 3422 H.
3463 3378 3509 3422 et
3539 3369 3660 3422 item
3687 3366 3758 3420 Η.
3779 3385 3875 3439 pro

2277 3465 2344 3519 Ε.
2368 3467 2422 3520 in
2448 3465 2619 3520 multis
2663 3463 2999 3541 locationibus
3026 3472 3267 3535 ponatur.
3300 3463 3381 3516 An
3422 3461 3560 3541 quod
3610 3462 3877 3515 imitantur

2274 3560 2639 3629 aspirationem
2681 3560 2734 3612 in
2780 3538 3113 3613 exhalantia?
3141 3556 3278 3611 Nam
3304 3558 3471 3610 halitu
3517 3538 3680 3611 solent
3705 3557 3876 3610 exclu-

2275 3654 2394 3708 dere
2431 3651 2696 3707 mortalem
2720 3652 2980 3716 animum,
3014 3661 3068 3704 ut
3097 3651 3319 3704 divinam
3342 3650 3611 3721 recipiant.
3647 3648 3795 3705 Unde
3820 3659 3875 3703 et

2275 3758 2445 3798 vocem
2483 3743 2734 3813 ejusmodi
2763 3741 2953 3795 dabant
2980 3783 2994 3809 ,
3026 3758 3141 3812 quae
3163 3752 3239 3794 est
3268 3740 3366 3794 ΟΕ
3391 3784 3403 3805 ,
3433 3740 3571 3812 quod
3600 3739 3695 3794 ΟΕ
3715 3756 3879 3795 sonus
3900 3798 3925 3803 _

2275 3852 2338 3890 ea:
2377 3835 2587 3889 natandi
2618 3835 2716 3887 vim
2757 3842 2984 3903 prastat.
3020 3831 3228 3886 Rursus
3258 3847 3388 3886 vero
3425 3831 3535 3900 jam
3561 3830 3805 3885 laudatus
3839 3846 3873 3884 a

2275 3928 2430 3982 nobis
2446 3926 2592 3981 Maro
2609 3926 2675 3981 de
2701 3925 2901 3997 Sybilla
2927 3925 3151 3981 canebat
3174 3922 3391 3994 (Virgil.
3417 3923 3507 3979 lib.
3536 3922 3625 3978 Vl.
3655 3921 3879 3978 xEneid.

2290 4018 2549 4091 7.45,).

2396 4132 2612 4182 Ventum
2638 4136 2746 4182 erat
2767 4132 2824 4181 ad
2845 4131 3013 4192 limen,
3037 4142 3145 4179 cum
3168 4130 3305 4191 virgo
3325 4141 3342 4192 :_
3353 4128 3570 4192 Poscere
3595 4126 3689 4192 fata

2396 4195 2630 4257 Tempus.
2657 4196 2725 4245 ait
2744 4208 2757 4243 :
2776 4195 2919 4251 deus,
2935 4189 3055 4243 ecce
3078 4192 3204 4257 deus
3226 4189 3345 4240 {cui
3369 4189 3484 4257 talia
3507 4189 3629 4243 fanti

2396 4252 2536 4309 Ante
2550 4257 2699 4314 fores,
2721 4258 2886 4307 subito
2908 4268 3004 4304 non
3022 4254 3200 4313 vultus,
3229 4266 3325 4302 non
3344 4252 3479 4303 color
3503 4265 3646 4310 unus,

2396 4319 2504 4369 Non
2527 4312 2732 4381 comptae
2755 4331 2981 4367 mansere
3006 4330 3156 4366 coma:
3183 4312 3193 4363 ἑ
3220 4315 3310 4381 sed
3337 4312 3778 4381 pectu_s_auhelum,

2398 4381 2461 4432 Et
2483 4383 2625 4431 rabie
2642 4377 2754 4431 't'era
2770 4381 2915 4431 corda
2936 4386 3143 4437 tument,
3167 4378 3423 4440 majorque
3448 4377 3605 4426 videri

2396 4445 2503 4495 Nec
2522 4443 2729 4497 mortale
2752 4456 2947 4504 sonans,
2975 4440 3130 4493 amata
3157 4449 3235 4491 est
3247 4437 3457 4489 numine
3478 4437 3674 4504 quando

2397 4507 2504 4557 .lam
2528 4507 2755 4571 pr0piore
2780 4505 2880 4555 dei.

2270 4614 2529 4682 Similiter
2552 4614 2714 4670 etiam
2742 4611 2988 4667 Lucanus
3012 4608 3080 4665 de
3111 4608 3324 4664 Cumaea
3353 4606 3553 4679 Sybilla
3578 4648 3595 4673 ,
3627 4619 3749 4677 quze
3781 4619 3880 4659 va-

2269 4706 2478 4763 ticinari
2499 4704 2792 4761 conabatur
2813 4701 3029 4775 (Lucan.
3063 4700 3153 4759 lib.
3180 4700 3245 4768 V,
3278 4716 3330 4755 v.
3358 4699 3450 4767 9t,
3480 4708 3525 4753 et
3550 4697 3716 4770 seqq.)
3750 4716 3763 4751 :

2394 4817 2529 4867 Talis
2552 4818 2597 4867 in
2621 4816 2839 4867 Euboico
2858 4824 2998 4867 vates
3018 4814 3211 4866 Cumaea
3231 4826 3454 4877 recessu,

2394 4880 2648 4942 Indignata
2673 4893 2815 4929 suum
2838 4877 3004 4942 multis
3026 4878 3218 4927 servire
3239 4876 3458 4925 laborem

2397 4937 2657 4996 Geniibus.
2684 4955 2750 4990 ex
2771 4948 2903 4990 tanta
2927 4941 3139 4989 fatorum
3159 4946 3325 4999 strage
3350 4937 3567 5000 superba

2398 5004 2606 5068 Excepit
2629 5002 2848 5068 Romana
2860 5015 3023 5063 manu,
3048 5003 3121 5051 sic
3142 5001 3291 5063 plena
3311 5000 3498 5051 laborat

2395 5064 2694 5116 Phaedomoe
2717 5064 2917 5114 Phoebo.
2988 5102 3001 5113 .
3070 5101 3082 5112 .
3151 5099 3163 5111 .
3241 5099 3253 5111 .
3322 5099 3335 5112 .

2394 5189 2611 5251 Spumea
2633 5197 2749 5240 tunc
2775 5189 2980 5250 primum
3003 5187 3169 5251 rabies
3189 5199 3373 5251 vesana
3398 5197 3489 5249 per
3510 5197 3600 5233 ora

2394 5247 2579 5310 Eilluit,
2601 5259 2653 5301 et
2675 5247 2906 5313 gemitus,
2937 5256 2989 5299 et
3006 5248 3184 5299 anhelo
3209 5247 3338 5313 clara
3364 5247 3529 5297 meatu

2392 5307 2661 5373 Murmura,
2677 5307 2800 5363 tunc
2820 5307 3024 5362 maestus
3046 5312 3194 5361 vastis
3214 5310 3432 5360 ululatus
3454 5312 3502 5358 in
3527 5307 3681 5357 antris
3705 5322 3713 5331 ο

2391 5376 2742 5440 Extremauiue
2763 5383 2938 5425 sonant
2952 5373 3135 5424 domita
3150 5374 3252 5436 jam
3277 5374 3470 5435 virgine
3496 5383 3659 5421 voces.

2260 5481 2620 5550 Quamobrem
2641 5478 2829 5536 Cicero
2856 5477 3043 5548 (Cicer.
3077 5478 3162 5534 lib.
3192 5477 3214 5532 l
3247 5478 3311 5533 de
3359 5476 3532 5532 Divin.
3566 5492 3685 5548 pag.
3727 5471 3876 5541 274,

2261 5574 2356 5629 lin.
2401 5574 2515 5644 35)
2548 5590 2562 5626 :
2591 5572 2754 5628 Credo
2818 5572 3002 5636 etiam,
3052 5569 3265 5641 inquit,
3318 5569 3576 5624 anhelitus
3621 5565 3875 5638 quosdam

2258 5665 2414 5736 fuisse
2433 5674 2683 5719 terrarum
2702 5703 2718 5729 ,
2748 5662 2930 5732 quibus
2960 5663 3163 5733 inﬂatae
3195 5669 3382 5716 metues
3422 5659 3636 5716 oracula
3682 5657 3874 5729 {unde-

2257 5765 2389 5812 rent.
2416 5754 2523 5814 Sed
2542 5754 2610 5813 de
2643 5755 2729 5814 his
2770 5754 2956 5828 plures
2978 5754 3115 5812 alios
3146 5754 3443 5826 scriptores
3486 5750 3774 5809 citavimus
3814 5748 3878 5806 iu
