4240 6262
388 286 497 345 885

1496 256 1948 339 DlSSER'l‘ATlO
1983 273 2049 332 ι).
2089 273 2177 335 LE
2214 272 2517 332 NOURRY.

2353 124 2385 141 δ

3589 266 3698 329 886

360 431 364 436 -
392 411 576 457 nostra
606 398 674 454 de
699 395 919 454 Minucii
949 393 1587 465 Octavio:dissertatione
1610 359 1909 465 (Dissertat.
1934 392 1990 451 in
2012 391 2071 454 Α
2092 391 2229 462 quod
2273 391 2338 449 de
2380 389 2568 461 templo
2617 388 2825 447 domum
2856 395 3089 443 matrona
3143 387 3342 445 doctior
3384 394 3689 457 reportaret.

395 492 589 546 Minut.
616 507 730 562 cap.
767 486 855 559 io,
890 496 989 541 art.
1019 485 1102 557 2).
1162 485 1293 542 \‘ide
1310 494 1512 551 autem,
1537 484 1784 552 obsecro,
1815 492 1994 541 utrum

393 600 457 640 ex
491 582 596 638 illis
617 581 797 652 colligi
830 579 998 651 possit
1042 578 1183 634 hunc
1226 592 1347 634 esse
1388 575 1705 633 Tertulliani
1732 573 1992 631 sensum?

396 674 559 730 Vates
585 683 639 730 et
665 671 817 728 arioli
846 671 1221 749 existimantur
1242 672 1303 723 de
1335 668 1429 733 deo
1451 668 1559 739 pati
1577 708 1592 735 ,
1620 681 1743 729 cum
1793 666 1859 722 ab
1903 665 1994 723 illo

397 767 502 823 acti
523 810 537 831 .
563 776 697 822 testu
717 780 780 820 ac
803 762 986 819 furore
1014 762 1428 833 torquebantur.

375 878 381 887 ’
468 858 568 926 Qui
596 871 724 913 vero
749 857 854 911 aris
894 854 1203 922 inhalantes,
1237 851 1351 909 sive
1372 852 1640 922 snit-antes
1663 891 1677 917 ,
1707 860 1761 905 et
1791 850 1842 926 iu
1871 863 1995 903 aras

396 950 642 1023 Spiritum
674 948 1003 1012 emittentes,
1039 961 1223 1000 numen
1249 986 1264 1013 ,
1295 944 1477 1023 idest,
1518 941 1605 998 dei
1632 941 1861 1013 alicujus
1891 956 1995 994 nn-

372 1053 508 1099 tum
532 1053 586 1099 et
614 1049 934 1113 potestatein
967 1040 1028 1094 de
1054 1039 1233 1093 nidore
1255 1080 1269 1104 ,
1303 1037 1355 1092 id
1402 1045 1505 1105 est,
1548 1035 1718 1091 odore
1765 1033 1995 1090 vietimcc

399 1137 624 1206 alicujus
655 1143 886 1208 perusta:
908 1133 1220 1204 concipiunt.
1250 1129 1455 1185 Deinde
1475 1130 1562 1201 qui
1584 1127 1854 1194 ructando,
1878 1128 1996 1187 sive

400 1238 586 1283 ructus
608 1270 624 1294 ,
656 1225 944 1295 variosque
990 1223 1259 1279 anhelitus
1284 1219 1515 1276 efllaudo
1540 1262 1553 1285 ,
1585 1230 1841 1273 conantur
1867 1218 1991 1285 furi,-

398 1320 529 1378 dere
556 1319 770 1376 oracula
792 1360 807 1385 ,
838 1332 1008 1388 eaque
1047 1323 1323 1378 eructare,
1356 1321 1410 1369 et
1435 1312 1649 1367 mittere
1689 1321 1838 1366 extra
1870 1325 1996 1382 pec~

404 1425 490 1479 tus
527 1429 704 1470 suum.
741 1415 810 1467 At
839 1412 889 1466 in
922 1408 1319 1480 exemplaribus
1345 1406 1546 1462 neSIris
1576 1404 1954 1475 manuscriptis
1977 1446 1992 1471 ,

398 1517 454 1563 et
480 1505 640 1563 editis
667 1502 1059 1570 antiquioribus
1086 1515 1183 1570 pro
1202 1504 1461 1555 conantur
1500 1497 1756 1567 scriptum
1793 1505 1876 1553 est
1903 1513 1997 1550 cu-

398 1607 582 1652 rantur
610 1593 876 1669 (Tertull.,
923 1593 1020 1647 loc.
1054 1591 1189 1663 cit.).
1222 1590 1383 1660 Cujus
1437 1603 1630 1644 sensus
1654 1602 1775 1643 esse
1798 1596 1994 1658 potest,

398 1689 671 1756 ructando,
723 1699 777 1743 et
825 1685 1100 1745 oraculum
1144 1682 1458 1747 omittendo,
1513 1680 1760 1737 feruntur
1813 1680 1998 1749 labore

2094 482 2260 553 (Ibid.
2301 498 2418 553 cap.
2449 480 2541 548 26,
2573 496 2696 554 pag.
2728 478 2840 551 56).
2868 478 3027 534 Plura
3057 476 3231 539 adhuc
3257 477 3326 535 de
3351 493 3415 537 ea
3446 478 3535 534 ille
3584 476 3690 537 ali-

2096 574 2168 629 bi.
2195 574 2302 630 Sed
2329 573 2444 629 lucc
2470 573 2601 629 satis
2631 585 2899 643 superque
2917 570 3144 640 probant
3169 569 3312 640 apud
3343 569 3504 625 Afros
3522 569 3693 626 fuisse

2098 666 2353 737 templum
2394 665 2616 736 virginis
2646 662 2891 727 thlestis
2910 704 2927 731 ,
2959 678 3080 734 qua:
3127 676 3237 718 non
3264 661 3441 719 solum
3473 662 3541 717 ab
3586 663 3690 718 illis

2096 759 2405 824 colebatur,
2433 756 2531 819 sed
2559 750 2680 828 quae
2708 756 2964 819 siccitatis
3001 764 3246 827 tempore
3275 754 3344 810 ab
3371 752 3559 810 iisdem
3609 755 3693 812 in-

2097 858 2319 918 vocata,
2368 849 2577 921 pluvias
2606 847 2994 921 pollicebatur,
3035 860 3271 917 moxque
3318 844 3524 911 futuras
3551 845 3693 916 prais-

2097 943 2329 1000 dicebat.
2359 942 2440 998 Ab
2475 941 2704 997 aliorum
2732 950 2915 996 autem
2961 939 3306 1012 Opinionibus
3334 939 3483 1004 lucc,
3530 953 3692 1010 quam

2097 1037 2486 1109 proponimus,
2518 1052 2624 1092 non
2678 1034 2813 1090 adeo
2858 1034 3044 1091 dissita
3093 1041 3206 1102 est,
3234 1033 3364 1104 quin
3409 1031 3543 1103 ipsis
3584 1046 3697 1089 non

2100 1130 2269 1201 possit
2294 1128 2655 1187 reconciliari.
2687 1126 2821 1187 Nam
2852 1127 2952 1183 dea
2984 1126 3074 1181 illa
3128 1142 3225 1197 pro
3246 1125 3486 1195 locorum
3512 1125 3698 1181 diver-

2099 1226 2257 1282 sitate
2285 1226 2518 1282 diversis
2542 1223 2837 1280 vocabatur
2864 1222 3192 1281 nominibus.
3224 1219 3439 1277 Testem
3467 1219 3511 1274 si
3553 1220 3700 1274 desi-

2099 1318 2292 1383 deres,
2322 1332 2450 1372 ecce
2491 1315 2833 1371 Ambrosium
2866 1314 2919 1368 id
2972 1322 3301 1368 asscrentem
3337 1329 3350 1365 :
3391 1311 3560 1376 Quam
3585 1311 3699 1367 Cte-

2100 1409 2294 1475 lestem,
2317 1408 2507 1478 inquit,
2542 1406 2678 1477 Afri,
2703 1404 2951 1459 Mithram
2969 1402 3417 1473 Perstebplerique
3453 1399 3697 1456 Venerem

2099 1499 2292 1568 colunt,
2325 1516 2417 1569 pro
2443 1498 2732 1554 diversitate
2759 1496 2997 1561 nominis,
3031 1512 3135 1551 non
3156 1512 3249 1566 pro
3288 1494 3511 1550 numinis
3530 1494 3696 1553 varic-

2099 1602 2200 1648 tate
2218 1593 2472 1658 (Ambros.
2495 1591 2665 1660 Epist.
2695 1590 2782 1656 l8,
2806 1589 2923 1644 adv.
2958 1588 3283 1659 Symmaclt.,
3310 1586 3450 1659 §30,
3470 1603 3524 1657 p.
3544 1584 3696 1655 840).

2173 1684 2384 1739 Transit
2431 1681 2560 1739 inde
2603 1689 2789 1735 auctor
2826 1679 2894 1735 ad
2937 1676 3304 1749 {Eseulapium
3331 1720 3347 1744 ,
3380 1677 3469 1747 qui
3522 1675 3591 1735 ab
3630 1691 3698 1732 eo

395 1797 497 1837 suo
523 1791 575 1836 et
605 1779 845 1835 cruciatu
874 1776 1087 1831 liberari
1118 1790 1180 1830 ac
1203 1773 1399 1829 curari.
1436 1771 1541 1837 Sed
1575 1772 1751 1843 potior
1781 1771 1994 1827 videtur
2022 1784 2070 1851 Β
2100 1786 2319 1835 vocem
2349 1775 2719 1833 medicinarum
2743 1772 3118 1829 demonstrator
3134 1788 3154 1836 ;
3181 1778 3236 1826 ει
3259 1769 3386 1826 alibi
3406 1810 3422 1836 ,
3448 1770 3535 1839 qui
3587 1769 3699 1838 ργε-

395 1876 563 1930 altera
606 1871 785 1927 lectio.
820 1869 897 1924 De
924 1869 1007 1923 his
1033 1866 1177 1923 enim
1205 1864 1382 1920 adhuc
1420 1864 1571 1920 tortis
1603 1874 1657 1919 et
1698 1863 1991 1919 laboranti—

396 1967 497 2022 bus
524 1973 712 2020 auctor
744 1972 928 2017 noster
966 1958 1110 2031 loqui
1140 1957 1370 2023 videtur,
1405 1955 1495 2027 qui
1524 1954 1864 2010 continenter
1898 1953 1995 2008 ad-

394 2060 523 2131 jecit
566 2076 578 2112 :
630 2056 730 2123 Qui
759 2052 1051 2110 anhelando
1090 2054 1365 2123 profautur
1408 2046 1611 2120 (Ibid);
1643 2046 1995 2116 manuscripti

400 2163 454 2209 et
482 2153 571 2208 alii
599 2162 722 2206 ante
742 2148 960 2220 Rigaltii
993 2156 1203 2217 tempus
1233 2143 1361 2199 editi
1387 2147 1696 2219 praefantur,
1725 2140 1821 2196 sed
1853 2139 1996 2196 haud

401 2247 626 2300 multum
668 2240 899 2295 absimili
950 2238 1272 2309 signiﬁcatu.
1306 2235 1394 2314 Ait
1420 2234 1563 2289 enim
1612 2245 1722 2287 tum
1751 2248 1818 2288 ex
1847 2231 1953 2287 illis
1977 2272 1992 2299 ,

401 2338 536 2393 sicut
562 2351 629 2392 ex
652 2334 875 2406 Virgilio
917 2342 970 2387 et
1019 2330 1140 2386 aliis
1185 2327 1524 2394 audivimus,
1572 2327 1752 2382 ex’cuti
1808 2325 1993 2393 deum,

405 2442 605 2498 eosque
632 2426 715 2481 dei
745 2423 975 2494 alicujus
1001 2421 1259 2478 instinctu
1278 2418 1511 2484 fundere
1539 2417 1775 2472 oracula.
1808 2418 1880 2471 At
1906 2415 1998 2472 ille

405 2520 522 2575 ba-c
566 2518 740 2572 omnia
774 2531 879 2571 non
912 2515 1021 2569 veri
1053 2513 1146 2568 Dei
1174 2526 1334 2582 opera
1354 2551 1368 2578 ,
1399 2508 1493 2565 sed
1516 2506 1794 2563 fallacibus
1814 2547 1829 2575 ,
1859 2506 1999 2562 sicut

403 2612 602 2669 dictum
633 2618 716 2665 est
742 2650 755 2674 ,
788 2607 1092 2662 daemonum
1124 2601 1410 2676 praestigiis
1453 2600 1568 2655 fieri
1595 2599 1996 2654 cvideutissime

403 2706 756 2762 demonstrat.
791 2699 1109 2756 Tunc‘enim
1137 2713 1168 2752 a
1194 2694 1516 2752 Christianis
1543 2692 1797 2765 adjurati,
1822 2693 1889 2747 ad
1919 2691 1997 2748 fa-

404 2796 621 2852 tendum
653 2810 712 2850 se
753 2791 1031 2848 daemones
1061 2803 1180 2845 esse
1209 2784 1696 2859 compellebantur,
1728 2793 1788 2852 ut
1810 2793 1997 2856 postea

403 2889 579 2946 adhuc
598 2887 859 2944 dicemus.

482 2981 765 3053 Erplieatu
796 2991 925 3033 vero
946 2977 1102 3046 longe
1130 2970 1431 3029 difliciliora
1462 2978 1605 3037 sunt,
1633 2984 1752 3039 quae
1773 2966 1856 3022 his
1882 2967 2001 3025 sub-

401 3075 675 3148 jiciuntur.
730 3070 861 3139 Quis
904 3066 1048 3123 enim
1093 3064 1251 3121 facile
1280 3062 1478 3118 dixerit
1518 3076 1763 3132 quaenam
1811 3057 1902 3113 illa
1932 3059 2002 3113 sit

2100 1886 2209 1926 mas
2236 1869 2458 1925 medelas
2488 1865 2827 1939 exploraverit
2878 1862 3203 1932 (Tertullian.
3256 1860 3523 1932 Apologet.
3576 1875 3696 1929 cap.

2098 1964 2190 2031 25,
2223 1979 2344 2035 pag.
2376 1961 2503 2026 41.9,
2531 1968 2579 2015 et
2604 1960 2693 2017 lib.
2728 1956 2792 2012 de
2843 1972 3018 2021 coron.
3059 1971 3177 2026 cap.
3224 1953 3283 2021 8,
3338 1962 3460 2007 tam.
3514 1951 3535 2009 1
3586 1951 3697 2019 Ap-

2100 2063 2266 2127 parat.
2313 2070 2433 2125 pag.
2482 2050 2623 2109 1192
2650 2049 2691 2122 ).
2744 2048 2854 2105 Nos
2895 2062 3026 2104 vero
3071 2047 3125 2102 in
3180 2043 3549 2116 superioribus
3590 2057 3698 2111 po-

2098 2148 2227 2204 stris
2254 2143 2724 2205 dissertationibus
2749 2140 3085 2201 ostendimus
3128 2153 3233 2210 qua
3264 2138 3474 2197 ratione
3498 2134 3700 2195 ethnici

2100 2240 2382 2301 medicina:
2428 2238 2797 2297 inventionem
2846 2234 2926 2290 illi
2978 2232 3375 2291 adscribebant.
3440 2229 3548 2295 Sed
3592 2244 3731 2299 quo~

2098 2336 2152 2395 id
2183 2334 2383 2393 clarius
2405 2374 2419 2398 ,
2449 2347 2517 2389 eo
2538 2345 2670 2389 sane
2691 2328 2951 2400 majorem
2982 2324 3365 2396 subsequentia
3391 2323 3511 2394 ejus
3529 2321 3695 2381 uerba

2100 2426 2305 2483 habent
2331 2423 2712 2487 obscuritatem
2732 2441 2748 2477 τ
2767 2420 2882 2475 Alia
2903 2419 3005 2485 die,
3028 2417 3120 2482 ait,
3147 2415 3405 2471 morituris
3423 2413 3694 2483 Socordio,

2099 2529 2147 2577 et
2164 2517 2432 2581 Tltenatio,
2456 2524 2502 2572 et
2531 2512 2883 2584 Asclepiodoto
2910 2512 3025 2567 vita:
3047 2509 3455 2564 subministrator
3472 2505 3702 2577 (Tertul-

2100 2613 2228 2669 lian.
2263 2611 2529 2682 Apologet.
2561 2624 2677 2679 cap.
2712 2606 2816 2673 2⁸5,
2845 2605 2944 2659 col.
2972 2604 3043 2659 9.4
3075 2607 3115 2674 ).
3143 2602 3334 2657 Mirum
3365 2600 3508 2657 enim
3527 2614 3696 2669 quan—

2104 2715 2215 2761 tum
2244 2702 2362 2758 haec
2389 2700 2721 2758 eruditorum
2748 2695 3025 2763 hominum
3073 2694 3282 2763 ingenia
3332 2690 3696 2751 exercuerim.

2101 2798 2172 2855 At
2196 2804 2346 2853 certe
2370 2801 2656 2864 corruptus
2685 2801 2768 2847 cst
2788 2789 2879 2845 hic
2898 2788 3071 2844 locus.
3100 2784 3232 2841 Nam
3260 2784 3314 2839 iu
3354 2782 3556 2838 nostris
3597 2796 3697 2837 co-

2103 2888 2311 2953 dicibus
2362 2901 2526 2943 manu
2555 2893 2605 2940 et
2659 2879 2987 2951 antiquiori,
3038 2885 3092 2934 et
3139 2874 3423 2933 recentiori
3463 2875 3697 2931 exaratis

2103 2980 2332 3037 habetur
2362 2996 2372 3031 :
2406 2976 2523 3039 Alia
2552 2974 2635 3028 die
2658 2972 2917 3034 morituris
2947 2969 3055 3042 (vel
3085 2968 3192 3023 alia
3218 2966 3565 3035 demorituris)
3593 2964 3698 3023 So-

2106 3071 2283 3128 cordio
2306 3112 2322 3136 ,
2349 3079 2395 3124 ct
2420 3067 2643 3122 Deuatio
2665 3107 2679 3130 ,
2710 3074 2756 3119 et
2788 3061 3146 3132 Asclepiodoto
3175 3058 3607 3117 subministratur.
3639 3057 3698 3113 In

406 3170 547 3242 virgo
599 3165 817 3223 ctelestis
861 3178 980 3234 qua:
1033 3159 1103 3215 ab
1180 3159 1275 3213 illo
1330 3156 1616 3230 pluviarum
1670 3151 2001 3225 pollicitatrix

2116 3162 2439 3227 editionibus
2465 3158 2698 3229 Rigaltio
2727 3153 3111 3213 vetustioribus
3140 3170 3155 3206 :
3188 3151 3333 3207 Alias
3381 3149 3704 3206 demorituris

408 3260 703 3333 appellatur
730 3253 963 3329 (Ibid)?
986 3251 1237 3309 Nonnulli
1267 3249 1527 3321 siquidem
1550 3246 1690 3302 hanc
1710 3244 1998 3311 lunonem,

411 3356 501 3411 alii
534 3354 846 3417 Fortunam,
873 3350 965 3405 alii
987 3350 1257 3412 Cererem,
1284 3344 1373 3400 alii
1404 3343 1682 3408 Uraniam,
1710 3340 1800 3395 alii
1830 3338 2005 3394 Vene-

412 3463 531 3505 rem
557 3460 679 3502 esse
705 3444 1013 3501 existimant
1033 3481 1050 3509 ,
1073 3440 1197 3512 quia
1227 3438 1452 3494 Veneris
1483 3434 1718 3502 Urania,
1746 3432 1864 3488 sive
1891 3431 2003 3488 Cte-

414 3540 575 3606 lestis,
609 3537 829 3607 ejusque
858 3533 1048 3604 templi
1085 3531 1417 3587 mentionem
1448 3525 1771 3592 Herodotus,
1802 3524 2005 3581 Pausa-

413 3634 532 3693 nias
552 3674 567 3700 ,
598 3642 651 3690 et
678 3630 955 3689 Lucianus
987 3628 1229 3685 fecerunt
1259 3624 1564 3699 (Herodot.,
1606 3622 1695 3677 lib.
1729 3622 1769 3689 Ι,
1796 3620 1826 3692 §
1864 3620 1927 3675 51
1959 3626 2006 3673 et

414 3725 518 3783 105
546 3740 562 3787 ς
591 3723 850 3789 Pansam,
878 3722 966 3776 lib.
1018 3719 1072 3785 Ι,
1104 3736 1225 3791 pag.
1265 3715 1335 3772 M
1381 3725 1429 3771 et
1474 3715 1571 3781 l7;
1603 3712 1846 3778 Lucian.,
1874 3710 2000 3763 dial.

412 3820 544 3875 Mat.
576 3826 622 3872 et
648 3832 868 3882 niusar.,
903 3830 1021 3887 pag.
1050 3812 1201 3885 975).
1234 3808 1403 3866 Nobis
1428 3816 1606 3864 autem
1637 3804 1848 3861 [acilius
1874 3817 2006 3873 pro-

410 3911 627 3970 babitur
670 3909 741 3963 ibi
773 3922 803 3962 a
833 3905 1165 3965 Tertulliano
1193 3901 1463 3973 designari
1505 3897 1771 3970 propriam
1794 3910 1860 3951 ac
1881 3910 2005 3951 mu-

415 4006 699 4079 nicipalem
725 4004 923 4063 Africa:
954 4003 1131 4070 deam,
1177 4015 1335 4070 quam
1378 3997 1535 4069 paulo
1574 4004 1694 4069 post
1716 3994 1785 4063 ⁸ἱι]
1825 3993 2007 4049 Africa

415 4100 520 4157 coli
588 4100 905 4156 testiﬁcatur
954 4094 1306 4169 (Tertullian.
1360 4091 1672 4163 Apologet.,
1731 4103 1849 4157 cap.
1903 4086 2004 4153 24,

415 4196 516 4251 col.
554 4194 712 4265 M6).
741 4191 1070 4263 Augustinus
1097 4189 1144 4245 si
1174 4187 1390 4258 quidem
1424 4186 1572 4240 testis
1600 4182 1786 4253 utique
1822 4180 2008 4236 ocula-

419 4300 505 4347 tus
526 4331 540 4356 ,
568 4289 634 4344 de
657 4288 746 4342 illa
779 4286 879 4343 dea
918 4283 1035 4339 haec
1058 4280 1337 4353 memoriae
1368 4276 1604 4350 prodidit
1630 4293 1644 4329 :
1677 4272 2012 4330 Veniebamus

418 4401 513 4441 nos
557 4381 837 4453 aliquando
873 4378 1214 4434 adolescentes
1252 4375 1319 4429 ad
1359 4370 1648 4444 spectacula
1693 4367 2014 4435 ludibriaque

419 4476 800 4546 sacrilegorum.
818 4471 1188 4541 Spectabanuts
1203 4464 1510 4537 arreptitios,
1532 4462 1863 4519 audiebamus
1878 4472 2014 4529 synt-

2106 3252 2345 3312 Socordii
2390 3261 2435 3308 et
2480 3249 2687 3305 Denatii
2760 3258 2807 3302 et
2873 3243 3219 3313 Asclepiodoti
3272 3240 3703 3299 subministrator.

2105 3347 2396 3419 (Dissertat.
2424 3345 2477 3397 iu
2498 3340 2689 3396 Arnob.
2716 3357 2831 3411 cap.
2855 3337 2910 3405 9,
2943 3345 3046 3393 art.
3069 3336 3127 3405 2,
3157 3344 3205 3391 et
3234 3336 3287 3390 in
3313 3333 3549 3389 Lactant.
3578 3350 3696 3403 cap.

2111 3439 2200 3505 50,
2260 3446 2357 3492 art.
2389 3437 2443 3505 5)
2475 3434 2606 3504 Quis
2635 3442 2949 3488 autemnon
3001 3429 3148 3484 videt
3176 3427 3277 3483 has
3325 3427 3567 3483 diversas
3594 3426 3706 3487 lcc-
3810 3454 3819 3464 ι

2108 3531 2281 3587 tiones
2305 3542 2504 3600 angere
2535 3525 2712 3596 petius
2737 3538 2894 3594 quam
2929 3521 3120 3581 tollere
3144 3520 3518 3577 difficultatem
3538 3518 3561 3570 Ἰ

2180 3620 2408 3689 Quidam
2454 3630 2630 3673 tamen
2682 3615 3029 3686 suspicantur
3080 3611 3183 3671 bas
3213 3612 3533 3682 Agyrtaruui
3561 3649 3577 3675 ,
3607 3623 3707 3666 seu

2108 3713 2555 3787 praestigiatorum
2577 3752 2592 3777 ,
2615 3708 2706 3780 qui
2728 3707 3017 3777 Eseulapio
3045 3719 3105 3759 se
3127 3703 3434 3763 ministrare
3484 3702 3710 3756 mentie-

2109 3808 2337 3872 bantur,
2366 3800 2487 3862 es’se
2507 3816 2690 3869 voces,
2720 3815 2855 3872 quas
2888 3808 3069 3854 tacere
3093 3796 3266 3852 satius
3293 3794 3523 3863 ducunt,
3548 3809 3710 3864 quam

2110 3902 2163 3957 in
2212 3902 2276 3955 iis
2324 3894 2657 3970 explicandis
2702 3894 2815 3948 risu
2843 3891 3066 3963 dignam
3118 3897 3175 3946 et
3196 3879 3443 3947 inutilem
3476 3885 3707 3958 perdere

2110 4007 2350 4065 operam.
2384 3990 2486 4046 Alii
2518 3995 2739 4044 censent
2763 3985 2984 4041 nomina
3014 3982 3178 4038 trium
3226 3995 3351 4037 esse
3379 3981 3657 4038 hominum
3687 4019 3705 4047 .

2111 4087 2305 4161 quibus
2329 4081 2677 4153 [Escnlapius
2712 4079 2835 4134 vita:
2863 4075 3193 4133 curriculum
3222 4074 3382 4144 paulo
3426 4082 3552 4130 ante
3580 4087 3709 4142 pro-

2113 4178 2333 4234 duxisse
2373 4174 2661 4231 ferebatur.
2717 4170 2823 4228 Sed
2865 4170 2979 4224 haec
3026 4167 3210 4237 aliqua
3253 4165 3448 4221 saltem
3500 4165 3711 4225 ratione

2113 4267 2425 4326 conﬁrmari
2469 4263 2757 4321 debebant.
2806 4260 2910 4316 Alii
2941 4272 3104 4329 porro
3157 4256 3450 4327 opinantur
3477 4256 3576 4313 tria
3618 4255 3715 4319 illa

2114 4377 2237 4419 esse
2263 4358 2479 4415 nomina
2506 4355 2836 4418 herbarum,
2877 4351 3071 4422 quibus
3098 4350 3271 4409 morbi
3317 4351 3513 4421 depelli
3560 4360 3715 4420 pote-

2115 4462 2258 4509 rant.
2290 4451 2493 4506 Plinius
2518 4448 2663 4504 enim
2707 4445 2845 4501 inter
2871 4443 3015 4498 varia
3043 4441 3281 4497 antidoto
3311 4447 3557 4496 recenset
3578 4455 3720 4497 scor-

424 4530 739 4639 phoniaacos;
770 4530 902 4620 ludis
930 4563 1241 4635 turpissimis
1265 4600 1279 4624 ,
1302 4530 1390 4631 qui
1418 4557 1517 4613 diis
1558 4553 1845 4622 deabusque
1872 4550 2015 4606 exhi-
2037 4564 2093 4627 Β
2117 4548 2261 4603 datin
2286 4587 2301 4612 ,
2322 4544 2396 4605 uti
2426 4544 2517 4600 ille
2540 4541 2655 4608 ait,
2678 4538 2791 4595 sive
2817 4536 3053 4639 scordion
3099 4532 3349 4605 (Plinius,
3403 4532 3493 4586 lib.
3532 4530 3594 4597 ll,
3627 4550 3721 4587 nep

426 4621 690 4725 bebantur,
718 4621 1109 4720 oblectabantur,
1140 4621 1339 4708 Cwlest'i
1367 4646 1544 4719 virgini
1582 4654 1629 4702 et
1671 4621 2097 4714 Berecyntltiazw,
2123 4651 2224 4696 tur.
2257 4638 2377 4694 hist.
2400 4653 2515 4708 cap.
2549 4634 2603 4702 6,
2633 4649 2754 4705 pag.
2779 4625 2953 4700 595,).
3008 4626 3149 4682 Alibi
3187 4638 3317 4679 vero
3369 4621 3556 4679 scribit
3581 4621 3722 4678 hanc

378 4752 576 4807 -matri
619 4751 847 4807 cautium
892 4748 1194 4822 (August.,
1242 4743 1332 4799 lib.
1384 4741 1429 4797 II
1472 4741 1536 4794 de
1577 4738 1739 4803 civit.,
1762 4753 1895 4807 ,cap.
1938 4735 1973 4791 4
1999 4775 2015 4801 ,

424 4863 546 4918 pag.
585 4847 656 4907 54
676 4844 718 4917 ).
750 4845 955 4900 Rursus
978 4853 1157 4898 autem
1190 4847 1374 4911 postea
1405 4856 1419 4890 :
1456 4834 1556 4891 Ubi
1595 4843 1645 4889 et
1683 4829 1886 4903 quando
1928 4844 2011 4885 so-

425 4940 555 4994 crati
582 4937 814 4995 Cat-Iustis
851 4937 1124 4993 audiebant
1169 4934 1415 4989 castitatis
1455 4937 1709 5002 pracepta
1747 4925 2020 4982 nescimus.

420 5033 553 5090 Ante
575 5034 744 5097 ipsum
765 5043 934 5087 tamen
954 5031 1242 5095 delubrum,
1266 5026 1351 5082 ubi
1372 5025 1704 5080 simulacrum
1731 5020 1864 5075 illud
1894 5019 2026 5073 loca-

422 5136 534 5183 tum
576 5126 1013 5197 conspiciebamus
1032 5164 1047 5190 ,
1096 5121 1316 5177 universi
1345 5120 1569 5190 undique
1592 5115 1904 5185 conﬂuentes
1929 5154 1945 5179 ,
1975 5122 2025 5168 et

424 5221 512 5277 ubi
539 5221 753 5292 quisque
779 5228 977 5289 poterat
1022 5225 1209 5272 stantes
1236 5256 1250 5281 ,
1284 5214 1432 5268 ludos
1477 5212 1565 5283 qui
1602 5209 1916 5283 agebantur,
1945 5206 2025 5261 in-

422 5314 696 5370 tentiss‘mi
715 5312 1091 5385 spectabantus,
1119 5309 1372 5363 intuentes
1392 5345 1409 5373 ,
1434 5306 1718 5360 alternante
1747 5305 2020 5370 conspectu

424 5407 547 5462 hinc
573 5406 912 5463 meretriciam
932 5419 1213 5475 pompam,
1240 5399 1384 5455 illinc
1426 5396 1670 5469 uirginem
1699 5393 1848 5447 deam
1878 5390 2023 5445 illam

428 5501 730 5573 suppliciter
751 5498 961 5554 adorari
985 5539 1001 5565 ,
1050 5506 1168 5550 ante
1194 5494 1340 5549 illam
1368 5491 1541 5558 turpia
1584 5486 1833 5556 celebrari
1862 5500 1883 5538 :
1923 5499 2026 5537 non

426 5595 500 5653 ibi
521 5594 844 5667 pudibuudos
869 5593 1049 5647 mimos
1072 5632 1087 5656 ,
1119 5588 1317 5644 nullam
1374 5581 1778 5640 verecundiorem
1824 5593 2027 5635 scenam

427 5688 689 5753 uidimus;
718 5694 900 5742 cuncta
927 5681 1267 5741 obscamitatis
1291 5678 1631 5750 implebantur
1654 5673 1850 5744 officia.
1883 5671 2002 5726 Scie

2126 4733 2350 4790 herbam
2372 4729 2437 4785 ad
2455 4726 2760 4798 complures
2771 4723 2986 4779 morbos
3011 4716 3369 4775 removendos
3394 4731 3514 4772 esse
3541 4718 3724 4773 utilem

2128 4824 2322 4898 (Idem,
2357 4820 2445 4875 lib.
2470 4816 2667 4883 XXVI,
2697 4832 2813 4886 cap.
2844 4815 2900 4883 Ἰ,
2930 4829 3050 4885 pag.
3075 4811 3202 4877 451,
3228 4826 3346 4880 cap.
3370 4809 3425 4877 8,
3451 4825 3570 4881 pag.
3592 4808 3720 4875 471,

2129 4927 2175 4972 et
2207 4933 2322 4987 cap.
2359 4913 2443 4980 10,
2478 4930 2596 4984 pag.
2622 4909 2730 4966 475
2758 4909 2801 4980 ).
2833 4909 2919 4966 At
2948 4904 3079 4961 illud
3109 4903 3286 4960 omitti
3335 4902 3524 4973 procul
3562 4901 3727 4958 dubio

2128 5026 2238 5067 non
2290 5008 2552 5073 debebat,
2614 5002 2754 5075 quod
2783 5001 2911 5057 alibi
2953 4998 3130 5055 adhuc
3173 4996 3351 5053 dixit:
3384 4995 3573 5050 Contra
3618 4996 3725 5051 tunc

2130 5106 2301 5161 omnia
2330 5118 2519 5159 venena
2544 5100 2865 5171 magicasque
2890 5104 3026 5149 artes
3044 5094 3137 5148 erit
3179 5091 3401 5163 primunt
3449 5087 3582 5144 illud
3614 5086 3731 5143 Ha.

2128 5199 2371 5257 mericutn
2426 5196 2564 5266 moly
2586 5237 2601 5261 ,
2634 5191 2816 5248 deinde
2840 5187 3192 5244 mitltridation
3217 5226 3232 5251 ,
3274 5194 3321 5239 et
3362 5183 3613 5240 scordotis
3636 5190 3730 5259 ,‘et

2130 5290 2424 5346 centaurion
2460 5286 2654 5356 (Idem,
2682 5284 2771 5339 lib.
2796 5280 2967 5347 XXV,
2992 5296 3113 5350 cap.
3146 5278 3235 5341 10.
3286 5294 3405 5348 pag.
3431 5273 3582 5344 412).

2198 5384 2527 5455 Quibusdam
2557 5390 2735 5437 autem
2767 5378 2938 5434 visunt
2983 5383 3067 5430 est
3116 5369 3460 5441 Asclepiodoti
3509 5367 3729 5424 nomine

2125 5479 2352 5539 iudicari
2377 5493 2406 5531 a
2435 5473 2763 5531 Tertulliano
2784 5466 3089 5537 Asclepion,
3119 5462 3188 5519 de
3221 5478 3326 5534 quo
3352 5460 3466 5516 lucc
3490 5476 3521 5514 a
3549 5456 3727 5514 Plinio

2126 5572 2346 5644 scriptis
2371 5568 2560 5626 tradita
2579 5566 2808 5639 legimus
2831 5580 2848 5622 ς
2880 5563 3112 5620 Pauaces
3133 5559 3249 5628 ipso
3276 5557 3478 5611 nomine
3501 5554 3730 5612 omnium

2130 5668 2422 5723 morborum
2448 5660 2676 5719 remedia
2702 5656 2951 5727 promittit
2977 5694 2994 5717 ,
3040 5665 3368 5709 nuuterosum
3394 5657 3442 5705 et
3484 5648 3584 5703 diis
3606 5644 3730 5700 adeo

343 5841 350 5849 .
432 5739 875 5856 tua".£.uau
901 5739 1099 5836 unum
1125 5772 1250 5849 quid
1293 5739 1550 5850 ριᾶεοτει,
1605 5775 1652 5829 et
1689 5739 2031 5827 adhibebatur
2130 5760 2371 5833 curtum.
2401 5756 2577 5819 Unum
2599 5753 2793 5843 ςαίρικ
2820 5745 3102 5823 Ακίθνίθη
3122 5739 3733 5819 ⁰⁰⁹’⁸⁰’⁷¹ί’⁸⁰²¹⁴’“(¹“⁶””
