4198 6260
488 283 593 341 887

1578 277 1648 336 av
1682 277 2143 337 TERTULLIANI
2178 234 2715 339 aronoccvtcun

3679 283 3789 343 883

488 403 616 458 ibid.
646 418 764 473 cap.
793 394 850 468 ε,
879 417 1004 472 pag.
1036 395 1167 467 382)
1188 438 1203 466 ,
1232 394 1302 451 ab
1326 391 1639 466 Esculapio
1661 394 1916 452 videlicet
1959 394 2094 449 falso
2117 394 2173 456 Α
2197 393 2262 448 ad
2291 392 2343 449 id
2394 395 2440 449 si
2495 409 2728 466 unquam
2787 393 3098 466 quiverint,
3138 396 3430 467 aliquando
3477 398 3798 471 negandum

491 496 833 553 ethnicorum
858 494 963 549 deo
974 532 1003 565 ρ
1035 490 1178 546 illius
1222 489 1698 557 demonstratore,
1743 497 1834 544 aut
1857 488 1927 545 ob
1974 487 2093 559 ejus
2193 484 2454 542 audacter
2502 495 2782 557 provocat.
2837 486 3082 543 ltenuant
3124 488 3390 560 ,‘inquit,
3444 492 3803 562 manuscripti

489 591 743 645 virtutem
768 587 838 641 ita
868 582 1161 656 appellato.
1238 618 1243 623 -

488 691 517 733 τυ
564 681 823 750 Superest
851 676 1067 731 tertium
1096 689 1293 730 nomen
1315 715 1330 739 ,
1359 673 1413 728 in
1444 687 1551 744 quo
1571 670 1892 743 explicando
1923 662 2094 727 htc'ret

490 771 743 829 omnibus
768 783 925 838 aqua.
976 766 1079 834 Qui
1114 765 1525 823 cuint'Denatio
1556 765 1739 835 legunt
1763 804 1778 827 ,
1809 772 2093 818 autumant

491 861 691 933 aliquid
716 860 963 917 denotari
989 900 1003 925 ,
1030 859 1173 930 quod
1198 860 1308 929 jam
1337 858 1614 914 morituris
1674 857 1900 929 praeberi
1953 857 2095 912 sole-

491 956 602 1017 bat.
627 953 729 1021 Qui
768 967 900 1009 vero
927 952 1104 1024 legere
1151 952 1358 1007 malunt
1416 949 1707 1015 Thenatio,’
1755 949 2097 1021 suspicantur

495 1046 640 1101 aliud
673 1045 961 1117 significari
992 1086 1007 1113 ,
1033 1060 1142 1116 quo
1168 1043 1413 1114 spiritum
1462 1051 1684 1114 agentes
1714 1042 1943 1097 recreari
1963 1084 1988 1122 ι,
2040 1051 2097 1097 et

503 1147 760 1209 tanquam
814 1152 844 1192 a
883 1146 1059 1193 morte
1088 1136 1155 1192 ad
1207 1137 1367 1191 vitam
1397 1135 1641 1190 revocari
1692 1126 1958 1205 pbteraut.
1988 1134 2096 1190 Sed

498 1231 585 1286 ha:
611 1245 777 1287 mera:
802 1238 929 1285 sunt
951 1229 1277 1301 conjectura:
1300 1269 1315 1296 ,
1347 1243 1469 1300 qua:
1499 1227 1645 1282 nulla
1676 1241 1893 1298 prorsus
1927 1226 2095 1283 ratio-

496 1324 567 1377 ne
596 1321 901 1376 ﬁrmantur.

570 1413 738 1469 Paulo
768 1415 948 1484 itaque
975 1414 1233 1467 attentius
1281 1411 1526 1481 expende
1551 1452 1564 1476 ,
1593 1426 1778 1482 qua’so
1801 1454 1814 1475 ,
1850 1428 1917 1466 an
1945 1420 2096 1466 tene-

497 1506 717 1562 bricoso
762 1505 886 1560 huic
935 1505 1173 1560 auctoris
1218 1505 1386 1559 nostri
1438 1504 1557 1557 loco
1588 1504 1831 1559 nonnihil
1882 1504 2101 1559 ltnninis

497 1598 631 1655 dare
658 1607 877 1669 possent
908 1598 1024 1653 hmo
1067 1596 1195 1659 Julii
1245 1596 1463 1651 Firmioi
1512 1594 1699 1650 Mater.
1729 1593 1856 1652 Jun.
1888 1596 2047 1651 verba
2083 1613 2098 1650 :

498 1690 793 1745 Mercurius
818 1706 934 1743 cum
961 1688 1068 1744 sale
1096 1689 1159 1757 ab
1183 1688 1466 1757 horoscopo
1491 1687 1724 1758 pariliter
1754 1688 2056 1743 constitutus
2078 1730 2094 1755 ,

2196 579 2414 635 codices
2461 581 2629 636 nostri
2677 581 3027 647 Renuntiarit,
3082 581 3275 637 melius
3328 583 3562 654 antiqua:
3604 584 3804 641 editio-

2198 687 2296 727 nes
2321 714 2337 740 ,
2384 672 2693 728 Renuntient
2715 715 2732 742 ,
2774 678 2876 730 hoc
2903 682 3023 742 est,
3055 674 3151 730 sed
3198 675 3497 746 improprio
3534 658 3803 749 loquendi

2200 768 2400 834 modo,
2450 777 2688 839 negent,
2740 769 3020 837 abnuant,
3073 777 3129 824 et
3177 768 3510 827 difﬂteantur
3566 786 3628 828 se
3678 788 3808 829 esse

2200 859 2617 932 praedamnatos.
2666 863 2736 916 At
2764 860 2817 916 id
2843 861 3028 932 procul
3072 859 3239 917 dubio
3291 877 3493 935 negare
3543 872 3657 919 tum
3690 879 3806 920 non

2202 962 2485 1025 poterant,
2518 967 2640 1008 cum
2667 968 2697 1008 a
2726 953 3034 1010 christianis
3060 954 3415 1025 interrogati,
3464 965 3520 1012 et
3548 953 3804 1026 adjurati,
3850 996 3859 1003 .

2200 1062 2288 1105 res
2296 1047 2530 1118 pondere
2545 1047 2894 1118 cogebantur.

2273 1137 2557 1206 Quomodo
2583 1140 2728 1194 enim
2783 1138 3011 1196 inliciari
3040 1140 3348 1210 potuissent
3390 1156 3452 1197 se
3497 1142 3806 1199 immundos

2200 1245 2323 1288 esse
2343 1231 2563 1305 spiritus
2586 1273 2602 1298 ,
2630 1231 2773 1303 quod
2797 1274 2811 1300 ,
2842 1249 2907 1287 ea:
2931 1231 3134 1302 pabulis
3153 1249 3362 1298 eorum,
3388 1241 3448 1288 ut
3470 1233 3539 1289 ait
3580 1233 3807 1290 Tertulo

2203 1318 2379 1378 lianus
2402 1364 2416 1385 ,
2449 1323 2699 1395 sanguine
2717 1365 2732 1390 ,
2763 1334 2810 1378 et
2841 1323 2987 1394 fumo
3009 1365 3023 1388 ,
3052 1333 3101 1377 et
3124 1323 3317 1394 putidis
3364 1325 3501 1396 rogis
3522 1341 3761 1394 pecorum
3787 1366 3807 1393 ,

2204 1424 2250 1468 et
2301 1414 2715 1484 impuratissimis
2751 1415 2939 1486 linguis
2982 1414 3210 1486 ipsorum
3257 1425 3432 1470 vatum
3474 1416 3683 1488 intelligi
3712 1416 3811 1472 de-

2205 1506 2311 1560 buit
2341 1506 2526 1578 (lbid.)
2557 1506 2584 1560 .9
2615 1507 2712 1561 Adi
2735 1549 2751 1573 ,
2784 1508 2827 1562 si
2856 1506 3029 1574 lubet,
3064 1509 3455 1578 Augustinum,
3484 1518 3540 1577 ςι
3566 1522 3629 1563 ea
3663 1508 3809 1579 lege,

2205 1597 2248 1652 si
2276 1606 2458 1663 vacat,
2487 1613 2606 1666 qum
2627 1597 2721 1653 ille
2749 1613 2815 1654 ex
2856 1598 3138 1670 Porphyrii
3168 1601 3235 1652 ad
3294 1600 3631 1654 Aneboutcm
3661 1600 3813 1670 cpis-

2208 1687 2315 1743 tola
2348 1688 2530 1743 retulit
2584 1689 2651 1745 de
2709 1690 2887 1760 impiis
2913 1700 2967 1745 et
3005 1689 3359 1746 fraudulentis
3397 1692 3703 1748 dzemonmn
3748 1709 3816 1749 ac

499 1782 650 1853 faciet
680 1781 955 1836 exorcistas
979 1820 991 1842 ,
1016 1790 1062 1834 et
1085 1779 1172 1848 qui
1189 1780 1474 1834 laborantes
1503 1779 1792 1834 dteutonum
1814 1780 2103 1836 incursione
2130 1789 2181 1849 Β
2210 1781 2481 1837 fallacium
2515 1783 2800 1853 Spirituum
2841 1784 3048 1839 artibus
3078 1784 3317 1855 (August.
3361 1784 3451 1838 lib.
3483 1783 3554 1849 Χ,
3586 1785 3651 1839 de
3669 1787 3811 1841 civit.

502 1873 732 1927 homines
759 1872 893 1942 aptis
918 1871 1154 1926 remediis
1197 1858 1443 1936 liberant,
1498 1869 1633 1924 unde
1688 1886 1753 1923 ea:
1787 1869 1891 1925 illis
1911 1871 2105 1925 artibus

499 1965 727 2020 maxima
753 1962 861 2020 illis
886 1962 1167 2018 substantia
1188 1965 1479 2033 conferatur
1507 1960 1643 2032 (Jul.
1672 1959 1842 2017 Firm.
1872 1960 1961 2015 lib.
1988 1960 2061 2015 Ill
2084 2001 2100 2028 ,

505 2056 797 2113 Matheseos
817 2073 934 2126 cup.
959 2056 1063 2127 9,).
1096 2055 1265 2111 Audis
1287 2070 1418 2111 sane
1443 2069 1568 2109 eum
1600 2054 1745 2125 loqui
1770 2053 1859 2117 de
1888 2053 2098 2109 Mercu-

436 2146 439 2149 “
510 2152 595 2206 rio
614 2192 630 2217 ,
653 2150 743 2221 qui
772 2150 1019 2205 homines
1045 2149 1351 2205 daemonum
1403 2148 1711 2204 incursione
1754 2147 2059 2204 laborantes
2085 2189 2100 2214 ,

454 2247 470 2264 ‘
518 2243 659 2312 aptis
691 2242 944 2298 remediis
969 2258 1160 2298 curare
1203 2242 1546 2297 credebatur.
1592 2238 1785 2296 Nonne
1825 2254 1955 2311 ergo
1983 2238 2108 2296 inde

504 2335 687 2407 colligi
716 2344 894 2406 potest
918 2335 1033 2390 haec
1059 2334 1294 2390 remedia
1352 2350 1383 2389 a
1414 2333 1746 2390 Tertulliano
1793 2334 1907 2388 suis
1937 2334 2108 2388 nomi-

503 2427 705 2495 nibus,
758 2428 851 2485 sed
904 2428 956 2482 in
988 2437 1137 2483 textu
1185 2429 1305 2497 ejus
1355 2426 1626 2496 corruptis
1651 2424 1943 2497 appellari,
1988 2441 2110 2495 quae

506 2520 776 2576 Firmicus
798 2520 1097 2591 generatim
1147 2528 1351 2573 tantum
1394 2526 1562 2578 .vocat
1602 2518 1859 2586 remedia,
1915 2517 2111 2589 quibus

506 2613 792 2669 exorcistte
837 2628 869 2668 a
915 2611 1180 2667 Mercurio
1226 2610 1390 2677 facti,
1446 2611 1750 2668 daemonum
1806 2614 2111 2669 incursione

509 2714 733 2763 vexatos
759 2706 1101 2762 liberabant?
1147 2705 1366 2761 Certum
1396 2705 1595 2775 quippe
1645 2714 1729 2761 est
1758 2706 1930 2777 ipsum
1971 2706 2110 2762 Ter-

508 2797 787 2861 tullianum
824 2806 937 2852 toto
968 2796 1071 2852 hoc
1098 2798 1151 2851 in
1182 2797 1302 2853 loco
1331 2796 1403 2852 de
1427 2797 1491 2853 iis
1531 2811 1837 2854 sermonem
1887 2797 2066 2855 facere
2095 2842 2111 2868 ,

508 2902 650 2960 quos
691 2889 995 2944 adaemone
1036 2898 1185 2944 actos
1232 2889 1450 2961 quidam
1498 2890 1703 2961 magica
1755 2899 1873 2948 arte
1919 2907 2114 2948 curare

510 2979 710 3036 frustra
738 2980 1068 3036 nitebantur.
1101 2981 1209 3037 Sed
1238 2980 1322 3036 his
1356 2982 1471 3053 ipse
1498 2982 1713 3038 daemon
1740 2998 1772 3038 a
1796 2981 2114 3039 Christianis

516 3072 837 3144 adjuratus,
900 3072 1185 3129 confestim
1253 3074 1660 3143 expellebatur,
1714 3076 2114 3148 cogebaturque

2207 1891 2323 1946 cup.
2351 1874 2441 1940 H,
2473 1891 2594 1946 pag.
2621 1875 2750 1942 247,
2778 1884 2825 1929 et
2850 1875 3039 1949 seqq.).
3072 1874 3147 1931 lbi
3199 1876 3396 1947 quippe
3449 1878 3637 1932 scribit
3691 1878 3817 1935 illos

2208 1967 2448 2040 gaudere
2473 1970 2752 2025 nidoribus
2779 2012 2793 2037 ,
2826 1986 2887 2024 ac
2917 1971 3185 2039 victimis,
3216 1970 3331 2026 sive
3354 1973 3601 2027 mactatis
3650 1989 3818 2043 peco-

2211 2062 2359 2118 ribus
2389 2062 2529 2118 allici
2557 2104 2572 2128 ,
2600 2064 2825 2133 cogique
2849 2078 2911 2117 ea
2941 2063 3137 2129 facere,
3169 2079 3288 2134 qua:
3316 2064 3506 2119 volunt
3537 2063 3812 2121 homines.

2211 2153 2330 2209 Alia
2356 2154 2521 2210 etiam
2547 2154 2742 2211 ibidem
2775 2150 3172 2211 animadvertes
3199 2197 3214 2220 ,
3248 2155 3441 2226 quibus
3472 2157 3623 2227 plura
3646 2197 3665 2225 ,
3691 2173 3815 2227 qua:

2219 2244 2486 2301 hactenus
2513 2246 2580 2301 de
2607 2246 2921 2302 earumdem
2953 2246 3260 2307 daemonum
3292 2248 3571 2319 prinstigiis
3622 2249 3814 2320 dispu-

2214 2337 2449 2391 tavimus
2472 2337 2779 2393 confirmari
2806 2346 2858 2393 et
2898 2337 3148 2393 illustrari
3164 2342 3423 2410 possunt.
3443 2339 3654 2410 Adjecit
3675 2340 3814 2397 Ter-

2218 2425 2475 2482 tullianus
2501 2427 2622 2482 illos
2653 2429 2962 2484 immundos
2991 2429 3215 2498 Spiritus
3263 2428 3525 2485 declarari
3569 2432 3809 2504 impura-

2213 2517 2422 2573 tissimis
2452 2519 2642 2590 linguis
2668 2529 2843 2574 vatum
2869 2521 3095 2591 ipsorum
3123 2562 3139 2587 ,
3167 2530 3257 2575 aut
3285 2522 3375 2592 qui
3404 2521 3546 2589 aris,
3576 2533 3629 2576 ut
3646 2535 3806 2580 antea

2213 2608 2523 2665 dicebamus
2543 2652 2559 2678 ,
2591 2610 2931 2679 inhalabant,
2962 2621 3015 2666 et
3040 2611 3186 2667 fumo
3208 2626 3272 2667 ac
3301 2611 3637 2669 victimamm
3673 2631 3807 2671 san-

2215 2702 2380 2772 guine
2408 2703 2950 2771 contaminabantur,
3004 2714 3097 2758 aut
3133 2704 3222 2773 qui
3272 2702 3693 2761 Christianorum
3717 2708 3817 2762 ad-

2210 2793 2484 2864 juratione
2509 2795 2665 2853 fateri
2686 2797 3147 2868 eompellebantnr
3170 2796 3298 2852 illud
3320 2838 3335 2863 ,
3366 2801 3506 2872 quod
3541 2817 3812 2874 concepe~
3832 2818 3849 2823 ·

2215 2895 2374 2951 rant,
2409 2903 2606 2943 numen
2638 2904 2746 2943 non
2771 2889 2932 2946 deum
2963 2908 3084 2949 esse
3107 2936 3122 2961 ,
3156 2895 3249 2951 sed
3279 2896 3603 2953 decurionem.
3638 2893 3814 2949 Minu-

2215 2981 2330 3034 cius
2357 2988 2535 3037 autem
2576 2981 2727 3037 Felix
2754 2998 2882 3039 usus
2911 2993 2993 3041 est
3018 2988 3236 3043 nomine
3283 2990 3541 3060 impurato
3563 3028 3580 3053 ,
3629 2986 3717 3040 ubi
3746 2985 3816 3042 dc

2217 3070 2336 3126 falsi
2363 3072 2651 3141 cujuslibet
2674 3073 2759 3129 dei
2782 3084 2957 3131 statua
2986 3094 3000 3131 :
3036 3071 3111 3132 Ab
3140 3079 3399 3152 impurato
3420 3122 3436 3147 ,
3467 3080 3637 3149 inquit
3661 3120 3677 3143 ,
3721 3080 3819 3132 Ito-

513 3182 716 3223 nomen
760 3182 916 3222 suum
967 3168 1148 3231 edere,
1192 3177 1244 3224 et
1266 3183 1453 3224 verum
1483 3167 1906 3225 Christianorum
1945 3170 2112 3228 Deum
2140 3174 2185 3236 C
2219 3164 2353 3219 mine
2379 3164 2642 3236 lwvigatur
2667 3165 2880 3239 (.llinut.
2908 3165 3083 3224 Octav.
3117 3188 3238 3244 pag.
3269 3170 3447 3244 307,).
3481 3169 3550 3226 Et
3571 3168 3815 3227 Pruden-

515 3260 783 3318 contiteri.
817 3261 889 3318 Si.
924 3262 1045 3334 quis
1095 3273 1273 3319 tamen
1324 3262 1549 3318 meliora
1579 3263 1735 3322 nobis
1761 3267 2109 3336 suggesserit,

512 3352 639 3408 huic
666 3338 826 3424 plane
846 3368 951 3420 non
981 3353 1384 3410 reluctabimur.

586 3444 769 3516 Pergit
792 3456 975 3501 autem
1003 3446 1397 3512 Tertullianus,
1454 3455 1509 3502 et
1537 3456 1850 3504 constanter
1898 3463 2115 3506 asseve-

514 3544 600 3589 rat
646 3535 781 3589 nihil
830 3536 932 3590 hoc
979 3536 1394 3590 christianorum
1445 3547 1831 3607 opere,atque
1878 3537 2115 3594 deducta

517 3624 644 3679 inde
687 3629 1150 3695 argumentatione
1194 3626 1492 3696 simplicius
1546 3637 1602 3682 et
1656 3628 1884 3683 fidelius.
1923 3628 1982 3685 In
2023 3630 2117 3686 illo

455 3706 465 3721 “
517 3716 718 3787 quippe
744 3717 907 3783 nihil,
933 3717 1148 3787 inquit,
1181 3720 1428 3788 suspicari
1454 3719 1642 3774 licebit.
1676 3718 1855 3791 Magia
1884 3731 1974 3776 aut
2016 3726 2117 3776 ali-

516 3822 618 3878 qua
642 3807 895 3878 ejusmodi
920 3807 1132 3878 fallacia
1159 3809 1274 3877 ﬁeri
1300 3808 1507 3875 dicetis,
1537 3809 1582 3863 si
1604 3811 1737 3864 oculi
1761 3812 1911 3866 vestri
1938 3822 1986 3866 et
2023 3829 2116 3867 au-

516 3914 599 3954 res
646 3899 965 3969 permiserint
1009 3900 1147 3954 vobis
1175 3899 1500 3970 (Tertullian.
1552 3902 1822 3974 Apologet.
1877 3921 1992 3977 cap.
2020 3905 2114 3973 2'5,

519 3990 619 4045 col.
649 3989 811 4060 410)?
830 3992 1005 4074 Atque
1031 3992 1101 4045 ita
1131 3991 1395 4062 Rigaltius
1417 3992 1559 4049 hunc
1578 3994 1892 4051 Tertulliani
1917 3997 2114 4066 locum,

517 4082 666 4141 nulla
696 4093 823 4138 nota
870 4085 1014 4139 varia
1040 4085 1270 4140 lectione
1298 4127 1313 4149 ,
1346 4087 1640 4143 emendare
1688 4104 1794 4144 non
1825 4089 2113 4148 hrcsitavit.

519 4171 579 4228 In
624 4176 858 4246 antiquis
914 4186 1094 4232 tamen
1145 4177 1469 4233 editionibus
1512 4174 1823 4251 legebatur,
1867 4183 2113 4240 nihil.....

518 4265 654 4334 ﬁeri.
688 4264 851 4321 Dictis
878 4284 980 4322 non
1006 4269 1150 4324 statis
1171 4311 1186 4336 ,
1221 4270 1263 4323 si
1312 4270 1446 4324 oculi
1474 4286 1488 4324 :
1518 4271 1569 4325 in
1595 4270 1801 4327 duobus
1832 4288 1961 4329 vero
1989 4289 2117 4330 nos-

514 4358 594 4413 ris
628 4358 902 4414 codicibus
930 4362 1314 4418 vetustioribus
1334 4362 1559 4419 niltil....
1588 4365 1705 4434 ﬁeri
1730 4366 1917 4422 dicitis.
1962 4367 2115 4423 Tunc

518 4450 713 4507 deinde
735 4452 787 4507 in
818 4452 936 4507 aliis
959 4454 1137 4509 simul.
1176 4453 1295 4510 Non
1326 4454 1501 4511 dicetis
1521 4458 1565 4512 si
1591 4458 1725 4512 oculi
1743 4501 1756 4526 ,
1790 4468 1897 4515 etc.
1938 4460 2043 4515 Sed
2069 4461 2114 4515 si

2219 3259 2325 3312 tius
2351 3268 2536 3329 postea
2563 3257 2632 3313 de
2662 3259 2907 3328 Apolline
2936 3263 3130 3317 cecinit
3162 3280 3176 3316 :

2404 3350 2516 3419 hic):
2540 3352 2675 3403 ﬂevit
2698 3354 3200 3419 impuratusoocisum
3222 3358 3358 3419 pravi

2404 3414 2573 3465 Disco.
2770 3414 2785 3416 ⁷
2833 3415 2993 3468 Prud.
3018 3415 3070 3468 in
3089 3414 3265 3483 uymn.
3292 3420 3352 3470 S.
3375 3422 3511 3471 Rom.
3539 3432 3585 3470 v.
3610 3417 3721 3469 sua.

2812 3536 3112 3578 ABTICULUS
3156 3538 3249 3579 VII.

2222 3611 2390 3680 Quam
2412 3613 2660 3676 prteclare
2691 3612 3036 3669 Tertullianus
3057 3616 3293 3685 superius
3312 3622 3670 3687 argumentum
3698 3612 3819 3667 inde

2289 3709 2556 3779 confirmet
2579 3750 2595 3774 ,
2625 3708 2763 3778 quod
2810 3706 3067 3763 dwmones
3093 3710 3157 3763 ab
3207 3710 3272 3763 iis
3295 3751 3311 3775 ,
3339 3724 3451 3777 qua:
3477 3707 3771 3763 obsidebant
3797 3747 3814 3774 ,

2291 3801 2559 3854 hominum
2608 3798 2909 3870 corporibus
2963 3801 3106 3855 uario
3146 3801 3297 3855 modo
3322 3802 3626 3872 ejicerentur
3653 3799 3731 3854 vel
3753 3800 3819 3854 ab

2293 3891 2552 3947 exorcistis
2575 3931 2591 3957 ,
2621 3893 2698 3945 uel
2746 3891 2862 3946 aliis
2907 3890 3231 3958 Christianis,
3279 3908 3406 3961 quos
3443 3895 3671 3946 timentes
3697 3891 3818 3946 odio
3838 3960 3863 3967 δ

2228 3963 2271 3983 η
2292 3982 2575 4050 habebant,
2602 3983 2828 4054 ipsisque
2852 3994 2997 4039 erant
3026 3984 3238 4053 subjecti
3265 4000 3284 4040 :
3309 4001 3409 4055 quo
3438 4001 3589 4040 sensu
3631 3983 3817 4055 despe-

2288 4084 2404 4129 rata
2429 4074 2617 4128 dicitur
2661 4074 2869 4130 illorum
2893 4076 3161 4143 conditio;
3215 4094 3277 4132 ac
3305 4077 3369 4132 de
3417 4092 3580 4146 pana:
3623 4091 3771 4129 mora
3796 4115 3815 4141 ,

2290 4185 2391 4239 qua
2416 4166 2656 4222 solatium
2685 4169 2917 4239 fruenda:
2944 4169 3294 4246 malignitatis
3318 4169 3505 4223 habere
3549 4170 3811 4240 feruntur.

2288 4266 2547 4322 Ethnicos
2575 4267 2838 4322 acerrime
2866 4266 3045 4321 adhuc
3071 4275 3225 4337 urget
3249 4267 3616 4322 Tcrtullianus
3637 4306 3653 4333 ,
3711 4281 3815 4336 pa-

2220 4360 2434 4431 lamque
2463 4358 2713 4414 onmibus
2744 4357 2869 4413 facit
2892 4368 3090 4429 quanta
3115 4358 3274 4414 fuerit
3300 4359 3719 4414 christianorum
3740 4357 3815 4413 ad

2217 4450 2479 4521 fugandos
2504 4449 2778 4506 (immunes
2795 4488 2811 4515 ,
2840 4463 3040 4519 eosque
3068 4464 3132 4505 ex
3160 4447 3504 4506 obsessorum
3532 4448 3810 4504 hominum

516 4556 637 4613 qua:
664 4544 737 4603 sit
764 4544 817 4598 in
848 4545 1202 4601 discernenda
1246 4547 1476 4620 genuina
1509 4549 1740 4607 lcCtione
1778 4551 2066 4607 difﬁcultas
2095 4594 2109 4618 ,
2139 4565 2191 4625 Β
2217 4544 2533 4615 corporibus
2562 4542 2839 4614 pellendos
2870 4551 3110 4613 potestas
3133 4585 3149 4606 ,
3182 4552 3558 4614 quantumque
3609 4542 3660 4597 in
3691 4542 3819 4598 illos

517 4642 731 4691 constat
757 4646 934 4692 tamen
963 4648 1205 4708 apertmu
1254 4656 1377 4695 esse
1416 4643 1850 4699 anctoris’uostri
1871 4661 2110 4700 sensum.

514 4727 659 4782 Dicit
705 4731 903 4784 etenim
936 4734 1185 4787 ethnicos
1230 4749 1333 4787 non
1367 4749 1524 4803 posse
1562 4746 1655 4790 aut
1690 4738 1992 4808 suspicari,
2023 4748 2117 4793 aut

515 4820 752 4892 objicere
784 4824 834 4877 in
866 4824 955 4879 illo
981 4823 1409 4881 Cln'istianorum
1441 4843 1607 4897 opere
1634 4829 1836 4900 aliquid
1880 4831 2062 4887 inesse
2097 4871 2114 4896 .

515 4925 611 4971 aut
632 4917 897 4989 magicmu
922 4960 938 4984 ,
970 4929 1062 4974 aut
1088 4918 1244 4974 fallax
1265 4961 1281 4985 ,
1312 4921 1472 4976 modo
1500 4923 1661 4977 iidem
1703 4922 1903 4980 ethnici
1956 4923 2113 4979 indo-

514 5009 646 5064 mita
676 5009 1036 5066 obstinatione
1065 5025 1165 5066 nec
1210 5012 1337 5066 ctcci
1383 5013 1528 5079 sint,
1579 5028 1679 5069 nec
1707 5014 1876 5069 surdi.
1919 5013 2115 5073 Videre

515 5096 780 5173 siquidem
809 5102 963 5158 facile
1009 5113 1256 5173 poterant
1281 5114 1440 5174 quam
1488 5105 1717 5177 simplici
1744 5105 1903 5162 modo
1926 5105 2113 5164 Chris-

517 5192 649 5248 tiani
676 5203 935 5265 agerent,
965 5204 1127 5265 atque
1149 5195 1311 5250 etiam
1342 5195 1616 5252 dwmones
1644 5196 1833 5252 audire
1857 5197 2116 5255 conﬁten-

516 5296 601 5342 tes
626 5302 685 5342 se
707 5287 841 5342 deos
868 5301 1055 5343 revera
1086 5305 1191 5344 non
1217 5302 1377 5356 esse,
1411 5288 1505 5344 sed
1536 5288 1840 5346 immundos
1866 5289 2110 5361 spiritus,

516 5379 580 5435 ob
607 5380 858 5435 malitiam
887 5379 1262 5449 pranlamnatos
1289 5382 1341 5435 in
1358 5380 1546 5453 judicii
1575 5382 1710 5436 dicat
1735 5398 1851 5436 cum
1879 5383 2113 5438 omnibus

513 5470 793 5527 cultoribus
820 5481 866 5526 et
892 5473 1238 5543 aperatoribus
1263 5473 1368 5528 suis
1394 5472 1610 5545 (lbid.).
1643 5473 1784 5543 Quin
1809 5474 1970 5530 etiam
2011 5473 2113 5544 ipsi

514 5567 792 5624 daemones
819 5582 924 5623 non
952 5576 1239 5638 poterant,
1267 5566 1607 5624 audientibus
1646 5567 1893 5638 ipsismet
1934 5566 2113 5624 ethni-

512 5659 613 5725 cis,
633 5675 741 5714 sua?
757 5660 937 5716 saltem
956 5660 1249 5731 ignominia:
1278 5668 1328 5716 ct
1366 5646 1709 5716 damnationis
1757 5671 1931 5716 notam
1970 5660 2114 5720 refu-

510 5757 624 5802 (ore
648 5789 664 5819 ,
689 5763 787 5807 seu
817 5760 996 5821 tegere
1017 5792 1032 5820 ,
1055 5752 1261 5809 diluere
1283 5792 1300 5822 ,
1324 5753 1574 5811 iuticiari.
1603 5753 1968 5822 Quamobrem
1991 5754 2113 5812 illos

2217 4636 2546 4707 imperium:
2589 4634 2728 4690 Nunt
2766 4634 2831 4688 de
2877 4643 3145 4699 contactu,
3191 4634 3394 4703 inquit,
3442 4632 3601 4702 detjue
3640 4632 3817 4703 amans

2220 4739 2418 4795 nostro,
2459 4724 2883 4798 contemplatione
2938 4735 2985 4780 et
3030 4727 3480 4798 reprtesentatione
3504 4724 3637 4796 ignis
3672 4722 3819 4781 illius

2219 4822 2467 4893 correpti,
2500 4814 2652 4874 etiam
2677 4820 2740 4873 de
2765 4818 3063 4889 corporibus
3086 4802 3263 4873 nostra
3312 4818 3527 4888 imperio
3565 4818 3818 4871 excedunt

2218 4914 2362 4968 inviti
2386 4954 2402 4981 ,
2435 4921 2482 4966 et
2510 4912 2773 4973 dolentes,
2815 4920 2863 4965 et
2897 4908 3036 4973 uobis
3088 4908 3421 4979 praesentibus
3469 4907 3819 4963 erubescentes

2217 5006 2543 5079 (Tertullian.
2595 5003 2862 5074 Apologet.
2914 5019 3033 5070 cap.
3083 5001 3188 5071 25,
3243 5003 3341 5057 col.
3394 5001 3545 5071 410).
3600 4999 3815 5057 Ethnici

2218 5099 2379 5171 igitur
2431 5097 2571 5153 nulla
2625 5096 2864 5167 profecto
2917 5096 3165 5162 ratione,
3218 5110 3319 5150 nec
3369 5095 3470 5151 nisi
3507 5093 3814 5150 obfirmata

2219 5208 2446 5265 prorsus
2465 5233 2482 5260 ,
2523 5206 2624 5247 nec
2668 5205 2901 5261 unquam
2931 5190 3191 5265 vincenda
3222 5179 3587 5246 obstinatione
3610 5203 3817 5260 negaro

2215 5262 2465 5360 poterant
2486 5296 2540 5342 et
2554 5285 2860 5341 darmonum
2880 5262 3322 5348 imbellicitatetn,
3344 5294 3399 5339 et
3421 5282 3610 5339 miram
3626 5280 3817 5337 Chris-

2216 5382 2480 5439 tianorum
2511 5379 2563 5435 in
2585 5394 2680 5434 eos
2702 5378 2995 5449 potentiam
3018 5419 3034 5445 ,
3062 5391 3166 5447 qua
3191 5376 3471 5446 religionis
3498 5389 3614 5431 suae
3664 5373 3816 5430 veri-

2217 5483 2393 5531 tatem.
2408 5472 2705 5530 meridiano
2728 5471 2854 5528 Sole
2878 5470 3078 5526 clarius
3103 5468 3566 5526 demonstrabant.

2284 5566 2357 5622 At
2384 5563 2593 5637 rogabit
2612 5562 2837 5620 forsitan
2862 5561 3055 5633 aliquis
3104 5570 3283 5617 utrum
3314 5560 3385 5616 ibi
3441 5558 3816 5616 Tertullianus

2214 5659 2284 5716 de
2324 5659 2522 5714 nostris
2569 5667 2777 5712 tantum
2807 5653 3091 5711 exorcistis
3117 5652 3391 5724 loquatur.
3421 5650 3554 5706 Nam
3586 5647 3819 5722 Cypria-

2216 5767 2318 5813 nus
2342 5751 2432 5812 ubi
2453 5750 2525 5810 de
2547 5749 2632 5808 bis
2649 5790 2666 5824 ,
2692 5763 2815 5826 quas
2843 5757 3086 5824 tempore
3137 5760 3238 5806 suo
3261 5745 3379 5805 lteri
3421 5743 3671 5805 solebant
3691 5781 3711 5816 ,
3732 5743 3818 5802 ad

3688 5914 3787 5931 -o‘l‘
