4240 6262
301 267 412 370 s89
433 292 438 301 '

1447 301 1899 364 DlSSERTA'ﬂO
1933 303 2000 364 D.
2037 303 2128 362 LE
2165 255 2470 364 nonnnv.

3506 308 3614 372 890

314 424 565 498 Magnum
595 423 818 492 scribit,
843 422 916 480 ibi
938 395 1221 479 daemones
1244 423 1314 480 ab
1336 421 1634 479 Exoreistis
1669 420 1912 476 nomina-
1937 419 1990 482 A
2016 418 2144 475 tiani
2174 420 2486 490 reipublicae
2507 419 2727 478 inutiles
2747 428 2905 488 sunt,
2935 421 3120 492 quanti
3148 434 3280 493 ergo
3308 422 3611 492 aestimatis,

314 519 411 574 tim
445 518 658 589 fugatos
683 517 763 572 sic
791 519 974 588 utique
996 518 1312 572 testiﬁcatur
1342 534 1357 573 :
1388 515 1537 583 Quod
1566 516 1716 570 hodie
1751 516 1906 570 etiam

310 613 509 684 geritur
535 621 588 665 ttt
609 627 699 683 per
718 611 995 665 exorcistas
1021 626 1138 665 voce
1163 611 1388 664 humana
1408 651 1422 676 ,
1454 619 1501 664 et
1545 617 1789 681 potestate
1828 607 1907 661 di-

315 708 434 761 uina
462 706 753 777 ﬂagelletur
774 745 790 771 ,
824 713 871 758 et
900 712 1078 758 uratur
1101 747 1116 772 ,
1146 713 1192 758 et
1215 712 1504 774 torqueatur
1530 701 1763 756 diabolus
1786 700 1908 772 (Cy-

316 800 486 869 prian.
534 795 704 866 Epist.
754 796 823 852 69
875 796 945 850 ad
988 795 1258 867 Magnum.
1315 813 1436 866 pag.
1492 796 1662 867 187,).
1718 795 1909 852 Nonne

318 891 514 955 etiam,
553 890 754 958 inquiet
783 890 952 953 alius,
1002 889 1070 944 de
1119 888 1305 945 iisdem
1351 890 1647 946 Exoreistis
1684 891 1912 961 ipsemet

257 1004 264 1006 -
317 981 683 1037 Tertullianus
709 981 815 1037 alio
855 981 907 1036 in
937 981 1074 1037 libro
1101 983 1217 1037 iure
1254 981 1381 1038 fecit
1419 983 1746 1054 totidemque
1785 999 1908 1039 ver-

317 1073 384 1130 ba
416 1091 429 1129 :
465 1073 772 1144 Exemplum
817 1074 1038 1140 accidit,
1089 1074 1296 1129 domino
1337 1085 1458 1130 teste
1483 1076 1594 1142 ejus
1643 1075 1868 1130 mulieris
1890 1115 1907 1143 ,

317 1180 431 1235 qua:
450 1165 706 1219 theatrum
734 1166 888 1229 adiit,
917 1174 965 1221 et
996 1167 1114 1220 inde
1135 1183 1250 1220 cum
1293 1167 1542 1221 daemonio
1596 1167 1762 1222 rediit.
1794 1165 1907 1221 Ita-

313 1273 408 1325 que
433 1257 488 1309 in
535 1259 818 1312 exorcismo
856 1273 970 1310 cum
1020 1267 1313 1311 oneraretur
1359 1258 1569 1328 spiritus
1616 1259 1911 1316 immundus

313 1351 450 1421 quod
480 1369 634 1406 ausus
658 1363 784 1406 esset
805 1352 1006 1421 fidelem
1035 1353 1244 1424 aggredi
1269 1369 1282 1405 :
1310 1353 1612 1408 Constanter
1630 1395 1644 1421 ,
1670 1365 1714 1408 et
1731 1356 1911 1424 justis-

311 1444 472 1510 sime,
503 1445 698 1515 inquit,
729 1445 856 1516 feci.
886 1446 938 1499 in
976 1462 1086 1500 meo
1111 1463 1225 1499 eam
1247 1447 1412 1501 inveni
1433 1446 1670 1520 (Tertull.
1721 1448 1809 1504 lib.
1850 1450 1914 1504 de

318 1533 846 1606 Spectac‘apﬂfi)?
870 1535 1059 1591 Nonne
1087 1537 1247 1591 etiam
1275 1552 1460 1592 rursus
1490 1539 1615 1593 alibi
1649 1557 1662 1593 :
1696 1540 1806 1606 Quo
1827 1557 1914 1595 ore

321 1623 648 1682 Christianus
685 1629 945 1682 thurarius
967 1670 980 1691 ,
1017 1629 1065 1682 id
1097 1639 1213 1694 est,
1241 1629 1329 1698 qui
1364 1628 1486 1684 Ibus
1518 1631 1673 1685 idolis
1725 1633 1910 1686 incen-

314 1718 434 1784 dit,
463 1721 508 1772 si
550 1736 639 1790 per
677 1721 866 1791 templa
909 1721 1157 1784 transibit,
1204 1725 1461 1792 fumantes
1498 1739 1616 1776 aras
1673 1724 1906 1792 despuet,

2009 526 2186 582 quove
2214 513 2264 566 in
2293 513 2465 584 pretio
2491 527 2586 568 eos
2614 513 2857 580 habetis,
2886 513 2977 584 qui
3009 521 3086 570 tot
3111 513 3380 572 daemonia
3407 557 3423 582 ,
3471 525 3612 574 tant-

2009 619 2116 676 que
2153 619 2298 675 stepe
2319 620 2384 660 ex
2416 604 2577 660 vobis
2605 604 2922 676 depellunt?
3572 596 3606 609 ”

2085 701 2281 756 Verum
2309 699 2439 772 quid
2464 705 2930 771 argumentatione
2956 716 3093 772 opus
3119 710 3203 759 est
3223 703 3249 757 ἲ
3279 701 3468 759 Nonne
3498 705 3615 774 ipse

2011 794 2381 851 disertissimis
2424 797 2603 851 verbis
2627 796 2796 853 edixit
2825 797 2852 850 Ρ
2877 796 3066 853 Jussus
3109 815 3140 852 a
3184 799 3404 871 quolibet
3432 798 3612 855 Chris-

2011 885 2150 940 tiano
2175 887 2313 955 loqui
2331 887 2542 958 spiritus
2566 886 2692 952 ille,
2718 897 2822 942 tam
2869 905 2923 944 se
2963 890 3245 946 dtemonent
3290 891 3612 960 conﬁtebitur

2011 978 2074 1031 de
2113 995 2258 1045 vero,
2289 995 2440 1050 quant
2483 979 2606 1035 alibi
2643 980 2794 1035 deum
2841 982 2904 1036 de
2941 982 3074 1050 falso
3104 982 3288 1050 (Ibid.
3320 1001 3437 1054 cap.
3489 983 3608 1056 25).

2011 1069 2203 1128 Nonne
2253 1073 2414 1128 etiam
2463 1073 2531 1129 ad
2587 1075 2840 1130 eumdem
2873 1062 3184 1146 Scapulam
3234 1078 3427 1135 iterum
3467 1081 3608 1134 scri-

2013 1164 2157 1232 psit?
2219 1163 2489 1221 Daemones
2552 1183 2654 1221 non
2716 1177 2912 1222 tantum
2973 1170 3292 1240 respuintus,
3348 1188 3518 1226 verum
3564 1181 3612 1228 et

2013 1258 2349 1325 revincimus,
2375 1269 2418 1314 et
2457 1262 2683 1330 quotidie
2730 1264 3047 1318 traducimus
3070 1305 3084 1330 ,
3143 1274 3188 1319 et
3215 1265 3278 1318 de
3323 1265 3613 1328 [minitabas

2014 1352 2347 1418 cxpellimus,
2380 1354 2510 1406 sicut
2541 1353 2777 1424 plurimis
2817 1365 2995 1410 notum
3050 1368 3125 1411 est
3153 1355 3348 1428 (Idem,
3405 1360 3497 1412 lib.
3543 1360 3612 1413 ad

2017 1443 2230 1514 Scapul.
2261 1461 2376 1514 cap.
2408 1445 2463 1510 5,
2493 1445 2528 1501 4
2553 1449 2593 1516 ).
2619 1449 2688 1500 At
2719 1447 2837 1515 quis
2889 1464 2996 1503 non
3031 1447 3211 1504 videat
3257 1449 3371 1505 hcce
3414 1467 3518 1506 non
3548 1452 3614 1508 dc

2015 1535 2299 1590 cxorcistis
2343 1545 2565 1603 tantum,
2597 1537 2691 1592 sed
2717 1537 2788 1592 de
2814 1540 3064 1596 omnibus
3091 1540 3234 1596 dicta
3267 1541 3432 1598 fuisse
3459 1543 3615 1598 Chri-

2015 1626 2245 1681 stianis?
2276 1626 2505 1682 Maxima
2555 1643 2685 1698 ergo
2714 1640 2834 1685 erat
2875 1646 2980 1686 non
3010 1632 3172 1687 modo
3201 1634 3613 1703 exoreistarum,

2014 1717 2109 1772 sed
2157 1719 2396 1773 omnium
2437 1718 2868 1775 Christianorum
2924 1723 2975 1775 in
3025 1721 3300 1778 dzemones
3351 1735 3613 1794 potestas,

315 1821 362 1867 et
389 1814 716 1883 casu/ﬂabit,
773 1815 955 1884 quibus
981 1815 1089 1882 ipse
1125 1817 1426 1884 prospexit?
1477 1816 1592 1882 Qua
1627 1807 1912 1872 constantia
1940 1813 1988 1872 B
2015 1823 2118 1878 qua
2147 1810 2267 1865 “'05
2295 1826 2361 1865 ex
2414 1809 2756 1867 eumicowm
2807 1814 3132 1885 corporibus
3183 1815 3482 1886 εωρίδδίηιθ
3512 1819 3614 1888 "ii‘

317 1903 620 1958 exorcisabit
646 1905 880 1959 alutnnos
907 1922 1031 1960 suos
1051 1947 1066 1971 ,
1098 1905 1201 1961 hoc
1230 1917 1313 1962 est
1333 1948 1349 1973 ,
1381 1907 1656 1964 daemones
1683 1951 1698 1974 ,
1730 1909 1911 1978 quibus

315 1998 527 2052 domum
555 2013 699 2051 suam
727 1998 986 2052 cellarium
1014 2000 1265 2068 prtestat?
1296 1999 1397 2054 Ille
1421 2001 1624 2069 quidem
1651 2003 1695 2056 si
1741 2004 1912 2057 cxclu~

316 2091 436 2146 serit
464 2091 771 2145 dwmoniunt
797 2132 812 2156 ,
835 2108 938 2146 non
964 2092 1060 2146 sibi
1081 2093 1280 2162 placeat
1302 2095 1366 2147 de
1386 2093 1507 2162 ﬁde.
1563 2092 1744 2162 Neque
1781 2097 1914 2149 enim

321 2184 582 2238 inimicum
608 2183 844 2238 exclusit.
876 2183 1058 2239 Facile
1086 2185 1256 2240 debuit
1283 2187 1347 2241 de
1365 2202 1423 2241 eo
1452 2187 1745 2258 impetrare,
1768 2203 1915 2258 quem

323 2277 546 2346 quotidie
573 2277 731 2346 pascit
771 2275 963 2350 (Idem,
993 2278 1079 2332 lib.
1114 2278 1176 2332 de
1213 2277 1408 2337 ldolol.
1441 2296 1554 2350 cap.
1582 2277 1662 2350 9.).

397 2369 744 2438 Respondere
771 2370 985 2436 quidem
1013 2370 1204 2440 aliquis
1253 2380 1435 2440 posset
1465 2373 1516 2426 in
1550 2382 1779 2444 utroque
1826 2373 1916 2429 illo

332 2461 654 2517 Tertulliani
685 2465 804 2519 lcco
828 2478 932 2519 non
960 2463 1270 2520 Exorcistas
1296 2467 1583 2532 nominari,
1620 2466 1717 2521 sed
1761 2481 1917 2523 exor—

323 2554 565 2621 cismo‘s,
610 2557 723 2612 sive
773 2556 1174 2628 adjurationes,
1209 2574 1327 2630 qua:
1380 2560 1448 2615 ab
1501 2560 1750 2616 omnibus
1790 2576 1917 2632 pro-

332 2647 419 2702 cul
493 2647 659 2702 dubio
725 2649 1042 2706 Christianis
1097 2651 1341 2707 adhiberi
1395 2662 1660 2724 poterant.
1723 2654 1918 2711 Verum

333 2754 495 2796 nemo
547 2755 745 2811 negare
777 2749 952 2811 potest
999 2743 1068 2797 ab
1123 2743 1414 2799 Exoreistis
1464 2744 1748 2814 imprimis,
1782 2745 1920 2802 sicut

331 2832 408 2888 ait
454 2833 794 2906 Cyprianus,
845 2837 1099 2907 expulsos
1150 2853 1216 2892 ex
1277 2838 1552 2894 hominum
1604 2841 1920 2910 corporibus

335 2924 642 2993 daemonas,
688 2937 850 2997 atque
895 2928 948 2982 id
993 2930 1125 2984 satis
1153 2931 1374 2985 Auctori
1425 2939 1612 2984 nostro
1665 2929 1830 2986 fuisse
1851 2931 1919 2987 ad

325 3016 654 3086 probandam
681 3019 1110 3076 Christianormn
1131 3021 1182 3076 in
1205 3020 1421 3078 eosdem
1448 3021 1721 3078 daemonas
1742 3034 1922 3094 potes-

323 3119 506 3166 tatem.

2016 1903 2252 1959 ciebant.

2086 1999 2140 2052 Si
2171 1999 2291 2068 quis
2315 2009 2493 2054 autem
2526 2000 2760 2072 inquirat
2786 1999 2930 2056 unde
2951 2043 2965 2066 ,
2989 2011 3080 2055 aut
3109 2016 3219 2072 quo
3245 2000 3464 2057 nomine
3493 2017 3615 2058 eam

2016 2091 2314 2160 haberent,
2363 2093 2486 2149 huic
2521 2093 2872 2164 respondebit
2921 2094 3290 2150 Tcrtullianus
3346 2112 3359 2148 :
3435 2093 3618 2150 Omnis

2016 2195 2190 2241 nostra
2210 2227 2223 2252 ,
2261 2188 2362 2242 hoc
2391 2196 2492 2252 est,
2518 2187 3028 2256 Christianorumjn
3058 2190 3175 2243 illos
3196 2188 3474 2244 daemones
3528 2188 3622 2244 do-

2017 2279 2231 2332 minatio
2256 2320 2272 2346 ,
2303 2289 2350 2334 et
2378 2290 2599 2351 potestas
2627 2282 2688 2335 de
2714 2282 3062 2336 nominatione
3089 2280 3310 2350 Christi,
3344 2283 3460 2339 sive
3494 2298 3619 2352 pro-

2019 2369 2126 2425 lato
2151 2411 2165 2437 ,
2196 2371 2414 2440 quando
2437 2372 2710 2427 daemones
2738 2373 3096 2444 adjurabant,
3139 2374 3341 2429 Christi
3399 2375 3618 2431 nomine

2017 2461 2148 2516 valet
2167 2503 2182 2529 ,
2209 2472 2256 2516 et
2304 2464 2368 2518 de
2393 2465 2870 2519 commemoratione
2917 2482 3092 2520 eorum
3116 2508 3130 2534 ,
3161 2481 3275 2535 qua:
3318 2467 3415 2521 sibi
3441 2483 3474 2520 a
3504 2465 3619 2522 Deo

2020 2571 2108 2624 per
2147 2556 2394 2610 arbitrunt
2441 2555 2699 2612 Christum
2750 2559 3068 2612 imminentia
3123 2569 3391 2628 expectant
3421 2557 3616 2631 (Ident,

2021 2645 2296 2718 Apologet.
2327 2664 2444 2718 cap.
2477 2647 2569 2714 25,
2602 2667 2720 2720 pag.
2755 2650 2908 2720 MO).
2942 2649 3191 2705 Nonnulli
3221 2666 3349 2704 vero
3373 2689 3390 2718 ,
3423 2651 3620 2708 nullius

2022 2751 2201 2800 tamen
2229 2745 2580 2815 ntanuscripti
2607 2745 2813 2800 codicis
2850 2746 3170 2800 auctoritate
3219 2745 3379 2812 fulti,
3430 2745 3617 2815 legen-

2020 2836 2147 2892 dum
2178 2848 2405 2894 censent
2431 2841 2860 2904 comminatione,
2910 2839 3050 2894 haud
3077 2837 3238 2896 dubie
3265 2840 3388 2909 quia
3418 2838 3622 2894 daemoc

2023 2944 2120 2984 nes
2143 2945 2238 2999 per
2266 2931 2434 2986 Deum
2463 2933 2646 2986 vivum
2675 2971 2690 2998 ,
2738 2930 2829 3001 qui
2883 2930 3221 3000 judicatnrus
3273 2939 3358 2986 est
3386 2930 3537 2986 vivos
3568 2938 3623 2984 ct

2023 3030 2286 3089 mortuos,
2304 3023 2706 3092 adjurabantur.
2731 3026 2802 3078 At
2821 3023 2952 3079 satis
2979 3023 3206 3079 fortasse
3235 3031 3344 3078 non
3373 3023 3621 3079 animad-

2022 3123 2303 3170 verterunt
2343 3115 2394 3169 in
2425 3125 2573 3171 textu
2597 3115 2910 3170 Tertulliani
2938 3115 3096 3186 paulo
3120 3124 3239 3186 post
3275 3115 3532 3184 scriptum
3561 3115 3624 3170 tle

399 3203 503 3260 Sed
530 3206 754 3261 ulterius
777 3206 868 3262 ille
895 3207 1236 3278 progreditur
1253 3247 1270 3271 ,
1297 3215 1354 3264 et
1383 3207 1436 3263 in
1462 3207 1627 3262 citato
1650 3209 1920 3280 Apologe-
1943 3200 1990 3265 C
2024 3209 2499 3280 reprtescntatione,
2523 3203 2666 3279 quod
2695 3207 2834 3265 idem
2863 3219 2981 3275 est,
3013 3224 3076 3262 ac
3101 3208 3575 3262 commemoratione
3602 3245 3620 3272 ,

335 3298 426 3353 tiei
459 3297 579 3352 loco
607 3298 673 3352 de
695 3299 943 3355 omnibus
997 3301 1238 3370 loquitur
1275 3302 1573 3372 generatim
1603 3299 1920 3357 Christianis

329 3390 606 3446 daemones
630 3393 987 3462 t-jieienlibus.
1015 3394 1145 3449 Nam
1187 3395 1279 3460 ille
1306 3395 1444 3450 haud
1487 3395 1797 3451 dubitanter
1835 3393 1919 3449 af-

326 3480 506 3535 ﬁrmat
538 3491 733 3536 tantam
782 3484 944 3541 luisse
985 3487 1378 3541 multitudinem
1423 3487 1737 3557 gentilium,
1785 3502 1921 3557 quos

331 3571 678 3627 Christiania
705 3573 1008 3630 da-monum
1059 3577 1455 3634 incursionibus
1500 3579 1828 3649 liberabant,
1863 3587 1922 3634 ut

333 3665 390 3721 lti
411 3706 426 3731 ,
460 3666 671 3722 sublato
701 3669 962 3724 beneﬁcio
989 3671 1080 3724 illo
1100 3711 1114 3734 ,
1140 3686 1261 3726 sese
1290 3673 1422 3725 satis
1448 3687 1717 3742 superque
1737 3673 1805 3727 ab
1831 3674 1924 3728 im-

323 3757 472 3813 mani
503 3759 814 3814 eorumdem
845 3761 1121 3831 gentilium
1171 3762 1489 3818 crudelitate
1533 3763 1919 3820 vindicassent.

329 3847 414 3904 En
447 3851 558 3920 ipsa
580 3851 696 3922 ejus
727 3853 889 3908 verba
914 3869 932 3908 :
963 3854 1089 3919 Quis
1118 3871 1203 3910 eos
1232 3856 1420 3912 abillis
1454 3857 1699 3926 occultis,
1743 3868 1792 3912 et
1835 3874 1922 3911 us-

327 3964 621 4021 quequaque
669 3952 982 4006 vastantibus
1031 3965 1218 4008 mentes
1263 3964 1311 4008 et
1369 3957 1684 4011 valetudines
1733 3967 1922 4012 vestras

328 4039 555 4096 hostibus
583 4053 818 4111 raperet,
845 4061 876 4096 a
905 4045 1273 4124 dtptnoniorunt
1297 4047 1582 4102 incursibus
1611 4049 1725 4102 dico
1751 4089 1764 4112 ,
1809 4064 1924 4117 qua:

327 4132 391 4185 de
411 4133 547 4187 vobis
585 4135 692 4188 sine
717 4137 956 4203 prwmio,
992 4138 1098 4190 sine
1130 4139 1357 4194 mercede
1385 4141 1728 4210 depellimus?
1757 4139 1925 4208 Sit/fe-

327 4223 472 4277 cisset
493 4224 587 4278 hoc
607 4226 773 4279 solum
801 4236 986 4280 nostra:
1009 4227 1193 4281 ultioni
1218 4271 1233 4293 ,
1264 4237 1401 4301 quod
1421 4246 1579 4285 vacua
1605 4232 1788 4286 exinde
1814 4249 1924 4303 pos-

324 4315 480 4370 sessio
503 4317 777 4371 immundis
805 4319 1064 4386 spiritibus
1085 4331 1274 4389 pateret
1296 4321 1624 4392 (T'ertulltan.
1653 4323 1919 4394 Apologet.

328 4425 446 4477 cap.
494 4410 710 4491 57,.col.
743 4415 895 4485 460).
931 4416 1009 4470 Ad
1061 4415 1344 4486 Scapulam
1371 4426 1628 4488 praeterea
1662 4417 1803 4471 hunc
1834 4417 1923 4472 ille

325 4505 544 4574 scripsit
571 4506 622 4558 itt
649 4507 863 4560 modum
897 4526 907 4559 :
941 4507 1005 4560 Et
1035 4510 1213 4578 quanti
1239 4510 1435 4562 honesti
1461 4511 1554 4563 viri
1583 4510 1670 4572 (de
1695 4512 1919 4580 vulgari-

2022 3303 2158 3374 ignis
2201 3302 2343 3357 illius
2371 3303 2548 3357 aeterni
2595 3317 2702 3372 quo
2748 3300 3005 3373 puniendi
3051 3310 3175 3356 sunt
3205 3299 3497 3354 dmmones.
3535 3298 3624 3352 \‘i-

2023 3393 2171 3449 desis
2216 3393 2506 3448 Eusebium
2549 3394 2666 3448 hmo
2710 3394 2762 3447 itt
2815 3407 2912 3446 sua
2961 3392 3030 3448 de
3078 3391 3416 3446 Constantini
3447 3391 3624 3462 Magni

2025 3483 2272 3560 laudibus
2292 3485 2538 3541 oratione
2567 3495 2904 3540 enarrantem
2927 3525 2944 3548 ,
2991 3485 3236 3554 aliosque
3258 3499 3286 3538 a
3310 3484 3465 3539 nobis
3495 3483 3622 3540 alibi

2023 3577 2215 3631 citatos
2233 3576 2448 3644 (Euseb.
2479 3587 2610 3630 orat.
2633 3578 2694 3632 de
2716 3578 2977 3632 Constant.
3005 3576 3184 3649 Magn.
3211 3577 3356 3632 laud.
3384 3595 3502 3648 cap.
3535 3579 3622 3646 ili,

2025 3686 2146 3739 pag.
2179 3668 2307 3732 638,
2339 3679 2384 3723 et
2413 3685 2548 3739 seqq.
2589 3667 2712 3722 Loc.
2743 3670 2870 3741 infr.
2895 3671 3034 3740 cit.).

2101 3759 2265 3814 llecte
2290 3775 2420 3829 ergo
2448 3759 2575 3814 inde
2603 3759 2879 3814 concludit
2904 3760 3269 3814 Tertullianus
3300 3777 3314 3814 :
3342 3759 3625 3817 Dmmones

2025 3851 2280 3907 Christum
2307 3855 2534 3909 timentes
2557 3855 2607 3907 in
2628 3851 2758 3919 Deo,
2783 3865 2828 3908 et
2847 3853 3009 3908 Deum
3031 3856 3081 3907 in
3103 3853 3324 3922 Christo,
3348 3855 3632 3926 subjiciun-

2026 3955 2108 3998 tur
2125 3947 2280 4000 servis
2313 3945 2408 4000 Dei
2436 3957 2481 4002 et
2505 3946 2695 4001 Christi
2718 3945 3050 4018 (Tertullian.
3084 3948 3353 4019 Apologet.
3385 3964 3503 4019 cap.
3533 3947 3625 4014 9.3,

2026 4057 2148 4110 pag.
2177 4040 2326 4111 410).
2373 4040 2477 4096 Sed
2523 4041 2790 4112 quomodo
2818 4027 2912 4094 eos
2943 4041 3247 4096 timebant?
3277 4051 3329 4093 ut
3374 4056 3587 4110 nequam
3608 4079 3625 4106 ,

2027 4135 2226 4206 inquit,
2275 4137 2406 4189 servi
2456 4147 2591 4189 ntetu
2618 4134 2780 4207 (Ibid.
2815 4152 2932 4206 cap.
2961 4135 3054 4200 27,
3088 4151 3207 4204 pag.
3234 4133 3366 4204 452)
3391 4149 3407 4199 ;
3435 4148 3625 4204 quem-

2026 4230 2318 4286 admodum
2373 4231 2424 4284 in
2482 4229 2861 4300 manuscriptis
2913 4228 3108 4282 nostris
3155 4227 3430 4282 codicibus
3493 4226 3627 4296 legi-

2027 4339 2166 4380 tnns.
2202 4323 2398 4378 Servili
2431 4321 2595 4392 igitur
2624 4322 2818 4376 timore
2842 4319 3114 4375 Christum
3142 4320 3365 4391 ejusque
3390 4319 3628 4388 discipu-

2029 4415 2107 4468 los
2137 4415 2446 4470 metuebant
2477 4430 2490 4468 :
2522 4413 2586 4466 Et
2617 4412 2828 4476 odium,
2857 4413 3027 4482 pergit
3079 4412 3166 4466 ille
3187 4452 3200 4474 ,
3231 4412 3381 4463 timor
3426 4412 3624 4476 spirat,

2027 4508 2146 4571 sive,
2185 4516 2241 4560 ut
2265 4507 2338 4560 ait
2364 4504 2614 4558 Minatius
2644 4523 2656 4558 :
2685 4503 2857 4558 odium
2909 4505 3069 4557 nostri
3113 4513 3286 4557 serunt
3317 4501 3512 4555 occulte
3539 4516 3629 4570 per

326 4596 423 4650 bus
445 4599 577 4650 enim
606 4615 706 4652 tton
737 4599 970 4672 dicimus)
987 4613 1074 4654 aut
1098 4619 1129 4654 a
1154 4603 1421 4655 tlattnoniis
1440 4613 1526 4655 aut
1552 4603 1924 4658 valetudinibus
1950 4591 2002 4652 D
2031 4600 2263 4651 timorem
2308 4595 2386 4667 (JI
2396 4597 2524 4651 inut.
2573 4595 2750 4650 Octav.
2781 4611 2899 4665 pag.
2941 4595 3094 4663 9.55).
3124 4594 3404 4646 [)znmtmcs
3450 4591 3629 4658 itaque

325 4689 595 4742 remctliati
631 4701 747 4744 sunt
786 4691 976 4762 (Idem,
1001 4694 1069 4746 ad
1107 4693 1323 4763 Scapul.
1347 4711 1463 4763 cap.
1491 4694 1566 4765 4).
1591 4694 1720 4760 Quis
1744 4704 1922 4749 autem

325 4779 445 4835 haec
475 4797 580 4836 non
608 4781 778 4837 solum
807 4785 874 4838 a’b
905 4785 1220 4852 Exercistis,
1251 4785 1344 4840 sed
1377 4787 1444 4838 ab
1483 4787 1731 4841 omnibus
1777 4787 1924 4841 chri-

325 4875 516 4931 stianis
563 4876 701 4932 facta
758 4878 926 4936 fuisse
984 4879 1342 4934 diilitebitur?
1398 4879 1567 4934 Minor
1613 4879 1757 4936 enim
1812 4888 1929 4934 erat

329 4980 458 5025 tunc
487 4971 878 5032 exorcistarum
910 4989 1170 5028 numerus
1193 5016 1206 5037 ,
1236 4990 1399 5044 quam
1431 4983 1488 5029 ut
1519 4974 1551 5028 ii
1575 4975 1674 5028 soli
1723 4983 1924 5028 tantam

327 5061 608 5120 hominum
635 5065 1038 5123 multitudinem
1067 5083 1094 5122 a
1119 5066 1428 5123 daemonum
1453 5067 1755 5124 incursibus
1786 5065 1922 5122 libe-

327 5166 530 5212 rarent.

398 5250 760 5318 Quamobrem
807 5267 930 5307 cum
982 5253 1185 5309 ethnici
1233 5253 1531 5324 objieercnt
1589 5251 1928 5308 Christianos

327 5341 638 5411 reipttblictu
669 5358 892 5414 prorsus
921 5358 1043 5398 esse
1096 5345 1311 5399 inutil‘cs
1337 5387 1351 5411 ,
1383 5345 1508 5398 illos
1559 5344 1637 5398 sic
1685 5343 1879 5398 refellit
1912 5361 1928 5398 :

329 5433 522 5502 Quanti
549 5436 739 5492 habetis
763 5477 778 5503 ,
811 5438 899 5508 qui
910 5443 1026 5509 jam
1055 5436 1120 5492 de
1148 5438 1287 5490 vobis
1313 5437 1570 5491 daemonia
1613 5438 1872 5489 excutiant
1905 5435 1932 5488 ?

325 5525 510 5598 (Ibid.
556 5545 672 5600 cap.
700 5530 772 5586 45
813 5531 853 5599 ).
897 5531 1074 5601 Atque
1129 5529 1201 5584 ita
1229 5529 1446 5600 quidem
1503 5529 1556 5583 in
1596 5528 1795 5582 nostris
1831 5543 1930 5582 co.

322 5620 534 5675 dieibus
597 5622 996 5692 manuscriplis.
1046 5619 1161 5677 Non
1230 5621 1411 5676 minus
1461 5629 1641 5674 autem
1690 5619 1828 5674 bene
1873 5617 1930 5673 in

321 5711 559 5779 antiquis
587 5712 918 5768 editionibns
941 5755 958 5780 ,
989 5713 1223 5780 Quantas
1244 5727 1259 5779 ;
1282 5723 1336 5768 et
1362 5713 1414 5767 in
1444 5709 1698 5767 Lacerdte
1729 5709 1926 5765 editio-

312 5819 386 5860 ne
405 5843 420 5870 ,
463 5803 706 5875 Quando.
733 5801 1052 5866 Tertulliani
1083 5808 1231 5867 enim
1261 5820 1451 5866 sensus
1485 5814 1569 5866 est
1600 5821 1614 5863 :
1644 5805 1701 5866 Si
1725 5803 1921 5865 Chris-

2033 4699 2086 4743 et
2109 4689 2340 4758 subjecti
2370 4697 2523 4742 erant
2546 4687 2882 4750 Christianis,
2917 4696 2970 4740 et
2997 4700 3092 4740 eos
3137 4683 3296 4738 etiam
3327 4681 3580 4737 timebant
3610 4721 3624 4746 ,

2030 4792 2192 4852 atque
2217 4781 2420 4836 idcirco
2450 4779 2693 4835 oderant.
2728 4778 2921 4845 Quidni
2968 4775 3258 4831 timerent?
3287 4773 3626 4845 quandoqui-

2031 4875 2153 4930 dem
2183 4875 2250 4929 ab
2278 4874 2390 4929 illis
2418 4873 2718 4943 subiguntur
2743 4913 2758 4938 ,
2790 4871 2864 4925 ait
2891 4868 3069 4924 adhuc
3095 4877 3282 4922 auctor
3331 4877 3514 4924 noster
3534 4908 3548 4933 ,
3581 4875 3628 4920 ct

2031 4968 2312 5022 conditioni
2339 4982 2446 5021 sua:
2466 4964 2730 5020 succidunt
2753 5005 2766 5028 ,
2798 4971 2844 5018 et
2870 4979 2999 5034 quos
3027 4960 3089 5016 de
3137 4960 3414 5032 longinquo
3463 4976 3629 5030 oppu-

2031 5067 2210 5131 gnant,
2239 5060 2300 5112 de
2325 5059 2556 5130 proximo
2579 5058 2842 5112 obsecrant
2867 5054 3201 5128 (Tertullian.
3232 5054 3358 5109 ibid.
3387 5069 3502 5122 cap.
3531 5052 3624 5120 27,

2032 5158 2133 5206 cot.
2167 5152 2318 5221 452).
2353 5149 2508 5220 Atqui
2539 5150 2583 5203 si
2615 5164 2708 5204 eos
2734 5149 3020 5203 obsecrant
3044 5189 3058 5214 ,
3093 5146 3278 5201 timent
3299 5186 3316 5212 ,
3345 5144 3574 5200 oderunt
3607 5183 3622 5208 ,

2040 5247 2210 5315 iisque
2237 5244 2596 5314 subjiciuntur
2615 5285 2628 5308 ,
2662 5257 2792 5312 ergo
2820 5241 2888 5296 ab
2918 5241 3022 5294 illis
3049 5241 3277 5310 adjnrati
3300 5281 3314 5306 ,
3343 5256 3449 5294 non
3483 5255 3630 5293 nzen-

2035 5339 2305 5393 tiebantur
2332 5335 2590 5407 proiecto,
2615 5335 2711 5389 sed
2744 5345 2852 5388 tum
2885 5349 3032 5399 vere,
3061 5334 3201 5388 sicut
3237 5331 3345 5402 jam
3373 5331 3627 5398 diximus,

2032 5431 2338 5485 fatebantur
2364 5445 2424 5484 se
2477 5443 2665 5484 reveta
2711 5442 2833 5482 esse
2863 5425 3173 5489 daemones,
3228 5434 3282 5480 et
3322 5424 3630 5492 neutiquam

2036 5524 2166 5580 deos
2187 5566 2200 5588 ,
2229 5537 2295 5578 ac
2323 5537 2487 5576 tmutn
2518 5520 2796 5576 dumtaxat
2824 5534 2948 5573 esse
2976 5519 3164 5572 Deum.
3195 5517 3327 5571 Tam
3355 5530 3480 5570 vera
3510 5529 3632 5583 por--

2030 5633 2093 5672 ro
2124 5617 2210 5671 illa
2232 5613 2525 5680 confessio,
2553 5624 2657 5668 tam
2678 5612 2972 5682 publicum,
2996 5610 3168 5679 inquit
3191 5611 3394 5663 Auctor
3419 5614 3626 5671 noster,

2031 5709 2400 5766 testimonium
2431 5705 2770 5761 Christianos
2805 5705 2982 5758 facere
3013 5701 3244 5764 solebat,
3277 5717 3339 5756 ac
3364 5696 3631 5754 Christiao

2029 5817 2112 5862 na:
2132 5799 2407 5870 religionis
2432 5797 2672 5857 stabilire
2696 5806 2750 5857 et
2775 5795 3095 5854 conﬁrmare
3125 5793 3406 5852 veritatem
3446 5786 3614 5864 (Ibid.
