4198 6260
590 252 695 315 est
1658 247 1730 311 IN
1764 246 2225 311 TERTULUANI
2260 224 2792 311 APOLOGMICUM

597 370 699 427 col.
737 366 831 436 23,
860 382 982 443 pag.
1009 362 1126 435 26).
1155 361 1263 420 Sed
1290 362 1359 420 de
1381 362 1467 420 bis
1487 362 1694 434 egimus
1738 363 1794 420 in
1823 362 2192 435 superioribus
2217 370 2274 431 Α
2296 365 2517 421 candos.
2547 346 2785 421 Primum
2813 332 3019 421 autem:
3034 364 3276 423 desumit
3296 377 3363 421 ex
3403 362 3613 422 infinita
3656 368 3906 438 potentia

597 465 797 524 nostris
820 456 1283 519 dissertationibus
1311 456 1620 542 (Dissertat.
1645 457 1701 513 in
1728 456 1922 514 uiuat.
1954 473 2075 527 cap.
2097 456 2192 525 20,

601 567 703 613 art.
733 558 787 623 5,
816 556 868 608 in
888 552 1081 607 Arnob.
1099 566 1218 621 cap.
1243 550 1299 617 5,
1329 559 1429 604 art.
1449 565 1488 617 ι,
1516 549 1572 604 in
1596 546 1836 607 Lactant.
1864 566 1980 620 cap.
2008 550 2065 616 9,
2090 557 2191 605 art.

598 650 655 718 2,
681 664 798 717 cap.
833 644 924 711 16,
964 652 1064 698 art.
1094 658 1141 711 ι,
1190 657 1307 714 cap.
1339 640 1433 709 20,
1464 651 1563 696 art.
1598 641 1651 710 7,
1683 658 1800 713 cap.
1828 642 1920 708 '53,
1951 650 2053 697 art.
2086 641 2121 696 4
2149 638 2191 712 ).

671 741 739 795 At
763 752 862 795 nos
876 738 986 808 jam
1009 735 1075 792 ad
1116 734 1218 797 alia
1246 734 1411 792 solito
1452 734 1970 815 more-captabanda
2000 748 2195 804 prOpe-

597 841 784 891 rantes
812 829 1006 900 aliquis
1029 827 1251 884 forsitan
1276 826 1575 884 retardabit
1602 868 1616 892 ,
1644 835 1717 884 .et
1743 842 1775 882 a
1808 826 1965 885 nobis
2004 826 2194 882 scisci-

600 925 799 981 tabitur
826 938 923 978 cur
955 922 1157 979 Auctor
1194 908 1381 979 noster
1427 912 1628 977 dixerit
1670 920 1925 977 dwmoncs
1951 919 2012 975 ob
2046 919 2198 973 mali-

601 1022 725 1075 tiam
762 1018 1169 1092 praedamnatos,
1215 1023 1271 1072 et
1338 1023 1523 1085 postea
1566 1013 1865 1084 adjeccrit,
1930 1013 2198 1084 desperata

603 1113 830 1169 conditio
883 1126 1055 1166 eorum
1111 1125 1176 1164 ea:
1215 1107 1650 1178 prtedantnatione
1696 1105 1934 1160 solatium
1995 1114 2197 1173 reputat

547 1252 550 1256 .
611 1205 843 1278 fruenda:
886 1204 1086 1257 interim
1130 1202 1467 1273 malignitatis
1516 1200 1581 1256 de
1609 1215 1771 1270 paena:
1798 1215 1943 1254 mora
1973 1197 2195 1270 (Tertul.

598 1299 866 1369 Apologet.
912 1312 1028 1363 cap.
1059 1293 1151 1360 22,
1198 1311 1245 1347 c.
1286 1292 1430 1358 £04;
1478 1292 1603 1349 ibid.
1656 1292 1754 1347 col.
1794 1291 1886 1355 27,
1940 1308 1995 1361 p.
2043 1290 2194 1363 432).

601 1376 858 1458 Qttzcnam
887 1396 1002 1452 est,
1033 1386 1239 1457 inquiet
1268 1385 1392 1449 ille,
1444 1382 1561 1439 hac
1586 1383 1890 1441 daemonum
1937 1382 2203 1454 praedam-

600 1478 748 1541 natio
780 1485 834 1531 ct
861 1491 1034 1547 paena:
1058 1489 1209 1530 mora
1231 1514 1245 1539 ,
1275 1488 1339 1528 ac
1364 1472 1632 1543 quodnam
1661 1472 1902 1529 fruendae
1950 1473 2198 1544 maligni-

598 1570 724 1625 tatis
751 1568 1002 1624 solatium
1026 1567 1049 1621 ?
1069 1565 1202 1622 Nam
1229 1564 1370 1620 idem
1396 1565 1510 1636 ipse
1536 1562 1903 1621 'l‘ertullianus
1942 1580 2049 1620 non
2096 1565 2200 1618 mi-

600 1675 703 1716 nus
756 1661 1073 1730 perspicue,
1123 1658 1198 1712 uti
1257 1656 1604 1725 monuimus,
1660 1656 1878 1713 dixerat
1920 1672 1989 1715 ex
2030 1657 2200 1713 sacris

2297 456 2428 522 Dei,
2459 457 2559 525 Qui
2582 465 2778 512 tantum
2806 499 2820 523 ,
2865 457 3068 527 inquit,
3095 457 3196 511 hoc
3222 456 3400 511 mundi
3444 471 3632 526 corpus
3677 459 3746 512 de
3799 474 3902 527 eo,

2294 550 2432 622 quod
2460 567 2564 605 non
2589 553 2790 622 fuerat,
2819 548 2873 605 id
2897 559 3018 619 est,
3047 564 3116 606 ex
3144 549 3313 607 nihilo
3363 551 3650 620 composuit
3678 550 3908 623 (Tertul-
3944 578 3953 589 ι

2296 644 2423 698 lian.
2453 642 2716 714 Apologet.
2747 659 2862 714 cap.
2889 642 2981 711 48,
3036 642 3138 697 col.
3175 641 3332 711 520),
3362 643 3475 698 sive
3517 651 3577 697 ut
3619 644 3795 701 ηοειή
3843 654 3900 702 et

2295 746 2421 792 ante
2450 736 2735 807 Rigaltium
2766 735 2894 793 editi
2945 735 3161 793 codices
3191 735 3425 803 habent,
3454 736 3743 806 imposuit,
3796 752 3900 795 seu

2290 828 2498 885 creavit
2522 868 2537 894 ,
2566 828 2610 881 is
2629 837 2778 884 certe
2805 827 2924 898 ipse
2956 835 3133 897 potest
3156 826 3404 882 homines
3445 826 3511 881 de
3536 836 3699 882 morte
3748 844 3907 884 vaca-

2297 920 2450 975 tionis
2477 928 2524 974 et
2549 920 2816 975 inanitatis
2833 959 2847 985 ,
2872 920 2977 973 hoc
2999 928 3083 974 est
3106 960 3122 984 ,
3146 918 3216 974 ab
3235 927 3410 974 morte
3429 958 3445 984 ,
3469 917 3586 974 sive
3613 919 3903 986 inanitate,

2298 1026 2360 1065 ac
2394 1009 2690 1080 privatione
2717 1010 2840 1065 vita:
2859 1008 2925 1063 ad
2953 1009 3247 1064 secundam
3278 1008 3443 1081 vitam
3465 1010 3730 1065 excitare.
3762 1010 3905 1066 Nam

2300 1102 2355 1156 bi
2388 1117 2549 1157 unam
2578 1100 2952 1157 tantummodo
2972 1099 3211 1156 efficiunt
3234 1108 3446 1170 partem
3476 1102 3679 1168 mundi,
3731 1117 3907 1173 quem

2300 1202 2512 1249 constat
2538 1208 2659 1250 esse
2679 1193 2975 1248 animatum
3003 1193 3186 1264 spiritu
3213 1193 3443 1248 omnium
3489 1193 3788 1249 animatore.
3836 1194 3913 1251 Et

2302 1287 2374 1342 ita
2401 1286 2629 1358 quidem
2658 1285 2925 1357 Rigaltius
2943 1325 2958 1349 ,
2988 1296 3042 1341 et
3078 1284 3167 1341 alii
3194 1285 3450 1354 deinceps
3478 1284 3615 1341 hunc
3636 1285 3914 1361 exhibent

2301 1378 2617 1439 Tertulliani
2647 1388 2875 1436 textum.
2902 1378 3094 1439 Melius
3114 1393 3246 1437 vero
3266 1380 3438 1434 nostri
3455 1379 3905 1450 antiquioresque

2300 1470 2485 1543 excusi
2535 1469 2749 1525 codices
2771 1510 2788 1535 ,
2829 1470 3113 1525 animatum
3140 1469 3326 1540 spiritu
3352 1470 3579 1525 omnium
3602 1471 3904 1531 uitiatarum

2300 1563 2599 1617 animatore.
2621 1561 2804 1617 Nostri
2826 1561 3092 1633 siquidem
3113 1560 3364 1617 Auctoris
3379 1563 3777 1632 argumentatio
3796 1563 3901 1619 du-

2301 1655 2442 1712 citur
2467 1671 2498 1710 a
2529 1654 2756 1725 majori,
2784 1663 2844 1709 ut
2867 1654 3039 1722 aiunt,
3065 1652 3136 1710 ad
3162 1656 3343 1711 minus
3360 1696 3377 1721 ,
3400 1655 3516 1709 sive
3537 1669 3569 1709 a
3594 1663 3737 1721 toto,
3758 1654 3909 1725 quod

586 1753 906 1829 rScripturis
950 1751 1130 1822 colligi
1176 1750 1480 1805 daemonum
1530 1759 1747 1822 gentem
1797 1766 1920 1808 cum
1940 1752 2049 1807 ~sui
2098 1768 2196 1824 ge-
2224 1765 2275 1827 Β
2302 1747 2641 1815 factum'fuit,
2669 1747 2735 1803 ad
2761 1755 2963 1817 partem
2986 1761 3109 1817 qua:
3134 1745 3249 1803 fieri
3280 1732 3482 1801 idcirco
3510 1755 3711 1816 potest.
3751 1746 3908 1802 blun-

601 1845 748 1899 neris
775 1842 1118 1909 auctoribus,
1148 1856 1211 1897 ac
1231 1842 1473 1912 principe
1521 1857 1645 1897 esse
1673 1858 1783 1898 non
1812 1842 2027 1913 quidem
2059 1859 2197 1915 prte-

601 1937 940 2003 damnatam,
996 1936 1093 1991 sed
1140 1935 1389 1991 absolute
1447 1934 1774 1990 damnatam.
1837 1936 1905 1991 At
1948 1937 2199 2008 quamvis

602 2039 752 2086 certa
780 2029 848 2083 sit
878 2027 1184 2099 daemonum
1214 2027 1491 2083 damnatio
1513 2069 1526 2095 ,
1558 2043 1664 2082 non
1697 2027 1752 2082 hi
1781 2035 1959 2083 tamen
1990 2028 2200 2085 debitas

603 2135 792 2175 omnes
819 2117 1114 2174 sceleribus
1144 2118 1257 2172 suis
1288 2131 1475 2189 poenas
1523 2118 1696 2191 luunt.
1726 2117 1941 2174 Etenim
1973 2118 2026 2173 in
2066 2118 2200 2190 ipsis

601 2213 762 2269 etiam
809 2213 978 2267 sacris
1018 2211 1310 2282 Scripturis
1354 2211 1569 2266 Christo
1597 2211 1818 2267 domino
1844 2213 2199 2283 exprobrasse

574 2306 885 2391 ,dicuutur:
915 2302 1105 2360 Venisti
1126 2305 1225 2358 huc
1248 2312 1366 2357 ante
1385 2312 1583 2375 tempus
1605 2314 1835 2375 torquere
1860 2321 1950 2359 nos
1978 2303 2195 2376 (Matth.

599 2415 716 2470 cap.
748 2398 802 2464 8,
849 2398 884 2469 ᾗ
910 2435 925 2451 .
949 2396 1063 2467 29}.
1089 2396 1197 2452 Sed
1246 2396 1362 2452 lucc
1388 2397 1720 2467 Augustinus
1751 2411 1819 2452 ex
1848 2397 1993 2452 Petri
2041 2411 2198 2468 apos-

602 2491 693 2546 toli
722 2490 949 2562 cpistola
976 2488 1175 2544 clarius
1199 2490 1483 2559 exposuit:
1508 2487 1756 2544 Peccasse
1773 2488 2023 2558 quosdam
2042 2505 2202 2561 ange-

601 2582 709 2649 los,
741 2582 946 2653 inquit,
972 2582 1022 2645 _el
1046 2581 1098 2635 in
1125 2582 1279 2651 hujus
1328 2580 1507 2635 mundi
1535 2581 1638 2635 ima
1677 2587 1946 2649 detrusus,
1991 2583 2077 2654 qui
2127 2584 2200 2638 eis

556 2664 563 2673 ’
599 2676 733 2730 velut
758 2691 930 2730 carcer
960 2684 1030 2730 est
1054 2716 1069 2742 ,
1122 2674 1280 2745 iisque
1307 2673 1377 2726 ad
1404 2678 1632 2746 futuram
1657 2674 1712 2731 in
1753 2675 1837 2729 die
1847 2675 2035 2745 judicii
2080 2677 2199 2731 ulti-

600 2762 740 2821 mam
760 2767 1137 2821 damnationem
1159 2766 1420 2837 apostolus
1452 2764 1638 2823 Petrus
1680 2768 1999 2838 apertissime
2020 2778 2191 2825 osten-

602 2860 713 2926 dit,
740 2859 913 2912 dicens
943 2858 1079 2928 quod
1114 2857 1255 2913 Deus
1283 2855 1478 2930 angelis
1521 2858 1866 2929 peccatoribus
1890 2875 1993 2915 non
2020 2876 2202 2932 peper-

602 2951 725 3005 cerit
752 2991 766 3015 ,
799 2950 888 3003 sed
907 2950 1192 3007 carceribus
1213 2950 1447 3021 caliginis
1465 2950 1652 3023 inferni
1682 2952 1978 3018 retrudens,
2034 2952 2201 3008 tradi-

560 3030 561 3033 η
602 3043 731 3099 derit
760 3045 811 3097 in
849 3042 1049 3114 judicio
1100 3043 1384 3115 puniendos
1420 3044 1670 3100 reseruari
1714 3044 1956 3118 (August.
1996 3046 2086 3103 lib.
2126 3045 2198 3113 X,

2302 1839 2400 1895 dus
2423 1880 2441 1908 ,
2474 1839 2643 1911 inquit
2667 1880 2684 1908 ,
2712 1840 3014 1906 animatus,
3045 1838 3161 1895 sive
3188 1847 3402 1895 creatus
3427 1846 3511 1893 est
3556 1853 3589 1892 a
3612 1838 3709 1892 Dei
3737 1838 3903 1910 spiri-

2301 1942 2360 1990 tu
2384 1975 2399 2003 ,
2426 1935 2668 1993 omnium
2694 1933 2997 1989 animarum
3029 1931 3369 1997 animatore;
3415 1946 3549 2001 ergo
3590 1931 3740 1988 idem
3784 1933 3910 2002 ipse

2302 2028 2400 2084 Dei
2428 2028 2654 2099 spiritus
2678 2035 2862 2098 potest
2889 2026 3140 2082 homines
3187 2040 3293 2081 non
3344 2026 3617 2092 omnium,
3656 2026 3757 2082 sed
3804 2042 3911 2083 suo

2303 2130 2508 2177 tantum
2531 2161 2545 2187 ,
2574 2121 2767 2191 spiritu
2784 2120 3056 2183 animatos
3081 2126 3203 2188 post
3227 2131 3415 2174 eorum
3445 2128 3673 2174 mortem
3703 2119 3909 2176 iterum

2301 2216 2575 2280 animare,
2614 2223 2673 2269 et
2709 2226 2896 2268 rursus
2921 2227 3026 2268 non
3056 2226 3127 2269 ex
3151 2212 3319 2267 nihilo
3342 2253 3357 2279 ,
3387 2212 3463 2267 uti
3486 2212 3637 2282 prius
3657 2252 3674 2277 ,
3706 2211 3805 2268 sed
3836 2212 3909 2269 ab

2298 2306 2522 2363 interitu
2545 2347 2562 2375 ,
2588 2316 2645 2363 et
2670 2306 2775 2361 vita
2800 2314 2960 2362 antea
2978 2304 3257 2376 deperdita
3277 2345 3296 2373 ,
3336 2303 3407 2361 ad
3433 2304 3727 2361 secundam
3754 2319 3910 2361 earn-

2300 2397 2534 2469 demque
2554 2411 2840 2455 revocare.
3084 2465 3106 2477 \
3176 2468 3182 2473 ἡ

2296 2496 2327 2558 ρ
2374 2493 2512 2564 Quid
2535 2508 2664 2555 vero
2685 2534 2701 2559 ,
2732 2492 2872 2563 quod
2899 2493 3017 2549 haec
3045 2493 3160 2563 ipsa
3211 2492 3306 2548 Dei
3359 2492 3427 2549 ad
3457 2502 3695 2548 mortuos
3724 2491 3913 2548 horni-

2302 2601 2398 2642 nes
2425 2585 2837 2647 exsuscitandos
2866 2586 3106 2656 potentia
3131 2600 3236 2640 non
3258 2585 3426 2641 totius
3447 2594 3646 2641 tantum
3674 2585 3907 2651 mundi,

2296 2682 2396 2739 sed
2424 2683 2536 2751 ipsa
2566 2679 2727 2741 etiam
2756 2679 2866 2735 sola
2898 2678 3137 2735 hominis
3180 2679 3460 2735 creatione
3483 2693 3516 2734 a
3563 2676 3910 2735 Tertulliano

2301 2770 2601 2829 luculenter
2649 2770 3071 2826 demonstratur.
3128 2770 3306 2827 Homo
3363 2771 3566 2826 etenim
3606 2780 3910 2840 antequam

2300 2870 2618 2930 crearetur,
2646 2862 2781 2917 nihil
2806 2871 2962 2929 erat,
2992 2862 3229 2933 alioquin
3260 2846 3320 2917 se
3360 2860 3526 2918 fuisse
3573 2862 3767 2917 saltem
3806 2862 3915 2918 ali-

2302 2953 2517 3026 quando
2569 2954 2923 3011 meminisset.
2957 2954 3123 3025 Atqui
3148 2954 3192 3009 si
3238 2968 3271 3009 a
3317 2953 3668 3010 Deocreatus
3708 2963 3798 3010 est
3839 2970 3915 3011 ex

2305 3046 2514 3113 nihilo,
2581 3053 2758 3115 potest
2812 3045 2996 3116 utique
3049 3044 3240 3100 eadem
3296 3045 3390 3100 Dei
3439 3045 3676 3115 potentia
3714 3054 3772 3101 et
3807 3060 3915 3102 vo-

602 3136 666 3193 dc
689 3136 826 3190 civit.
857 3152 973 3207 cap.
1019 3136 1111 3203 55,
1143 3152 1262 3208 pag.
1294 3136 1421 3200 295,
1447 3134 1636 3191 Petrus
1673 3135 1844 3207 Epist.
1886 3138 1942 3206 2,
1992 3156 2108 3210 cap.
2141 3139 2195 3206 2,
2224 3160 2271 3224 ε
2304 3140 2511 3196 luntate
2556 3153 2588 3193 a
2640 3148 2813 3196 morte
2866 3140 3107 3195 revocari
3135 3137 3353 3210 (lbid.).
3378 3138 3495 3195 Non
3542 3140 3685 3195 enim
3732 3141 3919 3211 major

618 3230 655 3302 ᾗ
681 3267 694 3283 .
718 3228 796 3303 4).
827 3228 898 3286 At
929 3227 1042 3284 hmc
1072 3228 1351 3284 infernalis
1395 3229 1642 3303 caliginis
1662 3271 1676 3296 ,
1721 3230 1969 3302 ignisque
2018 3247 2199 3289 reser-

600 3323 710 3379 vati
735 3325 886 3379 mora
914 3337 979 3377 ac
1004 3321 1192 3377 dilatio
1220 3322 1613 3394 qualecumque
1636 3323 1768 3394 ipsis
1793 3334 1907 3380 erat
1935 3325 2203 3396 perdam-

607 3415 841 3471 nationis
894 3429 959 3470 ac
1026 3414 1350 3470 conditionis
1410 3414 1712 3484 desperata:
1767 3416 2037 3472 solatium.
2094 3416 2202 3473 Sua

605 3509 881 3565 enimvero
908 3506 1222 3562 fruebantur
1251 3507 1466 3563 interim
1497 3508 1852 3579 malignitate,
1887 3524 1992 3579 qua
2019 3508 2205 3565 Chris-

605 3600 783 3655 tianos
808 3598 875 3654 ad
901 3598 1007 3664 sui,
1031 3600 1143 3653 sive
1165 3598 1422 3655 falsorum
1445 3599 1681 3656 deorum
1702 3600 1937 3659 vidimus
1954 3642 1970 3670 ,
1999 3602 2203 3658 cultum

605 3690 694 3745 vel
723 3689 1077 3754 inducebant,
1120 3689 1205 3745 vel
1251 3689 1553 3747 efficiebant
1583 3700 1639 3745 ut
1690 3701 1985 3749 renuentes
2008 3692 2203 3750 crude-

608 3784 828 3841 lissimis
858 3784 926 3839 ad
969 3794 1200 3839 mortem
1245 3799 1415 3856 usque
1441 3778 1717 3856 suppliciis
1759 3768 2208 3843 excarnificarcn-

611 3887 718 3933 tur.
748 3880 820 3934 At
844 3877 914 3932 de
940 3876 1043 3931 hoc
1063 3890 1251 3931 eorum
1282 3876 1476 3934 solatio
1502 3877 1777 3949 dilatoque
1799 3864 2066 3948 supplicio
2111 3878 2207 3934 ali-

611 3971 1080 4046 bidisputavimus
1114 3970 1352 4044 (Dissert.
1371 3973 1426 4026 in
1443 3971 1683 4027 Lactant.
1706 3989 1824 4045 cap.
1853 3971 1946 4043 20,
1973 3981 2075 4028 art.
2102 3974 2138 4031 5
2162 3974 2204 4045 ).

1231 4108 1455 4166 CAPUT
1494 4107 1593 4164 XI.

614 4239 694 4295 De
722 4249 1037 4295 mortuorum
1059 4240 1319 4296 hominum
1356 4239 1424 4293 ad
1452 4242 1607 4294 vitam
1645 4239 1964 4296 rcvocatione
1990 4282 2005 4309 ,
2055 4251 2212 4298 extre-

686 4349 770 4387 mo
800 4329 892 4386 Dei
913 4333 1105 4399 iudicio
1129 4374 1143 4399 ,
1174 4332 1376 4387 (uternis
1405 4332 1679 4403 impiorum
1702 4333 1882 4403 panis,
1908 4350 1969 4388 ac
1991 4335 2215 4406 prtemiis

678 4426 943 4493 justorum
965 4467 979 4492 ,
1010 4436 1160 4496 atque
1192 4427 1479 4480 animarum
1522 4436 1638 4481 ante
1684 4425 1922 4482 ultimum
1966 4413 2215 4500 judicium

688 4516 1041 4588 receptaculis.

1144 4645 1450 4688 Αιιτιευιυε
1487 4646 1698 4688 1³811υό.

631 4767 824 4833 Quibus
851 4768 1163 4838 argumentis
1197 4766 1540 4821 Tertullianus
1569 4767 1852 4835 probaverit
1877 4785 2049 4826 omnes
2076 4788 2216 4826 mor-

697 4869 807 4913 tuos
829 4860 1056 4914 homines
1083 4877 1230 4930 posse
1250 4859 1319 4912 ad
1348 4862 1499 4913 vitam
1527 4861 1750 4915 revocari
1771 4903 1786 4928 ,
1840 4877 1899 4916 ac
1937 4852 2115 4917 reverti
2132 4881 2217 4919 re-

695 4952 948 5007 vocandos
984 4962 1193 5005 :utrum
1215 4953 1405 5007 anima:
1430 4953 1725 5022 corporibus
1755 4963 1938 5020 exulta,
1969 4964 2015 5009 et
2034 4956 2142 5010 sine
2167 4958 2227 5012 il-

696 5046 863 5101 lorum
890 5044 1171 5100 ministerio
1205 5046 1400 5115 possint
1429 5044 1626 5115 aliquid
1654 5062 1804 5117 agere
1827 5089 1841 5114 ,
1871 5044 2014 5118 pati,
2043 5065 2103 5103 ac
2130 5048 2224 5119 da-

697 5139 799 5194 lcre
813 5179 827 5205 ,
859 5147 904 5191 et
935 5137 1121 5192 laetari.

699 5275 781 5331 Ad
802 5274 905 5331 alia
933 5289 1077 5331 nunc
1108 5274 1496 5330 transeundum
1518 5282 1601 5330 est
1621 5274 1933 5333 christiana:
1949 5278 2221 5349 religionis

625 5369 877 5442 dogmata
904 5411 920 5437 ,
948 5385 1067 5441 qua:
1095 5369 1457 5426 Tertullianus
1486 5371 1598 5427 suis
1623 5372 1672 5426 iu
1717 5371 1866 5428 libris
1893 5382 2079 5429 contra
2098 5375 2225 5433 eth-

627 5463 780 5519 nicos
816 5463 1011 5516 asserit
1029 5475 1091 5516 ac
1114 5470 1309 5517 tuetur.
1339 5460 1515 5518 Unum
1544 5471 1720 5518 autem
1749 5480 1814 5519 ex
1843 5464 1906 5519 iis
1933 5476 2226 5537 nostraque

627 5554 1093 5611 animadversione
1121 5554 1340 5625 dignum
1371 5563 1454 5613 est
1477 5598 1491 5622 ,
1526 5555 1669 5624 quod
1696 5566 2007 5615 constanter
2037 5560 2218 5629 tradit,

625 5647 894 5718 variisque
938 5646 1205 5702 rationum
1236 5648 1521 5704 momentis
1574 5651 1764 5721 probat
1798 5666 1987 5707 omnes
2034 5654 2223 5710 omni-

628 5749 703 5793 no
725 5746 965 5793 mortuos
991 5736 1236 5795 homines
1262 5739 1331 5811 in
1375 5741 1480 5797 fine
1509 5742 1690 5814 mundi
1713 5742 1782 5799 ad
1821 5745 1985 5803 vitam
2039 5760 2099 5802 re
2112 5727 2222 5804 vo:

2307 3230 2375 3285 ad
2409 3231 2634 3302 primum
2661 3230 2995 3287 creationem
3014 3272 3031 3299 ,
3059 3246 3221 3302 quam
3248 3232 3691 3287 instaurationem
3717 3240 3776 3288 et
3796 3248 3919 3289 res-

2308 3325 2614 3381 titutionem
2652 3325 2948 3395 requiritur
2976 3334 3238 3395 potestas.
3265 3323 3381 3380 Nec
3405 3324 3672 3381 curiosius
3692 3324 3920 3395 quidem

2305 3416 2772 3487 importuniusque
2815 3416 3061 3487 requiras
3099 3415 3373 3485 quomodo
3424 3415 3479 3471 id
3519 3416 3636 3471 fieri
3693 3425 3869 3486 queat
3903 3436 3918 3471 :

2308 3509 2449 3566 Nam
2474 3511 2691 3567 reddesi
2721 3520 2900 3583 potas,
2954 3510 3127 3580 inquit
3164 3508 3562 3575 Tertullianus,
3605 3508 3868 3564 rationem
3896 3550 3915 3580 ,

2274 3621 2407 3677 vqua
2450 3608 2622 3677 factus
2667 3620 2740 3671 es,
2772 3612 2818 3657 et
2864 3612 2984 3659 tunc
3011 3602 3210 3674 require
3236 3618 3339 3685 qua
3381 3602 3475 3671 lies
3504 3599 3698 3671 (Idem,
3730 3601 3919 3671 ibid.).

2309 3698 2423 3765 Qua
2476 3699 2754 3759 enimvero
2790 3696 3029 3767 potentia
3085 3693 3323 3766 primum
3366 3696 3538 3749 factus
3569 3709 3665 3760 es,
3717 3694 3923 3751 eadem

2310 3800 2495 3860 postea
2546 3788 2827 3847 reﬁciaris.
2850 3786 3210 3855 Quamobrem
3234 3785 3282 3843 si
3318 3785 3387 3841 de
3432 3785 3606 3857 prima
3656 3800 3767 3841 non
3808 3786 3923 3843 du-

2309 3882 2485 3949 bitas,
2536 3879 2605 3939 de
2664 3877 2902 3936 secunda
2964 3876 3134 3933 multo
3178 3876 3358 3933 minus
3410 3875 3658 3933 dubitare
3697 3876 3920 3935 debet:

2311 3975 2518 4030 Etenim
2540 3973 2745 4046 facilius
2792 3973 2996 4043 utique,
3028 3970 3106 4025 uti
3152 3970 3244 4026 ille
3268 3968 3446 4026 adhuc
3470 3970 3582 4036 ait,
3624 3971 3752 4038 ﬁes,
3775 3971 3923 4040 quod

2310 4068 2459 4139 fuisti
2478 4069 2788 4139 aliquando,
2812 4067 2935 4139 quia
2964 4081 3104 4136 atquc
3127 4081 3227 4120 non
3257 4064 3461 4136 difﬁcile
3485 4068 3652 4135 factus
3671 4081 3747 4130 es,
3777 4066 3924 4137 quod

2314 4177 2417 4215 non
2435 4160 2582 4232 fuisti
2607 4160 2886 4227 aliquando
2911 4158 3130 4229 (lbid.).
3153 4157 3331 4213 Simili
3353 4164 3529 4212 autem
3558 4157 3719 4211 modo
3742 4157 3926 4213 Minu-

2304 4254 2448 4308 -tium
2484 4252 2719 4309 Felicem
2740 4292 2755 4315 ,
2787 4249 3121 4306 Lactantium
3146 4289 3163 4316 ,
3194 4258 3250 4306 et
3298 4249 3438 4303 alios
3490 4247 3826 4327 disputantes
3854 4250 3918 4305 in

2314 4344 2683 4417 superioribus
2703 4343 3176 4400 dissertationibus
3202 4343 3504 4401 audivimus
3530 4342 3828 4413 (Dissertat.
3860 4345 3925 4400 in

2318 4439 2509 4495 Minut.
2539 4455 2655 4509 cap.
2690 4439 2743 4506 7,
2772 4447 2873 4492 art.
2913 4437 2970 4505 2,
2992 4447 3040 4491 et
3069 4439 3123 4492 in
3174 4435 3414 4493 Lactant.
3440 4453 3559 4507 cap.
3582 4437 3676 4502 29,
3704 4446 3803 4491 art.
3830 4436 3920 4510 4).

2238 4516 2295 4629 D
2392 4532 2526 4587 Atsi
2544 4530 2710 4587 hocin
2740 4530 2834 4586 Dei
2865 4537 3129 4600 potestate
3155 4537 3240 4584 est
3259 4530 3480 4584 omnino
3505 4528 3925 4599 positurumin

2320 4626 2465 4683 aliud
2493 4625 2826 4697 probandum
2869 4632 3153 4694 superest,
3204 4639 3366 4693 quam
3412 4632 3471 4678 ut
3512 4622 3566 4679 id
3614 4623 3706 4679 ille
3744 4622 3922 4690 velit.

2319 4733 2487 4789 seque
2514 4718 2747 4775 voluisse
2772 4731 2962 4773 revera
2991 4698 3398 4786 significaverii.
3426 4714 3587 4786 Atqui
3611 4713 3717 4771 hoc
3758 4715 3882 4785 ipse
3904 4756 3923 4783 ,

2320 4810 2772 4883 quemadmodum
2799 4815 2986 4863 auctor
3022 4816 3208 4863 noster
3252 4807 3488 4879 loquitur
3510 4807 3838 4875 ,‘destinauit
3875 4817 3928 4862 et

2326 4904 2617 4977 prwdicavit
2645 4901 2975 4976 (Tertullian.
3006 4898 3158 4973 ibid.)
3178 4942 3193 4968 ,
3223 4915 3324 4956 uec
3349 4900 3517 4969 semel
3547 4900 3788 4971 quidem,
3818 4900 3926 4957 sed

2325 4998 2596 5068 Stepittsiu
2618 4995 2788 5051 sacris
2826 4995 3063 5061 veteris,
3111 5009 3175 5050 ac
3208 4995 3503 5066 prmsertim
3543 4994 3667 5049 novi
3720 4993 3924 5049 Testa-

2328 5091 2495 5146 meuti
2521 5088 2833 5159 Scripturis.
2867 5086 3053 5158 Neque
3078 5086 3181 5142 huc
3206 5085 3546 5157 congerenda
3576 5096 3703 5142 sunt
3728 5101 3931 5143 earum

2326 5182 2666 5248 testimonia,
2700 5196 2822 5251 quae
2869 5179 3120 5235 omnibus
3147 5179 3347 5248 passim
3393 5178 3552 5234 obvia
3600 5188 3761 5245 sunt,
3816 5195 3928 5235 nec

2327 5276 2466 5332 ullus
2488 5264 2645 5346 plane
2663 5316 2679 5341 ,
2702 5272 2793 5345 qui
2819 5286 2914 5329 eas
2944 5272 3026 5327 vel
3054 5271 3325 5327 levissime
3385 5272 3620 5342 attigerit
3638 5313 3656 5340 ,
3705 5273 3934 5344 ignora-

2327 5387 2386 5428 re
2408 5378 2601 5442 potest.
2635 5368 2947 5424 Certissima
2974 5376 3155 5422 autem
3179 5374 3264 5422 est
3282 5406 3301 5434 ,
3325 5365 3466 5423 sicut
3485 5379 3647 5437 supra
3673 5365 3934 5423 ostendi-

2327 5480 2479 5533 mus,
2523 5464 2734 5520 illarum
2785 5462 3077 5519 auctoritas
3114 5460 3304 5533 (supr.
3360 5477 3477 5533 cap.
3514 5461 3571 5525 6,
3613 5469 3715 5515 art.
3765 5461 3823 5528 5,
3875 5469 3933 5517 et

2328 5557 2514 5632 καφ).
2540 5556 2767 5613 Constat
2785 5570 2916 5627 ergo
2938 5556 3105 5612 Deum
3130 5563 3185 5611 et
3214 5567 3372 5625 posse
3392 5592 3407 5618 ,
3433 5564 3488 5610 et
3525 5552 3691 5619 velle,
3721 5562 3780 5609 ut
3799 5567 3933 5611 ota-

2331 5666 2428 5708 nes
2451 5649 2674 5707 omnino
2699 5647 2893 5705 mortui
2948 5648 3195 5704 homines
3230 5647 3283 5705 in
3313 5646 3593 5717 pristinam
3637 5646 3764 5702 vitze
3809 5658 3941 5703 suae

2331 5744 2692 5805 conditionem
2767 5743 3174 5813 resdtuantur;
3243 5757 3309 5801 ac
3387 5742 3615 5817 proinde
3686 5741 3937 5802 futurum

4082 5982 4105 6107 ἐ
