4240 6262
382 258 497 320 893

462 464 629 525 Instat
653 462 828 521 adhuc
860 460 1222 518 Tertullianus
1245 501 1260 527 ,
1291 460 1507 530 alioque
1531 468 1848 529 argumento
1893 459 1989 515 dc-

381 564 647 612 monstrat
668 569 888 625 prorsus
925 552 1293 609 necessarium
1318 565 1439 607 esse
1460 591 1474 615 ,
1502 560 1558 605 ut
1593 564 1784 605 omnes
1810 545 1984 604 homi-

384 662 481 705 nes
505 626 699 702 mortui
722 646 788 700 ad
816 645 984 701 vitam
1009 643 1302 715 aliquando
1319 642 1560 699 redeant.
1588 641 1781 699 Totum
1800 649 1981 697 autem

384 740 514 796 illud
542 747 917 809 argumentum
949 736 1101 792 hisce
1154 736 1333 791 verbis
1360 734 1739 805 complectitur
1768 750 1780 787 :
1840 734 1985 788 Certe

384 833 500 903 quia
520 832 649 887 ratio
677 831 1017 886 restitutionis
1047 829 1322 883 destinatio
1344 827 1531 900 judicii
1562 837 1666 891 est,
1699 827 1981 880 necessario

381 924 514 979 idem
535 925 623 994 qui
641 927 811 996 fuerat
832 924 1133 988 exhibetur;
1158 932 1214 976 ut
1238 921 1357 976 boni
1407 921 1494 976 seu
1521 921 1768 975 contrarii
1814 920 1981 975 meriti

372 1018 627 1088 judicium
647 1023 780 1090 {erat
824 1016 1176 1089 (Tertullian.
1219 1015 1486 1087 Apologet.
1529 1030 1641 1084 cap.
1687 1013 1818 1083 48).
1867 1012 1977 1068 Ι)οὲ

378 1121 460 1165 cet
512 1113 692 1183 itaque
747 1111 954 1166 nullum
1004 1122 1225 1180 prorsus
1265 1122 1387 1165 esse
1436 1105 1710 1162 dubitandi
1756 1106 1970 1170 locum,

377 1203 504 1272 quin
549 1217 740 1258 omnes
772 1201 1019 1256 homines
1050 1209 1293 1255 extremo
1337 1198 1428 1254 Dei
1473 1197 1676 1268 judicio
1706 1197 1759 1251 in
1792 1195 1975 1251 mundi

375 1293 485 1350 line
529 1295 723 1350 sistere
748 1309 805 1349 se
831 1293 1081 1350 debeant.
1124 1291 1268 1346 Fieri
1307 1297 1484 1345 autem
1510 1287 1561 1343 id
1603 1303 1707 1343 non
1749 1295 1968 1359 potest,

374 1389 477 1443 nisi
504 1388 570 1443 ad
618 1390 779 1443 vitam
830 1394 1390 1456 revertantur,atque
1418 1398 1724 1455 supremam
1782 1397 1974 1438 scam-

371 1480 499 1534 dum
528 1495 623 1536 sua
654 1480 739 1535 vel
767 1479 905 1535 bona
936 1478 1018 1534 vel
1048 1479 1181 1533 mala
1211 1477 1403 1533 merita
1432 1475 1780 1540 sententiam,
1811 1483 1972 1545 atque

369 1573 657 1642 praemium
687 1581 778 1627 aut
808 1586 1018 1641 pinnam
1046 1587 1076 1624 a
1111 1570 1220 1625 Deo
1253 1569 1539 1639 accipiant.

438 1664 545 1720 Sed
574 1666 677 1719 hoc
719 1674 1092 1734 argumentum
1130 1664 1330 1715 Auctor
1373 1669 1559 1738 noster
1598 1658 1757 1729 longe
1800 1657 1968 1713 fusius

1532 245 1984 311 DISSERTATIO
2018 249 2088 311 Β.
2125 250 2218 311 LE
2254 250 2557 311 NOURRY.

388 372 635 444 proiecto
654 383 781 433 esse
806 368 1022 426 illorum
1052 381 1272 424 omnem
1299 366 1366 423 ad
1395 364 1557 435 vitam
1600 367 1984 423 reversionem.
2016 366 2069 427 Α
2092 382 2180 424 ma
2220 369 2352 425 nihil
2395 383 2617 439 prorsus
2648 368 2939 442 quidquam
2976 371 3095 428 sine
3138 384 3301 430 carne
3324 371 3431 442 pati
3474 340 3690 444 potest?

3583 252 3694 318 θοι

2090 458 2166 515 ita
2207 474 2336 516 sane
2361 502 2375 527 ,
2410 460 2612 532 inquiet
2671 462 2863 531 aliquis
2889 504 2904 530 ,
2937 464 3257 533 opinabatur
3304 465 3685 523 Tertullianus.

2090 552 2221 607 Nam
2250 554 2357 609 alio
2378 554 2470 621 ille
2496 554 2550 609 in
2582 554 2723 609 libro
2767 546 2999 611 animam
3042 555 3126 611 bis
3177 556 3505 627 totidemque
3534 573 3685 635 com-

2090 646 2253 715 pellat
2290 647 2467 703 verbis
2491 648 2510 717 (
2536 647 2707 714 Idem,
2740 649 2831 703 lib.
2873 649 2937 704 de
2970 649 3177 705 Testim.
3229 650 3384 704 anim.
3425 667 3541 722 cap.
3574 653 3631 722 6)
3667 667 3681 707 :

2087 739 2408 810 A/irmamus
2454 748 2501 793 te
2548 756 2752 794 manere
2804 751 2917 811 post
2964 742 3080 796 uitta
3143 742 3547 811 dispunctionem
3577 783 3592 808 ,
3635 752 3685 799 et

2085 840 2379 901 exspectare
2405 830 2539 885 diem
2566 832 2765 898 iudicii,
2809 850 3002 904 proque
3030 834 3209 888 merito
3253 844 3343 891 aut
3372 836 3685 890 excruciatui

2084 922 2361 989 destinari,
2405 934 2492 978 aut
2533 925 2800 995 refrigerio
2824 967 2839 992 ,
2870 935 3085 996 utroque
3109 927 3434 997 sempiterno.
3486 926 3682 992 Quibus

2081 1013 2393 1068 sustinendis
2428 1017 2714 1071 necessario
2736 1016 2823 1071 tibi
2851 1017 3188 1072 substantiam
3218 1019 3488 1088 pristinam
3506 1060 3521 1085 ,
3545 1021 3682 1089 ejus-

2080 1104 2296 1175 denique
2334 1106 2554 1163 hominis
2606 1110 2874 1163 materiam
2902 1120 2949 1164 et
2998 1110 3312 1164 memoriam"
3337 1126 3677 1179 reversurum,

2079 1198 2214 1265 quod
2235 1206 2281 1251 et
2312 1197 2445 1252 nihil
2495 1200 2616 1253 mali
2642 1216 2703 1253 ac
2745 1199 2865 1254 boui
2913 1201 3100 1254 sentire
3127 1202 3287 1269 possis
3312 1242 3327 1266 ,
3373 1201 3485 1256 sine
3509 1204 3678 1259 carnis

2075 1291 2385 1361 passionalis
2405 1290 2654 1362 facultate
2678 1335 2692 1359 ,
2722 1303 2768 1347 et
2791 1294 2935 1347 nulla
2955 1295 3020 1348 sit
3041 1295 3173 1348 ratio
3192 1288 3374 1366 judicii
3394 1295 3502 1349 sine
3518 1296 3677 1371 ipsius

2074 1385 2420 1453 exhibitione,
2469 1387 2557 1452 qui
2599 1388 2778 1441 meruit
2802 1388 2989 1458 judicii
3037 1388 3339 1465 passionem.
3373 1388 3483 1443 Nec
3508 1389 3676 1445 semel

2075 1477 2274 1548 igitur,
2307 1494 2408 1534 nec
2464 1478 2806 1543 dubitanter,
2858 1480 2953 1536 sed
2996 1490 3368 1535 asseverantcr
3409 1480 3670 1548 affirmat,

2074 1578 2128 1624 et
2157 1573 2354 1639 repetit
2390 1571 2623 1626 animam
2669 1571 2801 1625 nihil
2845 1587 3003 1641 posse
3043 1574 3263 1627 omnino
3309 1572 3512 1629 sentire
3556 1574 3674 1629 sine

2071 1660 2155 1716 sui
2210 1665 2471 1718 societate
2510 1664 2777 1733 corporis.
2809 1663 2939 1717 Tam
2984 1680 3168 1718 verum
3219 1674 3398 1719 autem
3455 1664 3507 1720 id
3551 1681 3673 1723 esse

363 1764 520 1825 urget
550 1756 602 1809 in
628 1770 726 1809 suo
755 1755 818 1808 de
838 1753 1231 1808 Resurrectione
1250 1752 1421 1805 carnis
1446 1750 1604 1815 libro,
1634 1749 1721 1803 ubi
1753 1750 1833 1803 sic
1853 1748 1969 1804 dis-
1996 1759 2045 1819 B
2074 1753 2363 1810 arbitratus
2389 1764 2501 1822 est,
2536 1764 2595 1810 ut
2640 1755 2763 1810 inde
2805 1755 3092 1811 concludat
3120 1755 3240 1810 ideo
3280 1757 3515 1811 iuturum
3550 1772 3673 1814 esse

362 1857 551 1920 putat:
590 1846 717 1902 Haec
756 1847 852 1901 erit
874 1856 977 1900 tota
1004 1862 1184 1900 caussa
1232 1846 1333 1899 imo
1381 1842 1655 1897 necessitas
1703 1858 1965 1897 resurrec-

364 1940 514 1995 tionis
537 1980 553 2005 ,
580 1938 1035 2009 congruentissima
1078 1937 1269 1991 scilicet
1301 1934 1405 1990 Deo
1436 1934 1711 1988 destinatio
1749 1934 1963 2003 judicii,

362 2034 428 2087 de
450 2034 594 2103 cujus
620 2031 952 2100 dispositione
972 2029 1227 2100 despicias
1252 2044 1318 2082 an
1350 2027 1521 2097 utique
1541 2025 1838 2081 substantia:
1867 2025 1963 2080 hu-

360 2143 525 2183 mana:
554 2125 904 2199 diiudicanda:
926 2140 1140 2179 censura
1165 2123 1338 2177 divina
1369 2121 1636 2192 prtesideat
1654 2161 1669 2188 ,
1701 2129 1804 2174 tam
1857 2119 1966 2173 ani-

360 2237 459 2276 ma:
498 2236 652 2291 quam
697 2218 842 2273 carni
885 2216 1079 2285 (Idem,
1130 2216 1219 2270 lib.
1269 2216 1332 2269 de
1373 2223 1636 2268 resurrect.
1667 2230 1813 2267 carn.
1841 2228 1957 2282 cap.

365 2313 501 2381 14).
536 2311 709 2373 Homo
761 2309 905 2367 enim
971 2325 1079 2365 non
1148 2307 1263 2362 sola
1316 2305 1557 2377 proiecto
1616 2307 1833 2368 anima,
1863 2303 1958 2358 scd

360 2419 461 2461 suo
488 2408 645 2460 etiam
678 2417 906 2474 corpore
932 2402 1068 2458 bene
1096 2410 1187 2457 aut
1206 2401 1345 2456 male
1368 2398 1494 2470 agit.
1526 2398 1599 2454 Ea
1624 2411 1855 2469 namque
1877 2404 1959 2452 est

356 2496 554 2555 anima:
582 2510 702 2551 cum
740 2510 973 2566 corpore
1011 2495 1274 2558 societas,
1319 2500 1375 2545 ut
1411 2493 1466 2545 in
1519 2505 1708 2556 carne,
1755 2498 1802 2543 et
1842 2505 1958 2542 cum

354 2604 510 2643 carne
530 2597 578 2642 et
596 2605 688 2659 per
716 2604 919 2642 carnem
944 2596 1159 2659 agatur,
1186 2586 1320 2654 quod
1348 2584 1591 2655 agiturin
1608 2580 1761 2635 corde
1789 2579 1952 2652 (Ibid.

354 2696 468 2751 cap.
545 2681 697 2753 15),
759 2680 811 2735 id
873 2688 993 2746 est,
1073 2677 1271 2733 anima.
1314 2676 1476 2755 Quin
1540 2676 1702 2731 etiam
1754 2674 1800 2729 si
1850 2673 1953 2728 ali-

353 2773 566 2843 quando
602 2774 781 2831 anima
821 2773 934 2829 sola
972 2772 1173 2843 cogitet
1207 2813 1221 2837 ,
1257 2771 1371 2826 haec
1401 2770 1541 2824 illius
1567 2767 1819 2839 cogitatio
1866 2767 1953 2821 vix

353 2883 585 2938 unquam
634 2868 753 2925 sine
797 2869 976 2938 aliquo
1014 2865 1260 2936 corporis
1308 2864 1633 2920 commercio
1676 2862 1950 2917 habetur:

355 2960 492 3016 Nam
513 2964 557 3017 si
588 2963 778 3017 volutet
803 2962 926 3033 quid
970 2962 1176 3026 anima,
1209 2961 1283 3014 ait
1325 2959 1728 3024 Tertullianus,
1781 2957 1951 3012 vultus

351 3065 590 3126 aperatur
611 3056 856 3110 indicium
882 3096 896 3121 ,
940 3054 1461 3126 faciesintentionum
1510 3054 1736 3108 omnium
1767 3067 1950 3122 specu-

348 3151 456 3206 lum
486 3164 558 3208 est
581 3151 743 3223 (Ibid.
758 3150 802 3222 ).

419 3243 537 3300 Jam
566 3260 693 3300 vero
720 3241 1075 3314 investigandi
1105 3256 1214 3297 non
1239 3249 1320 3296 est
1345 3240 1503 3295 locus
1531 3248 1713 3295 utrum
1746 3238 1834 3294 ille
1864 3252 1953 3293 re-

350 3350 483 3393 .vera
512 3335 759 3405 opinatus
787 3335 858 3389 sit
889 3334 1023 3390 nihil
1048 3348 1269 3405 prorsus
1315 3346 1476 3402 posse
1506 3329 1739 3387 animam
1787 3344 1949 3400 agere

349 3427 473 3484 sine
500 3428 741 3497 corporis
766 3427 1095 3483 commercio
1119 3469 1134 3493 ,
1161 3434 1214 3481 et
1235 3422 1353 3481 sine
1381 3424 1524 3479 illius
1570 3423 1840 3481 sensibus.
1873 3422 1949 3479 De

346 3518 451 3575 hac
488 3520 630 3575 enim
659 3522 908 3590 opinione
932 3519 1132 3591 aliquid
1159 3517 1553 3589 praemisimus,
1606 3525 1661 3572 et
1703 3517 1948 3587 proxime

342 3616 414 3671 de
441 3631 501 3675 ea
528 3617 823 3674 dissert-adi
852 3618 1070 3673 dabitur
1089 3616 1320 3672 occasio.
1356 3599 1509 3674 Nunc
1557 3616 1736 3687 itaque
1789 3615 1945 3671 sufﬁ-

342 3711 450 3766 ciat
474 3720 766 3766 annotasse
789 3711 1049 3779 plurimos
1075 3709 1271 3776 ,sicuti
1299 3724 1460 3764 nemo
1504 3717 1704 3779 negat,
1752 3710 1945 3765 animae

342 3814 493 3859 actus
520 3820 627 3861 non
649 3805 767 3860 sine
796 3806 1040 3875 corporis
1071 3820 1436 3875 sensuumque
1482 3805 1781 3860 ministerio
1822 3820 1945 3875 per-

340 3894 448 3951 ﬁci.
484 3895 732 3951 Hominis
753 3896 950 3967 quippe
998 3910 1195 3966 corpus
1226 3896 1296 3950 ita
1355 3895 1549 3951 animae
1596 3896 1941 3968 conjunctqu

339 3996 424 4045 est
449 4031 463 4058 ,
494 3998 552 4045 ut
582 3990 814 4060 plurium
839 3989 1029 4045 saltem
1062 3990 1200 4045 bene
1226 3999 1317 4044 aut
1346 3989 1485 4045 male
1526 3990 1843 4059 meritorum
1871 3990 1943 4044 sit

340 4082 522 4153 utique
552 4083 838 4153 particeps.
872 4081 1041 4137 'l‘otus
1068 4081 1229 4151 igitur
1255 4081 1416 4143 homo
1436 4122 1449 4144 ,
1485 4080 1585 4136 huc
1610 4091 1724 4149 est,
1746 4096 1942 4152 corpus

339 4174 457 4245 ejus
481 4184 539 4233 et
561 4177 737 4231 anima
764 4176 954 4232 ultimo
975 4183 1031 4231 et
1055 4175 1365 4247 aequissimo
1390 4176 1482 4232 Dei
1507 4175 1713 4246 judicio
1738 4192 1941 4247 reprae-

337 4267 540 4322 sentari
589 4266 830 4333 debent;
884 4275 941 4321 ut
982 4276 1301 4325 cunctorum
1342 4268 1393 4322 in
1438 4256 1799 4325 hac-mortali
1832 4269 1939 4322 vita

336 4368 578 4415 actorum
609 4369 703 4416 aut
729 4376 939 4431 pinnam
963 4361 1226 4432 recipiant
1244 4370 1338 4416 aut
1364 4363 1669 4432 praemium.

406 4449 597 4522 Neque
626 4452 725 4511 Sibi
758 4457 959 4509 Auctor
987 4465 1173 4510 noster
1198 4454 1358 4523 objici
1409 4456 1607 4524 patitur
1632 4454 1803 4513 solam
1837 4454 1935 4509 ho-

2068 1848 2268 1904 mortui
2301 1845 2519 1901 humani
2567 1847 2812 1917 corporis
2840 1847 2907 1902 ad
2958 1848 3117 1902 sitam
3162 1862 3505 1917 regressum,
3548 1851 3670 1920 quia

2070 1939 2245 1993 anima
2275 1940 2392 1994 sine
2417 1940 2510 1995 illo
2535 1940 2669 1995 nihil
2700 1940 2824 1996 boni
2850 1950 2943 1996 aut
2972 1941 3097 1995 mali
3125 1956 3286 2012 agere
3313 1934 3476 1997 valet.

2140 2031 2243 2086 Sed
2277 2042 2458 2100 tuum,
2501 2036 2547 2089 si
2579 2036 2786 2105 possis,
2837 2050 3120 2090 assensum
3156 2035 3429 2105 paulisper
3473 2035 3665 2092 retine.

2067 2124 2321 2185 Animum
2352 2134 2534 2181 autem
2563 2136 2721 2182 antea
2755 2127 2918 2183 velim
2945 2128 3010 2183 ad
3043 2142 3104 2182 ea
3131 2128 3416 2193 advertas,
3450 2143 3571 2199 qua:
3598 2128 3668 2184 ab

2066 2216 2257 2273 eodem
2286 2217 2619 2274 'l‘ertulliano
2641 2219 2693 2273 iu
2723 2219 2876 2275 libris
2895 2220 2959 2274 de
2982 2220 3167 2274 Anima
3191 2261 3205 2286 ,
3238 2230 3284 2273 et
3307 2218 3665 2274 Resurrectio-

2064 2325 2128 2363 ne
2149 2311 2319 2364 carnis
2339 2309 2607 2380 disputata
2630 2320 2752 2365 sunt
2772 2354 2786 2379 ,
2819 2321 2874 2367 et
2905 2313 2992 2368 ubi
3030 2311 3152 2367 data
3178 2327 3341 2383 opera
3372 2312 3440 2368 de
3465 2312 3663 2368 mortui

2062 2404 2305 2475 corporis
2343 2403 2413 2459 ad
2454 2405 2617 2461 vitam
2650 2405 2825 2461 reditu
2847 2446 2861 2470 ,
2892 2415 2948 2461 et
2974 2407 3168 2462 animae
3210 2405 3279 2461 ad
3310 2405 3576 2477 agendum
3608 2416 3663 2461 et

2062 2495 2372 2565 patiendum
2422 2495 2675 2552 facultate
2716 2496 2935 2552 uberius
2982 2496 3218 2552 disserit.
3269 2499 3338 2552 At
3384 2499 3438 2551 in
3483 2498 3661 2566 priore

2058 2586 2198 2642 libro
2218 2586 2573 2643 disertissime
2599 2602 2663 2642 ac
2702 2588 3011 2644 ﬁrmissime
3058 2598 3333 2645 asseverat
3387 2589 3619 2643 animam
3637 2608 3661 2656 ,-

2058 2694 2089 2735 a
2117 2694 2345 2749 corpore
2384 2689 2684 2750 separatam
2707 2720 2722 2747 ,
2752 2680 2834 2735 vel
2889 2682 2994 2750 pati
3038 2678 3314 2747 dolorem,
3346 2679 3427 2733 vel
3462 2678 3659 2750 gaudio

2060 2771 2330 2843 perfundi.
2359 2771 2560 2829 Omnes
2586 2771 2854 2842 siquidem
2880 2771 3161 2827 hominum
3187 2772 3381 2825 animm
3407 2780 3528 2841 post
3567 2785 3659 2827 eo-

2055 2880 2175 2923 rum
2204 2876 2431 2920 mortem
2459 2865 2600 2935 apud
2632 2864 2834 2921 inferos
2863 2872 3080 2920 manent
3102 2905 3118 2933 ,
3166 2873 3221 2920 et
3250 2864 3374 2921 uelis
3393 2904 3409 2931 ,
3450 2864 3654 2936 inquit,

2056 2974 2117 3011 ac
2157 2958 2291 3012 nolis
2322 2967 2369 3012 et
2397 2958 2658 3028 supplicia
2670 2959 2787 3029 jam
2818 2957 2924 3012 illic
2948 2968 2995 3012 et
3019 2959 3308 3032 refrigeria.
3334 2958 3467 3013 Tum
3500 2959 3654 3014 dein-

2054 3055 2122 3104 de
2148 3050 2422 3120 objicienti
2445 3052 2549 3106 sibi
2580 3049 2968 3120 opperiendam
2994 3066 3114 3108 esse
3136 3052 3328 3107 animae
3352 3093 3367 3119 ,
3392 3061 3448 3106 ut
3476 3050 3656 3107 doleat

1976 3148 2022 3211 C
2053 3154 2148 3199 aut
2172 3143 2406 3215 gaudeat
2430 3183 2444 3210 ,
2473 3144 2685 3215 carnisf,
2719 3158 2946 3215 operum
2973 3146 3239 3200 consortis
3264 3185 3280 3212 ,
3311 3144 3655 3201 resurrectio-

2053 3252 2178 3294 nem
2202 3279 2216 3303 ,
2250 3237 2390 3292 haud
2418 3237 2724 3295 dubitanter
2769 3236 3060 3308 respondet
3088 3235 3144 3291 id
3180 3251 3289 3292 non
3316 3250 3437 3291 esse
3462 3249 3651 3295 neces-

2050 3331 2275 3387 sarium.
2320 3329 2453 3385 Nam
2500 3331 2563 3384 de
2600 3346 2731 3395 suo,
2775 3329 2854 3384 uti
2903 3329 2993 3385 ille
3042 3329 3310 3399 loquitur,
3356 3328 3539 3400 sufﬁcit
3582 3328 3651 3382 ad

2055 3433 2323 3493 utrumque
2366 3422 2568 3477 titulum
2612 3422 2885 3494 passionis.
2935 3422 3002 3476 Et
3050 3429 3198 3478 certe
3239 3419 3355 3491 ipsa
3378 3420 3494 3479 sola
3530 3420 3651 3476 sine

2052 3517 2293 3585 corporis
2328 3516 2629 3571 ministerio
2666 3516 2749 3571 vel
2778 3518 2887 3583 ira,
2918 3515 3005 3570 vel
3052 3514 3178 3570 odio
3220 3513 3510 3585 aliquando
3540 3523 3651 3570 tor-

2051 3620 2244 3680 qnetur
2267 3651 2282 3677 ,
2312 3609 2601 3680 aliquando
2641 3608 2800 3664 etiam
2829 3607 3033 3663 afﬂicto
3072 3621 3300 3677 corpore
3324 3648 3340 3675 ,
3372 3607 3446 3662 uti
3476 3606 3643 3675 Matii,

2049 3703 2314 3767 Zenonis,
2363 3711 2417 3757 et
2474 3701 2701 3756 aliorum
2762 3701 3010 3771 exetnplo
3047 3700 3365 3766 conﬁrmat,
3406 3699 3650 3769 furtivum

2046 3802 2143 3856 sibi
2200 3799 2446 3872 gaudium
2485 3800 2700 3870 exquirit
2762 3798 2947 3871 (Ibid.
2981 3798 3025 3868 ).
3062 3798 3260 3853 Contra
3324 3782 3451 3852 vero
3506 3811 3644 3852 non-

2048 3909 2359 3964 nunquam,
2389 3893 2558 3948 illaesa
2590 3906 2847 3961 corpore,
2879 3891 3060 3958 dolet,
3102 3890 3365 3960 premitur
3389 3928 3402 3952 ,
3447 3895 3502 3942 et
3544 3902 3644 3943 ex-

2046 3989 2337 4044 cruciatur.
2387 3985 2549 4056 Atqui
2592 3986 2636 4040 si
2686 3987 2737 4040 in
2785 3984 2885 4040 hac
2925 3986 3029 4040 vita
3074 3994 3129 4039 et
3167 3981 3380 4053 corpori
3434 3981 3644 4051 alligata

2045 4085 2239 4155 gaudio
2287 4092 2379 4137 aut
2431 4098 2668 4139 maerore
2731 4084 2843 4137 sola
2902 4081 3172 4147 afﬁcitur,
3224 4090 3426 4151 quanto
3474 4078 3643 4149 magis

2044 4176 2259 4248 quando
2289 4184 2410 4247 post
2438 4186 2671 4231 mortem
2702 4175 2770 4229 ab
2820 4189 2887 4230 eo
2914 4175 3154 4245 sejuncta
3179 4215 3193 4237 ,
3234 4174 3479 4229 ultimum
3502 4173 3646 4244 judi-

2044 4271 2186 4326 cium
2243 4278 2537 4339 exspectat.
2599 4268 2840 4339 Denique
2892 4269 3106 4338 quidam
3167 4269 3284 4341 ejus
3347 4271 3463 4326 sine
3522 4285 3644 4326 car-
3696 4336 3708 4346 .

2045 4363 2129 4418 nis
2184 4362 2512 4419 commercio
2568 4369 2693 4417 sunt
2745 4370 2928 4423 actus,
2963 4361 3035 4414 uti
3089 4361 3191 4417 soli
3247 4363 3545 4432 cogitatus,
3587 4370 3643 4417 et

2043 4456 2200 4512 nudae
2258 4458 2598 4517 voluntates,
2654 4468 2767 4521 quae
2827 4469 3044 4508 censura
3100 4452 3274 4508 divina
3318 4453 3641 4523 prosequitur

335 4542 500 4597 minis
530 4544 760 4599 animam
791 4546 964 4601 libero
994 4549 1067 4602 uti
1097 4547 1392 4602 voluntatis
1419 4549 1673 4612 arbitrio,
1716 4557 1769 4603 et
1812 4564 1936 4604 cor—
1959 4544 2014 4604 D
2042 4548 2234 4621 (Idem,
2283 4547 2370 4601 lib.
2401 4547 2464 4600 de
2504 4546 2672 4599 Anim.
2702 4562 2831 4615 cap»
2860 4543 2987 4616 l7).
3022 4545 3099 4600 Ex
3129 4546 3320 4614 quibus
3369 4545 3460 4600 ille
3498 4543 3639 4599 hanc

333 4651 435 4705 pus
469 4645 718 4707 tanquam
754 4639 1174 4697 instrumentum
1224 4641 1279 4696 in
1309 4641 1497 4696 omnia
1543 4640 1766 4711 impelli.
1813 4642 1933 4698 Non

336 4730 480 4785 enim
508 4730 636 4786 illud
664 4740 981 4789 extraneum
1007 4735 1203 4790 aniune
1232 4734 1651 4789 instrumentum
1678 4743 1764 4790 est
1789 4775 1804 4801 ,
1836 4735 1933 4790 sed

335 4823 470 4880 adeo
495 4826 689 4882 animre
726 4810 1019 4883 adimatum
1046 4870 1061 4893 ,
1103 4836 1162 4883 ut
1186 4829 1325 4883 sicut
1363 4828 1635 4884 actionum
1676 4828 1825 4898 ejus,
1860 4829 1932 4884 ita

326 4924 385 4971 et
405 4917 719 4972 meritorum
746 4921 816 4974 sit
840 4920 1129 4991 particeps.
1154 4920 1280 4975 Post
1307 4919 1490 4975 mundi
1521 4909 1652 4990 ergo
1675 4920 1835 4975 linem
1864 4920 1930 4976 ad

327 5007 495 5065 vitam
526 5009 690 5065 debet
716 5013 996 5080 revocari,
1027 5024 1088 5068 ut
1111 5013 1258 5083 justo
1284 5013 1379 5068 Dei
1406 5012 1614 5083 judicio
1641 5028 1738 5084 pro
1768 5014 1931 5068 meri-

327 5101 395 5156 tis
426 5104 678 5172 puniatur
706 5115 797 5160 aut
828 5117 1223 5163 remuneretur.

368 5192 636 5251 'Tertium
667 5210 776 5266 quo
802 5197 1165 5253 Tertullianus
1207 5198 1436 5254 futuram
1485 5199 1718 5254 hominis
1745 5213 1928 5255 resur-

324 5284 628 5342 rectionem
659 5289 890 5358 probare
919 5290 1105 5345 nititur
1126 5330 1143 5357 ,
1166 5303 1540 5362 argumentum
1569 5307 1665 5346 sua
1695 5290 1927 5347 difﬁcul-

322 5382 433 5431 tate
464 5392 568 5433 non
595 5391 785 5447 caret,
836 5382 1186 5453 pluribusque
1218 5385 1407 5440 falsum
1450 5384 1737 5439 videbitur.
1772 5384 1926 5440 Hunc

320 5467 462 5523 enim
488 5469 583 5525 ille
608 5474 1086 5542 argumentabatur
1107 5476 1158 5530 in
1184 5476 1398 5530 modum
1423 5475 1615 5541 (Idem,
1649 5474 1919 5546 Apologet.

304 5577 440 5633 .cap.
468 5564 560 5630 48,
596 5581 718 5638 pag.
751 5566 879 5638 520)
912 5585 926 5623 :
957 5566 1082 5625 Ideo
1129 5569 1625 5641 repraesentabuntur
1652 5570 1839 5624 anima:
1875 5579 1923 5623 et

316 5670 574 5725 corpora;
602 5658 722 5727 quia
750 5676 913 5731 neque
940 5661 1049 5732 pati
1077 5662 1358 5733 quidquam
1404 5670 1565 5732 potest
1608 5662 1781 5716 animo
1809 5662 1921 5717 sola

314 5747 429 5807 sine
452 5751 663 5806 materia
682 5753 886 5822 stabili,
916 5755 972 5810 id
999 5766 1074 5814 est
1097 5799 1114 5826 ,
1144 5772 1318 5816 carne.
1347 5755 1614 5828 Numquid
1640 5770 1770 5828 ergo
1797 5758 1914 5815 ani-

2041 4642 2187 4697 elicit
2252 4640 2653 4694 conclusionem
2700 4656 2712 4690 :
2759 4635 2900 4709 Ergo
2967 4647 3171 4707 propter
3235 4638 3636 4708 congruentissi-

2039 4750 2177 4787 mum
2212 4741 2285 4786 est
2310 4732 2557 4796 animum,
2601 4730 2715 4784 licet
2758 4747 2859 4783 non
2890 4739 3179 4801 exspectata
3209 4746 3360 4784 carne
3382 4771 3394 4793 ,
3417 4731 3591 4801 puniri
3616 4773 3635 4800 ,

2035 4825 2174 4898 quod
2212 4841 2311 4878 non
2341 4824 2535 4879 sociata
2577 4840 2732 4879 carne
2758 4823 3054 4877 commisit:
3094 4822 3159 4877 sit
3184 4831 3230 4876 et
3279 4822 3340 4877 ob
3385 4824 3638 4895 cogitatus

2036 4920 2148 4988 pios
2197 4928 2244 4971 et
2295 4916 2699 4996 benevoloshin
2747 4914 2927 4986 quibus
2972 4929 3124 4969 carne
3168 4930 3272 4969 non
3322 4916 3497 4986 eguit,
3526 4915 3637 4972 sine

2033 5027 2186 5066 carne
2233 5010 2556 5065 recreabitur.
2590 5008 2791 5064 Eadem
2835 5023 3002 5087 vero,
3052 5016 3104 5063 et
3132 5007 3283 5079 plura
3327 5008 3431 5062 alia
3478 5009 3530 5062 in
3565 5008 3633 5085 lie

2034 5103 2133 5159 bro
2156 5102 2223 5158 de
2246 5102 2659 5158 Resurrectione
2689 5101 2867 5157 carnis
2895 5101 3114 5157 tradidit
3138 5141 3153 5165 ,
3208 5102 3294 5157 ubi
3328 5117 3397 5157 ex
3428 5100 3636 5171 profes-

2032 5212 2094 5252 so
2146 5196 2485 5252 demonstrat
2531 5195 2598 5250 ad
2647 5196 2809 5250 vitam
2850 5195 3188 5251 revocandos
3237 5210 3360 5251 esse
3409 5196 3630 5252 onmiao

2033 5288 2302 5346 homines.

2101 5383 2240 5453 Quid
2299 5398 2461 5454 ergo,
2508 5383 2751 5454 inquies,
2804 5381 3060 5454 numquid
3104 5382 3468 5439 Tertullianus
3523 5392 3633 5438 tam

2027 5475 2263 5532 absurde
2289 5475 2390 5530 sibi
2449 5474 2820 5529 contradixit?
2849 5473 2955 5530 Sed
2996 5474 3041 5529 si
3082 5489 3401 5543 suspensum
3450 5472 3626 5529 adhuc

2024 5571 2265 5625 animum
2289 5568 2486 5625 habere
2517 5568 2681 5634 velis,
2713 5567 2971 5624 sublatam
3003 5568 3073 5623 ab
3099 5567 3215 5638 ipso
3244 5568 3451 5624 videbis
3484 5567 3622 5625 hanc

2024 5656 2236 5718 tametsi
2274 5677 2382 5719 non
2408 5660 2683 5716 minimam
2714 5660 3154 5717 contradictionis
3180 5661 3441 5732 speciem.
3480 5659 3618 5718 Nam

2022 5756 2076 5815 in
2105 5756 2298 5815 eodem
2326 5755 2394 5813 de
2423 5755 2841 5813 Resurrectione
2871 5754 3008 5812 libro
3033 5769 3096 5811 ea
3131 5756 3355 5831 repetit,
3388 5770 3509 5827 qua:
3534 5754 3629 5813 di-
