4198 6260
545 210 657 271 895

549 334 739 396 serat,
804 327 1014 385 animas
1075 338 1213 382 nunc
1270 304 1495 397 torqueri
1549 324 1804 398 {onerique
1857 340 2011 397 penes
2064 306 2147 379 in-

1635 205 1703 267 lN
1740 203 2203 268 TERTULLIANI
2239 204 2789 277 APOLOGETICUM_

2249 323 2492 396 corporis
2539 324 2802 395 vinculis,
2850 325 2980 396 pati,
3027 323 3298 396 torqueri,
3348 323 3601 382 cruciari.
3648 323 3852 383 Verum

556 386 736 495 feros,
769 422 888 478 licet
910 420 1076 477 nudas
1094 462 1110 489 ,
1136 420 1252 476 licet
1287 386 1457 476 adlato
1495 386 1694 476 canales
1719 386 1908 475 .carn'is
1948 418 2143 491 (Idem,
2171 386 2223 449 Α
2249 386 2374 488 quia
2402 416 2565 472 etiam
2593 417 2649 473 in
2672 386 2901 474 hac’vila
2928 386 3026 472 sua
3056 386 3178 472 cuin
3207 386 3437 478 corpore
3464 416 3631 473 multa
3650 431 3858 488 peccao

558 515 647 574 lib.
691 515 757 572 de
792 513 1081 571 Resurrect.
1135 529 1281 569 eam.
1326 530 1443 586 cap.
1492 515 1563 570 l7
1600 513 1643 586 ).
1691 512 1827 581 Quia
1867 528 1994 570 vero
2053 528 2148 584 op-

560 623 763 691 ponere
814 616 1001 664 contra
1038 607 1254 680 quidam
1292 617 1542 681 poterant
1594 608 1721 665 inde
1758 607 1950 665 conﬁci
1989 621 2151 680 posse

560 702 794 757 animam
857 700 959 758 sibi
1024 702 1103 758 sic
1165 701 1416 760 sufﬁcere
1480 703 1550 758 ad
1611 704 1955 776 facultatem,
2013 702 2155 759 sicut

560 793 677 864 ipse
721 792 991 864 loquitur,
1039 794 1295 865 passionis
1344 805 1391 850 et
1437 812 1646 862 sensus,
1688 804 1742 850 ut
1772 811 1875 850 non
1905 802 2046 866 egeat
2072 810 2155 849 re-

534 916 537 919 -
566 885 959 957 prasentatione
985 888 1183 953 carnis,
1217 887 1300 944 his
1328 887 1418 944 ille
1456 887 1745 958 respondet
1776 886 1966 959 (Ibid.)
1993 905 2007 943 :
2036 885 2154 944 Imo

564 987 774 1034 eatenus
818 978 978 1049 egebit
1016 994 1119 1034 non
1168 995 1271 1049 qua
1316 980 1501 1035 sentire
1527 980 1651 1053 quid
1695 980 1806 1036 sine
1846 996 2001 1035 carne
2052 995 2157 1035 non

562 1070 722 1140 possit
746 1111 761 1135 ,
790 1070 881 1125 sed
902 1088 1003 1141 qua
1023 1087 1220 1128 necesse
1253 1081 1328 1127 est
1364 1073 1507 1126 illam
1534 1073 1686 1127 etiam
1725 1070 1840 1128 cum
1862 1089 2017 1129 carne
2042 1089 2159 1129 sen-

562 1167 674 1221 tire.
707 1165 966 1234 Quantum
987 1168 1120 1223 enim
1150 1167 1218 1221 ad
1238 1168 1491 1238 agendum
1511 1168 1575 1223 de
1598 1184 1691 1223 suo
1711 1168 1903 1239 sufﬁc’t
1922 1208 1936 1236 ,
1963 1177 2160 1223 tantum

562 1260 635 1315 ad
661 1260 974 1327 patiendum.
1006 1261 1087 1315 Ad
1111 1262 1363 1332 agendum
1389 1262 1522 1316 enim
1550 1262 1716 1317 minus
1741 1262 1803 1316 de
1828 1278 1919 1317 suo
1942 1262 2157 1334 sufﬁcit.

566 1352 734 1408 Habet
757 1354 889 1409 enim
913 1354 976 1409 de
1000 1371 1093 1409 suo
1119 1355 1438 1411 solummodo
1462 1356 1680 1426 cogitare
1704 1397 1720 1423 ,
1760 1356 1887 1410 velle
1909 1398 1925 1423 ,
1955 1371 2157 1427 cupere,

568 1446 837 1518 disponere
856 1489 871 1513 ,
901 1447 970 1501 ad
996 1448 1360 1519 perﬁciendum
1411 1424 1580 1503 autem
1619 1465 1827 1519 operam
1849 1424 2161 1504 carnis’xs-

570 1548 756 1608 pectat.
782 1539 875 1596 Sic
910 1541 1081 1612 itaque
1120 1542 1188 1595 ad
1213 1542 1509 1611 patiendum
1552 1558 1760 1613 operam
1804 1544 1973 1599 carnis
2002 1559 2163 1615 expo-

569 1631 729 1687 stulat
752 1647 772 1696 ;
802 1641 857 1686 ut
890 1642 992 1688 tam
1022 1634 1169 1703 plene
1189 1651 1280 1705 per
1302 1650 1415 1688 eam
1444 1634 1551 1702 pati
1582 1634 1769 1704 possit,
1799 1650 1952 1704 quant
1973 1635 2082 1689 sine
2103 1648 2176 1700 ett~

572 1727 721 1798 plene
739 1743 890 1796 agere
915 1743 1015 1781 non
1043 1727 1224 1797 potuit.
1261 1726 1326 1782 Et
1349 1727 1462 1782 ideo
1500 1727 1553 1781 in
1578 1743 1693 1799 qua:
1713 1727 1778 1783 de
1799 1744 1892 1782 suo
1935 1726 2162 1799 sufﬁcit,

2252 508 2362 577 vit,
2411 506 2615 565 idcirco
2665 518 2725 565 ut
2777 523 2876 579 pro
2906 508 3112 565 meritis
3148 507 3401 581 puniatur
3438 515 3497 566 et
3539 510 3854 577 crucietur,

2255 615 2358 657 suo
2423 600 2677 672 corpori,
2733 600 2802 658 ad
2849 600 3016 657 vitam
3079 609 3380 669 revocato,
3442 599 3605 659 debet
3654 601 3859 659 iterum

2254 691 2531 763 conjungi.
3368 713 3379 717 η

2329 784 2425 841 llis
2453 792 2631 841 autem
2659 785 2741 842 sic
2768 785 3072 854 explicatis,
3102 785 3377 842 evanescit
3401 785 3610 858 objecta
3634 784 3863 844 Tertul-

2256 878 2393 953 liani
2414 878 2793 935 contradictio.
2818 878 2986 935 Recte
3016 878 3158 933 enim
3187 877 3322 934 dixit
3344 878 3577 934 animam
3603 878 3721 933 sine
3742 892 3867 933 cor-

2258 983 2390 1039 pore
2405 968 2603 1040 aliquid
2626 984 2812 1025 revera
2828 970 2956 1040 pati,
2979 978 3035 1025 et
3057 968 3185 1024 nihil
3206 972 3311 1039 pati
3334 982 3510 1043 posg.
3536 968 3637 1027 Ubi
3658 969 3870 1040 quippe

2259 1062 2334 1117 ait
2361 1061 2492 1117 nihil
2519 1076 2677 1133 posse
2699 1063 2840 1133 pati,
2870 1062 2941 1117 ibi
2963 1062 3469 1133 snbintelligendum
3494 1070 3577 1117 est
3602 1062 3751 1132 plene
3800 1076 3871 1114 ac

2262 1159 2514 1228 perfecte,
2543 1155 2655 1211 sive
2683 1164 2940 1223 quantum
2982 1154 3097 1224 ipsa
3136 1169 3258 1209 cum
3309 1167 3539 1225 corpore
3584 1150 3875 1224 peccando

2262 1246 2578 1317 promeruit.
2608 1244 2745 1302 Cum
2778 1262 2887 1318 quo
2911 1246 3054 1301 enim
3084 1246 3360 1315 peccavit,
3416 1259 3531 1301 cum
3557 1260 3624 1301 eo
3666 1246 3876 1315 utique

2263 1339 2441 1411 puniri
2467 1337 2644 1394 debet.
2699 1337 2827 1394 Jure
2869 1352 3001 1408 ergo
3048 1338 3412 1394 Tertullianus
3461 1336 3582 1393 inde
3623 1337 3875 1392 futuram

2264 1431 2456 1502 probat
2476 1431 2720 1501 corporis
2751 1430 2948 1486 mortui
2973 1430 3041 1485 ad
3071 1430 3235 1485 vitam
3266 1429 3669 1485 revocationem
3690 1470 3707 1496 ,
3737 1427 3875 1498 quia

2266 1524 2444 1578 anima
2471 1522 2586 1577 sola
2617 1522 2725 1593 pati
2759 1536 2865 1577 non
2906 1530 3086 1593 potest
3114 1535 3331 1592 poenam
3357 1519 3608 1576 videlicet
3650 1518 3875 1590 plenam

2267 1630 2333 1672 ac
2358 1613 2657 1686 perfectam
2676 1657 2692 1683 ,
2720 1625 2777 1673 et
2803 1614 3015 1687 qualem
3037 1629 3158 1671 cum
3178 1629 3407 1687 corpore
3425 1612 3702 1687 peccando
3720 1628 3879 1670 eom-

2269 1708 2484 1766 meruit.
3262 1726 3265 1729 ·

482 1822 489 1828 ’
573 1835 750 1875 eorum
793 1818 996 1873 interim
1047 1818 1349 1873 sententiam
1400 1819 1576 1889 pendit
1624 1819 2069 1890 concupiscentiw,
2115 1828 2167 1873 et

2341 1802 2398 1860 Si
2419 1801 2548 1874 quid
2579 1816 2739 1872 porro
2762 1801 2846 1857 his
2868 1800 3105 1872 adjicere
3134 1799 3289 1857 nobis
3334 1814 3433 1872 per
3476 1808 3531 1856 te
3549 1798 3742 1890 liceat,
3770 1797 3879 1854 ob-

574 1911 824 1984 cogitatus
845 1951 860 1976 ,
911 1920 956 1966 et
984 1912 1279 1967 voluntatis.
1325 1912 1494 1968 Porro
1522 1913 1567 1967 si
1593 1914 1702 1966 lucc
1745 1914 1871 1969 satis
1896 1920 2059 1967 essent
2099 1912 2170 1966 ad

576 2004 944 2076 plenitudinem
966 2006 1262 2060 meritorum
1285 2046 1299 2070 ,
1323 2014 1379 2060 ut
1406 2023 1507 2061 non
1533 2006 1907 2077 requirerentur
1931 2016 1979 2059 et
2006 2008 2167 2075 facta,

574 2097 832 2168 sufﬁceret
858 2097 912 2151 in
952 2107 1109 2152 totum
1150 2098 1324 2152 anima
1355 2098 1424 2151 ad
1463 2098 1817 2169 perfectionem
1839 2096 2027 2169 judicii
2049 2138 2064 2165 ,
2106 2096 2172 2153 de

546 2188 658 2243 .Itis
699 2188 1017 2260 iudicanda,
1068 2190 1125 2243 in
1166 2205 1280 2260 qua:
1325 2189 1524 2261 agenda
1561 2190 1673 2244 sola
1714 2186 2003 2256 suffecerat.
2043 2186 2173 2261 Qum

578 2296 696 2335 vero
726 2280 879 2335 etiam
921 2283 1060 2353 facta
1101 2281 1335 2336 devincta
1378 2282 1479 2336 sint
1523 2282 1715 2336 meritis
1744 2323 1760 2347 ,
1819 2284 1957 2353 facta
2003 2290 2170 2335 autem

580 2389 673 2443 per
717 2388 923 2427 carnem
965 2372 1417 2439 administrentur,
1443 2372 1555 2443 jam
1597 2389 1701 2437 non
1730 2373 1923 2443 sufﬁcit
1948 2372 2175 2426 animam

578 2464 689 2521 sine
715 2452 874 2519 carne
904 2465 1062 2536 foveri
1086 2507 1099 2531 ,
1140 2467 1245 2521 sive
1289 2466 1511 2520 cruciari
1551 2482 1647 2536 pro
1685 2465 1923 2537 operibus
1960 2465 2132 2520 carnis
2155 2505 2172 2532 ,
2204 2498 2215 2509 -

580 2557 674 2612 etsi
698 2559 845 2612 habet
871 2558 1094 2612 membra
1120 2599 1135 2626 ,
1179 2570 1294 2628 qua:
1340 2557 1553 2627 proinde
1579 2557 1658 2612 illi
1684 2574 1786 2612 non
1814 2557 2081 2627 sufﬁciunt
2107 2554 2177 2609 ad

580 2653 896 2708 sentiendum
950 2652 1096 2721 plene
1122 2691 1138 2718 ,
1195 2651 1621 2721 quemadmodum
1668 2666 1759 2705 nec
1803 2650 1873 2705 ad
1922 2648 2179 2720 agendum

586 2748 823 2817 perfecte.
853 2743 1060 2799 Idcirco
1089 2759 1182 2814 pro
1206 2759 1406 2814 quoquo
1435 2742 1586 2797 modo
1615 2742 1717 2813 egit
1740 2784 1754 2808 ,
1784 2758 1878 2813 pro
1907 2757 1965 2796 eo
1991 2749 2037 2795 et
2085 2722 2180 2811 pit-

587 2837 714 2891 titur
739 2837 879 2906 apud
919 2836 1150 2906 inferos,
1201 2836 1344 2906 prior
1389 2834 1664 2906 degustans
1703 2834 1964 2904 judicium
1988 2873 2003 2897 ,
2051 2831 2181 2886 sicut

590 2927 732 2997 prior
758 2927 959 2981 induxit
984 2928 1302 2992 admissum;
1329 2936 1624 2994 exspectans
1652 2936 1819 2979 tamen
1845 2934 1892 2978 et
1934 2938 2139 2978 carnem
2161 2963 2179 2990 ,

587 3028 643 3073 ut
673 3034 763 3089 per
791 3018 935 3072 illam
962 3019 1111 3073 etiam
1141 3021 1287 3090 facta
1317 3027 1603 3089 compenset
1623 3059 1636 3084 ,
1669 3018 1752 3072 cui
1777 3017 1999 3089 cogitata
2038 3031 2187 3071 man-

591 3108 748 3164 davit.
781 3107 970 3165 Totam
1023 3109 1161 3165 hanc
1184 3111 1434 3166 Auctoris
1456 3110 1624 3165 nostri
1666 3108 2182 3180 argumentationem

502 3258 513 3267 ,
587 3212 642 3261 et
670 3201 1074 3273 responsionem
1095 3245 1110 3270 ,
1137 3203 1349 3258 tametsi
1376 3202 1534 3274 paulo
1564 3202 1854 3273 longiorem
1888 3201 2182 3272 transcrip-
2207 3176 2254 3240 ε

589 3296 799 3365 simus,
864 3296 1297 3370 quandoquidem
1347 3312 1411 3353 ea
1463 3313 1571 3353 non
1637 3304 1842 3351 tantum
1896 3294 2187 3366 proposita:
2242 3314 2255 3325 ν’

592 3391 749 3448 nobis
778 3389 1113 3447 difﬁcultatis
1139 3390 1313 3448 nodus
1337 3392 1494 3462 plane
1520 3390 1745 3447 solvitur
1764 3432 1780 3458 ,
1808 3390 1903 3446 sed
1930 3388 2187 3469 nonnulla
2266 3434 2273 3438 .

591 3496 806 3553 quoque
842 3481 911 3537 de
947 3482 1140 3537 animae
1170 3493 1359 3538 natura
1407 3483 1530 3539 inde
1579 3491 1862 3549 eruuntur,
1911 3498 2032 3553 qua;
2071 3482 2188 3538 sine

592 3570 768 3640 aliqua
790 3570 1166 3627 observatione
1221 3573 1671 3642 praetermittenda
1696 3590 1802 3628 non
1826 3582 1969 3628 sunt.

671 3660 839 3717 Docet
869 3663 1049 3732 itaque
1077 3661 1311 3717 animam
1334 3663 1530 3717 nudam
1557 3678 1620 3718 ac
1650 3664 1765 3717 sine
1795 3663 2035 3733 corporis
2055 3678 2190 3719 con-

598 3750 766 3808 sortio
791 3751 930 3822 apud
954 3753 1156 3807 inferos
1199 3769 1386 3809 revera
1425 3765 1515 3808 aut
1568 3757 1832 3824 torqueri,
1874 3763 1967 3809 aut
1996 3753 2187 3810 foveri.
2268 3772 2273 3781 ·

598 3844 733 3914 Quia
759 3859 887 3900 vero
918 3844 1043 3901 hinc
1068 3846 1228 3916 objici
1261 3848 1361 3915 ipsi
1394 3857 1596 3916 poterat
1627 3864 1744 3902 eam
1779 3863 1883 3903 non
1914 3863 2036 3904 esse
2062 3848 2192 3903 sub-

599 3939 851 3994 stantiam
875 3954 1025 3996 mere
1052 3940 1381 4010 spiritalem,
1425 3941 1522 3996 sed
1552 3956 1868 4012 corpoream
1889 3983 1905 4005 ,
1948 3956 2040 3998 aut
2064 3984 2081 4011 ,
2132 3950 2194 3999 ut

601 4030 719 4101 ipse
756 4031 831 4088 ait
852 4074 868 4099 ,
899 4032 1273 4102 corpulentiam
1305 4033 1609 4105 propriam,
1660 4033 1834 4088 noluit
1864 4033 2004 4089 hanc
2028 4075 2042 4099 ,
2074 4050 2193 4106 quae

600 4124 936 4199 difﬁcilioris
963 4136 1142 4198 opera:
1182 4138 1333 4192 erat,
1381 4135 1635 4183 excutere
1678 4127 2070 4197 quzestionem,
2126 4144 2195 4184 ne

508 4285 516 4291 _
547 4264 551 4271 .
606 4219 808 4276 diutius
835 4236 865 4276 a
895 4223 1172 4294 proposito
1212 4224 1506 4280 aberraret.
1538 4223 1758 4279 Interim
1788 4224 2018 4280 concidit
2044 4266 2061 4291 ,
2094 4240 2197 4281 nec

603 4323 783 4370 tamen
814 4314 1032 4381 fatetur,
1059 4316 1276 4388 aliquod
1305 4332 1426 4373 esse
1447 4318 1640 4373 animae
1666 4333 1884 4389 corpus,
1902 4326 1957 4374 et
1984 4318 2196 4389 propria

606 4406 851 4477 quaedam
879 4408 1094 4479 generis
1120 4410 1200 4463 sui
1243 4409 1510 4465 membra.
1542 4411 1613 4465 At
1655 4409 2014 4466 disertissime
2051 4425 2198 4466 asse-

604 4507 757 4554 verat
789 4499 1035 4571 proprios
1060 4515 1181 4556 esse
1211 4502 1404 4556 anima:
1435 4512 1618 4570 actus,
1649 4518 1679 4556 a
1709 4518 1936 4574 corpore
1975 4503 2199 4560 minime

2271 1894 2604 1965 servabimus
2628 1892 2734 1950 hoc
2760 1895 2879 1963 ipso
2908 1892 3100 1950 eodem
3125 1899 3443 1965 argumento
3471 1906 3540 1947 ex
3561 1889 3738 1960 pinnis
3782 1898 3884 1946 aut

2273 1964 2530 2061 praemiis,
2558 1980 2697 2045 bene
2720 1997 2813 2042 aut
2837 1986 2979 2043 male
3008 1985 3062 2042 in
3090 1964 3325 2041 hacvita
3347 1984 3528 2056 agenti
3555 1982 3759 2040 homini
3780 1983 3884 2041 de-

2273 2081 2399 2137 bitis
2426 2082 2591 2151 petito
2617 2079 2918 2136 luculenter
2947 2077 3162 2149 probari
3190 2076 3335 2136 hunc
3359 2075 3598 2133 futurum
3628 2076 3882 2148 ejusdem

2276 2173 2508 2230 hominis
2531 2171 2600 2228 ad
2627 2172 2787 2227 vitam
2837 2184 3144 2242 regressum
3194 2164 3283 2225 ab'
3308 2168 3597 2225 Ambrosio
3618 2208 3637 2235 ,
3680 2176 3744 2223 ut
3776 2182 3886 2224 suo

2274 2267 2394 2322 loco
2414 2306 2429 2334 ,
2459 2272 2624 2337 atque
2652 2260 2995 2336 Athenagora
3014 2305 3030 2333 ,
3060 2261 3293 2318 Minucio
3318 2258 3502 2317 Felice
3521 2302 3537 2327 ,
3564 2269 3623 2316 et
3650 2259 3885 2316 Lactan-

2277 2359 2382 2426 tio,
2413 2356 2865 2429 quemadmodum
2895 2356 2949 2411 in
2982 2356 3182 2412 nostris
3204 2353 3272 2410 de
3301 2352 3515 2409 illorum
3565 2352 3720 2409 libris
3761 2350 3886 2408 dis-

2277 2451 2660 2508 sertationibus
2686 2448 3058 2513 ostendimus;
3106 2447 3234 2520 quin
3266 2446 3376 2501 imo
3420 2454 3476 2502 et
3502 2444 3625 2501 inde
3670 2444 3743 2500 ab
3792 2458 3870 2499 eo

2278 2544 2402 2599 dem
2433 2536 2711 2598 Lactantio
2733 2541 3097 2597 demonstrari
3126 2539 3321 2594 animae
3363 2546 3565 2594 nostra
3590 2537 3889 2592 immorta-

2280 2636 2484 2692 litatem
2511 2633 2771 2709 (Ambros.
2796 2634 2922 2697 libr.
2949 2634 3006 2700 2,
3037 2635 3103 2688 de
3132 2632 3267 2687 Fide
3283 2639 3553 2687 resurrect.
3574 2628 3604 2702 ᾗ
3629 2628 3719 2695 12,
3750 2645 3887 2702 pag.

2282 2728 2460 2794 i147;
2492 2736 2614 2782 tom.
2644 2725 2669 2780 Ι
2721 2726 2974 2797 Apparat.
3008 2742 3126 2797 pag.
3155 2724 3301 2789 475;
3349 2721 3619 2778 Dissertat.
3665 2721 3721 2776 in
3749 2718 3896 2775 Lac-

2282 2828 2410 2875 tant.
2442 2836 2558 2891 cap.
2581 2819 2653 2875 24
2674 2861 2691 2888 ,
2722 2830 2823 2875 art.
2850 2821 2907 2888 5,
2936 2828 2983 2875 et
2999 2835 3115 2891 cap.
3139 2818 3235 2888 29,
3266 2826 3367 2873 art.
3389 2817 3445 2885 5,
3472 2815 3672 2874 dissert.
3697 2817 3753 2871 in
3772 2813 3892 2870 ﬂi-

2284 2922 2395 2969 nut.
2425 2929 2542 2983 cap.
2568 2911 2623 2981 7,
2645 2910 2808 2972 αηιὲ
2834 2912 2878 2985 ).

2891 3019 3187 3062 Αιιτιοῠιυε
3226 3020 3284 3060 ιι.

2292 3119 2490 3189 Quibus
2517 3120 2793 3191 exemplis,
2820 3133 2978 3189 quove
3028 3116 3237 3189 Pythice
3261 3115 3501 3183 oraculo,
3550 3131 3612 3170 ac
3655 3113 3898 3184 philoso-

2359 3212 2581 3283 phorum
2663 3211 2728 3266 de
2794 3212 3084 3265 animarum
3146 3209 3602 3281 transmigratione
3642 3207 3899 3262 sententia

2363 3304 2716 3360 Tertullianus
2769 3304 3005 3359 ostendat
3029 3318 3371 3373 quoscumque
3394 3309 3619 3356 mortuos
3657 3298 3899 3354 hemina

2359 3397 2414 3453 in
2443 3399 2716 3468 pristinum
2758 3398 2876 3451 vitia
2917 3405 3107 3452 statum
3152 3393 3525 3462 restituendos,
3560 3402 3611 3448 et
3648 3392 3902 3464 apposita

2363 3498 2664 3561 arguntenta
2683 3488 2868 3543 diluat.
3496 3562 3499 3565 _

2363 3584 2679 3655 Quanquam
2738 3581 3106 3654 superioribus
3156 3579 3488 3652 argumentis
3528 3576 3904 3634 Tertullianns

2292 3676 2697 3734 evidentissime
2722 3672 3176 3730 demonstraverit
3197 3671 3466 3744 quoslibet
3481 3669 3730 3725 homines
3761 3682 3901 3737 pos-

2299 3782 2361 3824 se
2385 3768 2768 3838 omnipotentis
2816 3766 2912 3821 Dei
2940 3764 3214 3819 voluntate
3256 3762 3572 3819 exsuscitari
3612 3776 3642 3814 a
3670 3768 3852 3815 morte
3882 3800 3903 3826 ,

2295 3853 2483 3932 quovis
2509 3860 2669 3914 modo
2706 3859 2980 3929 oppetita;
3010 3855 3252 3931 pluribus
3275 3865 3452 3909 tamen
3492 3850 3756 3921 exemplis
3782 3850 3908 3906 haec

2295 3950 2841 4007 conﬁrmare'nititur.
2864 3940 2967 4005 Sed
3003 3946 3344 4003 dissimulare
3390 3944 3473 4001 fas
3499 3943 3653 4000 nobis
3673 3958 3781 3998 non
3813 3950 3910 3999 est

2297 4045 2414 4112 bis,
2448 4053 2506 4100 ut
2537 4052 2664 4115 pote
2709 4060 2817 4099 non
2845 4043 3068 4099 omnino
3099 4042 3346 4113 paribus,
3370 4038 3563 4096 conﬁci
3598 4054 3702 4093 non
3733 4049 3908 4108 posse

2298 4139 2589 4212 perfectam
2615 4179 2631 4205 ,
2659 4145 2713 4193 et
2742 4135 3004 4201 numeris:
3025 4133 3283 4208 omnibus
3319 4130 3618 4187 absolutam
3647 4128 3906 4184 humanae

2297 4231 2708 4289 resurrectionis
2745 4227 3279 4285 demonstrationem.
3329 4229 3400 4281 At
3424 4225 3490 4280 iis
3542 4223 3732 4280 saltem
3789 4234 3905 4276 non

2300 4324 2481 4394 inepte
2525 4321 2832 4379 conﬁrmari
2870 4329 3046 4392 potest
3089 4318 3285 4374 frustra
3322 4331 3353 4372 a
3380 4315 3667 4388 gentilibus
3716 4312 3908 4384 negari

2276 4480 2279 4489 η
2303 4416 2548 4473 homines
2575 4413 2641 4470 ad
2670 4413 2956 4485 pristinum
2983 4401 3230 4469 revocari
3253 4423 3416 4482 posse
3461 4415 3749 4464 transacta:
3777 4405 3909 4462 vita

2304 4519 2523 4566 statum.

607 4570 1010 4662 dependentes,
1055 4593 1239 4664 quales
1263 4603 1390 4648 sunt
1418 4594 1719 4665 cogitatus,
1773 4570 2109 4656 voluntates.
2143 4604 2186 4651 et

2376 4601 2675 4683 Promissis
2702 4609 2880 4657 autem
2897 4598 3159 4655 adversus
3175 4596 3504 4653 morosiores
3518 4593 3732 4652 criticos
3752 4591 3911 4650 hisce

605 4685 1077 4756 concupiscentiae.
1111 4684 1171 4738 lli
1212 4695 1391 4740 autem
1418 4694 1599 4752 actus,
1629 4694 1691 4740 ut
1729 4685 1782 4740 id
1829 4684 2004 4741 obiter
2052 4684 2199 4740 dico.

605 4794 759 4846 mus,
793 4780 838 4835 si
863 4780 1082 4835 omnino
1112 4779 1422 4852 spirituales
1445 4790 1603 4847 sunt,
1637 4779 1806 4852 ipsam
1838 4780 2007 4835 multo
2030 4780 2209 4852 magis

604 4871 838 4926 animam
861 4872 1191 4943 spiritualem
1215 4886 1336 4927 esse
1364 4886 1558 4943 negare
1581 4886 1684 4927 non
1718 4880 1945 4942 poterat.

677 4963 858 5020 Solius
889 4979 1050 5035 porro
1074 4964 1269 5019 anima:
1295 4979 1417 5019 cum
1449 4963 1503 5019 bi
1556 4966 1663 5020 sint
1707 4972 1860 5020 actus
1883 5006 1899 5032 ,
1924 4964 2089 5021 habet
2134 4966 2205 5023 de

610 5074 710 5116 suo
753 5056 859 5114 non
906 5057 1082 5113 solum
1133 5057 1274 5130 quod
1322 5068 1479 5129 agat,
1525 5068 1583 5115 et
1620 5060 1891 5130 patiatur,
1948 5059 2043 5114 sed
2097 5074 2204 5130 quo

609 5151 888 5221 possitaut
918 5150 1194 5222 pra'mium
1225 5151 1418 5209 mereri
1450 5158 1542 5205 aut
1570 5166 1802 5222 poemnn.
1839 5149 2078 5226 Corpore
2100 5152 2204 5223 igi-

609 5250 698 5298 tur
727 5244 900 5298 soluta
934 5253 1111 5313 potest
1139 5252 1193 5299 et
1233 5242 1395 5303 debet
1445 5259 1544 5315 pro
1570 5243 1778 5300 meritis
1807 5254 1900 5299 aut
1932 5259 2087 5315 paena
2115 5253 2209 5299 aut

609 5335 834 5407 praemio
864 5334 1026 5391 afﬁci.
1081 5335 1346 5404 Quamdiu
1395 5335 1674 5392 enimvero
1721 5338 1933 5407 corpori
1977 5335 2208 5392 adunata

610 5438 733 5497 est,
766 5429 914 5500 prior
968 5443 1184 5500 semper
1228 5438 1320 5483 aut
1373 5438 1594 5499 peccat,
1635 5435 1729 5483 aut
1777 5437 2035 5484 meretur.
2082 5427 2211 5500 Post

611 5499 841 5579 mortem
874 5522 1033 5593 igitur
1082 5499 1278 5579 debitis
1320 5521 1599 5593 suppliciis
1623 5531 1713 5576 aut
1738 5520 1974 5591 pra-iniis
2012 5520 2126 5576 sola
2156 5499 2213 5577 et

613 5623 741 5670 ante
768 5615 1011 5685 corporis
1054 5614 1283 5670 reditum
1319 5612 1578 5669 afficiatur
1602 5654 1617 5681 ,
1674 5626 1896 5669 necesse
1933 5621 2035 5669 est.
2081 5611 2213 5669 Per-

619 5719 837 5761 suasum
884 5706 1066 5777 itaque
1101 5705 1460 5764 Tertullianus
1499 5705 1996 5783 habuitanimam,
2044 5704 2216 5777 ruptis

2302 4692 2771 4749 observationibus
2792 4732 2805 4757 ,
2834 4690 3137 4746 audiendus
3164 4699 3249 4744 est
3274 4689 3501 4760 ipsemet
3541 4684 3911 4743 Tertullianus

2302 4782 2631 4857 (Tertullian.
2677 4782 2945 4855 Apologet.
2990 4798 3106 4852 cap.
3141 4781 3212 4837 48
3235 4823 3251 4848 ,
3283 4780 3384 4835 col.
3407 4776 3535 4850 5‘20)
3575 4795 3588 4833 :
3629 4777 3910 4850 Signatunt

2303 4887 2376 4931 est
2400 4918 2415 4943 ,
2443 4875 2654 4947 inquit,
2686 4886 2733 4930 et
2754 4892 2845 4946 per
2872 4876 3038 4944 ipsum
3064 4916 3080 4942 ,
3112 4872 3361 4928 videlicet
3409 4871 3611 4938 Deum,
3656 4871 3905 4924 humana

2305 4968 2691 5024 resurrectionis
2750 4966 3038 5038 exemplum
3087 4966 3144 5020 in
3194 4964 3536 5020 testimonium
3579 4962 3739 5017 vobis.
3791 4958 3916 5015 Lux

2306 5061 2530 5133 quotidie
2552 5058 2814 5129 interfecta
2838 5059 3145 5130 resplendet,
3170 5068 3218 5113 et
3247 5056 3463 5111 tenebrte
3488 5054 3601 5124 pari
3630 5054 3734 5108 vice
3761 5052 3917 5109 dece-

2308 5152 2477 5207 dendo
2504 5156 2778 5207 succedunt
2812 5168 2827 5206 :
2853 5151 3025 5206 sidera
3044 5150 3287 5220 defuncta
3326 5147 3650 5204 reviviscunt.
3704 5145 3761 5200 In
3790 5159 3917 5199 ma-

2309 5246 2605 5316 nuscriptis
2635 5243 2836 5298 nostris
2880 5240 3282 5314 exeinplaribus
3307 5282 3322 5307 ,
3354 5248 3411 5296 et
3461 5236 3622 5295 editis
3677 5235 3923 5315 Rigaltio

2310 5336 2704 5409 antiquioribus
2732 5353 2747 5391 :
2777 5334 3042 5391 Vivescttnt
3063 5377 3078 5398 ,
3103 5334 3155 5390 id
3176 5343 3279 5400 est,
3312 5332 3385 5389 uti
3408 5349 3476 5389 ex
3504 5331 3678 5388 Plinio
3700 5332 3872 5402 liquet
3892 5371 3915 5402 ,

2316 5433 2430 5487 viva
2461 5432 2595 5487 liunt
2620 5429 2785 5503 (Plin.
2815 5430 2903 5486 lib.
2938 5428 3123 5497 XVII,
3153 5438 3324 5484 natur.
3366 5428 3489 5483 hist.
3516 5443 3635 5498 cap.
3664 5425 3753 5490 10,
3787 5441 3919 5498 pag.

2312 5523 2475 5600 544).
2503 5524 2685 5597 Pergit
2713 5532 2901 5579 auctor
2926 5530 3108 5578 noster
3133 5540 3146 5577 :
3176 5519 3431 5592 Tempora
3477 5518 3565 5575 ubi
3593 5517 3812 5588 ﬁniunt,
3832 5516 3923 5572 in-

2313 5618 2559 5690 cipiunt;
2611 5620 2808 5690 fructus
2856 5623 3227 5672 consumuntur
3268 5631 3283 5670 :
3340 5612 3502 5671 iidem
3561 5609 3921 5683 manuscripti

2317 5708 2489 5769 nostri
2531 5715 2587 5766 et
2622 5707 2752 5769 editi
2791 5707 3050 5770 codices:
3091 5713 3532 5776 consummantur,
3577 5714 3624 5761 et
3674 5700 3916 5759 redeunt.
