4240 6262
345 343 456 405 897

350 571 568 632 surgunt
595 578 613 616 :
645 560 814 615 omnia
841 560 1098 630 pereunda
1147 569 1413 616 servantur
1437 601 1453 627 ,
1505 562 1677 615 omnia
1709 563 1771 616 de
1811 563 1944 617 inte-

354 653 458 706 ritu
502 652 845 722 reformantur
897 651 1140 724 (Tertull.
1196 652 1288 706 lib.
1338 652 1402 707 de
1445 651 1745 710 Resnrrect.
1797 672 1942 709 earn.

352 759 470 813 cap.
525 743 638 814 12).
695 741 802 797 Sed
861 742 980 800 hinc
1025 743 1114 799 ille
1159 744 1348 813 majori
1405 744 1693 798 verborum
1749 761 1945 817 pompa

349 835 457 889 alio
514 836 569 890 in
628 835 766 890 libro
826 837 1216 906 prosequitur,
1286 844 1341 890 et
1409 835 1625 891 brevius
1691 836 1945 894 Minatius

350 926 499 982 Felix
524 970 540 996 ,
567 936 728 1000 atque
756 929 975 984 uberius
1005 927 1340 998 Theophilus
1369 928 1740 985 Antiochenus
1763 971 1779 994 ,
1807 947 1944 1000 que-

349 1019 694 1075 madmodum
747 1020 878 1076 alibi
918 1019 1268 1092 patefecimus
1313 1019 1608 1092 (Dissertat.
1650 1021 1703 1075 in
1747 1020 1941 1076 Minut.

347 1128 462 1184 cap.
489 1113 541 1179 7,
572 1122 671 1167 art.
703 1113 784 1183 2).

419 1205 582 1261 Suam
612 1216 792 1261 autem
822 1207 1343 1277 argumentationem
1367 1215 1551 1262 noster
1579 1206 1944 1264 Tertullianus

348 1295 432 1354 his
458 1297 690 1353 absolvit
712 1297 891 1352 verbis
912 1296 1242 1373 (Tertullian.
1275 1297 1546 1370 Apologet.
1575 1315 1692 1369 cap.
1717 1299 1809 1368 48,
1839 1300 1937 1354 col.

346 1391 418 1447 45
448 1391 468 1460 )
501 1412 514 1448 :
547 1389 627 1446 Tn
652 1393 802 1445 homo
823 1434 837 1458 ,
870 1401 1065 1446 tantum
1089 1408 1270 1447 nomen
1290 1434 1305 1459 ,
1330 1393 1374 1446 si
1393 1392 1648 1464 intelligas
1670 1401 1717 1447 te
1734 1435 1750 1460 ,
1777 1409 1944 1464 quau-

349 1491 438 1539 tus
480 1484 731 1539 nimirum
758 1485 834 1538 sis
857 1526 872 1551 ,
900 1485 980 1539 vel
1007 1487 1072 1539 de
1115 1486 1259 1540 titulo
1290 1485 1497 1558 Pythice
1538 1487 1767 1555 discens,
1799 1486 1943 1560 quod

345 1575 424 1632 sis
453 1576 690 1632 dominus
740 1578 966 1632 omnium
993 1579 1313 1632 morientium
1355 1589 1402 1632 et
1439 1581 1805 1650 resurgentium
1827 1622 1840 1646 ,
1875 1581 1945 1634 ad

346 1671 444 1724 Itoc
487 1671 761 1739 morieris,
800 1681 854 1726 ut
893 1672 1112 1742 pereas?
1140 1670 1277 1726 Dicit
1321 1669 1502 1741 itaque
1547 1687 1652 1726 non
1701 1672 1940 1742 pejorcm

345 1776 470 1819 esse
501 1762 761 1826 hominis,
794 1777 953 1832 quam
981 1762 1206 1817 aliarum
1237 1777 1416 1817 rerum
1439 1805 1453 1830 ,
1501 1776 1723 1834 quarum
1765 1763 1941 1819 domi-

1469 346 1918 410 DlSSERTATlO
1955 349 2020 409 1).
2061 350 2150 410 LE
2185 353 2488 414 NOURRY.

352 459 501 518 Certe
524 461 715 519 semina
753 460 955 518 nonnisi
987 462 1229 535 corrupta
1249 502 1263 529 ,
1294 471 1340 518 et
1385 463 1634 520 dissoluta
1661 467 1946 537 fwcundius
1973 469 2028 530 Α
2050 472 2322 542 reformari
2370 473 2644 529 videretur.

3539 367 3646 426 898

2733 474 2809 530 lta
2891 475 3106 548 quidem
3165 476 3426 551 Rigaltius
3474 498 3487 538 :
3542 483 3638 539 sed

2048 564 2102 620 in
2134 565 2329 620 nostris
2357 566 2632 623 codicibus
2655 570 3033 639 manuscriptis
3062 578 3116 625 et
3139 571 3296 627 editis
3321 573 3411 628 illo
3456 585 3642 630 vetus-

2050 659 2274 715 tioribus
2306 660 2534 716 habetur
2565 680 2579 716 :
2631 662 2812 718 Multis
2841 665 2992 718 etiam
3014 666 3139 720 locis
3161 707 3174 729 ,
3205 680 3274 721 ex
3314 657 3509 738 quibus
3550 684 3644 724 ar-

2047 762 2303 823 gumenta
2332 754 2397 808 ad
2430 755 2571 810 hunc
2599 771 2836 811 errorem
2868 757 3217 818 refellendum
3251 759 3492 830 depromi
3520 775 3647 830 pos-

2049 856 2173 899 sunt
2200 885 2212 909 ,
2243 861 2306 898 ex
2326 846 2429 900 otio
2451 888 2466 912 ,
2491 849 2603 902 sive
2629 849 2732 902 otio
2751 889 2767 915 ,
2802 849 3251 918 quemadmodum
3283 851 3496 922 scripsit
3539 852 3644 907 Pli-

2048 939 2169 994 nius
2189 980 2204 1005 ,
2233 957 2296 994 ea:
2322 940 2506 1010 facili,
2536 956 2632 1010 pro
2655 943 2841 1011 facile,
2869 959 2996 1014 Opus
3031 944 3127 998 erit
3171 946 3189 1014 (
3221 944 3319 999 libr
3371 945 3456 1011 lll,
3492 946 3643 1016 epist.

2047 1029 2127 1099 3).
2162 1030 2412 1086 Pluribus
2467 1041 2644 1088 tamen
2681 1032 2964 1104 legendum
2991 1034 3130 1088 haud
3170 1035 3332 1092 dubie
3380 1037 3646 1094 videbitur

2045 1122 2174 1190 iocis
2199 1164 2214 1190 ,
2247 1123 2442 1194 quibus
2469 1123 2648 1194 potius
2672 1165 2687 1190 ,
2720 1141 2878 1196 quam
2922 1128 3250 1197 argumentis
3295 1128 3644 1187 validioribus

2047 1215 2383 1286 explodenda
2410 1228 2527 1273 erat
2557 1217 2673 1275 lucc
2712 1235 2932 1290 prorsus
2957 1220 3178 1276 ridicula
3205 1221 3521 1294 Pythagora:
3547 1238 3642 1281 se-

2047 1317 2422 1380 ctatorumque
2463 1310 2580 1381 ejus
2629 1312 2831 1382 opinio.
2888 1311 3094 1370 Nomen
3150 1314 3291 1369 enim
3333 1314 3473 1385 jocis
3519 1330 3641 1371 cum

2046 1400 2211 1456 verbo
2257 1402 2488 1456 lascivire
2532 1405 2736 1474 magis,
2785 1420 2943 1474 quam
2991 1419 3112 1460 cum
3169 1406 3293 1460 locis
3343 1422 3641 1478 congruere

2047 1491 2189 1547 haud
2213 1493 2482 1548 immerito
2509 1495 2718 1550 videtur
2748 1494 3074 1566 (Tertullian.
3111 1497 3378 1570 Apologet.
3405 1517 3521 1570 cap.
3542 1500 3638 1568 48,

2052 1587 2152 1641 col.
2199 1587 2336 1659 42).
2378 1587 2759 1645 Verumtamen
2815 1591 2975 1661 paulo
3025 1600 3152 1647 ante
3200 1592 3411 1648 dixerat
3454 1610 3643 1666 quent-

2046 1693 2274 1752 Cumque
2295 1681 2671 1754 philosophum
2715 1685 2981 1740 immenso
3029 1697 3464 1756 argumentorum
3502 1703 3636 1759 pon-

2045 1772 2175 1830 dere
2200 1790 2359 1846 posse
2387 1777 2540 1831 obrui
2570 1819 2585 1844 ,
2619 1778 2708 1848 qui
2755 1779 2979 1848 af/irntet
2998 1821 3012 1845 ,
3033 1765 3116 1833 ἰιι
3151 1781 3222 1833 ait
3249 1780 3532 1848 Laberius,
3577 1781 3643 1838 de

345 1871 447 1911 nus
484 1864 603 1921 est,
647 1847 987 1911 morientium
1034 1865 1087 1912 et
1119 1855 1512 1928 resurgentium
1557 1857 1938 1912 conditionem.

2047 1871 2293 1924 sententia
2320 1847 2902 1944 Pythagorteiltominem
2931 1873 3042 1940 fieri
3092 1889 3155 1928 ea:
3180 1877 3317 1929 mulo
3337 1915 3352 1942 ,
3381 1847 3641 1930 colubram

346 1948 521 2005 Homo
551 1964 683 2020 ergo
723 1949 879 2020 longe
906 1950 1099 2020 potiori
1119 1949 1241 2020 jure
1268 1991 1283 2016 ,
1329 1965 1490 2020 qttam
1533 1949 1636 2006 illa:
1661 1992 1677 2018 ,
1705 1949 1864 2007 debet
1890 1961 1944 2007 et

341 2043 480 2101 mori
509 2052 564 2098 et
592 2058 892 2114 resurgere.

417 2135 525 2192 Sed
555 2135 768 2208 rogabit
812 2135 1006 2206 aliquis
1056 2135 1325 2206 quodnam
1375 2136 1445 2191 sit
1491 2137 1767 2194 oraculum
1816 2139 1944 2195 illud

344 2227 582 2299 Pythiae,
631 2227 699 2282 ab
741 2241 810 2282 eo
864 2228 1126 2283 citatum?
1168 2228 1520 2300 ReSpondent
1567 2231 1811 2286 nonnulli
1842 2236 1944 2288 hoc

345 2333 466 2374 esse
495 2360 510 2386 ,
543 2318 683 2386 quod
711 2317 779 2372 ab
809 2317 898 2372 illo
925 2317 1120 2374 ibidem
1145 2319 1372 2375 relatum
1399 2330 1481 2376 est
1515 2338 1527 2373 :
1562 2319 1812 2377 Dominus
1835 2339 1945 2376 om-

346 2413 489 2467 nium
518 2412 836 2466 morientium
880 2421 926 2466 et
952 2415 1345 2484 resurgentium.
1375 2411 1574 2468 Verum
1606 2414 1748 2469 nulla
1776 2415 1942 2469 ratio-

345 2521 417 2562 ne
444 2505 496 2561 id
527 2521 557 2559 a
585 2505 770 2578 Pythia
801 2505 1202 2576 pronuntiatum
1234 2506 1552 2576 probavere.
1585 2507 1790 2563 Deinde
1813 2523 1944 2564 vero

346 2597 438 2654 ille
467 2597 736 2653 non-dixit
771 2597 853 2653 his
883 2597 1063 2652 verbis
1084 2597 1382 2652 renuntiari
1411 2597 1617 2670 Pythia:
1639 2599 1938 2654 oraculum:

343 2689 438 2746 sed
482 2689 622 2760 quod
655 2688 816 2745 homo
857 2704 922 2744 ex
973 2688 1183 2760 Pythiae
1233 2690 1454 2744 oraculo
1482 2688 1691 2746 discere
1732 2700 1945 2769 poterat

342 2797 402 2838 se
426 2797 545 2837 esse
589 2781 830 2836 omnium
863 2781 1206 2836 morientium
1235 2791 1288 2836 et
1316 2783 1714 2852 resurgentium
1761 2783 1942 2838 domi-

344 2889 470 2930 num
518 2874 696 2945 (tant.
753 2873 772 2927 Ι
823 2873 1075 2944 Apparet.
1131 2889 1248 2943 pag.
1301 2871 1501 2944 1170).
1551 2871 1718 2928 Nobis
1764 2873 1944 2945 itaque

342 2966 472 3022 illud
498 2965 700 3039 Pythi-.1:
728 2965 1001 3020 oraculum
1034 2981 1140 3019 non
1169 2965 1333 3018 alliud
1385 2965 1625 3032 videtur,
1660 2965 1761 3020 nisi
1802 2967 1944 3022 cele-

343 3057 439 3114 bre
463 3057 566 3114 hoc
596 3056 866 3128 Apollinis
911 3055 1128 3111 ell‘atum
1160 3074 1173 3111 :
1204 3054 1376 3110 Nosce
1402 3066 1448 3110 te
1474 3057 1645 3126 ipsum
1686 3073 1699 3110 ε
1742 3056 1808 3112 de
1837 3073 1944 3128 quo

342 3151 466 3206 alibi
505 3150 915 3220 disputavimus.
946 3146 1205 3203 Consulto
1244 3156 1426 3202 autem
1455 3145 1822 3203 Tertulliauus
1849 3149 1942 3203 ad-

2047 1979 2111 2017 ea:
2163 1965 2372 2018 muliere
2399 1964 2617 2034 (Idem,
2665 1966 2755 2019 lib.
2787 1966 2850 2020 de
2893 1963 3085 2031 Pallio,
3133 1983 3248 2038 cap.
3299 1965 3375 2039 1).
3415 1967 3482 2022 Ει
3523 1967 3642 2025 lucc

2045 2055 2262 2126 quidem
2333 2055 2492 2126 hujus
2554 2057 2910 2128 mimographi
2996 2069 3199 2128 poetze,
3283 2059 3435 2130 cujus
3512 2060 3638 2116 alibi

2047 2146 2289 2201 meminit
2304 2146 2522 2215 (Disser.
2543 2149 2595 2202 in
2616 2147 2925 2204 Minut.0ct.
2971 2166 3018 2203 c.
3054 2151 3084 2204 7
3105 2192 3121 2218 ,
3141 2159 3245 2203 art.
3266 2150 3352 2220 1),
3373 2162 3497 2205 sunt
3524 2165 3642 2207 car-

2047 2237 2211 2305 mina,
2242 2237 2492 2295 aCrinito
2513 2240 2706 2295 utalibi
2729 2241 3054 2307 monuimus,
3086 2241 3434 2312 publicijuris
3459 2241 3595 2298 facta
3625 2261 3640 2300 :

2171 2351 2234 2402 Et
2256 2367 2384 2402 nunc
2403 2352 2469 2403 de
2485 2353 2618 2404 mulo
2637 2353 2903 2413 hominem,
2921 2355 3169 2405 colubram
3191 2356 3256 2406 de
3279 2355 3490 2408 muliere

2172 2414 2394 2477 Faciunt,
2420 2421 2473 2466 et
2497 2430 2560 2466 ex
2585 2417 2792 2468 diversis
2815 2418 3010 2468 diversa
3029 2417 3142 2468 alia.

2046 2518 2322 2592 Frequens
2349 2528 2527 2578 autem
2564 2523 2706 2594 apud
2735 2523 2912 2578 varios
2948 2524 3273 2595 Scriptores,
3303 2541 3367 2581 ac
3410 2540 3641 2598 praeser-

2047 2614 2141 2670 tim
2193 2614 2532 2683 Ciceronem,
2602 2614 2943 2684 Suetonium,
3003 2627 3288 2688 utrumque
3351 2619 3634 2687 Senecam,

2045 2707 2241 2763 Aulum
2263 2708 2517 2774 Gellium,
2547 2723 2610 2764 ac
2630 2708 2955 2764 Macrobium
2982 2707 3144 2780 hujus
3164 2709 3375 2764 Laberii
3411 2712 3633 2782 mentio,

2046 2803 2113 2862 de
2141 2819 2247 2875 quo
2281 2814 2478 2876 prteter
2501 2811 2730 2860 caeteros
2762 2803 3011 2858 Horatius
3038 2802 3232 2858 cecinit
3266 2819 3279 2855 :

2172 2915 2279 2968 Nec
2299 2923 2466 2968 tamen
2490 2917 2581 2968 hoc
2603 2918 2826 2968 tribuens
2839 2916 3062 2966 dederim
3068 2927 3282 3040 ἰξιέξὲῧὲ
3305 2922 3519 2978 creterra;

2171 3038 2234 3090 Et.
2254 3038 2435 3090 Laberi
2452 3041 2624 3089 mimos
2647 3045 2698 3091 et
2723 3037 2922 3102 pulchra
2943 3049 3166 3102 poemata
3188 3037 3340 3091 mirer
3356 3041 3380 3090 τ

2120 3145 2318 3201 Verum
2351 3146 2465 3200 haec
2486 3154 2598 3200 erat
2625 3145 2959 3201 ethnicorum
2986 3143 3214 3211 insania,
3246 3145 3398 3218 isque
3427 3145 3590 3202 adver
3613 3176 3635 3189 -

337 3242 532 3312 jecisse
561 3241 770 3296 videtur
796 3258 806 3296 :
852 3239 940 3293 γει
971 3239 1114 3292 titulo
1141 3237 1375 3308 Pythiw,
1399 3239 1522 3310 quia
1549 3239 1748 3308 templo
1776 3239 1943 3309 Apol-
1972 3250 2016 3316 ρ
2049 3254 2142 3296 sus
2169 3239 2491 3295 christianos
2520 3239 2687 3306 furor;
2716 3246 2774 3292 ut
2793 3239 2966 3302 Opinio
2995 3239 3297 3307 christiana,
3325 3240 3464 3294 sicut
3493 3248 3640 3295 recte

339 3331 482 3389 tonis
529 3332 737 3402 Pythii,
771 3331 883 3386 sive
917 3329 1190 3400 Delphici,
1221 3330 1362 3385 sicut
1407 3329 1607 3385 ibidem
1656 3331 1940 3386 annotavi-

341 3437 465 3480 mus
486 3465 501 3490 ,
529 3424 836 3493 inscriptum
855 3411 1057 3478 fuerat.
1085 3421 1196 3477 Cur
1230 3437 1358 3493 ergo
1378 3463 1394 3490 ,
1426 3423 1630 3492 inquies
1659 3464 1674 3490 ,
1725 3422 1943 3479 Tertul-

340 3516 519 3572 lianus
567 3516 778 3586 scripsit
828 3515 1082 3587 Pythize,
1133 3524 1188 3570 et
1233 3530 1338 3569 non
1386 3513 1596 3586 Pythii,
1665 3531 1770 3585 quo
1827 3517 1944 3572 solo

343 3606 570 3662 nomine
615 3607 805 3678 Apollo
856 3621 1240 3677 nonnunquam
1302 3607 1628 3661 vocabatur?
1677 3609 1747 3662 At
1790 3609 1836 3663 si
1887 3609 1942 3665 in

343 3701 461 3772 ejus
489 3709 637 3757 textu
665 3699 904 3772 Pythice,
932 3715 1039 3755 non
1088 3686 1269 3754 autem
1312 3698 1486 3770 Pythii
1519 3699 1802 3770 legendum
1834 3701 1940 3768 sit,

343 3795 786 3866 respondebimus
827 3794 949 3852 ideo
989 3793 1250 3865 appellari
1297 3792 1533 3864 Pythiae,
1582 3795 1702 3866 quia
1749 3795 1942 3869 Pythia

344 3899 494 3944 vates
531 3890 738 3945 solebat
795 3888 936 3943 illius
977 3890 1027 3942 in
1071 3888 1270 3958 templo
1321 3887 1618 3942 vaticinari.
1671 3888 1839 3955 Nam,
1887 3900 1945 3945 ut

345 3985 481 4040 alios
506 3984 818 4040 omittamus
838 4025 854 4051 ,
885 3982 936 4037 id
966 3982 1068 4037 hoc
1094 3981 1328 4038 Lucretii
1359 3983 1600 4038 carmine
1622 3983 1943 4055 exprimitur

362 4075 586 4146 (Lucret.
621 4077 711 4130 lib.
739 4075 806 4143 γ,
839 4090 886 4128 υ.
914 4074 1036 4144 115)
1073 4091 1085 4127 :

466 4187 639 4251 Pythia
655 4199 766 4250 qua:
786 4185 974 4250 tripode
993 4186 1020 4234 a
1043 4184 1216 4235 Pluebi
1235 4181 1469 4248 lauroque
1494 4183 1724 4248 profatur.

419 4271 765 4362 Prosequitur
821 4270 1186 4325 Tertullianus
1235 4279 1395 4340 atque
1447 4270 1512 4324 ad
1559 4269 1964 4342 frangendum,-

345 4379 408 4421 ac
437 4361 605 4436 magis
633 4365 908 4436 magisque
941 4361 1321 4418 revincendam
1370 4363 1652 4433 gentilium
1705 4364 1941 4417 obstina-

345 4463 548 4516 tionem
571 4503 586 4528 ,
617 4460 737 4515 illos
763 4459 864 4515 hoc
893 4458 956 4514 ad
982 4458 1283 4519 hominem,
1319 4466 1376 4511 ut
1413 4457 1595 4524 aiunt,
1628 4465 1942 4527 argumento

345 4555 424 4609 sic
451 4562 622 4623 urget.
652 4553 864 4608 Certum
885 4552 1211 4622 est;inquit,
1238 4551 1358 4604 illos
1396 4550 1587 4614 cuivis,
1622 4549 1942 4620 philosopho

2048 3332 2248 3387 Auctor
2291 3343 2474 3386 noster
2504 3333 2608 3386 alio
2640 3332 2691 3386 in
2729 3331 2868 3387 libro
2895 3331 3276 3386 animadvertit
3322 3332 3418 3386 etsi
3447 3333 3640 3386 hones-

2049 3427 2149 3480 tior
2189 3424 2557 3497 Pythagorica,
2585 3442 2698 3496 ante
2727 3437 2774 3479 te
2797 3427 2848 3479 in
2873 3425 3056 3480 bestias
3087 3426 3328 3495 transfert
3349 3426 3502 3491 ;‘etsi
3529 3426 3637 3494 ple-

2047 3519 2162 3572 nior
2189 3517 2478 3582 Platonica,
2509 3534 2622 3588 qua:
2663 3517 2749 3570 tibi
2779 3518 2932 3571 etiam
2961 3521 3129 3572 dotem
3153 3519 3381 3589 corporis
3429 3517 3639 3582 reddit;

2048 3613 2140 3666 etsi
2169 3609 2426 3682 Epicurea
2449 3611 2668 3682 gravior,
2701 3626 2816 3681 qua:
2864 3620 2910 3664 te
2942 3611 3004 3664 ab
3031 3612 3235 3665 interitu
3261 3611 3524 3681 defendit;
3559 3623 3644 3667 ta-

2047 3718 2162 3757 men
2192 3711 2399 3773 propter
2415 3718 2595 3756 nomen
2615 3701 2780 3756 solum
2807 3702 3199 3756 christianorum
3224 3702 3434 3757 vanitati
3455 3714 3500 3757 et
3528 3701 3638 3758 stu-

2048 3795 2182 3866 pari,
2206 3805 2252 3848 et
2275 3805 2328 3848 ut
2354 3793 2539 3848 dicitur
2563 3793 2950 3865 prtesnmptioni
2971 3794 3266 3865 deputatur.
3283 3793 3426 3851 Satis
3453 3805 3633 3851 autem

2047 3888 2337 3960 gentilibus
2367 3887 2588 3944 nonfuit
2614 3887 2750 3944 hanc
2767 3887 3187 3945 Christianorum
3217 3889 3427 3945 caeteris
3452 3888 3643 3946 melioo

2046 3997 2159 4038 rem
2201 3984 2522 4038 sententiam
2569 3983 2813 4054 rejicere.
2845 3991 3006 4053 atque
3043 3982 3379 4054 adspernari,
3429 3982 3525 4038 sed
3569 3983 3639 4038 ab

2046 4075 2126 4132 eis
2153 4076 2479 4141 clrristianus,
2525 4075 2665 4131 illius
2723 4073 3000 4139 defensor,
3031 4075 3286 4144 lapidibus
3323 4077 3506 4146 magis,
3534 4075 3639 4131 alia

2047 4167 2356 4222 Tertulliani
2403 4170 2454 4223 in
2498 4168 2844 4239 Apologetico
2892 4169 3051 4222 verba
3102 4175 3262 4234 sunt,
3323 4184 3413 4222 nec
3460 4168 3640 4222 saltent

2045 4260 2276 4316 caestibus
2293 4279 2324 4314 a
2350 4261 2539 4331 populo
2560 4262 2786 4332 exigetur
2823 4259 2993 4321 (Idem
3013 4301 3028 4325 ,
3063 4259 3356 4332 Apologet.,
3387 4265 3505 4332 cap'.
3530 4263 3603 4318 48
3621 4305 3636 4329 ,

2044 4353 2143 4408 col.
2189 4354 2301 4423 ΑΞ).
2335 4357 2432 4408 Ast
2477 4369 2574 4422 pro
2611 4351 2842 4406 cwstibus
2889 4351 2944 4405 in
2995 4352 3196 4406 nostris
3241 4352 3524 4408 codicibus
3559 4355 3640 4408 le-

2044 4444 2223 4515 gitur,
2275 4443 2521 4506 cwtibus,
2579 4442 2630 4497 id
2684 4450 2798 4507 est,
2853 4443 3244 4510 conventibus,
3286 4452 3342 4499 et
3408 4458 3640 4514 congre-

2043 4537 2346 4607 gationibus
2397 4535 2717 4606 expelletur.
2767 4533 3128 4589 Tertullianus
3175 4533 3436 4606 siquidem
3464 4535 3495 4588 ἐι
3525 4549 3636 4589 ma-

249 4639 260 4648 ’
345 4644 508 4704 ﬁdem
542 4645 790 4701 habuisse
812 4687 826 4711 ,
857 4646 946 4716 qui
975 4643 1530 4716 argumentationibus
1579 4643 1898 4712 quibusdam
1921 4685 1936 4710 ,

2046 4629 2177 4700 jori,
2227 4636 2284 4682 ut
2324 4629 2505 4694 aiunt,
2553 4627 2618 4682 ad
2666 4626 2879 4690 minus.
2933 4641 3032 4681 nec
3079 4623 3220 4680 male
3272 4624 3510 4695 quidem.
3544 4640 3638 4680 ar-

348 4747 458 4794 tam
513 4737 788 4808 ingeniose
832 4754 991 4809 quam
1045 4737 1323 4807 eleganter
1371 4735 1701 4807 propositis,
1750 4752 1939 4793 vanam

343 4830 661 4902 Pythagora:
687 4830 756 4886 de
800 4831 1102 4885 animarum
1141 4827 1582 4899 transmigatione
1633 4827 1939 4897 Opinionem

342 4935 682 4992 propugnare
727 4905 1082 4976 conabantur.
1115 4917 1253 4986 Quin
1297 4919 1457 4972 etiam
1507 4916 1686 4972 nullus
1735 4932 1806 4972 ex
1837 4917 1945 4972 illis

345 5013 612 5068 mordacis
643 5013 891 5081 Laberii,
941 5028 1060 5067 eam
1102 5011 1375 5066 irridentis
1397 5051 1411 5077 ,
1435 5009 1657 5064 dicteria
1699 5010 1902 5064 veritus
1925 5051 1941 5078 ,

345 5105 412 5161 ab
455 5106 660 5162 edenda
691 5106 838 5160 omni
880 5104 1196 5160 animalium
1255 5117 1420 5158 carne
1487 5100 1835 5166 abstinebat;
1882 5118 1945 5156 ne

347 5201 476 5271 forte
495 5199 737 5254 bubulam
756 5240 771 5263 ,
801 5199 876 5252 ait
900 5197 1076 5252 adhuc
1095 5195 1463 5251 Tertullianus
1485 5236 1499 5260 ,
1529 5193 1592 5248 de
1617 5194 1787 5262 aliquo
1820 5211 1942 5265 pro-

347 5308 441 5346 avo
467 5308 557 5347 suo
578 5293 845 5346 obsonaret
862 5333 878 5359 ,
905 5290 960 5345 id
980 5298 1065 5345 est
1087 5331 1103 5356 ,
1133 5303 1201 5344 ne
1229 5287 1487 5342 bubulam
1517 5302 1733 5342 carnem
1765 5302 1944 5343 come-

345 5386 566 5453 deudo,
607 5385 888 5457 cujusdam
948 5384 1131 5455 proavi
1174 5383 1256 5438 sui
1309 5382 1619 5438 comederet
1666 5383 1938 5449 animam,

345 5496 504 5550 quam
537 5479 590 5534 in
622 5479 777 5534 bovis
805 5492 1003 5548 corpus
1031 5479 1293 5546 migrasse
1321 5475 1664 5530 existimabat
1713 5473 1940 5541 (Tertul-

353 5573 479 5628 lian.
510 5573 778 5645 Apologet.
835 5588 953 5642 cap.
1007 5570 1112 5635 48,
1162 5569 1262 5624 col.
1306 5567 1431 5640 ιε).
1475 5567 1604 5622 Tam
1664 5567 1940 5622 ridiculam

344 5679 478 5719 vero
495 5666 803 5735 opinionem
833 5665 919 5718 hic
941 5661 1288 5718 refellendam
1312 5661 1403 5716 ille
1421 5676 1524 5715 non
1555 5659 1706 5714 duxit
1728 5656 1938 5731 (lbid.):

346 5752 490 5820 Nam
519 5756 690 5810 multis
722 5755 872 5811 etiant
901 5795 918 5822 ,
953 5754 1124 5824 inquit
1150 5796 1166 5821 ,
1203 5752 1340 5824 jocis
1367 5763 1414 5807 et
1441 5756 1543 5807 otio
1561 5768 1692 5821 opus
1721 5751 1815 5804 erit
1839 5792 1854 5814 ,
1898 5751 1944 5805 si

340 5848 553 5906 velimus
578 5849 645 5904 ad
671 5850 803 5906 hanc
824 5855 1026 5919 partem
1059 5845 1326 5918 lascivire,
1355 5844 1467 5917 quis
1490 5845 1545 5901 in
1561 5859 1715 5916 quam
1730 5843 1941 5901 bestiam

2045 4730 2408 4794 gumentatnr.
2464 4719 2839 4785 Christianus,
2895 4717 3104 4788 inquit,
3160 4718 3298 4772 illius
3346 4716 3416 4772 de
3460 4716 3642 4774 futuro

2046 4815 2278 4872 hominis
2337 4812 2404 4867 ad
2457 4812 2618 4866 vitam
2670 4811 2846 4866 reditu
2894 4809 3167 4880 dogmatis
3208 4817 3487 4877 assertor,
3529 4824 3637 4866 non

2045 4909 2207 4965 modo
2251 4907 2550 4978 expelletur
2602 4905 2680 4960 ab
2717 4904 3055 4960 ethnicorum
3107 4903 3493 4972 conventibus,
3543 4903 3639 4959 sed

2043 5000 2186 5071 quod
2235 5000 2388 5071 pejus
2431 5008 2548 5066 est,
2599 4996 2856 5067 lapidibus
2900 4996 3158 5050 obruetur.
3205 4995 3276 5049 At
3324 4994 3371 5049 si
3419 5009 3523 5049 non
3566 4993 3640 5049 ita

2047 5092 2182 5148 bene
2213 5092 2265 5146 in
2302 5090 2512 5161 ltigziltii
2539 5089 2774 5145 editione
2800 5086 3067 5154 aestibus,
3102 5084 3272 5141 multo
3305 5093 3451 5140 certe
3491 5084 3642 5155 pejus

2047 5187 2100 5244 in
2126 5184 2517 5258 antiquioribus
2547 5183 2801 5253 scriptum
2824 5223 2840 5250 ,
2863 5182 3088 5236 aedibus
3107 5221 3122 5246 ,
3159 5196 3278 5251 qua:
3316 5178 3641 5250 lapidatione

2045 5278 2375 5336 crudeliores
2407 5285 2554 5332 sunt.
2590 5275 2669 5331 De
2705 5275 2809 5328 illis
2850 5287 3031 5344 porro,
3066 5272 3262 5327 notatis
3299 5270 3367 5324 ab
3407 5272 3644 5326 Auctore

2046 5383 2232 5428 nostro
2254 5413 2268 5437 ,
2297 5369 2644 5442 Pythagorre,
2677 5367 2914 5422 Platonis
2934 5406 2948 5430 ,
2980 5374 3035 5419 et
3062 5363 3274 5434 Epicuri
3301 5362 3642 5432 Opinionihns
3687 5409 3695 5417 .

2047 5467 2254 5538 egimus
2292 5464 2345 5519 in
2386 5463 2582 5517 nostris
2615 5460 2684 5516 de
2710 5459 2914 5514 Minutii
2943 5458 3158 5524 Felicis,
3191 5468 3245 5512 et
3279 5456 3540 5512 Lactantii
3573 5455 3640 5510 li-

2047 5559 2160 5615 bris
2212 5555 2676 5630 dissertationilnts
2730 5551 3050 5622 (Dissertat.
3103 5550 3158 5603 in
3205 5549 3395 5604 Minut.
3456 5547 3637 5604 Octav.

2047 5668 2162 5722 cap.
2194 5650 2246 5716 7,
2278 5659 2375 5702 art.
2413 5648 2466 5714 1,
2493 5657 2540 5701 et
2569 5647 2622 5700 in
2651 5644 2915 5709 Lactant.,
2947 5659 3064 5712 cap.
3094 5641 3186 5708 34,
3215 5650 3317 5694 art.
3361 5639 3437 5711 1).
3549 5644 3552 5647 ’

2117 5743 2380 5812 Quoniam
2413 5755 2540 5796 vero
2572 5737 2933 5796 Tertullianus
2977 5733 3211 5790 hominis
3251 5733 3318 5790 ad
3359 5734 3523 5788 vitam
3549 5746 3639 5790 re-

2045 5852 2289 5914 gressum
2325 5833 2614 5909 propositis
2643 5833 2774 5891 lucis
2801 5839 2858 5888 et
2885 5829 3226 5888 tenebrarum
3257 5868 3274 5899 ,
3309 5827 3546 5886 siderum
3585 5835 3642 5884 et
