4240 6262
575 320 683 421 sse

1639 347 1707 409 IN
1745 342 2212 408 TERTULLIANI
2245 337 2781 405 APOLOGETICUM

2486 130 2513 151 /

3768 292 3891 399 eoo

575 487 914 549 temporum,
959 471 1223 527 fructuum
1269 475 1323 522 et
1368 464 1637 522 seminum
1679 464 1940 535 exemplis
1979 477 2166 519 corro-
2198 460 2250 523 Α
2275 459 2469 515 mortui
2505 456 2739 513 hominis
2767 454 2835 511 ad
2868 456 3033 512 vitam
3080 468 3416 527 regressum,
3462 462 3581 511 tum
3604 453 3889 511 continuo
3972 458 3979 463 '

574 568 770 628 borare
795 574 1017 622 conatus
1046 563 1218 618 fuerat
1244 558 1601 631 (Tertullian.,
1625 559 2050 631 Apologet.,‘cap.
2075 557 2167 623 48,

576 659 677 714 col.
732 656 875 728 45),
923 654 1048 710 inde
1098 652 1397 723 arguebant
1442 650 1641 706 ethnici
1697 668 1710 704 :
1766 651 1910 722 Ergo
1954 664 2173 719 semper

574 748 915 805 moriendum
966 744 1115 812 erit,
1171 753 1226 800 et
1274 758 1486 813 semper
1542 741 1953 811 resurgendum.
2009 740 2171 810 Atqui

574 841 678 896 hoc
705 839 861 909 plane
886 836 1176 893 absurdum
1202 844 1312 904 est.
1345 834 1450 891 Sed
1480 835 1687 905 primo,
1720 832 2010 905 respondet
2033 832 2169 887 Ter-

572 932 828 989 tttllianus
852 973 867 996 ,
899 932 941 985 si
970 931 1043 984 ila
1082 943 1252 985 rerum
1288 926 1538 982 Dominus
1576 927 1910 993 destinasset,
1953 925 2171 997 ingratis

571 1026 876 1097 experireris
906 1024 1212 1079 conditionis
1238 1032 1339 1077 tua:
1358 1021 1520 1092 legem
1539 1019 1753 1092 (Ibid),
1771 1019 1873 1075 hoc
1898 1027 1983 1074 est
2001 1060 2016 1087 ,
2045 1019 2167 1089 quia

571 1133 732 1174 verus
782 1127 840 1173 et
889 1117 1231 1187 omnipotens
1295 1115 1435 1169 Deus
1497 1113 1737 1167 omnium
1806 1108 2043 1175 rerum,
2106 1124 2169 1165 ac

571 1210 799 1282 proinde
838 1211 1026 1265 mortis
1067 1218 1121 1265 et
1165 1210 1287 1262 vita:
1335 1207 1585 1262 dominus
1627 1215 1745 1273 est,
1783 1213 1962 1275 potest
1986 1204 2171 1275 utique

570 1320 678 1360 non
706 1302 874 1359 semel
904 1310 1111 1357 tantum
1130 1343 1144 1368 ,
1189 1299 1283 1355 sed
1313 1300 1471 1354 toties
1497 1298 1770 1354 hominem
1803 1305 2074 1351 mortuum
2102 1295 2169 1350 ad

570 1396 731 1451 vitam
766 1393 1002 1450 excitare
1026 1435 1041 1461 ,
1070 1392 1292 1463 :quoties
1319 1390 1570 1445 voluerit.
1602 1389 1656 1445 Si
1682 1404 1811 1459 ergo
1849 1388 2053 1443 homini
2080 1403 2170 1444 va-

567 1490 678 1543 rios
721 1486 787 1542 ad
826 1487 990 1541 vitam
1036 1484 1240 1540 reditus
1277 1482 1637 1549 decrevisset,
1690 1481 1828 1537 hanc
1867 1482 1957 1536 ille
1997 1482 2166 1552 legem

567 1582 782 1650 ingratis
826 1578 1183 1650 experiretur.
1237 1577 1381 1632 Dixit
1425 1587 1603 1631 autem
1654 1576 1907 1646 ingratis,
1946 1575 1997 1630 id
2049 1585 2166 1644 est,

502 1652 507 1659 V
567 1672 755 1739 invite,
795 1686 857 1726 ac
887 1680 1073 1726 contra
1104 1670 1455 1753 voluntatem.
1489 1668 1567 1722 Eo
1597 1667 1743 1723 enim
1775 1682 1936 1722 sensu
1969 1669 2170 1723 Auctor

2276 550 2514 607 ostendit
2540 548 2755 623 quando
2780 564 2970 607 omnes
3008 548 3257 606 homines
3285 564 3565 621 resurgere
3594 548 3825 605 debeant
3862 567 3880 604 :

2276 644 2529 700 Mandant
2552 687 2566 711 ,
2600 644 2809 715 inquit,
2849 660 2962 716 quae
2995 644 3127 699 ratio
3147 685 3162 710 ,
3212 643 3264 698 id
3305 651 3389 700 est
3411 684 3425 708 ,
3457 644 3618 699 dubio
3648 644 3830 713 procul
3860 683 3880 712 ,

2273 738 2495 794 verbum
2538 745 2594 794 et
2620 752 2799 793 sermo
2831 737 2960 804 Dei,
2990 736 3272 808 composuit
3298 736 3499 791 aemulis
3525 735 3543 805 (
3569 735 3880 791 Tertullian.

2279 831 2585 902 Apotoget.,
2611 847 2728 902 cap.
2760 830 2830 886 48
2850 872 2864 896 ,
2894 831 2995 886 col.
3027 830 3160 903 43),
3193 843 3287 885 seu
3308 871 3324 898 ,
3353 829 3452 885 sibi
3484 828 3715 884 invicem
3740 842 3895 885 con-‘

2272 929 2482 995 trariis,
2529 929 2613 985 vel
2668 928 2825 985 sicuti
2874 928 2928 983 in
2974 928 3080 983 alio
3125 927 3264 983 libro
3309 926 3480 995 dixit,
3538 943 3603 982 ea:
3664 926 3884 981 diversis

2270 1022 2605 1087 substantiis;
2645 1031 2701 1077 ut
2740 1022 2832 1078 sub
2876 1022 3068 1076 unitate
3110 1029 3397 1075 constarent
3441 1018 3652 1093 (Idem,
3685 1017 3773 1074 lib.
3812 1020 3884 1073 de
3922 1074 3927 1079 ,

2282 1114 2476 1169 Pallio.
2505 1132 2622 1184 cap.
2650 1114 2757 1186 2);
2806 1114 2921 1170 hmc
2952 1113 3139 1169 eadem
3188 1114 3326 1169 ratio
3375 1113 3443 1169 ab
3491 1112 3650 1182 hujus
3680 1110 3870 1166 mundi

2284 1206 2507 1261 exordio
2551 1218 2762 1277 tempus
2791 1205 2959 1262 ﬂuere
2987 1205 3187 1281 voluit,
3227 1204 3371 1276 quod
3409 1218 3581 1276 usque
3610 1204 3679 1260 ad
3705 1217 3881 1275 oppo-

2274 1296 2435 1351 sitam
2507 1297 2605 1367 ipsi
2664 1298 3017 1353 aeternitatem
3068 1311 3286 1368 semper
3322 1295 3539 1352 deﬂuat.
3598 1297 3667 1351 At
3730 1298 3886 1352 inter

2273 1390 2535 1447 inﬁnitam
2564 1392 2989 1462 immensamque
3015 1391 3368 1447 aeternitatem
3408 1405 3471 1445 ac
3498 1389 3702 1445 ﬁnitum
3732 1398 3884 1446 tem-

2272 1499 2374 1555 pus
2395 1487 2715 1558 interposuit
2737 1486 2974 1547 medium
2999 1482 3246 1553 limitem,
3272 1501 3378 1556 quo
3396 1501 3555 1541 meum
3576 1485 3877 1558 (Apologet.

2273 1577 2372 1632 loc.
2405 1577 2552 1651 cit.),
2585 1579 2700 1634 sive
2732 1585 2899 1634 totum
2929 1577 3063 1635 illud
3091 1576 3273 1634 mundi
3305 1586 3513 1648 tempus
3545 1576 3791 1643 ﬁniatur‘,
3821 1585 3881 1632 et

2273 1669 2478 1725 infinita
2516 1671 2790 1727 aeternitas
2835 1672 3096 1742 incipiat:
3127 1670 3194 1726 In
3223 1688 3281 1726 eo
3314 1680 3485 1726 autem
3523 1671 3704 1725 ultimo
3744 1680 3873 1725 tem-

567 1767 683 1835 ipse
721 1774 904 1819 noster
946 1762 1048 1817 hoc
1090 1762 1257 1817 verbo
1301 1776 1447 1830 saepe
1492 1775 1617 1815 usus
1656 1770 1737 1816 est
1763 1803 1776 1827 ,
1822 1760 1930 1814 imo
1970 1770 2027 1814 et
2055 1760 2168 1829 ipse
2259 1765 2447 1845 poris,
2478 1773 2525 1817 et
2552 1766 2721 1834 «primo
2755 1765 3054 1820 wternilatis
3090 1765 3281 1831 limite,
3305 1765 3629 1831 restituetur,
3660 1762 3872 1833 inquit,

577 1856 788 1920 Cicero,
816 1855 1207 1925 extorquendem
1234 1864 1325 1919 est,
1360 1853 1551 1923 inquit,
1583 1854 1738 1907 invito
1766 1863 1915 1922 atque
1949 1852 2164 1924 ingratis
2192 1859 2245 1919 Β
2269 1872 2416 1910 onme
2463 1856 2740 1910 humanum
2777 1873 2935 1927 genus
2973 1857 3041 1909 ad
3075 1856 3468 1928 expungendum
3509 1856 3646 1925 quod
3684 1856 3739 1909 in
3776 1856 3879 1910 isto

564 1948 701 2021 quod
729 1965 831 2003 non
858 1948 1022 2001 debet.
1058 1948 1123 2002 Et
1153 1947 1280 2001 alibi
1312 1965 1326 2001 :
1356 1946 1652 2002 Relicebunt
1680 1962 1793 2018 qua:
1821 1956 2057 2016 poterunt
2092 1947 2159 1999 li-

565 2044 755 2109 benter,
785 2043 951 2097 dicent
978 2058 1090 2113 qua:
1117 2057 1317 2095 necesse
1339 2041 1431 2094 erit
1457 2040 1673 2111 ingratis
1697 2041 1713 2109 (
1742 2038 1920 2103 Idem,
1954 2055 2071 2109 cap.
2102 2039 2156 2106 ιι,

564 2133 664 2187 col.
712 2134 766 2189 5.
808 2135 897 2188 lib.
939 2135 1140 2188 advers.
1177 2132 1452 2204 Hermoge.
1476 2174 1491 2199 ,
1518 2149 1634 2203 cap.
1667 2132 1772 2199 i9,
1802 2141 1850 2186 et
1897 2131 1985 2188 lib.
2038 2132 2156 2185 adv.

502 2232 509 2239 ‘
572 2223 845 2280 Valcntia.-
884 2243 1002 2296 cap.
1051 2224 1157 2291 26,
1208 2242 1329 2297 pag.
1380 2224 1505 2279 500.
1548 2225 1656 2279 Cic.
1696 2234 1826 2280 orat.
1874 2230 2039 2295 prima
2068 2241 2160 2295 pro

567 2316 798 2384 Quinct.,
831 2334 950 2387 pag.
987 2315 1022 2373 9
1041 2359 1055 2382 ,
1087 2316 1178 2372 lin.
1208 2315 1263 2383 2,
1291 2324 1339 2370 et
1367 2314 1454 2369 lib.
1484 2313 1554 2371 IV
1581 2316 1636 2370 in
1670 2310 1854 2381 Verr.,
1877 2332 1997 2387 pag.
2035 2316 2156 2380 165,

575 2410 668 2464 lin.
706 2409 773 2465 15
796 2410 837 2478 ).
868 2408 1128 2465 Cernisne
1172 2407 1388 2463 nomina
1420 2407 1631 2464 libenter
1670 2418 1723 2464 et
1750 2408 1802 2463 in
1829 2409 1991 2480 gratis
2012 2451 2027 2477 ,
2058 2407 2159 2463 sibi

560 2503 790 2559 invicem
823 2503 1022 2574 opponi
1042 2490 1079 2556 ’ξ’

583 2576 591 2597 ⁸
632 2594 944 2664 Respondet
990 2592 1230 2650 secundo
1277 2591 1639 2649 Tertullianus
1681 2610 1694 2646 :
1737 2594 1799 2647 At
1841 2608 1974 2647 nunc
2023 2592 2163 2648 Deus

558 2702 661 2740 non
704 2686 853 2741 aliter
897 2686 1197 2752 destinavit,
1243 2701 1396 2753 quam
1447 2685 1739 2755 praedicavit
1788 2683 2157 2755 (Tertullian.,

558 2778 834 2850 Apoloyet.
860 2820 875 2846 ,
908 2777 1011 2832 col.
1041 2776 1151 2842 48,
1185 2793 1304 2849 pag.
1339 2776 1459 2846 45),
1491 2776 1541 2830 in
1574 2776 1745 2831 sacris
1792 2775 2043 2831 nimirum
2065 2820 2079 2844 ,
2105 2786 2161 2831 ut

557 2885 723 2940 supra
765 2871 1065 2925 notavimus
1086 2913 1100 2937 ,
1133 2867 1453 2940 Scripturis,
1482 2869 1571 2923 ubi
1599 2885 1629 2924 a
1670 2885 1729 2927 se
1752 2878 2007 2925 statutum
2039 2885 2161 2927 esse

555 2960 812 3034 praedicat
870 2962 1071 3019 homini
1126 2962 1291 3019 semel
1344 2960 1719 3028 moriendum,
1766 2961 2039 3033 semelque
2069 2978 2159 3019 re-

556 3056 923 3127 Surgendum-

631 3147 873 3218 Dcniquc
914 3148 1203 3219 respondet
1245 3145 1492 3202 homines
1523 3142 1646 3202 iile'o
1673 3161 1991 3217 resurgere,
2025 3148 2161 3201 utin

2265 1962 2404 2012 wvo,
2452 1949 2691 2003 mortalis
2736 1949 2856 2004 vita:
2884 1952 3047 2016 sum,
3094 1948 3212 2002 boni
3259 1965 3348 2003 seu
3393 1948 3515 2003 mali
3554 1949 3775 2014 meruit,
3826 1956 3879 2002 et

2266 2040 2448 2093 exinde
2475 2039 2867 2111 dependendum
2894 2042 2946 2093 in
2972 2041 3269 2095 immensam
3289 2040 3587 2096 teternitatis
3612 2040 3874 2111 perpetui.

2266 2139 2419 2185 tatem
2443 2129 2654 2203 (Ibid.).
2683 2131 2760 2186 lta
2789 2131 3077 2202 in-Rigaltii
3110 2131 3415 2203 etantiquis
3437 2131 3784 2197 editionibus,
3809 2145 3874 2187 ac

2264 2223 2643 2294 manuscriptis
2672 2224 2871 2279 nostris
2896 2224 3194 2281 codicibus.
3223 2225 3294 2280 At
3330 2225 3382 2279 in
3424 2224 3573 2280 cusis
3601 2224 3871 2294 aliquibus

2263 2316 2477 2387 legitur,
2511 2317 3038 2388 deprehendendum,
3068 2320 3177 2388 'pro
3215 2318 3645 2388 dependendum,
3680 2326 3773 2372 aut
3813 2316 3869 2373 in
3904 2338 3927 2365 ς·

2262 2408 2382 2463 aliis
2421 2409 2603 2463 exinde
2639 2409 3046 2480 dependendum.
3090 2408 3151 2464 In
3181 2409 3301 2464 aliis
3330 2423 3490 2480 porro
3511 2408 3615 2464 hoc
3644 2408 3869 2483 verbum

2263 2502 2476 2572 penitus
2504 2503 2772 2558 sublatum
2800 2513 2902 2559 est.
2932 2503 3117 2575 Neque
3154 2503 3282 2559 illud
3319 2503 3475 2560 valde
3502 2484 3867 2560 necessarium

2264 2592 2475 2648 videtur
2498 2635 2514 2660 ,
2552 2594 2595 2648 si
2643 2594 2807 2650 verbo
2849 2594 3282 2666 expungendum,
3315 2594 3388 2651 ibi
3428 2609 3458 2648 a
3496 2594 3856 2661 Tertulliano,

2262 2685 2401 2741 sicut
2427 2684 2551 2739 alibi
2577 2724 2594 2752 ,
2626 2695 2681 2741 et
2718 2685 2787 2741 ab
2812 2686 2932 2741 aliis
2960 2687 3324 2757 Scriptoribus
3351 2697 3595 2743 sumatur
3618 2700 3711 2757 pro
3740 2703 3865 2758 per-

2262 2776 2578 2832 solvendum.
2621 2776 2727 2833 Sed
2765 2778 2809 2833 si
2850 2778 2917 2834 ab
2953 2780 3337 2850 eoaecipiatnr
3365 2793 3465 2851 pro
3490 2778 3764 2835 reddenda
3792 2778 3866 2834 ab

2264 2868 2575 2924 hominibus
2618 2884 2843 2940 operum
2895 2885 3114 2925 suorum
3161 2885 3406 2935 summa,
3454 2871 3866 2942 rationibusque

2269 2962 2642 3032 computandis
2663 3004 2679 3030 ,
2708 2972 2869 3033 atque
2897 2964 3266 3033 absolvendis,
3300 2963 3521 3020 retineri
3548 2964 3707 3021 debet
3734 2979 3865 3019 ver-

2261 3056 2391 3110 bum
2458 3055 2589 3110 illud
2666 3055 3099 3126 dependendum;
3155 3059 3226 3112 ita
3303 3067 3361 3112 ut.
3424 3041 3510 3113 hic
3570 3057 3639 3113 sit
3710 3057 3863 3113 illius

2264 3161 2457 3202 sensus
2498 3162 2511 3200 :
2546 3148 2897 3203 restituentur
2955 3162 3146 3204 omnes
3187 3149 3406 3204 omnino
3454 3149 3695 3205 homines
3721 3191 3737 3216 ,
3798 3157 3865 3203 ut

558 3240 855 3295 immensam
898 3241 1205 3309 (etcrnitalis,
1232 3239 1654 3311 perpetuitatem,
1705 3240 1968 3310 accipiant
2015 3237 2157 3308 quod
2185 3252 2231 3315 ρ
2267 3247 2679 3307 computentur,
2721 3240 3130 3305 examinentur,
3174 3251 3229 3296 et
3271 3241 3608 3296 absolvantur
3644 3248 3864 3297 cunctae

555 3335 683 3391 mali
726 3344 818 3399 aut
864 3333 986 3391 boni
1033 3335 1086 3389 in
1135 3333 1236 3388 hac
1267 3333 1376 3387 vita
1398 3340 1717 3388 meruerunt
1743 3330 1938 3405 (ibid).
1981 3332 2158 3388 Semel

555 3416 718 3500 igitur
755 3428 953 3485 debent
996 3427 1063 3483 ad
1109 3428 1270 3483 vitam
1323 3428 1583 3482 revocari.
1634 3427 1826 3483 Posrea
1874 3426 2017 3491 enim
2044 3442 2160 3491 ,nec

554 3534 702 3575 mors
751 3521 853 3575 erit
880 3561 893 3581 ,
930 3533 1030 3577 nec
1059 3518 1381 3574 resurrectio
1400 3559 1415 3584 ,
1443 3517 1539 3573 sed
1564 3527 1763 3573 aeterna
1792 3520 1919 3574 vita.

628 3610 834 3665 Dehinc
860 3627 988 3667 vero
1018 3613 1081 3667 iis
1110 3614 1271 3667 etiam
1298 3613 1568 3678 occurrit,
1601 3613 1690 3682 qui
1719 3613 1991 3683 objectare
2015 3613 2159 3668 sole-

554 3700 685 3756 bant
724 3701 841 3754 ﬁeri
888 3718 992 3756 non
1042 3718 1241 3772 posse,
1291 3712 1347 3757 ut
1387 3718 1584 3773 corpus
1628 3703 1861 3781 hominis
1892 3704 2159 3776 profundo

556 3795 927 3863 immensoque
956 3795 1087 3849 mari
1111 3795 1448 3849 submersum
1475 3834 1492 3861 ,
1522 3794 1797 3851 redactum
1828 3796 1879 3851 in
1907 3797 2119 3852 cineres
2137 3838 2153 3864 ,

555 3902 584 3940 a
635 3886 856 3953 bestiis,
909 3897 961 3942 et
1002 3887 1288 3956 aliquando
1333 3886 1401 3940 ab
1441 3886 1749 3943 hominibus
1798 3888 2112 3943 devoratum
2139 3932 2153 3957 ,

558 3981 736 4051 ipsum
768 3979 911 4036 idem
948 3979 1237 4050 aliquando
1276 3990 1519 4050 resurgat
1550 3998 1563 4035 :
1594 3979 1734 4034 Nam
1776 3981 1911 4049 Dei,
1943 3982 2153 4053 inquit,

516 4052 531 4067 Ι
555 4083 627 4129 est
668 4074 883 4128 nihilum
904 4062 1104 4145 ipsum,
1131 4074 1279 4143 cujus
1304 4082 1350 4127 et
1381 4082 1539 4127 totum
1566 4072 1585 4146 (
1618 4072 1755 4129 Ibid.
1779 4072 1819 4146 ).
1851 4074 1984 4129 Cum
2011 4052 2154 4129 enim

556 4165 702 4222 Deus
742 4166 918 4220 omnia
950 4181 1015 4221 ex
1049 4164 1217 4221 nihilo
1242 4165 1544 4234 creaverit,
1597 4180 1662 4222 ac
1705 4175 1810 4221 tam
1859 4164 1934 4221 rei
1981 4167 2156 4222 exsis-

555 4259 740 4325 tentis,
770 4275 931 4330 quam
962 4274 1066 4315 non
1095 4260 1402 4316 exsistentis
1425 4301 1439 4326 ,
1470 4266 1527 4315 et
1562 4258 1716 4315 nihili
1754 4259 1825 4314 sit
1868 4259 2152 4327 dominus,

554 4360 731 4422 potest
806 4361 950 4407 certe
1031 4352 1447 4425 quodcumque,
1508 4367 1615 4423 quo
1679 4353 1817 4422 ipsi.
1855 4352 2152 4423 placuerit,

554 4444 714 4500 modo
756 4453 810 4500 et
860 4443 1034 4500 facere
1077 4451 1133 4499 et
1177 4444 1419 4500 reficere.
1471 4444 1639 4502 Recte
1686 4445 2017 4517 igitur-hinc
2064 4446 2155 4502 ille

553 4537 824 4593 concludit
875 4536 1234 4609 :Ubicumque
1285 4538 1552 4601 resolutus
1585 4538 1772 4609 fueris,
1825 4554 2154 4609 quacumque

2265 3329 2390 3384 boni
2419 3330 2654 3400 malique
2697 3346 2885 3386 eorum
2916 3332 3094 3386 meriti
3122 3332 3360 3388 rationes
3383 3375 3399 3401 ,
3437 3347 3501 3389 ac
3531 3330 3722 3388 deinde
3760 3346 3868 3401 per

2271 3430 2443 3479 totam
2466 3425 2818 3480 aeternitatem
2861 3424 2990 3479 illud
3027 3424 3331 3495 dependant
3359 3441 3421 3481 ac
3445 3425 3687 3491 solvant,
3717 3424 3865 3497 quod

2261 3529 2359 3585 per
2408 3514 2548 3571 hanc
2598 3517 2759 3570 vitam
2812 3527 3143 3573 meruerunt.
3193 3519 3263 3573 At
3310 3517 3598 3574 Suetonius
3639 3518 3865 3575 verbum

2261 3622 2517 3679 expnugo,
2572 3608 2675 3664 hac
2716 3609 2951 3666 secunda
2999 3610 3391 3681 signiﬁcatione
3433 3611 3743 3668 adhibuisse
3781 3613 3867 3669 vi-

2261 3698 2418 3753 detur
2443 3741 2457 3767 ,
2490 3700 2576 3755 ubi
2609 3700 2929 3757 de‘Claudio
2952 3701 3165 3758 Caesare
3191 3702 3407 3772 scripsit
3431 3720 3445 3755 :
3479 3701 3605 3758 Cum
3631 3703 3865 3759 decurias

2260 3806 2431 3846 rerum
2459 3802 2574 3846 acta
2598 3802 2904 3864 expungeret
2935 3794 3175 3863 (Sueten.
3208 3794 3262 3848 in
3303 3792 3402 3848 Vit.
3421 3792 3643 3858 Claudii,
3675 3792 3703 3865 §
3730 3793 3862 3865 l5),

2260 3881 2316 3937 id
2342 3894 2447 3950 est,
2482 3895 2538 3938 ut
2565 3884 2782 3953 quidam
2813 3885 3186 3952 observarunt,
3219 3884 3527 3952 ordinaret,
3556 3880 3619 3939 ac
3640 3896 3869 3956 compu—

2261 3984 2398 4031 taret
2442 3977 2658 4046 quinam
2703 3993 2769 4032 ex
2815 3977 3045 4034 decuriis
3092 3981 3143 4033 in
3186 3978 3425 4049 judicum
3473 3993 3700 4053 numero
3739 3994 3862 4037 ser-

2264 4067 2421 4122 vandi
2471 4078 2672 4124 essent.
2720 4069 2835 4126 Iluc
2890 4085 3105 4141 quoque
3160 4082 3353 4127 vocant
3403 4071 3521 4127 haec
3576 4072 3862 4144 Papiniani

2262 4159 2422 4215 verba
2456 4181 2467 4215 :
2498 4159 2581 4214 Ex
2608 4177 2764 4231 causa
2788 4163 3084 4218 desertionis
3110 4173 3315 4219 notatus
3338 4180 3399 4218 ac
3420 4166 3705 4229 restitutusl,
3733 4174 3863 4223 tent-

2259 4254 2397 4325 poris
2423 4294 2440 4321 ,
2478 4256 2613 4324 quod
2655 4247 2717 4310 in
2765 4248 3047 4311 desertione
3096 4258 3284 4326 fuerit,
3336 4258 3607 4329 impendiis
3664 4275 3899 4329 expuat.

2257 4347 2394 4419 gitur
2422 4347 2641 4419 (Digest.
2669 4349 2757 4403 lib.
2787 4347 2975 4417 XLIX,
3009 4351 3089 4404 tit.
3121 4349 3211 4417 16,
3239 4351 3340 4422 leg.
3368 4351 3461 4419 15,
3494 4351 3557 4406 de
3578 4348 3637 4407 re
3660 4350 3856 4423 milit.).

2328 4438 2599 4510 Quidquid
2638 4456 2799 4512 porro
2836 4443 2908 4498 sit
2941 4442 3010 4498 de
3038 4444 3285 4499 Auctoris
3310 4444 3484 4501 nostri
3513 4460 3641 4501 vera
3670 4446 3860 4518 genui-

2258 4546 2434 4602 naque
2461 4533 2708 4598 lectione,
2732 4540 2887 4590 certo
2914 4533 3132 4605 quidem
3158 4534 3359 4591 certius
3387 4550 3509 4592 esse
3528 4535 3718 4603 docet,
3742 4534 3858 4592 lore

551 4640 602 4686 te
628 4632 842 4687 materia
870 4631 1205 4697 destruxerit,
1239 4631 1491 4694 hauserit,
1523 4631 1830 4699 aboleverit,
1858 4632 1910 4685 in
1938 4630 2153 4713 nihilum
2176 4643 2233 4706 Β
2258 4634 2317 4680 ut
2354 4626 2726 4696 expendantur
2748 4667 2762 4693 ,
2796 4636 2852 4683 et
2892 4636 3141 4684 accurate
3168 4630 3543 4686 examinentur
3566 4630 3629 4696 ,in
3670 4628 3860 4686 ultimo

552 4724 880 4795 prodegerit,
910 4724 1083 4778 reddet
1112 4734 1159 4778 te
1188 4722 1207 4793 (
1230 4721 1369 4779 Ibid.
1402 4723 1445 4795 ).
1475 4721 1580 4778 Sed
1607 4740 1704 4782 nos
1747 4724 1900 4794 plura
1931 4725 1983 4778 in
2018 4723 2153 4780 bane

549 4828 669 4871 rem
712 4817 764 4870 in
795 4816 1162 4887 superioribus
1192 4819 1392 4873 nostris
1417 4817 1883 4874 dissertationibus
1916 4819 2158 4889 disputa-

550 4908 725 4963 vimus
756 4907 1051 4979 (Dissertat.
1081 4910 1136 4963 in
1166 4907 1355 4963 Minut.
1398 4908 1579 4964 Oetae.
1622 4926 1740 4980 cap.
1770 4910 1822 4980 7,
1854 4919 1955 4966 art.
1988 4910 2024 4965 2
2046 4953 2062 4980 ,
2107 4918 2158 4967 et

551 4998 822 5057 Dissertat.
851 5001 906 5056 in
929 5000 1166 5056 Lactant.
1190 5042 1203 5067 ,
1234 5017 1348 5072 cap.
1379 5002 1451 5057 28
1476 5044 1490 5068 ,
1517 5010 1618 5059 art.
1645 5001 1722 5073 4).

1162 5130 1456 5172 ARTICULUS
1482 5133 1560 5173 Ill.

554 5228 666 5297 Quo
694 5237 923 5301 tempore,
954 5231 1142 5285 mortui
1184 5230 1411 5284 homines
1458 5229 1527 5283 ad
1566 5230 1719 5284 vitam
1762 5212 2113 5287 excitabuntur
2129 5264 2159 5301 ,κ

618 5322 892 5392 sistentque
918 5340 971 5378 se
998 5332 1216 5378 extremo
1244 5321 1343 5377 Dei
1371 5321 1565 5387 iudicio
1584 5362 1599 5387 ,
1642 5333 1690 5377 et
1736 5325 1987 5394 quomodo
2022 5323 2147 5380 Ter-

619 5415 866 5470 tullianus
903 5416 1217 5469 ethnicorum
1250 5415 1313 5469 de
1347 5412 1523 5469 Minoe
1556 5423 1601 5468 et
1640 5414 2003 5472 thadamanto
2032 5418 2147 5488 api-

618 5508 850 5562 itionibus
878 5508 1139 5578 conﬁrmet
1167 5510 1391 5564 omnium
1418 5507 1553 5564 mala
1577 5507 1805 5580 bonaque
1834 5511 2012 5565 merita
2038 5523 2143 5567 tum

616 5599 975 5655 examinanda.

615 5734 902 5805 Postquam
929 5735 1284 5794 Tertullianus
1318 5737 1400 5793 his
1421 5779 1437 5806 ,
1467 5750 1589 5812 qua:
1623 5738 1972 5810 exposuimus
1994 5782 2009 5806 ,
2039 5755 2129 5795 ra-

545 5820 751 5877 tionum
801 5829 1086 5881 momentis
1133 5828 1504 5898 comprobavit
1557 5828 1791 5887 futurum
1847 5830 2145 5901 cujuslibet

2260 4719 2458 4775 Christi
2497 4719 2699 4790 judicio
2749 4721 3083 4792 singulorum
3138 4721 3418 4778 hominum
3464 4721 3673 4779 merita.
3713 4719 3861 4777 Ven-

2257 4818 2413 4867 turus
2450 4812 2595 4867 enim
2638 4822 2725 4869 est
2765 4812 2857 4869 ille
2901 4814 3016 4884 ipse
3045 4812 3292 4870 Christus
3317 4830 3441 4870 cum
3465 4816 3646 4884 omni,
3689 4823 3750 4870 ut
3783 4813 3863 4870 ait

2259 4904 2653 4970 Tertullianus,
2705 4905 3000 4961 divinitatis
3058 4905 3229 4977 gloria
3280 4917 3336 4962 et
3393 4905 3709 4978 majestate,
3755 4920 3860 4963 nec

2259 5012 2366 5051 non
2409 5013 2523 5050 cum
2548 4986 2705 5051 totius
2747 4997 2922 5052 mundi
2952 5007 3122 5066 metu,
3166 5013 3273 5069 quo
3315 5014 3448 5054 sane
3482 5000 3857 5065 subvertetur,

2175 5126 2186 5135 ε
2257 5105 2371 5143 cum
2402 5088 2612 5144 horrore
2642 5088 2776 5146 orbis
2796 5131 2810 5156 ,
2843 5106 2959 5144 cum
2999 5090 3207 5161 planctu
3245 5093 3473 5146 omnium
3496 5134 3511 5159 ,
3559 5090 3857 5147 inﬁdelium

2254 5189 2308 5237 et
2335 5181 2715 5236 sceleratorum
2738 5223 2754 5248 ,
2794 5182 2884 5237 sed
2925 5197 3026 5237 non
3072 5182 3465 5250 christianorum
3508 5180 3854 5257 (Tertullian.

2255 5273 2519 5346 Apologet.
2549 5280 2665 5346 cap.
2706 5276 2778 5332 25
2800 5316 2813 5341 ,
2853 5276 2953 5330 col.
2982 5276 3073 5347 25)
3094 5318 3107 5345 ,
3143 5276 3378 5332 ﬁdelium
3405 5318 3419 5342 ,
3449 5274 3733 5344 videlicet,
3762 5274 3857 5347 qui

2250 5370 2339 5441 pie
2369 5378 2658 5438 sancteque
2690 5367 2959 5423 vixerunt.
2996 5369 3070 5424 De
3108 5366 3213 5424 hoc
3245 5377 3426 5425 autem
3453 5377 3696 5424 extremo
3711 5366 3859 5437 judi-

2252 5460 2337 5518 cio
2362 5460 2473 5532 jam
2498 5460 2622 5536 alibi
2651 5459 3006 5516 disseruimus
3023 5459 3240 5531 (Disser.
3262 5461 3316 5515 in
3344 5459 3466 5515 Lac.
3485 5477 3531 5514 c.
3548 5459 3641 5525 ιγ,
3661 5476 3711 5531 p.
3737 5457 3856 5529 42).

2330 5553 2435 5609 Sed
2460 5554 2528 5609 ab
2553 5552 2787 5609 ethnicis
2808 5553 3053 5617 ridemur,
3079 5552 3250 5623 inquit
3274 5551 3451 5607 adhuc
3470 5550 3851 5617 Tertullianus,

2252 5645 2451 5715 Deum,
2493 5663 2653 5717 quem
2691 5655 2846 5703 antea
2897 5646 3176 5703 Christum
3217 5644 3618 5717 appellaverat,
3662 5643 3857 5715 pradi-

2249 5748 2423 5794 cantes
2456 5741 2808 5812 judicaturum
2851 5738 3206 5812 (Tertullian.
3253 5736 3524 5810 Apologet.
3580 5753 3696 5808 cap.
3739 5735 3812 5792 Π

2249 5831 2349 5887 col.
2372 5832 2485 5903 £3).
2504 5832 2574 5890 At
2605 5849 2738 5893 sane
2761 5834 2905 5894 hanc
2928 5832 3178 5907 frigidam
3195 5831 3502 5917 irrisionem
3525 5840 3634 5892 non
3653 5830 3857 5902 aptius,
