4240 6262
262 339 362 399 901

1414 334 1863 402 υιεεεκτΑτιο
1898 340 1963 405 D.
2001 342 2091 406 LE
2126 342 2435 409 NOURRY.

3469 354 3577 418 908

263 473 426 531 quam
477 456 685 517 traditis
730 454 966 531 ipsorum
1023 458 1240 531 placitis
1292 460 1693 531 explodendam
1747 476 1870 519 esse
1894 464 1949 526 Α
1972 468 2226 523 suscitatis
2253 467 2485 525 omnibus
2510 466 2573 522 ab
2602 466 2747 523 initio
2776 467 3056 541 defunctis,
3088 476 3131 526 et
3159 471 3491 543 reformatis,
3525 484 3575 530 et

264 554 479 609 censuit
509 572 520 608 :
553 555 645 610 Sic
665 554 795 609 enim
821 562 869 607 et
898 564 1089 624 poene,
1121 555 1217 621 ait,
1249 561 1295 609 et
1329 555 1621 626 philosophi
1648 555 1874 611 tribunal

264 646 408 713 apud
438 646 627 716 inferos
656 653 859 715 ponunt
880 643 1086 718 (lbid.).
1117 644 1269 713 Quod
1296 655 1478 703 autem
1507 648 1577 702 sit
1614 646 1743 702 illud
1776 647 1873 702 tri-

266 735 433 793 bnnal
453 781 467 805 ,
510 738 654 793 hisce
678 780 693 799 .
725 737 922 808 quibus
949 738 1177 809 gentiles
1201 738 1496 810 alloquitur
1519 780 1532 805 ,
1564 739 1745 794 verbis
1772 738 1872 795 de—

269 828 568 885 claraverat
606 848 619 882 :
651 828 888 898 Ridetis,
926 831 1127 884 rideant
1170 839 1219 884 et
1261 830 1375 897 illi,
1423 830 1738 893 daemones,
1782 845 1872 884 vo-

270 919 478 974 biscum.
508 962 521 975 .
550 960 563 974 .
591 960 606 974 .
627 919 816 976 Dicant
848 921 942 975 hoc
968 938 1061 993 pro
1090 922 1329 977 tribunali
1356 964 1370 986 ,
1418 922 1465 976 si
1504 924 1634 993 forte
1661 921 1874 977 Minoen

272 1018 319 1066 et
368 1009 795 1067 Rhadamantum
857 1012 1134 1067 secundum
1183 1029 1482 1069 consensum
1535 1011 1773 1068 Platonis
1826 1022 1877 1069 et

272 1112 534 1174 poetarum
595 1120 701 1160 esse
767 1105 975 1160 sortitos
1014 1102 1197 1176 (Ibid.
1252 1121 1369 1175 cap.
1426 1103 1520 1172 23,
1581 1105 1681 1160 col.
1728 1103 1802 1161 25
1829 1103 1872 1177 ).

274 1195 412 1264 Quia
446 1210 574 1253 vero
604 1197 946 1253 notissimum
975 1198 1225 1253 omnibus
1253 1206 1371 1254 erat
1399 1196 1594 1253 Minois
1632 1208 1688 1254 et
1726 1197 1874 1253 Rha-

272 1288 511 1343 damami
568 1288 843 1358 tribunal,
898 1298 1063 1347 testes
1112 1290 1412 1362 generatim
1458 1291 1587 1346 citat
1648 1300 1872 1362 poetas,

272 1394 500 1450 quorum
539 1380 756 1451 plurimi
796 1389 852 1437 et
893 1383 1054 1452 graeci
1092 1391 1148 1437 et
1189 1383 1335 1437 latini
1368 1382 1500 1438 illud
1534 1383 1871 1439 cecinerunt.

273 1468 358 1525 Ex
402 1469 739 1541 philosophis
767 1486 897 1528 vero
937 1474 1252 1528 nominatim
1288 1474 1522 1544 appellat
1559 1474 1877 1532 Platonem:

272 1563 399 1633 quia
427 1565 640 1619 illorum
668 1565 904 1620 omnium
936 1564 1094 1620 facile
1123 1566 1378 1635 princeps
1403 1566 1674 1622 audiebat.
1702 1566 1877 1624 Simili

274 1655 441 1710 etiam
471 1656 633 1711 modo
662 1655 906 1712 Justinus
933 1666 1139 1729 martyr
1167 1658 1428 1713 adversus
1459 1658 1676 1714 eosdem
1701 1658 1879 1714 ethni-

273 1760 371 1803 cos
412 1757 817 1817 argumentatus
856 1748 1033 1805 l'uerat
1063 1767 1076 1804 :
1109 1756 1305 1807 Πλὼτων
1339 1754 1389 1806 8t
1430 1745 1752 1820 ϋαδάμιπον
1791 1756 1879 1806 ut

1975 562 2232 618 recensitis
2260 562 2329 615 ad
2353 562 2614 633 utriusque
2641 561 2837 627 meriti,
2871 564 2986 618 sive
3015 562 3137 618 boni
3166 564 3281 619 sive
3311 565 3433 619 mali
3461 566 3572 621 dis-

1977 655 2320 723 punctionem.
2343 653 2493 710 Nunc
2522 653 2653 711 dicit
2676 653 2743 709 ad
2769 652 3218 724 dispunctionem,
3244 654 3386 710 haud
3411 656 3573 714 dubie

1976 746 2165 801 eodem
2198 761 2361 802 sensu
2382 789 2397 813 ,
2428 762 2535 817 quo
2573 756 2731 803 antea
2761 747 2830 802 ab
2869 762 2935 803 eo
2965 748 3169 827 dictum.
3209 748 3440 803 vidimus
3462 789 3479 815 ,
3506 749 3576 803 ad

1977 840 2386 910 expungendum.
2412 840 2547 895 Nam
2583 842 2651 895 ab
2691 842 2810 911 ipso
2838 840 2964 896 alibi
3008 842 3267 912 scriptum
3300 841 3530 898 vidimus
3561 861 3575 899 :

1978 930 2093 987 Nos
2121 934 2209 1004 qui
2236 932 2326 987 sub
2360 931 2465 987 Deo
2495 934 2721 987 onmium
2750 934 3070 1003 speculatore
3094 934 3454 1005 dispungimur
3476 974 3492 1000 ,
3516 933 3581 990 id

1976 1030 2079 1089 est,
2109 1023 2499 1091 examinamur,
2532 1034 2587 1079 et
2609 1023 2914 1094 judicamur
2941 1040 2973 1079 a
3004 1024 3137 1093 Deo,
3166 1025 3255 1095 qui
3288 1025 3464 1079 omnia
3487 1040 3581 1081 co-

1975 1114 2223 1186 gnoscit,
2279 1124 2525 1169 a'ternam
2565 1115 2629 1197 ab
2676 1132 2736 1171 eo
2775 1132 2976 1186 plenam
3025 1116 3342 1187 providemus
3386 1116 3577 1187 (lbid.,

1976 1225 2092 1280 cap.
2123 1209 2210 1275 43,
2243 1208 2342 1263 col.
2372 1208 2486 1281 59),
2518 1225 2615 1265 seu
2663 1224 3030 1281 prtecavemus
3056 1251 3070 1275 ,
3098 1220 3189 1264 aut
3220 1208 3583 1283 przevidemus

1979 1301 2135 1367 fore,
2189 1311 2246 1356 ut
2290 1302 2460 1357 malos
2509 1312 2707 1358 aeterna
2750 1318 2907 1374 pmna
2954 1302 3174 1358 alliciat.
3218 1297 3580 1370 Quamobrem

1979 1394 2284 1450 innocentia
2327 1408 2378 1451 et
2427 1411 2636 1451 morum
2680 1397 2987 1467 integritate
3017 1397 3066 1452 ei
3117 1396 3458 1463 occurrimus,
3512 1410 3582 1452 ne

1978 1496 2209 1543 internas
2261 1488 2594 1559 perieramus
2648 1488 2933 1560 impiorum
2992 1504 3220 1560 pcenas,
3274 1500 3583 1560 intentaque

1977 1581 2256 1651 supplicia.
2293 1581 2345 1635 In
2376 1582 2566 1637 ultimo
2595 1581 2775 1654 itaque
2814 1580 3011 1637 Christi
3047 1581 3251 1651 judicio
3290 1578 3581 1652 unusquis-

1978 1689 2084 1744 quc
2122 1689 2340 1730 suorum
2388 1675 2651 1731 honorum
2700 1677 2783 1732 vel
2834 1676 3095 1730 malorum
3139 1676 3456 1753 meritorum
3499 1692 3585 1731 ra-

1979 1768 2155 1824 tiones
2185 1768 2405 1834 reddet,
2438 1776 2494 1825 et
2519 1770 2584 1823 iis
2618 1780 2726 1823 tum
2756 1769 3072 1824 examinatis
3094 1810 3109 1837 ,
3148 1768 3440 1839 ultimaque
3476 1767 3586 1824 lata

274 1843 414 1891 Μίνω
440 1845 657 1894 κολάσειν
688 1849 795 1902 τοὺς
822 1844 1009 1901 ἀδίκους
1034 1842 1150 1913 παρ’
1187 1846 1363 1903 αότοὺς
1404 1845 1633 1904 ἐλθόντα·
1670 1848 1808 1911 ἠμῖς
1830 1848 1883 1899 δι

1988 1864 2248 1918 sententia
2273 1905 2286 1928 ,
2337 1862 2565 1933 improbi
2598 1863 2887 1933 punientur
2916 1863 3037 1932 igne
3064 1872 3266 1917 reterno
3290 1902 3304 1925 ,
3333 1862 3462 1931 justi
3492 1848 3597 1916 au-l

238 1950 255 1957 ‘
274 1938 332 1983 τὸ
358 1934 476 1985 αὐτὸ
501 1938 699 2003 πρᾶγμά
746 1955 898 2002 φαμεν
933 1941 1233 2003 perforabat,
1264 1935 1368 1992 ἀλλ’
1399 1939 1492 1990 ὑπὸ
1531 1943 1618 1991 τοῦ
1644 1943 1880 2008 Χριστοῦ,

277 2033 361 2076 χιιι
396 2027 498 2083 τοῖς
535 2026 701 2084 αὐτοῖς
738 2033 925 2092 adimat
963 2033 1090 2095 μιτὰ
1118 2038 1277 2096 ψυχῶν
1319 2036 1590 2100 ﬁngebam,
1627 2032 1712 2083 uti
1759 2033 1882 2082 cios-

278 2125 380 2170 νιιν
412 2118 603 2170 κόλασιν
640 2124 1069 2185 κολασθησομινων.
1118 2118 1270 2173 Plato
1310 2136 1426 2174 vero
1465 2118 1886 2175 Rhadamautunt

280 2218 329 2262 et
378 2208 586 2264 lliuoen
624 2209 803 2264 itidem
850 2212 1069 2282 injustas
1108 2211 1176 2264 ad
1219 2227 1273 2265 se
1317 2213 1567 2268 venientes
1611 2213 1885 2284 plexurum

281 2317 392 2355 esse
416 2301 604 2355 docuit.
637 2300 751 2357 Nos
780 2313 951 2358 autem
982 2305 1037 2357 id
1063 2305 1232 2376 ipsum
1262 2305 1414 2359 etiam
1446 2307 1639 2376 factum
1666 2307 1729 2360 iri
1758 2307 1887 2362 dici-

283 2408 429 2459 mus,
457 2394 547 2447 sed
573 2411 606 2447 a
632 2394 855 2460 Christo,
896 2398 1192 2466 corporibus
1238 2398 1426 2452 eisdem
1467 2414 1583 2453 cum
1621 2400 1887 2454 animabus

281 2486 392 2538 suis
416 2486 666 2553 uniendis,
695 2496 846 2558 atque
865 2490 1068 2543 arternis
1087 2489 1394 2544 cruciatibus
1423 2490 1714 2560 torquendis
1741 2489 1887 2564 (Jus-

286 2578 407 2643 tin.,
437 2579 655 2651 Apolog.
687 2579 731 2635 1-
767 2581 836 2634 ad
878 2581 1149 2653 _Autonin.,
1183 2599 1303 2653 pag.
1344 2581 1414 2639 57
1434 2582 1478 2653 ).
1510 2580 1716 2637 Eodem
1753 2597 1887 2654 quo-

285 2682 390 2743 que
414 2673 577 2729 modo
602 2673 969 2746 Athenagoras
997 2681 1183 2729 contra
1214 2674 1458 2730 ethnicos
1491 2683 1675 2746 postea
1704 2676 1887 2747 dispu-

287 2756 430 2819 tavit.
484 2765 686 2822 Citatos
736 2781 897 2836 porro
935 2767 1006 2821 ab
1050 2766 1141 2821 illo
1184 2766 1424 2823 Platonis
1463 2767 1609 2829 locos
1646 2769 1699 2823 in
1743 2769 1888 2825 illius

287 2854 479 2926 Gorgia
526 2866 582 2913 et
625 2856 872 2912 Axioeho
912 2856 1154 2912 invenies
1196 2857 1545 2929 (Athenagor.
1590 2860 1744 2930 legat.
1792 2876 1889 2929 pro

288 2949 548 3006 christian.
582 2969 701 3023 pag.
731 2952 835 3018 l2;
880 2938 1215 3025 Plathorg.
1261 2963 1388 3010 tom.
1428 2953 1484 3023 1,
1532 2972 1654 3028 pag.
1688 2956 1812 3024 ηι,
1841 2966 1891 3013 et

286 3042 436 3098 Axio.
461 3055 582 3099 tom.
613 3044 700 3111 ΙΙΙ,
736 3061 859 3117 pag.
889 3047 1039 3117 571).
1202 3056 1211 3061 ‘

360 3132 419 3191 Si
441 3137 556 3207 quis
587 3152 714 3193 vero
743 3138 977 3208 aliquem
1013 3137 1205 3194 saltem
1251 3152 1319 3195 ex
1365 3140 1542 3195 citatis
1586 3140 1654 3195 ab
1674 3139 1890 3197 Tertul-

1986 1964 2093 2010 tem
2133 1955 2479 2025 sempiternze
2519 1958 2741 2025 praemio
2778 1950 3048 2010 felicitatis
3076 1954 3437 2009 donabantur.
3479 1954 3587 2011 Sed

1986 2046 2053 2102 de
2086 2047 2186 2102 hoc
2214 2058 2423 2103 aeterno
2451 2056 2504 2101 et
2538 2048 2659 2116 igne
2686 2055 2740 2101 et
2767 2047 2989 2117 pra'niio
3024 2047 3151 2118 quid
3176 2047 3368 2103 doceat
3401 2057 3588 2105 auctor

1987 2150 2204 2208 noster,
2230 2140 2339 2211 jam
2366 2138 2754 2212 esplorandum
2781 2154 2811 2193 a
2839 2139 2992 2196 nobis
3016 2149 3117 2196 est.

2585 2267 2878 2311 ARTICULUS
2900 2268 2976 2309 IV.

1990 2363 2072 2419 Dc
2096 2374 2284 2421 ceterno
2310 2368 2422 2437 igne
2442 2407 2459 2434 ,
2488 2383 2588 2437 quo
2621 2367 2839 2437 improbi
2864 2375 2911 2421 et
2948 2366 3099 2438 impii
3125 2368 3354 2423 homines
3387 2369 3589 2425 crucia-

2061 2461 2295 2527 buntur;
2334 2478 2435 2531 qua
2472 2462 2670 2515 ratione
2715 2460 3070 2515 Tertulliauus
3107 2462 3219 2532 ejus
3259 2463 3590 2519 aternitatem

2066 2563 2262 2608 asserat
2291 2595 2303 2617 .
2336 2563 2488 2625 atque
2512 2554 2777 2623 conﬁrmet
2825 2557 3090 2624 igneorum
3120 2555 3414 2624 ﬂuviorum,
3447 2572 3593 2611 mon-

2060 2645 2189 2698 tium
2230 2660 2429 2715 semper
2470 2646 2761 2700 ardentium
2788 2686 2802 2710 ,
2851 2645 3070 2700 hominis
3116 2646 3331 2717 fulmine
3370 2647 3593 2717 percussi

2062 2736 2327 2808 exemplis,
2350 2752 2412 2790 ac
2438 2748 2529 2790 cur
2553 2737 2686 2808 ignis
2704 2736 2792 2791 ille
2815 2745 3037 2792 internus
3060 2736 3283 2790 dicatur.

2061 2870 2213 2939 Quod
2255 2886 2319 2927 ex
2373 2873 2541 2927 sacris
2586 2871 2879 2943 Scripturis
2922 2870 3231 2929 didicerunt
3271 2873 3590 2942 christiani,

1989 2962 2092 3019 hoc
2122 2964 2295 3035 palam
2323 2963 2690 3035 praedicabant
2716 2963 2909 3035 impios
2930 2964 3311 3037 improbosque
3336 2965 3589 3025 homines

1989 3067 2192 3111 aeterno
2222 3066 2340 3127 post
2364 3066 2591 3111 mortem
2621 3071 2770 3111 suam
2801 3056 2921 3128 igne
2950 3056 3269 3114 cruciandos
3298 3074 3312 3112 :
3345 3059 3453 3115 Sed
3497 3077 3590 3132 ge-

1990 3150 2210 3204 hennam
2238 3191 2253 3217 ,
2283 3150 2359 3203 ait
2404 3146 2767 3205 Tertullianus
2795 3191 2810 3217 ,
2844 3150 2886 3204 si
2926 3151 3325 3217 comminemur,
3369 3169 3483 3223 quae
3522 3140 3601 3209 est

288 3226 432 3283 liano
462 3230 633 3299 poetis
662 3230 891 3300 proferri
922 3230 1215 3299 desiderat,
1245 3231 1383 3287 duos
1407 3247 1702 3303 graecorum
1728 3245 1782 3289 et
1808 3236 1887 3290 la-
1910 3247 1956 3313 ο
1988 3239 2125 3311 ignis
2151 3240 2326 3295 telerni
2351 3241 2674 3295 subterranea
2693 3240 2762 3292 ad
2802 3257 3003 3311 poenam
3048 3240 3334 3308 thesaurus,
3382 3243 3596 3312 prointh

289 3323 523 3378 tinorum
576 3326 890 3395 coryphazos
952 3326 1249 3383 Homerum
1303 3339 1359 3384 et
1410 3329 1687 3400 Virgilium
1749 3331 1888 3389 cita-

289 3416 493 3473 bimus.
522 3410 583 3472 ﬁt
607 3416 842 3489 Odyssea
868 3419 1010 3475 enim
1040 3420 1131 3476 ille
1156 3422 1271 3476 haec
1298 3421 1367 3477 de
1397 3422 1563 3479 erebo
1587 3425 1783 3481 cecinit
1811 3442 1826 3480 :

545 3528 629 3581 ὧν
653 3539 737 3590 ἤτοι
756 3545 886 3583 lim
908 3541 1005 3592 ἴδον,
1028 3546 1109 3591 Διὸς
1131 3545 1267 3596 ἂτλαδν
1288 3536 1380 3594 cibo,

540 3629 704 3677 Χρῠσων
720 3634 904 3682 σκῆπτρον
926 3629 1072 3683 ἅπαντα,
1095 3633 1355 3682 “intersimus:
1371 3633 1557 3672 νικὺωσιν

543 3699 705 3761 ἀμην
730 3712 766 3751 οι
788 3709 833 3751 δι
854 3728 915 3765 μιν
933 3715 1025 3766 ἀμφὶ
1040 3710 1148 3761 δίης
1170 3711 1310 3767 εἴροντο
1328 3712 1484 3762 ἄνακτι,

544 3783 681 3845 iuuat
702 3796 877 3846 ἱστιότις
892 3813 935 3838 τι
956 3800 1037 3838 κατ’
1062 3799 1250 3852 εὐρυπυλὲς
1273 3787 1385 3847 Ᾰῑδος
1404 3796 1469 3839 86.

868 3872 1087 3936 (Homer.
1116 3872 1293 3937 Odyss.
1320 3891 1369 3935 Δ,
1391 3871 1526 3924 circa
1545 3870 1660 3937 ﬁn.)

419 3976 493 4041 lbi
515 3975 714 4029 Minoen
737 3977 833 4028 vidi
856 3978 990 4029 Jovis
1020 3976 1328 4041 splendidum
1351 3976 1521 4041 ﬁlium,
1838 4040 1841 4041 ν
1892 4032 1899 4037 ,

420 4039 641 4105 Aureum
664 4046 914 4105 sceptrum
924 4037 1218 4105 gestantem,
1234 4037 1377 4100 leges
1400 4037 1643 4105 ferentem
1656 4040 1891 4105 mortuis,

419 4099 692 4153 Sedentem
721 4099 841 4152 {alii
870 4099 990 4153 νεῖ-ο
1012 4103 1140 4152 circa
1166 4099 1324 4164 ipsum
1346 4113 1518 4151 causas
1538 4103 1772 4152 dicebant
1807 4099 1895 4153 re;

1553 4179 1686 4228 83m:

423 4224 690 4289 Sedentes,
719 4228 886 4279 statuti
906 4240 998 4290 per
1020 4226 1167 4277 latam
1187 4224 1415 4277 Plutonis
1434 4224 1649 4277 domum.

301 4352 554 4425 Virgilius
576 4368 708 4411 vero
739 4373 753 4410 :

423 4462 531 4514 Nec
553 4477 673 4515 vero
693 4466 770 4515 hat
791 4468 898 4517 sine
921 4472 1057 4517 sorte
1078 4460 1223 4525 datm,
1249 4466 1359 4527 sine
1374 4463 1538 4527 judice
1560 4462 1741 4514 sedes:

426 4526 671 4589 Quaesitor
694 4528 850 4578 Minos
879 4541 1052 4579 urnam
1082 4533 1267 4589 movet,
1291 4526 1383 4577 ille
1399 4526 1631 4576 silentum

428 4587 794 4652 Conciliumque
817 4599 973 4652 vocat,
1001 4593 1239 4654 vitasque,
1253 4587 1314 4639 et
1336 4589 1535 4638 erimina
1556 4589 1712 4638 discit.

386 4742 397 4749 _
708 4673 910 4742 (Virgil.
933 4673 1019 4727 tib.
1046 4690 1092 4726 Vl
1120 4673 1314 4726 Aineid.
1343 4688 1390 4724 ν.
1417 4671 1506 4724 tsi
1530 4678 1575 4725 et
1591 4673 1744 4738 seqq.)

296 4774 440 4834 Tum
472 4777 668 4836 deinde
696 4799 710 4836 :

428 4897 663 4964 Quaestus
680 4901 791 4951 haec
807 4899 1169 4953 Rhadamantus
1195 4901 1345 4951 habet
1364 4901 1608 4955 dirissima
1629 4912 1805 4964 regna,

427 4959 739 5028 Castigatque
755 4964 987 5028 auditque
1014 4964 1169 5028 dolos,
1194 4965 1477 5028 subigitque
1495 4964 1640 5028 fateri

427 5024 548 5101 Quae
566 5024 679 5101 quis
701 5027 827 5089 apud
851 5024 1075 5101 superos,
1099 5026 1228 5101 furto
1247 5024 1443 5101 lari‘atus
1465 5027 1592 5101 inani
1608 5066 1621 5087 ,

425 5084 631 5137 Distulit
646 5089 698 5137 in
717 5084 882 5139 seram
904 5084 1160 5140 commissa
1184 5088 1373 5152 piacula
1395 5084 1624 5139 mortem.

1146 5170 1325 5233 (Ibid,
1347 5185 1397 5221 v.
1420 5172 1582 5227 ὕδια
1601 5172 1758 5236 seqq.)

300 5272 377 5327 At
424 5273 471 5328 si
515 5272 750 5341 ethnici,
800 5274 941 5330 sicut
985 5282 1133 5330 recte
1172 5273 1350 5345 arguit
1390 5273 1791 5341 Tertullianus,
1824 5274 1908 5330 bis

302 5366 480 5435 poetis
507 5373 563 5420 et
592 5364 929 5437 philosophis
963 5366 1311 5423 crediderunt
1336 5408 1351 5432 ,
1386 5366 1558 5420 multo
1586 5367 1756 5438 magis
1784 5380 1902 5421 cre-

298 5456 540 5513 dendum
577 5460 746 5515 sacris
786 5459 986 5515 nostris
1014 5458 1400 5530 scriptoribus,
1434 5458 1523 5528 qui
1566 5456 1751 5512 divino
1794 5458 1903 5528 spi-

299 5548 417 5605 ritu
437 5551 662 5621 repleti,
695 5560 1012 5606 constanter
1043 5550 1331 5623 praedicant
1364 5550 1536 5620 ipsum
1567 5562 1693 5604 esse
1716 5548 1900 5604 Chris-

301 5652 419 5697 tum
445 5682 460 5708 ,
488 5646 575 5713 qui
607 5643 857 5715 producto
882 5687 898 5713 ,
926 5659 1021 5700 seu
1050 5652 1266 5714 peracto
1290 5684 1305 5709 ,
1334 5651 1389 5698 et
1411 5650 1731 5711 consumpto
1754 5681 1769 5706 ,
1797 5655 1904 5696 (evo

299 5733 404 5789 isto
424 5773 439 5800 ,
468 5734 791 5804 judicaturus
813 5745 889 5793 est
915 5753 1034 5792 suos
1062 5736 1279 5792 cultores
1306 5735 1360 5790 in
1388 5737 1503 5790 uiue
1530 5744 1731 5789 (sternte
1752 5733 1903 5789 retri-

300 5820 581 5893 butionem,
605 5824 898 5898 prophanos'
922 5827 975 5883 in
1001 5828 1168 5899 ignem
1189 5836 1328 5897 teque
1352 5834 1624 5897 perpetem,
1646 5834 1694 5881 et
1702 5823 1903 5897 iugem,

1995 3333 2427 3388 decachinnamur
2480 3331 2807 3403 (Tertullian.
2856 3322 3125 3404 Apologet.
3175 3350 3293 3403 cap.
3341 3334 3434 3399 47,
3489 3335 3591 3391 col.

1993 3424 2110 3496 42).
2142 3425 2206 3479 Et
2234 3426 2303 3479 ita
2331 3424 2549 3496 quidem
2581 3425 2632 3479 in
2660 3424 2933 3480 codicibus
2965 3425 3187 3493 nostris,
3208 3436 3263 3481 et
3294 3425 3594 3497 Rigaltiana

1994 3519 2221 3589 aliisque
2260 3517 2647 3590 posterioribus
2687 3517 3053 3584 editionibus;
3104 3518 3155 3573 in
3200 3518 3594 3590 antiquioribus

1995 3625 2125 3667 vero
2153 3610 2541 3675 subterraneus,
2564 3611 2714 3681 quasi
2748 3609 2796 3665 id
2830 3609 3015 3665 referri
3063 3609 3257 3667 debeat
3285 3611 3350 3666 ad
3398 3604 3607 3668 nonien

1998 3707 2285 3761 thesaurus.
2318 3705 2385 3760 At
2416 3705 2601 3761 referri
2627 3704 2785 3760 etiam
2819 3713 2992 3775 potest
3018 3704 3083 3758 ad
3115 3719 3309 3760 nomen
3337 3705 3593 3777 gelienna,

1996 3799 2091 3856 sed
2122 3782 2312 3857 eodem
2344 3812 2557 3867 semper
2587 3812 2768 3853 sensu.
2798 3797 2960 3851 Docet
2982 3796 3161 3867 itaque
3186 3797 3385 3852 Auctor
3413 3807 3597 3854 noster

1997 3890 2295 3963 gehennam
2326 3902 2447 3945 esse
2473 3887 2782 3943 thesaurum
2815 3888 2950 3957 ignis
2974 3888 3161 3944 :cterni
3189 3887 3593 3957 inexhaustum,

1999 4000 2105 4055 quo
2133 3982 2344 4039 scelesti
2376 3981 2623 4037 homines
2654 3990 2774 4051 post
2804 3980 2940 4036 hanc
2980 3981 3141 4036 vitam
3184 3982 3595 4052 torquebantur.

2000 4075 2197 4131 Verum
2246 4074 2446 4130 ethnici
2499 4073 2602 4129 hoc
2643 4073 3022 4129 documentum
3072 4089 3180 4129 non
3228 4087 3385 4130 secus
3436 4082 3599 4147 atque

1892 4176 1900 4186 '
2000 4168 2195 4225 anilem
2234 4166 2465 4222 fabulam
2493 4164 2770 4221 cachinnis
2798 4165 3012 4236 risuque
3036 4164 3294 4221 solutiore
3338 4166 3601 4239 explode—

2002 4262 2149 4317 bant.

2073 4349 2213 4406 Vera
2271 4358 2448 4404 tamen
2498 4358 2613 4404 erat
2664 4347 2780 4403 hinc
2825 4346 3240 4405 Christianorum
3282 4354 3597 4408 sententia:

2003 4453 2095 4498 aut
2120 4443 2333 4513 ipsimet
2360 4440 2586 4511 gentiles
2612 4440 2812 4511 pariter
2854 4438 3169 4506 deridendi,
3200 4456 3231 4495 a
3254 4443 3447 4513 quibus
3480 4440 3596 4537 Pg-

2004 4532 2380 4604 riphlcgethon,
2409 4541 2464 4586 ut
2493 4532 2567 4586 ait
2596 4532 2800 4586 Auctor
2823 4542 3005 4586 noster
3041 4531 3253 4604 (lbid.),
3286 4532 3427 4602 apud
3458 4531 3601 4586 mo'r-

1926 4635 1982 4699 D
2008 4635 2119 4681 tuos
2160 4626 2325 4679 amnis
2366 4620 2775 4695 praedicabatur.
2813 4624 2987 4693 Atque
3030 4623 3100 4677 ita
3132 4624 3257 4689 ille,
3305 4639 3368 4679 ac
3416 4632 3604 4694 postea

2012 4716 2300 4783 Arnobius,
2319 4716 2617 4787 conjectum
2637 4714 2703 4769 ab
2730 4714 2833 4769 illis
2870 4714 3031 4768 telum
3056 4716 3328 4785 retorquet
3355 4714 3602 4787 (Arnob.,

2006 4810 2093 4866 lib.
2129 4807 2213 4864 ΙΙΙ.
2233 4808 2431 4864 advers.
2461 4816 2596 4880 gent.
2640 4822 2759 4879 pag.
2804 4805 2913 4878 ΒΞ).
2948 4805 3115 4876 Hujus
3139 4814 3315 4862 autem
3340 4808 3454 4863 haec
3481 4816 3606 4865 sunt

2008 4905 2170 4962 verba
2202 4922 2215 4958 :
2248 4903 2455 4958 Audetis
2483 4902 2650 4957 ridere
2671 4918 2795 4969 nos,
2832 4918 2947 4955 cum
2973 4901 3226 4973 gelteunas
3254 4901 3469 4956 dicimus
3499 4944 3514 4969 ,
3554 4911 3607 4958 et

2008 4996 2443 5070 inexstinguibiles
2469 4995 2717 5067 quosdam
2745 4995 2885 5067 ignes
2913 5036 2929 5063 ,
2957 4995 3011 5049 in
3036 5010 3161 5065 quos
3205 4994 3402 5049 animos
3454 4995 3605 5066 dejici

2011 5090 2074 5145 ab
2102 5106 2277 5145 eorum
2303 5088 2527 5143 hostibus
2554 5087 2870 5158 inimicisque
2887 5087 3257 5158 cognovimus?
3288 5086 3427 5155 Quid
3450 5084 3605 5141 Plato

2015 5180 2069 5235 in
2099 5197 2155 5235 eo
2187 5180 2444 5234 uolumine
2464 5221 2477 5244 ,
2506 5179 2644 5250 quod
2675 5179 2737 5233 de
2763 5180 2950 5234 anima:
2969 5179 3354 5234 immortalitate
3394 5194 3608 5251 compo-

2009 5276 2143 5342 suit,
2174 5290 2273 5328 uon
2304 5273 2665 5337 Acherontem,
2711 5290 2813 5328 non
2842 5271 3052 5346 Stygem
3078 5316 3091 5340 ,
3126 5291 3225 5328 non
3252 5273 3527 5346 Cocytum,
3560 5281 3610 5329 et

2008 5365 2549 5438 Pgriphlegcthontem
2580 5366 2813 5420 nominat
2832 5408 2847 5433 ,
2876 5365 2928 5419 in
2954 5364 3136 5435 quibus
3167 5378 3359 5421 asserat
3404 5368 3607 5422 animas

2007 5458 2141 5512 volvi
2162 5500 2178 5524 ,
2208 5457 2365 5527 mergi
2383 5498 2397 5525 ,
2426 5456 2614 5511 exuri?
2641 5452 2785 5512 Bene
2810 5465 2989 5511 autem
3011 5455 3191 5511 abillo
3221 5457 3370 5511 Plato
3392 5458 3605 5527 citatur,

2009 5551 2097 5622 qui
2150 5550 2201 5605 in
2243 5548 2520 5606 thdone
2567 5548 2850 5619 descripsit
2876 5548 2963 5602 illa
3016 5560 3139 5605 nota
3188 5548 3317 5604 satis
3343 5550 3595 5605 omnibus

2009 5653 2238 5713 quatuor
2264 5642 2384 5696 (icta
2434 5641 2502 5697 ab
2549 5641 2775 5697 ethnicis
2831 5639 3123 5697 inferorum
3169 5641 3385 5697 ﬂumina
3430 5640 3601 5713 (Plat.

2011 5731 2265 5791 Phaedon.
2297 5743 2420 5790 tom.
2451 5732 2502 5802 Ι,
2534 5750 2655 5807 pag.
2701 5729 2826 5791 “2.
2858 5742 2905 5789 et
2937 5735 3113 5807 seqq.)
3146 5733 3595 5808 Pyriphlegethon

2011 5841 2141 5884 vero
2161 5842 2188 5882 a
2212 5820 2465 5899 Virgilio,
2494 5825 2721 5899 aliisque
2748 5826 2920 5899 poetis
2946 5822 3125 5885 latinis
3152 5820 3483 5900 Phlegethon
3508 5842 3610 5886 vo-
