4240 6262
534 4566 541 4579 ⁸
625 4576 743 4674 “fec
782 4573 1129 4674 Ρτῼίθτξιηίιξτ
1159 4569 1214 4674 if‘
1246 4568 1610 4674 ιθδίξίηξξηυίυψ
2250 4588 2306 4664 D
2334 4618 2543 4658 rursum
2567 4603 2618 4658 in
2642 4603 2750 4674 jam
2776 4565 2940 4659 citato
3024 4565 3179 4659 nobis
3203 4565 3476 4658 Plitedone
3505 4604 3703 4670 laudat,
3734 4612 3788 4656 ut
3811 4601 3935 4656 eth-

603 302 716 361 903

1637 296 1707 357 IN
1742 296 2203 358 TERTULLIANI
2237 296 2771 366 APOLOGETICUM

3809 305 3931 366 90‘

606 428 780 476 catur.
812 415 917 476 Sed
940 416 992 474 in
1014 428 1073 474 re
1101 413 1232 472 satis
1255 421 1378 473 nota
1401 411 1634 472 sufficiat
1654 414 1918 487 quosdam
1943 415 2109 473 citare
2137 415 2201 472 il-
2227 423 2280 485 Α
2305 424 2508 475 ctorcm
2534 431 2776 476 nostrum
2799 419 2864 476 ad
2911 417 3039 476 illud
3067 419 3395 491 respexisse,
3426 421 3571 493 quod
3611 420 3696 479 his
3731 423 3929 480 verbis

609 511 714 570 lius
743 528 932 569 versus
964 528 977 563 :

731 620 797 671 Di
833 620 1013 683 quibus
1056 619 1316 684 imperium
1355 628 1433 671 est
1484 621 1752 670 animarum
1793 620 2092 684 umbraeque
2136 622 2207 670 si-

733 743 796 796 Et
817 743 980 808 chaos,
1008 751 1061 795 et
1079 742 1379 807 Phlegeton,
1394 744 1496 795 loca
1520 752 1663 796 nocte
1687 745 1877 796 silentia
1903 684 2209 796 latyemes’

973 825 1183 895 (Virgil.
1206 824 1289 879 lib.
1316 835 1370 877 Vt
1385 827 1577 880 Etteid.
1602 842 1648 880 υ.
1673 827 1767 880 264
1789 835 1833 879 et
1853 828 2010 893 seqq.)

615 935 824 995 Rursus
852 946 1030 994 autem
1060 948 1242 1009 postea
1285 952 1299 991 :

733 1046 958 1111 Respicit
972 1046 1151 1099 tEneas
1172 1048 1354 1111 subito,
1377 1051 1432 1098 et
1454 1048 1548 1099 sub
1571 1060 1693 1111 rupe
1712 1044 1907 1098 sinislra

738 1110 917 1161 Maenia
938 1109 1035 1173 lata
1061 1111 1212 1173 videt,
1228 1110 1405 1173 triplici
1423 1109 1717 1159 circumdata
1741 1123 1898 1167 muro,

736 1173 857 1230 Quae
880 1172 1077 1235 rapidus
1100 1170 1307 1221 ﬂammis
1327 1174 1479 1222 ambit
1502 1173 1803 1221 torrentibus
1825 1170 1982 1219 amnis

734 1234 1013 1287 Tartareus
1027 1234 1378 1298 Phlegetbou,,
1394 1241 1691 1297 torquetque
1716 1235 1933 1282 sonantia
1950 1244 2085 1281 saxa.

1453 1314 1632 1379 (Ibid,
1648 1330 1694 1368 υ.
1717 1316 1813 1366 545
1835 1321 1881 1367 et
1901 1317 2057 1382 seqq.)

612 1422 965 1482 Prudentium
992 1422 1345 1493 aliosque”,,si
1393 1420 1574 1488 Iubet,
1620 1421 1774 1476 adire
1820 1421 2024 1490 poteris
2051 1416 2216 1488 (Pru-

611 1517 752 1573 dent.
783 1515 1106 1589 Hamartig.,
1129 1517 1220 1570 sub
1249 1516 1392 1587 ﬁn.).
1422 1514 1645 1585 Quoque
1689 1522 1868 1571 autem
1913 1515 2073 1569 modo
2100 1512 2216 1567 lucc

611 1610 815 1667 ethnici
857 1617 950 1666 aut
975 1609 1267 1673 finxerint.
1289 1618 1383 1664 aut
1410 1607 1782 1674 crediderint,
1815 1623 1924 1663 non
1971 1613 2218 1678 pulerant

612 1702 800 1774 utique
824 1701 1050 1757 irridere
1076 1700 1401 1756 christianos
1425 1741 1441 1768 ,
1470 1699 1562 1771 qui
1590 1714 1622 1755 a
1646 1698 1844 1754 divinis
1874 1698 1985 1754 suis
2030 1697 2216 1768 Scrip.

615 1793 824 1867 toribus
850 1794 1048 1859 edocti,
1077 1790 1456 1849 asseverabant
1501 1792 1772 1863 profanos,
1798 1802 1853 1847 et
1896 1790 2214 1846 criminibus

2317 1821 2400 1871 tuti
2425 1821 2563 1878 θεῖον.
2594 1822 2669 1872 ὅτι
2717 1820 2781 1870 τὰ
2816 1823 3017 1885 adi/stre:
3044 1820 3133 1871 τὲῆν
3159 1819 3416 1878 διοϐλήτων
3435 1824 3633 1878 ἄσηπτα

612 1887 1008 1943 contaminatos
1050 1886 1327 1949 homines,
1381 1894 1506 1956 post
1561 1884 1701 1940 hanc
1748 1884 1912 1939 vitam
1981 1882 2215 1954 plecten-

615 1977 716 2035 dos
766 1978 910 2051 jugis
960 1979 1094 2049 ignis
1135 1978 1398 2049 supplicio
1429 1976 1760 2050 (Tertulliau.
1790 1975 2060 2048 Apologet.
2094 1992 2210 2045 cap.

612 2069 719 2135 45,
751 2086 872 2142 pag.
918 2069 1094 2142 497).
1141 2068 1198 2125 1η
1255 2072 1426 2140 prima
1482 2083 1610 2124 vero
1650 2069 1876 2139 hujusce
1922 2068 2051 2124 tomi
2098 2067 2212 2124 dis-

613 2162 906 2218 sertatione
927 2162 1215 2218 Minucium
1243 2161 1481 2219 Felicem
1507 2161 1810 2217 audivimus
1835 2160 2025 2217 eodem
2049 2160 2213 2216 modo

612 2251 870 2311 adversus
883 2253 1111 2325 gentiles
1122 2253 1488 2325 disputantem
1508 2252 1809 2324 (Dissertat.
1826 2254 1882 2309 in
1906 2252 1960 2308 Μ
1966 2254 2099 2308 inut.
2119 2251 2215 2307 0c-

615 2352 716 2401 m.
748 2360 865 2416 cap.
893 2345 948 2413 7,
974 2354 1077 2402 art.
1099 2346 1180 2418 5).

687 2441 759 2495 At
786 2440 1124 2513 postulabant
1144 2438 1344 2497 ethnici
1372 2455 1481 2513 quo
1506 2440 1723 2497 tandem
1751 2440 1913 2497 modo
1940 2440 2076 2513 ignis
2098 2454 2218 2512 pos-

614 2532 688 2589 sit
713 2547 833 2589 esse
857 2543 1113 2603 teternus,
1142 2548 1243 2590 nec
1271 2548 1506 2605 unquam
1534 2535 1820 2606 exstingui.
1849 2533 2215 2603 Quamobrem

617 2621 980 2680 Tertullianus
1006 2624 1299 2697 reSpondct
1339 2623 1484 2680 hunc
1509 2625 1687 2681 divina
1740 2624 1978 2703 potentia
2016 2626 2216 2681 habere

617 2715 1131 2775 subministrationem
1153 2717 1650 2789 incorruptibilitatis
1664 2716 2017 2788 (Tertullian.,
2034 2715 2187 2789 ibid.)
2198 2754 2213 2771 .

616 2807 806 2882 Neque
833 2811 885 2866 id
935 2826 1135 2882 negare
1172 2819 1419 2882 poterant
1459 2812 1688 2881 gentiles
1738 2810 2085 2881 philosophi,
2123 2810 2215 2880 qui

618 2901 891 2972 duplicem
920 2903 1095 2974 ignem
1122 2904 1388 2976 planeque
1413 2903 1685 2961 diversum
1719 2912 2071 2975 agnoverunt.
2103 2902 2218 2958 Pri-

619 3010 741 3055 mus
774 2998 955 3065 enim,
985 2998 1062 3053 uti
1085 2997 1333 3064 aiebant,
1368 2997 1506 3069 ignis
1546 2998 1817 3054 terrestris
1865 2995 2168 3053 communis
2195 3037 2212 3065 ,

620 3098 680 3147 et
721 3089 969 3162 publicus
1008 3130 1024 3157 ,
1071 3090 1385 3175 quotidiana
1438 3090 1745 3146 hominibus
1785 3089 1905 3145 usui
1934 3099 2037 3145 est.
2066 3089 2218 3144 Alter

616 3195 747 3240 vero
770 3178 1038 3250 areanus’,
1068 3193 1124 3239 et
1160 3182 1315 3254 longe
1345 3182 1524 3238 minus
1561 3183 1898 3249 communis,
1949 3182 2012 3237 de
2055 3181 2214 3246 coelo,
2243 3214 2290 3279 C
2322 3226 2495 3264 omne,
2526 3178 2661 3265 labe;

618 3273 796 3346 inquit
827 3276 1028 3332 Auctor
1054 3284 1239 3333 noster
1255 3315 1272 3344 ,
1302 3275 1517 3346 fulmina
1536 3276 1789 3347 stringens
1807 3315 1824 3343 ,
1847 3277 1950 3329 sive
1967 3274 2031 3329 de
2059 3284 2214 3340 terra,

619 3382 726 3442 quo
753 3382 996 3438 montes,
1025 3369 1187 3427 .Ema
1218 3368 1466 3426 videlicet
1503 3377 1557 3425 et
1600 3368 1869 3424 Vesuvius
1914 3378 2134 3423 uruntur
2170 3376 2218 3422 et

619 3462 826 3531 durant,
855 3476 955 3519 nec
983 3462 1354 3518 absumuntur.
1395 3459 1531 3517 Nam
1560 3461 1661 3517 iste
1690 3461 1844 3532 ignis,
1885 3461 1961 3516 uti
2008 3460 2097 3516 ille
2121 3459 2217 3525 ait,

619 3572 725 3612 non
753 3558 970 3611 absumit
995 3555 1131 3625 quod
1146 3557 1333 3621 exurit,
1357 3556 1445 3609 sed
1465 3555 1590 3609 dum
1614 3564 1808 3626 erogat,
1850 3562 2077 3622 reparat,
2099 3552 2220 3607 ideo

619 3656 834 3704 montes
859 3663 1074 3718 semper
1096 3649 1350 3702 ardentes
1374 3656 1613 3701 manent.
1646 3647 1721 3701 De
1756 3645 1861 3700 hoc
1890 3653 2068 3700 autem
2097 3644 2220 3715 igne

620 3738 747 3794 alibi
768 3738 1118 3794 disseruimus
1144 3737 1440 3810 (Dissertat.
1472 3738 1527 3791 in
1558 3735 1747 3791 Minut.
1785 3735 1989 3802 Oetam,
2019 3751 2137 3804 cap.
2162 3736 2218 3803 7,

621 3839 722 3886 art.
748 3830 803 3896 5,
835 3839 882 3884 et
908 3830 961 3883 in
982 3827 1246 3895 Lactant.,
1275 3844 1390 3898 cap.
1414 3826 1507 3896 29,
1539 3837 1638 3882 art.
1675 3824 1755 3897 7).

694 3925 810 3982 Duo
835 3923 1014 3995 itaque
1040 3929 1243 3978 tantum
1273 3929 1564 3990 supersunt
1601 3935 1633 3975 a
1664 3919 1818 3975 nobis
1849 3917 2218 3986 observanda;

621 4032 685 4076 ac
722 4019 897 4090 primo
926 4015 1141 4088 quidem
1167 4014 1280 4071 hmc
1311 4012 1592 4068 fulminum
1635 4026 1700 4068 ac
1723 4012 1985 4067 montium
2013 4012 2224 4069 arden-

624 4113 758 4168 tium
785 4110 1030 4181 exempla
1058 4123 1087 4164 a
1112 4106 1464 4170 Tertulliano,
1494 4114 1550 4160 et
1578 4104 1697 4159 aliis
1716 4103 2069 4174 scriptoribus
2098 4118 2223 4160 nos-

623 4204 724 4260 tris
749 4216 855 4257 non
884 4201 1047 4267 sumi,
1080 4210 1331 4272 tanquam
1368 4197 1509 4253 idem
1540 4196 1610 4252 sit
1638 4210 1850 4262 eorum,
1876 4204 2039 4267 atque
2064 4206 2226 4253 teter-

625 4311 728 4381 nus
755 4295 1052 4351 inferorum
1101 4294 1261 4364 ignis,
1293 4291 1389 4347 sed
1416 4291 1469 4345 in
1495 4288 1857 4355 testimonium,
1890 4288 2058 4359 inquit
2104 4289 2219 4354 ille,

622 4390 758 4464 ignis
784 4389 981 4453 teterni,
1012 4397 1057 4440 et
1084 4385 1372 4455 exentplum
1389 4382 1534 4455 jugis
1548 4380 1738 4454 judicii
1765 4396 1963 4451 poenam
1992 4381 2225 4435 nutrien-

626 4485 691 4539 tis
738 4479 1093 4556 (Tertullian.,
1156 4476 1253 4531 loc.
1304 4478 1421 4542 cit.,
1462 4491 1582 4545 pag.
1627 4474 1784 4543 497).
1816 4474 1899 4529 Ab
1937 4487 2004 4527 eo
2051 4473 2227 4542 itaque

625 4668 774 4741 plum
820 4664 1043 4745 alterius
1086 4663 1242 4734 ignis,
1288 4661 1378 4732 qui
1403 4658 1584 4715 divina
1630 4666 1892 4728 potestate
1937 4657 2223 4723 excitatus,

625 4764 948 4828 semperque
998 4751 1441 4818 conservandus,
1476 4748 1590 4822 'per
1646 4757 1812 4804 totam
1865 4748 2224 4806 aeternitatem

625 4856 749 4905 uret
771 4847 987 4918 impios,
1009 4859 1110 4902 nec
1139 4858 1235 4901 eos
1262 4857 1492 4913 unquam
1539 4849 1840 4896 consumet.

697 4938 966 5001 Secundo,
987 4935 1130 4993 aliud
1154 4935 1268 5001 ille,
1296 4932 1389 4988 sed
1434 4931 1714 4987 obscurius
1740 4928 2052 5000 exemplum
2081 4929 2231 4987 hisce

626 5033 809 5091 verbis
854 5029 1049 5086 ibidem
1081 5026 1374 5099 proponit:
1410 5023 1510 5091 Qui
1547 5024 1611 5079 de
1639 5024 1765 5079 mlo
1792 5024 2040 5095 tangitur,
2063 5023 2230 5080 nimio

625 5142 749 5183 rum
776 5123 1019 5187 fulmine,
1046 5120 1216 5176 salvus
1243 5129 1339 5186 est,
1362 5127 1416 5172 ut
1454 5118 1598 5173 nullo
1619 5118 1734 5190 jam
1762 5118 1868 5190 igni
1893 5116 2234 5172 decinerescat

629 5219 841 5294 (Ibid).
883 5216 1000 5273 Non
1028 5214 1248 5271 minima
1273 5223 1452 5268 autem
1484 5212 1537 5266 in
1585 5210 1691 5274 his,
1719 5208 2027 5265 difﬁcilibus
2052 5212 2234 5281 utique

627 5313 807 5371 verbis
826 5308 1156 5381 explicandis
1179 5318 1261 5363 est
1291 5306 1644 5377 interpretum
1674 5304 1905 5358 varietas
1925 5311 1980 5357 et
2007 5303 2221 5358 dissen-

626 5408 729 5464 sio.
747 5402 998 5462 Nonnulli
1048 5400 1312 5472 siquidem
1359 5400 1648 5469 opinantur
1702 5394 1786 5449 his
1837 5393 2111 5450 collineari
2159 5393 2226 5450 ad

627 5509 865 5556 veterem
891 5494 1165 5566 gentilium
1198 5491 1389 5562 legem,
1415 5504 1518 5559 qua
1545 5496 1762 5543 cautum
1814 5493 1952 5553 erat,
1998 5499 2066 5539 ne
2107 5485 2230 5555 quis

626 5591 854 5647 fulmine
884 5598 1188 5658 percussus,
1234 5581 1346 5638 ullo
1390 5579 1645 5649 deinceps
1690 5576 1956 5647 supplicio
2000 5575 2231 5632 mutetu-

627 5694 798 5741 rctur.
842 5679 902 5736 in
957 5678 1105 5734 illum
1148 5675 1314 5739 enim,
1345 5670 1691 5745 quantumvis
1747 5668 1992 5740 impium,
2021 5667 2232 5739 Jupiter

627 5775 759 5830 satis
807 5766 1252 5826 animadvertisse
1288 5764 1585 5858 ferebatur.
1616 5761 1723 5820 Alii
1748 5774 1878 5818 vero
1906 5766 2096 5829 putant
2132 5773 2232 5815 au-

2313 508 2516 565 Plinins
2543 520 2837 567 memorat:
2885 509 3159 567 Hominem
3202 513 3274 566 ita
3301 514 3646 569 exanimatum
3698 516 3931 571 cremari

2311 601 2394 672 fas
2437 620 2539 658 non
2568 613 2662 672 est,
2687 604 2838 658 condi
2861 603 2913 657 in
2940 614 3076 659 terra
3095 605 3272 676 religio
3298 606 3510 659 tradidit
3534 605 3728 680 (Plin.,
3760 608 3851 663 lib.
3874 586 3930 663 li

2314 695 2453 752 Hist.
2507 707 2637 763 nat.,
2696 715 2815 769 cap.
2859 698 2950 766 54,
2995 715 3115 769 pag.
3167 697 3317 771 209).
3353 699 3550 756 Verum
3592 701 3721 772 quid
3778 702 3927 771 lucc,

2313 806 2518 863 qumso,
2568 791 2633 845 ad
2684 791 2984 847 institutum
3033 792 3235 848 faciunt
3280 793 3627 863 Tertulliani,
3668 797 3761 866 qui
3815 796 3931 852 hoc

2313 885 2561 957 exemplo
2582 886 2903 941 continuare
2946 880 3135 941 nititur
3162 885 3517 957 quorumdam
3559 903 3786 960 corpora
3818 892 3930 946 ho-

2216 986 2219 987 '
2315 978 2541 1043 minum,
2568 978 2669 1034 icta
2694 978 2940 1048 fulmine,
2966 983 3046 1037 sic
3071 981 3216 1037 salva
3241 994 3385 1048 esse,
3419 988 3477 1035 ut
3504 980 3650 1036 nullo
3686 981 3930 1056 amplius

2316 1070 2438 1142 igne
2475 1070 2845 1155 decinerescgnt
2863 1073 2889 1127 .9

2388 1164 2646 1234 Expende
2684 1165 2846 1236 igitur
2874 1182 2946 1222 an
2966 1166 3059 1222 ille
3105 1166 3282 1238 petitis
3324 1167 3529 1224 ailudat
3565 1167 3630 1224 ad
3660 1184 3762 1238 ea,
3792 1185 3930 1242 qua:

2316 1258 2636 1316 Plutarchus
2655 1260 2933 1316 memoriae
2957 1261 3216 1331 prodidit,
3244 1270 3574 1332 compertum
3597 1260 3767 1319 ferme
3797 1277 3933 1319 om-

2317 1352 2474 1407 nibus
2502 1365 2622 1408 esse
2650 1367 2875 1423 corpora
2918 1352 2987 1408 de
3032 1354 3172 1410 ccelo
3200 1362 3360 1418 tacta,
3383 1369 3414 1408 a
3441 1354 3616 1410 multis
3644 1370 3743 1411 nec
3786 1340 3930 1412 cre-

2318 1446 2475 1511 mari,
2505 1460 2606 1502 nec
2651 1447 2889 1517 sepeliri,
2940 1446 3035 1504 sed
3076 1447 3306 1519 relinqui
3351 1449 3648 1519 sepimento
3676 1450 3929 1506 circum-

2317 1535 2478 1605 data;
2537 1545 2595 1592 ut
2635 1538 2877 1608 expertia
2949 1537 3283 1617 putredinis,
3331 1548 3589 1610 perpetuo
3636 1539 3930 1598 videantur

2319 1627 2640 1702 (Plutarch.,
2666 1628 2829 1687 [ξων
2843 1628 3112 1702 Sympos.,
3133 1639 3310 1703 quast.
3329 1630 3384 1695 2,
3405 1649 3523 1703 pag.
3545 1632 3697 1703 665).
3720 1633 3921 1690 Postea

2320 1731 2498 1778 autem
2529 1739 2543 1776 :
2573 1726 2708 1794 ὁρᾷς,
2735 1723 2931 1788 θίῑ,,ὃτι
2951 1728 3034 1778 καὶ
3071 1732 3127 1781 τὸ
3150 1732 3376 1795 πραΰνων
3411 1732 3506 1795 πῦρ
3535 1733 3654 1796 iepiv
3682 1729 3928 1795 ἠγοῦμθα

3672 1826 3784 1889 πρὶς
3831 1842 3896 1873 πο
3904 1846 3930 1860 ⁸

2318 1918 2397 1964 lin
2424 1915 2679 1978 ἀντέχοντα
2725 1911 2886 1983 χρόνσν
2929 1914 3125 1980 ὁρῶμεν.
3161 1907 3314 1964 Nosti
3356 1910 3521 1981 ignem
3563 1911 3793 1982 fulminis
3841 1928 3929 1968 sa-

2317 2019 2458 2059 crum
2488 2004 2610 2073 dici,
2638 2013 2686 2056 et
2716 2003 2962 2071 divinum,
2991 2004 3126 2074 quod
3151 2020 3365 2076 corpora
3410 2004 3474 2060 de
3517 2006 3642 2061 caelo
3668 2016 3926 2062 tectorum

2318 2110 2411 2167 per
2464 2095 2677 2150 multum
2723 2096 2961 2166 temporis
3005 2096 3365 2167 putrefactioni
3415 2097 3636 2152 risistere
3693 2100 3928 2155 videmus

2321 2187 2508 2261 (lbid.,
2533 2186 2620 2241 lib.
2662 2186 3079 2259 Vl,qutest.-10,
3124 2206 3244 2260 pag.
3275 2190 3423 2260 685).
3472 2193 3543 2245 At
3591 2191 3693 2247 hoc
3735 2206 3927 2247 exem-

2317 2280 2489 2352 plum,
2531 2278 2632 2335 etsi
2679 2293 2787 2335 non
2833 2279 2990 2350 plane
3037 2280 3354 2350 perlectum,
3385 2276 3417 2334 a
3463 2281 3793 2338 Tcrtnlliano
3817 2281 3923 2336 ad-

2316 2369 2440 2427 duci
2488 2370 2696 2442 potuit;
2737 2380 2795 2427 ut
2855 2371 3165 2427 ostenderet
3237 2372 3687 2445 confirmaretque
3738 2374 3920 2431 homi-

2316 2478 2446 2520 num
2484 2477 2710 2534 corpora
2759 2477 2919 2534 posse
2959 2451 3163 2520 aeterno
3208 2462 3328 2535 igne
3368 2465 3546 2535 exuri,
3590 2480 3696 2536 quo
3734 2475 3921 2524 tamen

2317 2569 2591 2624 nunquam
2636 2553 3005 2610 absumentur.

2376 2645 2447 2717 ,Si
2466 2646 2586 2718 quis
2600 2656 2780 2703 autem
2803 2647 2944 2704 scire
2964 2658 3118 2704 aveat
3141 2664 3236 2705 cur
3256 2649 3343 2706 hic
3366 2649 3504 2722 ignis
3526 2651 3593 2706 ab
3622 2652 3732 2722 ipso
3756 2666 3924 2708 arca—

2318 2758 2419 2800 nus
2447 2744 2765 2815 appelletur,
2806 2744 2927 2800 huic
2959 2745 3404 2816 respondebimus
3428 2788 3443 2815 ,
3475 2747 3599 2817 quia
3633 2748 3775 2802 illum
3817 2764 3921 2805 oc—

2318 2837 2542 2904 cultum,
2574 2847 2628 2892 et
2655 2839 2706 2891 in
2750 2837 3048 2894 visceribus
3072 2830 3239 2894 terrae
3269 2841 3640 2896 absconditum
3675 2842 3919 2913 putabat.

2319 2931 2439 2986 Alio
2470 2945 2703 3002 namque
2734 2931 2786 2985 in
2802 2931 2951 3003 ‘libro
2980 2940 3035 2987 et
3064 2930 3302 2987 Platonis
3351 2944 3405 2988 et
3452 2947 3600 2987 suam
3650 2933 3721 2989 de
3771 2934 3917 3003 loco,

2319 3023 2409 3078 ubi
2433 3024 2586 3079 inferi
2612 3025 2766 3095 positi
2792 3034 2933 3090 sunt,
2967 3026 3288 3080 sententiam
3313 3027 3392 3082 sic
3418 3026 3648 3096 explicat
3674 3044 3688 3080 :
3710 3010 3929 3097 Inferos

2324 3117 2476 3172 l’lato
2501 3116 2631 3173 uelut
2654 3120 2900 3190 gremium
2941 3126 3088 3173 terra:
3115 3118 3350 3174 describit
3396 3119 3447 3173 in
3495 3118 3771 3185 Phtcdoue,
3813 3136 3924 3190 quo

2689 3210 3025 3264 mundialium
3054 3212 3285 3265 sordium
3304 3212 3621 3281 conﬂuendo,
3644 3220 3691 3265 et
3719 3210 3790 3264 ibi
3814 3211 3919 3266 de-

2320 3302 2531 3358 sidendo
2581 3302 2838 3367 exhalent,
2871 3313 2916 3357 et
2943 3305 3089 3373 quasi
3138 3318 3278 3358 aeno
3324 3304 3758 3358 immunditiarum
3799 3320 3921 3360 sua-

2319 3414 2433 3453 rum
2471 3398 2772 3451 crassiorem
2797 3396 3056 3465 haustum,
3097 3408 3145 3451 et
3186 3398 3436 3468 privatum
3487 3398 3593 3454 illic
3632 3414 3799 3453 aerem
3827 3398 3929 3452 sti-

2321 3501 2459 3563 pent.
2518 3489 2679 3546 Nobis
2720 3491 2870 3561 inferi
2901 3509 2999 3545 non
3051 3490 3191 3545 nuda
3215 3492 3484 3559 cavositas,
3517 3507 3608 3545 nec
3643 3491 3925 3547 subdivalis

2323 3584 2495 3653 aliqua
2525 3585 2700 3638 mundi
2728 3585 2925 3637 sentina
2955 3583 3231 3641 creduntur
3263 3601 3277 3637 :
3307 3584 3399 3638 sed
3424 3585 3476 3637 in
3505 3587 3645 3655 fossa
3668 3594 3833 3652 terrae,
3873 3595 3927 3638 et

2322 3676 2377 3730 in
2423 3677 2528 3730 alto
2580 3678 2808 3742 vastitas,
2843 3684 2890 3729 et
2928 3676 2980 3729 in
3028 3676 3155 3745 ipsis
3203 3676 3475 3732 visceribus
3524 3678 3634 3746 ejus
3690 3676 3928 3731 abstrusa

2325 3771 2645 3841 profunditas
2668 3769 2907 3843 (Tertull.
2933 3771 3021 3823 lib.
3049 3771 3113 3824 de
3135 3770 3327 3836 Anim.,
3349 3787 3466 3840 cap.
3484 3769 3598 3842 54).
3623 3769 3770 3826 Unde
3794 3784 3927 3826 vero

2324 3860 2462 3918 hanc
2497 3861 2803 3933 opinionem
2831 3861 3145 3918 delibavcrit
3165 3903 3179 3928 ,
3221 3863 3265 3916 si
3296 3863 3416 3934 quis
3452 3862 3629 3918 adhuc
3653 3863 3923 3934 requiret,

2326 3954 2429 4011 hoc
2480 3956 2620 4011 illius
2659 3956 2856 4011 ibidem
2904 3972 3218 4025 responsum
3251 3956 3358 4023 cito
3397 3956 3580 4012 audiet
3620 3956 3927 4027 :Siquidem

2325 4044 2527 4103 Christo
2542 4049 2594 4101 in
2614 4052 2766 4103 corde
2777 4059 2925 4103 terra
2940 4047 3166 4101 triduum
3183 4049 3358 4103 mortis
3374 4048 3584 4119 legimus
3593 4057 3927 4123 expunctgm,

2326 4143 2381 4197 id
2406 4152 2500 4209 est,
2527 4143 2582 4196 in
2608 4158 2806 4198 recessu
2830 4143 3010 4197 intimo
3035 4152 3081 4197 et
3106 4144 3323 4207 interno,
3353 4153 3399 4197 et
3417 4144 3468 4197 in
3493 4142 3606 4214 ipsa
3619 4153 3751 4197 terra
3777 4157 3933 4212 aper-

2327 4245 2398 4301 to,
2417 4236 2462 4290 ei
2483 4236 2619 4291 intra
2645 4238 2812 4306 ipsam
2848 4236 3046 4301 clauso,
3066 4246 3112 4291 et
3134 4238 3185 4290 in
3209 4237 3530 4309 inferioribus
3549 4236 3720 4290 adhuc
3735 4235 3933 4308 abyssis

2326 4338 2673 4394 superstructo
2691 4367 2803 4397 ,....
2834 4339 2889 4382 ut
2932 4329 3039 4383 illic
3067 4329 3383 4398 patriarchas
3411 4336 3455 4382 et
3485 4329 3757 4399 prophetas
3781 4343 3927 4380 com-

2328 4430 2466 4492 potes
2486 4420 2564 4475 sui
2604 4420 2811 4490 faceret.
2844 4417 3018 4474 Habes
3045 4429 3093 4473 et
3132 4420 3388 4490 regionem
3419 4419 3704 4489 inferorum
3729 4418 3930 4472 subter-

2328 4528 2536 4566 raucam
2577 4496 2780 4567 credere
2806 4511 2993 4584 (lbid.,
3026 4528 3146 4581 cap.
3181 4511 3292 4584 55).
3328 4510 3604 4566 Platonem
3646 4519 3818 4565 autem
3854 4509 3931 4564 ilti

2330 4698 2481 4754 uicos
2511 4697 2610 4755 hac
2634 4697 2886 4768 principis
2916 4696 3357 4770 philosophorum
3377 4711 3596 4754 suorum
3616 4694 3935 4753 auctoritate

2330 4789 2505 4846 adhuc
2548 4788 2867 4846 revinceret.
3126 4807 3133 4813 ·

2938 4922 3232 4965 Αιιτιουιυε
3271 4923 3327 4964 ν.

2335 5048 2413 5104 De
2438 5058 2630 5105 mterna
2649 5056 2937 5104 sanctorum
2955 5047 3286 5115 beatitudine;
3314 5063 3414 5121 quo
3440 5047 3493 5102 in
3518 5047 3629 5102 loco
3643 5044 3901 5100 residunt
3913 5059 3937 5098 :

2408 5153 2580 5197 utrum
2606 5159 2667 5198 ea
2686 5142 2857 5197 statim
2905 5151 3015 5213 post
3058 5151 3266 5195 mortem
3296 5143 3566 5209 fruantur,
3594 5137 3672 5192 vel
3695 5135 3839 5191 illam
3866 5136 3939 5189 ad

2406 5245 2690 5290 extremum
2715 5249 2872 5304 usque
2891 5231 3079 5302 judicii
3108 5232 3239 5286 diem
3259 5230 3559 5302 quibusdam
3589 5231 3641 5283 in
3663 5226 3940 5282 domiciliis

2401 5333 2710 5396 exspectent,
2731 5340 2790 5377 ac
2809 5340 2910 5395 qua
2929 5324 3128 5378 ratione
3168 5320 3517 5376 Tertullianus
3549 5322 3723 5391 probet
3745 5333 3942 5372 memo-

2402 5422 2516 5473 rata
2547 5417 2791 5472 hactenus
2817 5414 3112 5469 christiana:
3154 5400 3421 5486 religionis
3446 5413 3635 5485 placita
3657 5426 3761 5466 non
3787 5423 3942 5481 posse

2404 5510 2468 5565 ab
2524 5509 2736 5564 ethnicis
2779 5508 2944 5576 rejici,
2998 5516 3087 5560 aut
3138 5516 3346 5577 propter
3374 5521 3548 5559 eorum
3591 5502 3942 5574 defensionem

2405 5601 2710 5657 christianos
2731 5615 2835 5655 non
2856 5596 3039 5654 debere
3066 5598 3245 5653 uexari
3267 5606 3312 5651 et
3341 5596 3611 5652 trucidari.

2406 5756 2525 5825 Qua
2559 5754 2767 5815 ratione
2794 5754 2987 5824 malos,
3024 5754 3103 5813 ait
3123 5752 3508 5824 Tertulliaous,
3552 5749 3946 5825 improbosque
