4240 6262
393 298 517 359 ’905

1555 277 2006 361 otsscars'rto
2046 300 2108 358 u.
2147 298 2237 358 LE
2271 299 2576 359 uounnv.
2612 307 2617 312 ·

3599 303 3707 360 906

407 416 660 474 homines
707 423 967 473 :etcrnum
1017 414 1154 488 ignis
1216 415 1559 488 supplicium,
1610 417 1798 474 eadem
1839 418 2009 474 bonos
2033 421 2088 482 Α
2114 417 2310 488 lingua,
2339 429 2386 471 et
2415 417 2478 471 de
2497 415 2656 488 digito
2695 415 2881 471 aninta
2903 415 3146 488 felicioris
3170 415 3409 486 implorat
3458 416 3710 470 auxilium

405 509 686 583 justosque
708 509 1032 580 sempiterna
1057 519 1237 566 manet
1253 509 1513 566 bonorum
1533 525 1754 582 operum
1779 517 2004 566 merCcs.

409 603 764 675 Posteaquam
811 603 954 659 enim
1007 611 1277 658 mortuum
1321 617 1516 673 corpus
1563 612 1807 658 nostrum
1838 603 1904 658 ad
1932 603 2009 658 vi-

411 703 519 750 tam
565 695 742 750 denuo
783 693 1074 748 excitatum
1107 692 1312 749 fuerit:
1354 693 1584 759 Erimus,
1635 694 1827 764 inquit,
1857 694 2010 748 iidem

410 786 496 858 qui
533 802 687 852 nunc,
719 801 811 839 nec
836 785 928 839 alii
951 795 1064 854 post
1096 783 1423 856 (Tertullian.
1451 785 1744 856 Apologet.,
1773 803 1889 855 cap.
1914 787 2006 853 48,

409 897 463 952 p.
516 879 680 950 520);
726 880 850 950 quia
882 879 1021 935 idem
1058 879 1254 950 ipsum,
1283 879 1359 935 uti
1397 881 1641 950 superius
1671 879 1872 935 dictum
1903 890 2004 946 e5t,

408 980 650 1026 nostrum
699 986 900 1042 corpus
952 981 1216 1044 resurget.
1266 971 1404 1028 Tum
1434 972 1527 1028 Dei
1555 975 1794 1040 cultores,
1839 975 2010 1046 pergit

403 1065 518 1133 ille,
548 1065 693 1135 apud
718 1064 883 1120 Deum
913 1081 1133 1137 semper,
1175 1066 1496 1138 superinduti
1549 1066 1830 1121 substantia
1883 1083 2006 1138 pro-

409 1157 523 1226 pria
544 1157 841 1211 atternitatis
869 1154 1082 1229 (Ibid.).
1108 1157 1158 1211 id
1181 1167 1284 1225 cst,
1308 1156 1760 1226 superinduentnr
1784 1158 2006 1212 immor-

408 1247 628 1303 talitatis
655 1247 798 1304 dono
827 1247 970 1319 quod
996 1258 1257 1302 aeternum
1290 1247 1543 1304 subsistet
1561 1263 1624 1303 ac
1650 1249 2005 1318 permanebit.

403 1337 754 1395 llixitautent
779 1339 1064 1394 substantia
1102 1341 1311 1410 prapria
1341 1341 1634 1395 reternitatis
1672 1339 1859 1412 (lbid.,
1889 1357 2004 1410 cap.

399 1429 498 1498 49,
548 1449 602 1502 p.
633 1429 798 1502 528).
829 1446 932 1501 qua
967 1430 1098 1500 justi
1127 1431 1370 1487 homines
1394 1447 1500 1486 non
1528 1431 1699 1486 solum
1727 1432 2007 1486 immorta-

409 1523 578 1590 litate,
609 1525 705 1581 sed
733 1525 991 1581 felicitate
1021 1535 1297 1597 perpetua,
1333 1526 1413 1580 vel
1439 1527 1577 1581 sicut
1603 1526 1717 1597 ipse
1745 1521 2004 1598 loquitur,

411 1627 602 1672 (eterna
631 1618 918 1689 refrigerio,
945 1627 995 1672 et
1025 1617 1195 1672 divina
1231 1619 1520 1673 amoenitate
1546 1619 1793 1676 fruentur
1816 1620 2005 1694 (Ibid.,

410 1723 529 1778 cap.
553 1709 641 1774 47,
664 1726 782 1779 pag.
815 1708 972 1780 515).

2119 511 2305 584 (Ibid.,
2355 528 2470 583 cap.
2521 509 2615 582 7),
2663 526 2853 581 nempe
2895 511 3142 581 pauperis
3185 511 3390 566 Lazari.
3422 509 3530 566 Nec
3583 511 3713 567 sinit

2112 606 2211 662 sibi
2229 606 2388 676 objici
2437 605 2578 659 hanc
2603 619 2727 660 esse
2769 603 3097 674 parabolam.
3151 603 3400 658 Additum
3433 606 3710 660 enimvero

2112 713 2308 753 nomen
2352 697 2538 752 Lazari
2567 713 2681 753 rem
2725 711 2906 752 veram
2954 695 3184 762 indicat;
3228 705 3282 750 et
3309 697 3554 766 quamvis
3609 712 3709 766 pa-

2112 790 2298 845 rabola
2347 801 2511 856 esset,
2557 790 2670 859 ipsa
2701 788 2953 859 (veritatis
3007 798 3089 843 est
3133 788 3516 842 testimonium.
3573 787 3711 844 Tum

2112 881 2305 937 deinde
2330 881 2524 953 adjecit
2557 899 2569 934 :
2607 881 2744 949 Quid
2770 891 2844 936 est
2870 890 3036 936 autent
3065 879 3195 934 illud
3213 922 3227 947 ,
3255 881 3389 951 quod
3407 881 3476 934 ad
3508 881 3712 950 inferna

2113 979 2418 1047 transfertur
2465 985 2580 1046 post
2629 977 2902 1030 divortium
2943 975 3193 1045 corporis,
3249 975 3385 1043 quod
3436 976 3710 1042 detinetur,

2110 1070 2248 1138 quod
2290 1069 2345 1122 itt
2392 1067 2528 1122 diem
2563 1068 2756 1136 judicii
2787 1077 3106 1132 reservatur;
3136 1067 3205 1120 ad
3229 1067 3364 1136 quod
3402 1077 3447 1121 et
3476 1066 3710 1122 Christus

2111 1161 2373 1216 moriendo
2402 1160 2704 1215 descendit?
2749 1158 2886 1213 P-uto
2916 1159 2984 1214 ad
3010 1159 3207 1213 anintas
3254 1159 3711 1230 patriarcharum:

2112 1253 2200 1307 sed
2224 1253 2568 1324 quamobrem,
2601 1253 2645 1308 si
2686 1251 2814 1306 ttihil
2839 1252 3013 1305 anima
3039 1249 3128 1305 sub
3154 1250 3482 1307 terris
3511 1255 3564 1304 in
3592 1267 3712 1305 car-

2113 1361 2225 1399 cere
2256 1345 2347 1400 sub
2374 1346 2651 1400 diversorio
2679 1345 2922 1414 inferunt,
2955 1345 3007 1397 in
3035 1344 3162 1414 igni.
3195 1345 3273 1397 vel
3297 1343 3349 1397 in
3379 1343 3494 1397 sinu
3542 1343 3712 1397 Abra-

2113 1437 2194 1491 hae
2223 1433 2434 1509 (Ibid.).
2466 1439 2630 1494 Docet
2673 1437 2834 1506 igitur
2871 1436 3071 1492 inferos
3133 1451 3254 1492 esse
3303 1435 3712 1493 subterraneum

2114 1531 2314 1596 locum,
2346 1542 2398 1586 et
2427 1532 2604 1586 sinum
2633 1530 2885 1596 Abrahae,
2927 1530 3013 1585 ubi
3063 1529 3244 1584 divitis
3270 1530 3496 1600 improbi
3526 1531 3705 1585 anima

2113 1622 2482 1692 torquebatur,
2517 1623 2568 1677 in
2599 1637 2758 1692 quem
2789 1621 3034 1675 Chrisuis
3079 1629 3199 1690 post
3229 1631 3455 1676 mortem
3483 1621 3712 1679 descen-

2111 1711 2224 1781 dit,
2269 1723 2324 1769 et
2369 1715 2454 1769 ubi
2515 1713 2831 1784 patriarcha:
2887 1712 3036 1767 illum
3084 1711 3457 1781 expectabant.
3519 1713 3712 1769 P0stea

477 1798 647 1867 Quam
664 1809 815 1856 certo
839 1811 1028 1867 autem
1049 1811 1104 1857 et
1137 1817 1264 1858 vere
1293 1802 1345 1858 id
1373 1813 1680 1874 asseverat,
1717 1816 1826 1862 tam
1855 1808 2008 1867 facile
2037 1816 2085 1876 B
2114 1820 2266 1873 vero,
2299 1807 2370 1861 sic
2397 1818 2442 1860 et
2473 1806 2638 1872 diviti,
2687 1803 2881 1873 inquit,
2915 1803 3056 1872 apud
3092 1803 3282 1872 inferos
3325 1804 3502 1874 lingua
3541 1813 3635 1870 est,
3665 1814 3714 1859 et

405 1894 571 1965 ipsius
591 1893 659 1949 de
675 1893 818 1961 loco,
861 1895 950 1950 ubi
975 1895 1186 1951 illorum
1217 1898 1430 1965 animat,
1453 1901 1770 1971 corporibus
1791 1903 2002 1972 solutae,

403 1986 470 2040 ad
499 1997 798 2041 extremum
835 2000 1007 2057 usque
1023 1986 1284 2058 judicium
1308 1990 1654 2060 recipientur,
1683 1992 1903 2049 dubiant
1943 2010 2006 2052 ac

403 2079 747 2136 fluctuantem
792 2079 1036 2156 animum
1084 2081 1562 2151 deprehendimus.
1620 2085 1859 2142 Primum
1889 2099 2005 2144 ete-

401 2175 512 2227 nim
543 2172 598 2227 in
623 2189 722 2228 suo
771 2172 1113 2244 apologetico
1139 2192 1152 2227 :
1183 2161 1518 2241 Paradisunt,
1552 2176 1738 2248 inquit,
1769 2181 2005 2233 nomina-

404 2283 514 2320 mus
545 2267 716 2322 locum
757 2267 946 2322 divina:
987 2268 1319 2336 attttenitatis,
1362 2270 1668 2340 recipiendis
1715 2283 2007 2327 sanctorunt

402 2359 660 2430 spiritibus
687 2358 1019 2426 destinatum,
1049 2362 1271 2416 maceria
1294 2361 1518 2432 quadam
1549 2364 1712 2434 ignea:
1741 2363 1881 2419 illius
1909 2363 2009 2419 Zo-

404 2467 507 2518 nre,
531 2469 563 2505 a
605 2452 785 2506 notitia
831 2451 970 2508 orbis
1024 2455 1310 2508 communis
1351 2465 1670 2527 segregatum
1701 2455 1908 2528 (Ibid.).
1940 2459 2010 2512 At

406 2545 648 2600 nonnulli
675 2544 987 2600 existimant
1010 2547 1080 2601 ibi
1111 2561 1234 2601 eum
1266 2549 1572 2618 respexisse
1591 2547 1659 2603 ad
1687 2547 1802 2603 haec
1828 2547 2007 2604 Gene-

401 2653 524 2694 seos
569 2639 732 2694 verba
766 2656 782 2695 :
811 2639 1079 2710 Ejecitque
1110 2640 1298 2704 Adam,
1330 2651 1376 2695 et
1405 2642 1669 2696 collocavit
1710 2652 1828 2697 ante
1857 2659 2008 2712 para-

403 2733 570 2786 disum
598 2734 873 2802 voluptatis
922 2734 1204 2796 cherubim,
1249 2744 1294 2788 et
1322 2735 1615 2802 ﬂammeum
1642 2735 1892 2808 gladium,
1924 2743 2007 2788 at-

408 2841 504 2894 que
524 2824 830 2886 versatilem,
865 2825 934 2876 ad
955 2824 1336 2878 custodiendam
1353 2827 1483 2878 viam
1512 2827 1638 2896 ligni
1665 2828 1776 2881 vita:
1801 2827 2006 2900 (Cenes.

408 2915 628 2988 lll,tap.
675 2933 724 2970 υ.
784 2915 1004 2982 ultimo).
1045 2915 1151 2970 Alii
1197 2932 1325 2972 vero
1380 2917 1431 2972 id
1474 2928 1688 2988 negant.
1719 2918 1834 2973 Non
1864 2919 2007 2973 enim

411 3009 466 3065 in
497 3011 735 3066 animum
789 3009 1044 3066 inducere
1079 3025 1235 3066 suum
1288 3023 1514 3082 possunt
1557 3018 1790 3068 maceria
1837 3013 2008 3084 ignea:

401 3103 561 3159 Zona:
593 3103 733 3160 idem
758 3112 919 3175 atque
947 3097 1199 3159 ﬂammeo
1245 3104 1424 3174 gladio
1468 3105 1777 3173 significari.
1815 3107 2010 3161 Putant

2119 1899 2332 1970 pauperi
2377 1898 2584 1967 digitus,
2638 1906 2685 1950 et
2714 1898 2856 1950 sinus
2899 1895 3139 1949 Abrahae.
3179 1894 3284 1949 Per
3329 1896 3423 1949 has
3469 1896 3628 1950 lineas
3664 1908 3715 1951 et

2113 1989 2300 2043 anima:
2326 1999 2606 2060 martyrum
2632 1988 2723 2042 sub
2751 1988 2905 2041 altari
2926 1985 3278 2058 intelliguntur
3303 1985 3486 2056 (Ibid.,
3544 2005 3590 2041 c.
3630 1987 3710 2058 9).

2112 2080 2382 2152 Numquid
2413 2097 2542 2152 ergo
2581 2081 2650 2136 ibi
2681 2082 2842 2137 etiam
2876 2091 2932 2136 et
2976 2079 3162 2136 iisdem
3193 2079 3376 2134 inferis
3403 2079 3503 2134 sub
3531 2081 3710 2145 altari,

2113 2175 2323 2246 degunt
2374 2175 2566 2230 anima:
2608 2173 2940 2246 martyrum?
2980 2173 3084 2228 Sed
3136 2183 3258 2242 post
3286 2171 3504 2226 modum
3556 2172 3713 2242 paulo

2114 2266 2452 2322 enucleatius
2480 2265 2854 2335 explicabitur.

2185 2357 2410 2415 Interim
2441 2357 2592 2412 illum
2622 2357 2907 2412 audiamus
2936 2355 3111 2410 adhuc
3139 2355 3464 2425 loquentem.
3498 2356 3587 2411 Ait
3615 2371 3715 2412 au-

2119 2459 2225 2505 tem
2255 2450 2530 2506 Christum
2562 2449 2615 2504 in
2657 2449 2908 2504 inferiora
2958 2458 3219 2503 terrarum
3260 2447 3625 2515 descendisse,
3655 2459 3714 2503 ut

2114 2543 2221 2596 illic
2267 2541 2586 2614 patriarchas
2611 2551 2658 2595 et
2691 2540 2965 2610 praphetas
2991 2548 3247 2608 compotes
3262 2541 3341 2592 sui
3359 2541 3564 2610 faceret.
3599 2539 3718 2594 Ha-

2117 2637 2200 2690 bes
2227 2646 2273 2690 et
2303 2638 2558 2706 regionem
2584 2638 2807 2706 inferum
2838 2633 3220 2689 subterraneam
3265 2633 3486 2696 credere,
3521 2645 3568 2687 et
3597 2633 3716 2688 illos

2117 2730 2283 2784 cubito
2305 2729 2510 2799 pellere,
2539 2728 2625 2799 qui
2644 2728 2770 2782 satis
2799 2719 3015 2796 superbe
3057 2742 3155 2778 non
3204 2733 3382 2794 putant
3409 2724 3606 2777 animus
3655 2727 3718 2794 [i-

2116 2823 2308 2878 deliunt
2335 2824 2513 2894 inferis
2534 2823 2751 2894 dignas;
2772 2823 2902 2875 servi
2926 2835 3080 2888 super
3099 2817 3381 2883 dominum,
3411 2827 3454 2870 et
3476 2818 3719 2890 discipuli

2114 2932 2270 2985 super
2306 2916 2642 2986 magistrum,
2668 2913 2926 2983 aspernati
2973 2913 3016 2965 si
3062 2910 3193 2979 [orte
3239 2911 3292 2962 in
3337 2909 3556 2965 Abt-aha:
3595 2915 3711 2966 sinu

2115 3007 2442 3074 expectanda:
2493 3005 2873 3059 resurrectionis
2945 3003 3184 3058 solatium
3253 3019 3434 3073 capere
3494 3003 3708 3074 (Ibid.,

2113 3114 2162 3152 c.
2206 3099 2321 3168 55).
2345 3097 2603 3155 Cernisne
2620 3097 2793 3152 adhuc
2819 3097 3036 3154 eosdem
3062 3099 3258 3154 inferos
3289 3101 3462 3155 sinum
3486 3098 3715 3153 Abrahae

404 3197 582 3268 itaque
600 3197 845 3253 denotari
867 3197 1030 3252 aliunt
1049 3197 1227 3268 ignem
1246 3197 1556 3252 amatnioris
1587 3198 1688 3253 loci
1715 3198 1999 3254 arbitrum.
2032 3208 2077 3271 ρ
2116 3190 2337 3258 vocari,
2393 3201 2446 3246 et
2485 3189 2906 3261 patriarcharum
2961 3191 3451 3262 propltctarumqne
3508 3191 3714 3245 habita-

403 3288 747 3366 Verumhaac
775 3289 960 3360 opinio
1006 3290 1216 3346 ratione
1241 3289 1432 3345 saltem
1461 3289 1639 3361 aliqua
1684 3289 1858 3345 fulciri
1910 3291 2002 3346 de-

403 3379 585 3434 bebat.
615 3379 794 3450 Itaque
817 3379 988 3436 donec
1010 3396 1129 3436 eam
1153 3380 1446 3451 proferant,
1473 3396 1580 3437 non
1608 3381 1850 3439 videmus
1877 3383 2002 3453 quid

406 3473 686 3544 prohibeat
715 3475 1001 3542 quominus
1040 3473 1403 3530 Tertullianus
1428 3476 1578 3531 illum
1607 3478 1879 3532 vocaverit
1919 3479 2002 3531 di-

406 3567 538 3620 vina:
572 3566 875 3620 anttznitalis
915 3566 1123 3634 locum,
1159 3568 1249 3638 qui
1301 3568 1478 3622 citatis
1503 3567 1779 3625 Geneseos
1831 3568 2005 3623 verbis

407 3657 687 3729 paradisus
724 3657 1014 3728 voluptatis
1039 3659 1375 3728 appellatur?
1396 3659 1532 3726 Quid
1561 3661 1704 3715 enim
1745 3669 2007 3731 repugnat

403 3752 449 3804 si
482 3751 636 3820 igneo
667 3749 844 3821 gladio
891 3748 1090 3804 Zonatn
1124 3752 1331 3821 igneam
1374 3752 1664 3822 signiﬁcari
1717 3753 2005 3807 arbitratus

400 3840 521 3895 est?
548 3839 654 3896 Sed
684 3840 752 3896 de
781 3840 883 3896 hoc
911 3841 1228 3898 Tertulliani
1260 3844 1378 3900 loco
1406 3844 1605 3916 aliquid
1638 3845 1690 3898 in
1739 3844 2004 3920 superiori

397 3929 784 3989 dissertatione
809 3935 1302 4006 prmoccupavitnus
1332 3935 1625 4006 (Disseruit.
1655 3936 1710 3990 in
1733 3934 1999 4003 Lactant.,

379 4027 522 4095 "cap.
548 4027 641 4094 2'2,
670 4037 770 4081 art.
806 4029 899 4100 6).

477 4120 690 4177 Certins
727 4129 907 4178 autem
937 4138 998 4177 ea
1025 4122 1091 4178 de
1125 4137 1186 4178 re
1228 4122 1356 4179 ferri
1403 4134 1585 4195 posset
1620 4125 1903 4197 judicium,
1954 4127 1999 4182 si

404 4223 640 4271 exstaret
667 4215 810 4270 illius
848 4214 915 4270 de
954 4216 1202 4286 paradiso
1234 4216 1306 4272 lib
1323 4217 1477 4286 ellus,
1504 4234 1662 4290 quem
1694 4235 1727 4274 a
1757 4235 1815 4275 se
1854 4235 2008 4276 com-

409 4309 641 4378 positum
670 4306 1009 4364 testiﬁcatur.
1048 4309 1128 4363 Ad
1161 4324 1284 4364 eum
1309 4312 1504 4382 quippe
1535 4315 1614 4368 sic
1643 4329 1740 4367 nos
1766 4314 1882 4383 ipse
1911 4315 2010 4369 mi-

405 4399 524 4453 sit:
558 4398 728 4455 Habes
757 4401 911 4455 ctiant
949 4401 1013 4456 de
1064 4404 1303 4472 paradiso
1353 4421 1386 4458 a
1431 4405 1573 4460 nobis
1619 4407 1865 4469 libellum,
1911 4424 2011 4478 quo

418 4495 768 4550 constituimus
811 4512 1008 4550 omnem
1045 4497 1269 4550 animam
1307 4499 1448 4568 apud
1475 4500 1664 4568 inferos
1712 4503 2013 4573 sequestrari

2111 3285 2348 3350 tionem,
2381 3282 2472 3339 ubi
2503 3282 2698 3337 anima:
2751 3297 2847 3352 spe
2885 3283 3294 3338 resurrectionis
3345 3283 3591 3338 solatium
3621 3297 3717 3335 ca-

2109 3377 2285 3448 piunt?

2181 3466 2292 3523 Sub
2334 3466 2574 3537 ejusdem
2628 3465 2844 3522 demum
2884 3466 3006 3522 libri
3057 3467 3217 3521 tinem
3272 3463 3560 3536 quemdam
3611 3465 3714 3520 sibi

2108 3557 2454 3629 objicientent
2489 3557 2711 3612 indicit:
2749 3557 2936 3611 Omnes
2957 3574 3076 3628 ergo
3106 3546 3290 3610 animai
3316 3573 3466 3626 penes
3500 3557 3713 3627 inferos.

2109 3651 2205 3705 Cui
2235 3651 2416 3705 statim
2448 3649 2739 3720 respondet
2765 3668 2776 3703 :
2821 3648 2956 3704 Veiis
2977 3666 3036 3702 ac
3065 3648 3228 3713 nolis,
3257 3659 3304 3702 et
3323 3649 3576 3719 supplicia
3595 3650 3711 3718 jant

2108 3740 2215 3796 illic
2252 3751 2298 3796 et
2328 3742 2610 3814 refrigeria.
2634 3739 2698 3794 -Η
2709 3741 2823 3794 abes
2851 3756 3144 3810 pauperem,
3180 3749 3224 3794 et
3266 3741 3470 3794 divitem
3515 3739 3714 3811 (Ibid.,

2110 3854 2226 3910 cap.
2245 3835 2362 3911 58).
2391 3840 2614 3894 Omnem
2639 3837 2798 3908 igitur
2822 3851 2944 3892 cum
2960 3835 3102 3890 dicat
3122 3836 3379 3902 animant,
3403 3834 3600 3889 nullam
3627 3849 3721 3890 ex-

2109 3931 2260 4002 cipit.

2188 4025 2372 4096 Neqne
2401 4025 2493 4080 illo
2521 4033 2725 4080 tantum
2757 4024 2808 4078 in
2863 4022 3002 4077 libro
3055 4022 3126 4076 ita
3157 4037 3215 4077 se
3263 4023 3464 4077 sentire
3496 4022 3720 4091 profite-

2117 4129 2227 4187 tur,
2288 4121 2381 4175 sed
2413 4121 2464 4174 iit
2516 4118 2624 4172 alio
2667 4117 2826 4172 etiam
2872 4115 2923 4170 id
2966 4114 3106 4169 haud
3159 4115 3386 4168 obscure
3417 4114 3500 4168 his
3537 4115 3718 4169 verbis

2115 4211 2399 4266 conﬁrmat
2432 4229 2444 4264 :
2481 4207 2622 4264 Nam
2669 4217 2713 4262 et
2755 4223 2889 4260 nunc
2941 4207 3140 4258 animas
3191 4207 3413 4274 torqueri
3463 4206 3723 4277 foverique

2118 4319 2270 4375 penes
2302 4303 2513 4372 inferos,
2548 4301 2661 4360 licet
2687 4298 2873 4363 nudas,
2906 4295 3020 4348 licet
3064 4295 3231 4350 adhuc
3281 4297 3478 4352 exsules
3519 4298 3712 4363 carnis,

2119 4394 2348 4464 probavit
2399 4391 2585 4445 Lazari
2625 4389 2911 4456 exemplum
2954 4383 3146 4453 (Idem,
3185 4386 3272 4440 lib.
3331 4387 3394 4440 de
3426 4387 3714 4442 Resurrect.

2117 4488 2309 4551 carnis,
2369 4502 2486 4552 cap.
2520 4483 2627 4552 Π).
2665 4482 2738 4537 De
2767 4481 3012 4552 ipsismet
3056 4496 3216 4550 porro
3256 4479 3577 4549 martyribus
3607 4481 3724 4535 haec

411 4586 466 4638 in
527 4585 660 4640 diem
723 4587 972 4661 Domini(
999 4588 1190 4644 Tertul.
1249 4590 1336 4644 lib.
1387 4591 1450 4644 de
1492 4590 1662 4644 Anim.
1709 4571 1860 4664 caput
1901 4592 2010 4667 55),

2126 4582 2177 4636 itt
2237 4579 2528 4647 Scorpiaeo
2563 4575 2800 4631 scribere
2831 4590 2936 4629 non
2991 4573 3297 4628 dubitavit:
3350 4571 3571 4635 Quinam
3620 4573 3725 4638 isti,

423 4675 476 4730 id
517 4689 599 4731 est
629 4719 643 4742 ,
689 4681 935 4750 generale
963 4691 1020 4737 et
1048 4683 1292 4738 ultimum
1341 4682 1622 4752 judiciutn.
1668 4684 1774 4739 Sed
1811 4702 1878 4740 ex
1938 4687 2020 4743 his

416 4765 544 4824 licet
584 4771 917 4838 paucissimis
943 4773 1122 4829 verbis
1151 4790 1256 4828 tton
1284 4775 1503 4829 minima
1533 4786 1681 4832 certe
1705 4778 1877 4832 oritur
1915 4780 2020 4835 dif-

417 4858 646 4914 ficultas.
727 4861 858 4916 Nattt
912 4865 1121 4918 tametsi
1179 4864 1482 4933 paradisum
1538 4867 1607 4921 ab
1660 4868 1844 4923 inieris
1908 4868 2023 4926 dis-

409 4949 642 5006 tinxisse
706 4952 1012 5020 dieeretur;
1072 4958 1409 5026 apertissime
1464 4957 1814 5014 nihilominus
1870 4960 2028 5017 docet

419 5056 633 5097 omnem
661 5043 894 5098 animam
919 5047 1313 5117 tamjustorum
1343 5050 1612 5116 videlicet,
1638 5068 1796 5121 quam
1829 5053 2023 5122 impio-

417 5149 537 5189 rum
567 5135 618 5189 in
647 5134 796 5192 hisce
826 5137 1013 5194 inferis
1039 5139 1105 5193 ad
1139 5141 1384 5196 ultimum
1417 5158 1589 5213 usque
1630 5143 1890 5214 judicium
1935 5159 2027 5199 se-

422 5228 686 5296 questrari
713 5237 769 5284 et
797 5231 1084 5285 reservari.
1121 5231 1226 5288 Sed
1269 5232 1388 5289 haec
1418 5233 1660 5305 pluribus
1699 5235 1838 5290 haud
1866 5235 2028 5292 dubie

367 5355 382 5361 -
420 5319 646 5374 obscura
690 5336 795 5377 nec
840 5323 1113 5379 intellectu
1168 5323 1340 5379 facilia
1415 5324 1755 5380 videbuntur.
1824 5327 2026 5393 Quant-

419 5409 609 5468 obrem
634 5412 762 5484 quid
809 5413 862 5470 in
891 5414 1030 5489 aliis.
1059 5430 1179 5486 qua:
1219 5423 1450 5482 restant,
1479 5417 1620 5472 illius
1666 5417 1919 5486 operibus
1961 5418 2028 5474 de

422 5504 507 5561 his
532 5509 805 5573 statuerit,
832 5507 1262 5578 investigandum
1293 5519 1397 5565 est.

499 5597 557 5655 In
585 5615 686 5655 suo
729 5610 907 5656 autem
962 5599 1031 5656 de
1051 5601 1244 5656 Anima
1299 5599 1437 5656 libro
1477 5600 1594 5655 hanc
1636 5617 1700 5655 cx
1744 5601 2034 5671 Evangelio

430 5690 647 5772 tradidit
679 5710 693 5747 :
723 5692 871 5748 Dolet
901 5693 1043 5764 apud
1064 5695 1256 5766 inferos
1302 5694 1475 5747 anima
1503 5692 1792 5762 cujusdam,
1840 5692 2030 5747 famosi

433 5780 682 5840 videlicet
727 5785 913 5849 divitis,
945 5793 990 5838 et
1039 5787 1249 5854 punitur
1293 5786 1347 5839 in
1397 5786 1630 5856 ﬂamma,
1690 5786 1940 5841 cruciatur
1979 5789 2032 5841 itt

883 5873 1368 5939 Temenum.
1387 5877 1440 5938 Ι.

2124 4671 2366 4728 Ζοιιθάωί
2397 4668 2510 4734 lilii,
2546 4677 2650 4722 tattt
2702 4668 2829 4720 beati
2872 4667 3101 4731 victores,
3135 4665 3233 4718 nisi
3291 4665 3494 4735 proprie
3534 4676 3729 4736 ntartg-
3822 4717 3830 4732 ε

2125 4767 2246 4821 res?
2292 4763 2512 4818 lllorunt
2564 4761 2748 4814 etenim
2797 4759 3019 4812 victoriae
3049 4800 3065 4826 ,
3117 4773 3332 4828 quorum
3383 4767 3426 4812 et
3493 4775 3679 4827 pugna:
3708 4802 3722 4823 ,

2129 4875 2301 4915 eorum
2346 4871 2463 4910 vero
2517 4868 2704 4925 pugna:
2739 4867 2954 4922 quorum
2981 4861 3025 4904 et
3050 4850 3299 4920 sanguis?
3326 4850 3414 4902 sed
3451 4860 3497 4902 et
3525 4849 3728 4903 interim

2132 4951 2223 5006 sub
2249 4948 2403 5002 altari
2431 4955 2714 5016 martyrum
2757 4943 2944 4996 anima:
2974 4941 3230 5011 placidum
3269 4941 3552 5010 quiescunt,
3578 4951 3623 4993 et
3668 4941 3731 5006 [i-

2135 5043 2286 5097 ducia
2337 5042 2548 5096 ultionis
2601 5037 2898 5109 patientiam
2941 5045 3172 5106 pascunt,
3228 5043 3271 5087 et
3322 5034 3515 5088 indutte
3563 5032 3728 5096 stolis,

2132 5135 2406 5190 candidam
2451 5133 2700 5187 claritatis
2738 5141 3008 5201 usurpant,
3038 5129 3196 5182 donec
3224 5138 3268 5180 et
3310 5129 3399 5181 alii
3419 5128 3732 5181 consortium

2131 5228 2340 5281 illarum
2387 5226 2563 5297 gloria:
2588 5223 2832 5293 impleant
2877 5219 3086 5294 (Idem,
3128 5219 3394 5290 Scorpiac.
3447 5239 3563 5288 cup.
3616 5219 3728 5288 1‘2).

2132 5320 2321 5376 Nonne
2397 5317 2554 5390 igitur
2617 5314 2926 5371 Tertulliani
2965 5314 3148 5384 Opinio
3212 5314 3309 5366 fuit
3361 5327 3550 5367 omnes
3599 5326 3731 5380 qun-

2134 5413 2390 5468 rumlibct
2445 5419 2774 5465 mortuorum
2807 5407 3078 5461 hominum
3119 5405 3346 5467 animas,
3372 5420 3600 5474 corpore
3629 5417 3728 5456 suo

2135 5515 2342 5570 exutas,
2376 5503 2440 5558 ad
2474 5505 2715 5558 nltimutn
2749 5517 2812 5555 ns
2834 5513 2917 5570 lue
2967 5498 3154 5568 judicii
3207 5497 3346 5551 diem
3380 5499 3639 5550 reservari
3673 5499 3729 5550 in

2137 5599 2340 5662 inferis,
2373 5597 2618 5666 paradiso
2651 5593 2878 5648 Abraha:
2925 5594 3066 5653 sinu.
3109 5601 3160 5644 et
3206 5591 3304 5644 sub
3334 5589 3508 5649 allati.
3540 5591 3732 5657 quibus

2136 5691 2260 5746 licet
2285 5689 2514 5744 diversis
2543 5688 2855 5743 nominibus
2909 5683 3156 5741 eumdem
3211 5684 3384 5738 locum
3424 5681 3737 5753 designasse

2138 5783 2323 5854 procul
2355 5779 2517 5836 dubio
2567 5779 2808 5837 videtur?

3057 5870 3510 5963 (ι”ἰηαι-ῃειιίῖ)
