4240 6262
540 271 649 330 907

1612 271 1681 329 IN
1713 269 2176 330 TERTULLIANI
2212 268 2751 330 APOLOGETICUM

3736 262 3855 330 908

610 388 721 447 Sed
746 397 1019 463 exspecta,
1070 403 1272 463 «mue,
1328 390 1624 463 paulisper,
1680 403 1840 464 teque
1890 393 2132 465 aliquan-
2160 394 2210 454 Α
2238 391 2475 458 Patrem,
2526 392 2631 453 nisi
2682 399 2741 448 ut
2763 399 2982 451 aeterne
3008 387 3280 449 felicitatis
3324 387 3609 460 premium
3659 390 3846 446 statim

540 491 654 539 tum
682 484 908 540 sustine.
937 484 1057 539 ﬂos
1086 485 1229 539 enim
1258 484 1446 541 audies
1473 486 1542 542 ab
1587 485 1701 554 illo,
1745 487 1886 543 sicut
1939 486 2138 556 triplex
2166 544 2203 560 _

537 589 709 645 genus
744 575 1067 643 animarum,
1099 576 1212 632 sive
1242 586 1574 633 mortuorum
1606 578 1912 646 hominum,
1944 577 2141 649 impio.-

540 685 670 727 ηιιη
688 668 953 737 videlicet,
992 669 1279 740 iustorum,
1327 680 1383 726 et
1408 680 1726 743 martyrum,
1758 672 1832 727 ita
1868 672 2135 748 triplicem

536 761 753 817 illorum
784 762 983 830 locum,
1031 772 1190 833 atque
1218 763 1419 819 infcros
1448 763 1519 818 ab
1546 763 1775 819 Abrahae
1796 764 1916 819 sinu
1943 763 2136 820 distin-

498 856 647 926 ‘gui.
677 854 962 911 Marcionis
1009 856 1204 928 quippe
1230 856 1300 914 de
1345 857 1659 923 earumdem
1697 859 1997 915 animarum
2052 874 2137 914 re-

534 947 829 1019 cqnsenlis
854 964 1096 1006 errorem
1123 965 1293 1007 sacra:
1338 950 1535 1008 refodit
1582 958 1900 1009 auctoritate
1948 950 2133 1023 Scrip-

536 1050 694 1108 tum,
722 1056 838 1112 qua:
875 1042 938 1096 ab
962 1042 1161 1112 inferis,
1209 1043 1400 1114 inquit,
1454 1044 1693 1099 discernit
1720 1046 1890 1098 sinum
1916 1043 2137 1099 Abralue

535 1137 771 1203 pauperi.
824 1133 978 1188 Aliud
1016 1136 1150 1189 enim
1199 1136 1385 1206 inferi,
1436 1145 1492 1190 ut
1547 1145 1699 1206 puto,
1758 1135 1905 1190 aliud
1937 1151 2134 1205 quoque

534 1223 755 1279 Abralue
783 1225 947 1281 sinus.
982 1225 1119 1281 Nam
1144 1238 1192 1282 et
1222 1243 1460 1300 magnum
1502 1229 1574 1281 ait
1612 1227 1920 1282 intercedere
1959 1228 2132 1299 regio-

532 1331 623 1370 nes
649 1315 775 1371 istas
811 1317 1125 1386 profundum
1146 1359 1160 1381 ,
1189 1327 1237 1372 et
1265 1319 1535 1373 transitum
1562 1317 1816 1388 utrimque
1844 1317 2127 1386 prohibere.

530 1408 641 1464 Sed
668 1425 759 1463 nec
796 1409 1065 1465 alleuasset
1089 1411 1228 1466 diues
1257 1411 1453 1478 oculos,
1483 1420 1534 1465 et
1587 1411 1789 1482 quidem
1841 1412 1904 1465 de
1933 1411 2133 1482 longino

531 1515 652 1567 quo,
682 1501 780 1555 nisi
818 1502 874 1555 in
916 1503 1201 1572 superiora,
1228 1513 1278 1556 et
1307 1502 1372 1557 de
1394 1502 1685 1557 altitudinis
1722 1501 2003 1574 longinquo
2026 1518 2132 1574 .per

531 1591 830 1645 immensam
855 1592 998 1646 illaut
1028 1593 1327 1648 distantiam
1361 1592 1686 1649 sublimitatis
1712 1603 1763 1648 et
1798 1593 2131 1664 profunditav

534 1681 742 1738 tis......
776 1681 905 1737 Eam
933 1684 1104 1755 itaque
1124 1685 1382 1755 regionem
1407 1686 1575 1739 sinunt
1603 1685 1718 1739 dico
1748 1668 2003 1750 Abrahae,
2039 1685 2133 1738 etsi

2244 493 2363 556 post
2386 492 2616 540 mortem
2648 493 3066 554 consequantur.

2315 575 2605 646 Utriusque
2655 583 2835 631 autem
2886 575 3130 645 ophtioni
3194 573 3489 645 discipulus
3526 571 3849 635 Tertulliani

2238 669 2541 742 Cyprianus
2570 668 2720 726 hisce
2740 666 3077 739 totidemque
3126 667 3306 724 verbis
3336 675 3520 736 postea
3562 654 3850 737 subscrip-

2239 762 2348 816 sit:
2378 761 2512 816 beati
2541 763 2685 828 satis,
2741 762 2829 831 qui
2876 777 2938 815 ra:
2983 760 3123 816 vobis
3163 776 3254 831 per
3300 759 3583 829 gloriarum
3633 760 3850 832 uestigia

2236 865 2598 920 commeantes,
2618 856 2732 926 jam
2748 855 2815 908 de
2838 856 3025 910 strculo
3052 863 3386 918 recesserunt,
3410 854 3736 925 confectoque
3761 852 3852 909 itio

2247 963 2369 1005 nere
2384 948 2580 1002 virtutis
2601 964 2673 1001 ac
2688 946 2831 1016 ﬁdei,
2859 948 2930 1002 ad
2947 948 3265 1018 complexum
3283 956 3332 1000 et
3355 946 3587 1003 osculum
3615 945 3842 1013 Domini,

2243 1036 2465 1093 Domino
2489 1041 2604 1109 ipso
2632 1040 2903 1110 gaudente,
2940 1050 3177 1094 venerunt
3210 1038 3504 1109 (Cyprium,
3553 1039 3699 1109 epist.
3748 1039 3844 1093 37.

2252 1147 2374 1202 pag.
2401 1130 2515 1202 75).
2546 1133 2683 1187 Alibi
2714 1147 2841 1188 vero
2862 1132 3064 1188 diserte
3100 1131 3333 1186 afﬁrmat
3357 1134 3677 1204 martyrium
3720 1148 3846 1189 esse

2240 1222 2538 1277 secundum
2563 1223 2849 1295 baptisma,
2870 1226 3007 1294 quod
3027 1240 3120 1279 nos
3132 1223 3198 1277 de
3214 1224 3406 1280 mundo
3430 1224 3712 1281 recedentes
3732 1235 3846 1280 sta-

2246 1315 2338 1368 tim
2369 1313 2479 1369 Deo
2502 1315 2729 1385 copulat.
2762 1315 2929 1371 Suum
2959 1314 3158 1371 dehinc
3186 1315 3382 1371 librum
3410 1316 3493 1371 his
3539 1316 3716 1372 verbis
3739 1318 3840 1373 ab-

2237 1407 2399 1461 solvit
2426 1425 2439 1461 :
2472 1407 2535 1461 Si
2560 1406 2713 1461 talem
2742 1411 3022 1479 persecutio
3042 1408 3290 1463 inuenerit
3318 1406 3418 1463 Dei
3451 1408 3676 1476 militem,
3702 1408 3843 1463 uinci
3923 1402 3931 1408 ’

2236 1514 2339 1552 non
2366 1498 2549 1569 poterit
2579 1499 2736 1561 uirtus
2772 1501 2843 1552 ad
2872 1499 3106 1570 prclittnt
3135 1508 3391 1571 prompta.
3436 1498 3527 1553 νει
3549 1504 3597 1554 εἰ
3616 1501 3844 1554 accersio

2234 1599 2354 1653 ante
2380 1594 2696 1660 metit,
2725 1592 2834 1647 sine
2860 1593 3073 1662 prsentia
3097 1607 3201 1647 non
3240 1594 3336 1660 erit
3378 1591 3530 1661 fides,
3573 1607 3691 1661 qua
3728 1602 3844 1646 erat

2236 1685 2304 1737 ad
2345 1686 2643 1756 martyrium
2689 1696 3000 1757 preparato.
3032 1685 3154 1742 Sine
3187 1687 3375 1741 damno
3400 1686 3646 1757 temporis
3701 1703 3845 1741 uter-

532 1794 634 1831 non
650 1779 928 1845 caelestem;
952 1779 1294 1835 sublimiorem
1324 1789 1491 1835 tamen
1520 1780 1700 1850 inferis
1733 1821 1749 1846 ,
1802 1779 2006 1835 interim
2044 1795 2129 1834 τε·
2158 1788 2208 1849 κ
2238 1795 2339 1846 ees,
2360 1778 2540 1849 judice
2564 1777 2721 1846 Deo,
2748 1770 3016 1846 reddituri;
3045 1782 3101 1834 in
3133 1781 3476 1849 persecutione
3516 1779 3730 1846 militia,
3787 1780 3845 1832 in

532 1872 794 1941 frigerium
818 1874 1149 1941 prwbituram
1188 1872 1457 1927 animabus
1496 1874 1964 1945 justorunt,_donec
2000 1889 2128 1927 cons

526 1964 800 2017 summatio
840 1980 1013 2017 rerum
1062 1966 1480 2020 resurrectionem
1541 1965 1766 2020 omnium
1814 1965 2131 2036 plenitudine

528 2055 774 2111 mercedis
797 2065 1178 2128 expungat.....
1208 2074 1303 2111 cur
1331 2073 1433 2112 non
1462 2057 1634 2128 capiat
1687 2058 1854 2113 sinum
1913 2058 2130 2114 Abralus

528 2145 632 2199 dici
663 2146 940 2217 temporale
967 2148 1176 2217 aliquod
1218 2149 1508 2202 animarum
1549 2147 1779 2215 ﬁdelium
1828 2158 2127 2218 receptacu-

529 2239 656 2305 lum,
685 2239 737 2291 in
779 2255 878 2307 quo
923 2239 1029 2303 iam
1056 2240 1338 2295 delineetur
1367 2240 1528 2310 futuri
1571 2240 1785 2311 imago,-
1807 2256 1870 2295 ac
1908 2241 2131 2296 candida

526 2329 762 2399 quadam
784 2330 1053 2397 utriusque
1087 2330 1280 2401 judicii
1321 2330 1661 2400 prospiciatur
1690 2329 1889 2403 (idem,
1916 2331 2006 2386 lib.
2036 2330 2126 2387 IV.

530 2424 729 2479 advers.
767 2422 1022 2479 Marcion.
1053 2439 1174 2494 cap.
1200 2423 1341 2493 3i)?

598 2559 791 2616 Nonne
834 2560 943 2631 jam
994 2560 1146 2616 vides
1194 2574 1352 2631 quam
1402 2560 1685 2631 perspicue
1731 2559 1935 2617 inferos
1966 2601 1983 2627 ,
2038 2560 2131 2616 ubi

531 2653 726 2708 animae
756 2653 1123 2723 improborum
1152 2652 1428 2707 hominum
1458 2653 1660 2725 degunt
1715 2664 1766 2709 et
1798 2653 2126 2717 cruciantur,

529 2754 778 2801 secernat
822 2760 851 2798 a
898 2744 1017 2800 sinu
1063 2744 1294 2800 Abrahtc
1340 2745 1454 2800 sive
1503 2745 1770 2815 justorum
1800 2744 2126 2811 bnbitac‘uln,

533 2836 623 2892 ubi
676 2836 732 2891 hi
778 2845 993 2891 reterns:
1037 2836 1304 2892 felicitatis
1355 2837 1664 2893 mercedem
1710 2846 2128 2915 prmgustantcs,

534 2928 815 3000 temporali
852 2943 915 2983 ac
955 2929 1149 2999 praevia
1187 2929 1503 2985 amoenitate
1528 2936 1583 2985 et
1606 2929 1963 2996 beatitudine,
1990 2930 2128 2997 sive,

536 3030 595 3075 ιιι
626 3019 715 3076 ille
734 3020 829 3086 ait,
859 3018 1138 3090 refrigerio
1167 3021 1469 3100 potiuntur?
1513 3022 1642 3076 Eam
1672 3034 1800 3076 vero
1832 3019 2127 3091 regionem,

536 3113 635 3169 etsi
667 3128 773 3169 non
800 3111 871 3168 sit
893 3113 1153 3179 caelestis,
1183 3112 1341 3184 longe
1388 3124 1567 3170 tamen
1590 3113 1657 3167 ab
1707 3110 1893 3169 inferis
1921 3111 2123 3168 distare

534 3215 827 3276 asseverat,
859 3214 915 3262 et
941 3206 1006 3262 iis
1029 3205 1201 3261 multo
1221 3220 1343 3262 esse
1370 3205 1763 3262 sublimiorem.

605 3340 758 3409 Quod
783 3356 911 3397 vero
932 3342 1001 3396 ad
1049 3349 1345 3413 martyrum
1397 3342 1604 3396 animos
1635 3344 1887 3411 pertinet,
1916 3340 2134 3397 tertium

534 3433 615 3490 eis
639 3434 836 3499 locum,
868 3434 1044 3504 ipsum
1069 3434 1278 3490 scilicet
1305 3433 1610 3503 paradisum
1641 3431 1949 3489 adscribere
1980 3433 2132 3488 vide-

536 3534 644 3579 tur.
677 3524 812 3579 Nam
839 3524 955 3580 haec
981 3533 1107 3580 sunt
1133 3523 1202 3580 de
1230 3524 1380 3580 hisce
1409 3524 2018 3597 martyrumauimabus
2048 3533 2133 3579 to-

538 3614 704 3671 tidem
733 3616 852 3685 eius
882 3618 1047 3672 verba
1078 3635 1090 3671 :
1129 3616 1398 3684 Quomodo
1427 3616 1630 3672 Joannt‘
1652 3618 1707 3673 in
1755 3618 1940 3687 spiritu
1980 3635 2136 3687 para-

539 3706 637 3761 disi
661 3709 800 3778 regio
835 3707 1076 3773 reuelato,
1108 3724 1224 3778 quis
1263 3709 1535 3778 subjicitur
1581 3708 1734 3762 altari
1758 3750 1772 3773 ,
1805 3710 1977 3763 nullas
2002 3711 2136 3765 alias

538 3798 739 3853 animos
783 3799 927 3870 apud
959 3816 1014 3855 se
1056 3810 1239 3869 prater
1264 3811 1545 3871 martyrum
1572 3801 1832 3857 ostendit?
1870 3802 2136 3868 Quomodo

545 3886 821 3959 Perpetua,
852 3891 1129 3961 fortissima
1151 3876 1365 3962 martyr,
1383 3893 1473 3947 sub
1494 3892 1577 3947 die
1607 3894 1856 3961 passionis
1869 3896 1922 3948 in
1938 3895 2134 3951 revela-

539 3983 676 4038 tione
728 3984 955 4055 paradisi
996 3985 1131 4040 solos
1169 3985 1277 4039 illic
1315 3997 1678 4058 commartyres
1705 4003 1823 4042 suos
1851 3987 2007 4054 vidit;
2038 3989 2139 4043 nisi

454 4114 461 4119 .
539 4076 661 4142 quia
685 4075 842 4131 nullis
878 4077 1145 4147 romphaea
1171 4077 1399 4145 paradisi
1422 4078 1648 4147 janitrix
1667 4080 1819 4141 cedit,
1852 4079 1952 4134 nisi
1975 4080 2062 4149 qui
2082 4080 2137 4135 in

540 4166 744 4222 Christo
760 4156 1071 4224 decesserint
1090 4212 1104 4235 ,
1127 4186 1230 4224 non
1250 4171 1303 4224 in
1326 4170 1532 4225 Adam?
1556 4169 1608 4226 Ν
1612 4188 1705 4226 oua
1724 4186 1860 4227 mors
1887 4187 1980 4242 pro
2004 4171 2139 4235 Deo;
2181 4195 2189 4204 -

542 4267 589 4313 et
618 4261 1039 4339 extraordinaria.
1050 4280 1143 4333 pro
1192 4262 1416 4329 Christo,
1444 4263 1548 4319 alio
1577 4272 1629 4331 et
1669 4266 1864 4334 privato
1888 4265 2139 4336 excipitur

545 4350 784 4423 hospitio.
816 4356 1043 4424 Agnosce
1081 4356 1249 4426 itaque
1277 4354 1615 4423 diﬂ‘erentiam
1642 4356 1849 4421 ethnici,
1881 4366 1928 4412 et
1973 4357 2139 4426 ﬁdelis

539 4443 593 4496 in
616 4454 796 4499 morte.
839 4443 901 4500 Si
926 4462 1020 4516 pro
1049 4444 1156 4501 Deo
1180 4442 1453 4504 occumbas
1474 4490 1489 4515 ,
1528 4457 1581 4502 ut
1613 4447 1912 4505 Paracletus
1934 4459 2101 4505 monet
2120 4488 2136 4513 .

2234 1888 2358 1942 pace
2421 1872 2734 1927 conscientia
2787 1880 3062 1927 coronatur
3110 1869 3299 1941 (Idem,
3596 1879 3842 1941 asangm,

2237 1980 2361 2035 pag.
2394 1962 2518 2030 H58;
2551 1961 2718 2031 lbid.,
2750 1980 2872 2035 pag.
2906 1962 3055 2034 184).
3081 1961 3196 2017 Non
3238 1962 3455 2018 dilatam
3499 1961 3659 2034 igitur
3677 1975 3844 2030 puta-

2245 2055 2334 2112 bat
2354 2066 2612 2111 mternam
2644 2066 2935 2127 martyrum
2962 2044 3189 2125 'gloriam
3216 2064 3267 2108 et
3292 2052 3624 2109 felicitatem.
3648 2051 3845 2109 Nonne

2224 2130 2415 2203 autem
2440 2147 2556 2219 lucc
2580 2146 2757 2201 adhuc
2784 2146 3113 2201 delibarerat
3142 2161 3209 2200 ex
3254 2146 3512 2217 magistro
3538 2160 3640 2203 suo
3662 2153 3721 2199 et
3746 2159 3844 2198 au-

2232 2249 2383 2296 ctore
2404 2250 2589 2295 nostro
2617 2238 2970 2305 Tertulliano,
2996 2238 3086 2308 qni
3116 2237 3367 2292 similiter
3385 2237 3598 2294 dixerat
3625 2246 3842 2307 marty-

2230 2333 2372 2388 rium
2396 2347 2521 2388 esse
2564 2331 2862 2388 secundum
2908 2331 3193 2401 baptisma,
3234 2345 3343 2402 quo
3378 2340 3645 2403 αιδην-οι
3692 2338 3844 2386 recta

2232 2426 2502 2482 ducuntur
2528 2426 2596 2482 od
2624 2427 2861 2485 divinam
2897 2425 3125 2481 sedem?
3164 2424 3411 2481 Assensit
3439 2425 3584 2480 enim
3616 2423 3736 2478 illos
3756 2422 3843 2477 in-

2238 2521 2378 2575 victa
2406 2519 2661 2589 patientia
2707 2528 2764 2574 et
2800 2516 3140 2585 fortitudine,
3173 2502 3392 2587 produci
3415 2516 3488 2570 od
3516 2514 3841 2582 expetituru-

2237 2623 2344 2666 tum
2372 2611 2654 2684 felicitatis,
2685 2609 2755 2664 ad
2783 2610 3103 2665 occasionem
3134 2608 3372 2664 secunda:
3407 2606 3739 2677 intinctisnis,
3760 2605 3839 2659 ad

2233 2702 2396 2774 ipsius
2419 2702 2605 2756 dicina:
2624 2701 2758 2757 sedis
2796 2702 3096 2757 adscensum
3128 2698 3347 2771 (Tertul.
3390 2698 3483 2755 lib.
3515 2697 3579 2755 de
3605 2695 3837 2752 Patisut.

2234 2814 2354 2868 pag.
2405 2795 2518 2864 15).
2551 2795 2721 2862 Quam
2773 2808 2901 2851 vero
2948 2792 3241 2849 secundum
3287 2791 3676 2855 inductionem,
3704 2786 3843 2844 alibi

2235 2890 2310 2942 uti
2343 2881 2663 2957 videbimus,
2696 2884 2989 2941 secundum
3035 2892 3189 2940 vocat
3219 2883 3487 2939 lavacrum
3528 2896 3635 2952 quo
3653 2879 3844 2935 omnia

2233 2977 2502 3034 donantur
2547 2977 2764 3042 delicta,
2795 2984 2852 3032 et
2881 2985 2990 3032 tota
3019 2974 3111 3032 Dei
3138 2976 3313 3045 gratia
3336 2973 3614 3031 redimitur
3636 2969 3836 3042 (lnfr.,

2235 3084 2351 3140 cap.
2383 3067 2472 3134 l6,
2502 3078 2599 3122 art.
2630 3069 2711 3137 ὅ).

2159 3176 2205 3238 C
2311 3165 2382 3217 At
2427 3161 2568 3216 sicut
2613 3159 2778 3226 illius,
2812 3159 2879 3214 ita
2926 3167 2981 3214 et
3028 3156 3214 3215 lraenei
3249 3173 3358 3213 non
3400 3154 3591 3215 eadem
3616 3154 3836 3211 videtur

2237 3251 2407 3308 fuisse
2430 3250 2498 3307 de
2527 3251 2754 3307 aliorum
2789 3250 3054 3320 iustorum
3083 3248 3368 3307 animabus
3416 3246 3707 3307 settteutia.
3762 3245 3844 3303 De

2240 3346 2347 3401 illis
2372 3346 2572 3416 quippe
2600 3344 2836 3403 lranneus
2856 3342 2974 3399 hasc
3004 3341 3250 3399 tradidit.
3274 3341 3403 3398 Post
3428 3342 3671 3413 corporis
3696 3354 3845 3396 mor-

2241 3445 2368 3502 tem,
2401 3436 2642 3501 Abibuut,
2675 3434 2867 3504 inquit,
2910 3434 2968 3489 in
3010 3432 3311 3491 inuisibilem
3347 3432 3539 3497 locum,
3569 3430 3844 3500 deﬁnitum

2237 3532 2312 3587 eis
2327 3549 2357 3585 a
2379 3528 2508 3595 Deo,
2534 3539 2579 3584 et
2601 3522 2669 3585 ibi
2682 3545 2843 3599 usque
2856 3527 2924 3583 ad
2939 3530 3356 3583 resurrectionem
3368 3522 3839 3605 commot‘abuntttr,

2239 3623 2544 3678 sustinentes
2580 3621 3029 3685 resurrectionem,
3063 3630 3342 3691 postquam
3394 3619 3591 3676 uenient
3618 3617 3687 3673 ad
3717 3632 3845 3675 con-

2239 3726 2467 3787 spectum
2493 3712 2591 3769 Dei
2617 3712 2810 3787 (lreu.,
2831 3714 2921 3770 lib.
2957 3712 3021 3780 V,
3051 3731 3167 3785 cup.
3190 3715 3284 3783 5|,
3315 3730 3436 3784 pag.
3467 3711 3619 3785 551).
3656 3710 3846 3783 Neque

2240 3808 2458 3874 mirum,
2486 3821 2693 3877 quaeso,
2724 3805 2818 3863 tibi
2840 3807 2931 3871 sit,
2952 3806 2995 3860 si
3018 3804 3377 3863 Tertulliauns
3405 3816 3623 3873 noster,
3653 3817 3847 3874 quem-

2248 3897 2535 3954 admodum
2579 3896 2815 3954 [returns
2864 3897 3050 3954 incerti
3096 3899 3465 3968 ancipitesqne
3493 3897 3546 3952 in
3566 3897 3849 3968 assignan-

2244 3990 2330 4045 dis
2356 3990 2652 4043 animarum
2680 4004 2906 4060 corpore
2934 3990 3229 4045 solutorum
3270 3988 3556 4045 domiciliis
3577 3988 3867 4057 hatreant,‘

2242 4097 2341 4137 nec
2387 4081 2577 4137 eodem
2607 4096 2824 4151 semper
2863 4082 3024 4138 modo
3052 4081 3359 4154 loquantur.
3386 4081 3507 4139 Non
3540 4082 3707 4153 magis
3734 4074 3848 4138 etc-

2239 4172 2352 4228 nim
2372 4181 2539 4228 certae
2577 4181 2994 4244 constantesque
3023 4172 3259 4239 luerunt,
3293 4174 3433 4231 sicut
3450 4173 3583 4235 alibi
3608 4182 3844 4240 annota-

2241 4267 2437 4334 vintus,
2478 4266 2708 4323 aliorum
2754 4277 2995 4324 veterum
3028 4268 3283 4325 Ecclesia:
3306 4268 3528 4326 Patrum
3559 4268 3844 4325 sententia:

2244 4346 2527 4427 (Admonit.
2572 4359 2627 4415 in
2664 4357 2755 4414 lib.
2796 4359 3032 4415 Ambros.
3072 4359 3138 4416 de
3191 4358 3335 4415 Bono
3375 4362 3572 4427 mortis,
3628 4369 3751 4416 tam.
3795 4359 3841 4430 Ι,

2241 4466 2363 4521 rag-
2393 4450 2544 4523 585)-

542 4535 727 4592 nonin
746 4536 980 4592 mollibus
997 4528 1238 4608 febribus,
1273 4550 1320 4596 et
1342 4542 1395 4595 in
1422 4541 1634 4608 lectulis,
1663 4542 1754 4599 sed
1781 4543 1835 4596 in
1855 4544 2136 4613 ntartgriis;
2162 4560 2217 4623 ι)
2313 4542 2657 4615 Quaecunque
2708 4552 2889 4602 autem
2939 4544 3097 4605 fuerit
3138 4548 3374 4605 aucturis
3426 4548 3597 4606 nostri
3661 4548 3728 4604 de
3773 4546 3844 4603 iis

538 4628 585 4683 si
630 4643 830 4683 crucem
872 4640 1012 4685 tuam
1057 4630 1208 4688 tollas
1251 4642 1296 4687 et
1324 4634 1554 4705 sequaris
1587 4633 1882 4702 Dominum,
1918 4646 1972 4691 ut
2027 4637 2137 4707 ipse

539 4720 801 4789 prtecepit,
833 4729 939 4776 tota
980 4724 1208 4792 paradisi
1235 4724 1391 4780 clauis
1434 4735 1551 4782 tuus
1595 4728 1806 4797 sanguis
1828 4737 1899 4783 est
1942 4726 2133 4798 (Idem,

542 4809 633 4867 lib.
678 4811 743 4865 de
791 4812 986 4883 Amm,
1036 4833 1152 4884 cap.
1184 4816 1296 4890 55).
1329 4818 1799 4894 Tertium'itaque
1844 4822 2021 4879 locum
2068 4825 2138 4880 ab

542 4909 789 4973 utroque,
838 4904 950 4974 jam
995 4922 1027 4962 a
1067 4907 1221 4965 uobis
1263 4918 1580 4977 memorato,
1611 4927 1799 4984 separa
1855 4925 1964 4969 tum
1995 4916 2137 4973 indi-

542 5001 650 5060 cat,
680 4993 822 5064 quod
864 4996 1126 5065 privatum
1175 5008 1492 5072 martyrum,
1551 5001 1622 5059 de
1658 5003 1852 5074 quibus
1895 5006 2032 5061 infra
2058 5008 2140 5064 di-

541 5098 749 5153 cemus,
795 5086 1082 5157 hospitium
1126 5090 1358 5162 appellat
1402 5092 1425 5162 (
1448 5091 1611 5163 [ηρ-η
1654 5111 1773 5166 cap.
1814 5098 1902 5166 l5,
1933 5108 2033 5155 art.
2057 5100 2136 5170 4),

612 5241 908 5299 Ριυαιίνθηι
937 5244 1037 5316 ipsi
1067 5245 1209 5302 haud
1227 5245 1390 5304 dubie
1411 5247 1670 5319 lrcttteus,
1688 5252 1777 5323 qui
1795 5253 2045 5311 similiter
2069 5255 2139 5313 de

541 5335 868 5408 martyribus
892 5350 1046 5394 suam
1073 5339 1305 5408 explicat
1334 5343 1653 5400 stetttcntiam
1680 5361 1692 5398 :
1723 5343 1951 5409 Ecclesia
1974 5350 2131 5419 omni,

541 5426 734 5499 inquit,
762 5429 815 5483 in
856 5429 967 5486 loco
1010 5431 1073 5487 ob
1115 5448 1248 5501 eam,
1276 5450 1433 5505 quam
1471 5436 1616 5492 habet
1642 5454 1764 5512 ergo
1791 5440 1957 5497 Deum
1980 5442 2135 5498 dilec-

538 5521 748 5587 tionem,
777 5521 1154 5580 multitudinem
1182 5537 1465 5599 martyrum
1490 5530 1545 5586 in
1575 5532 1715 5587 omni
1742 5543 1966 5605 tempore
1989 5551 2129 5606 price

538 5613 687 5666 mittit
709 5614 778 5667 ad
826 5612 1031 5672 Patrem
1056 5616 1240 5687 (trem,
1266 5619 1353 5679 lib.
1377 5619 1468 5689 IV,
1495 5632 1659 5680 contr.
1680 5624 1861 5682 limes;
1890 5644 2006 5699 cap.
2033 5631 2131 5693 ⁸55.

532 5700 644 5771 59,
676 5720 791 5760 nov.
832 5706 953 5760 edit.
1000 5725 1121 5778 pag.
1176 5710 1329 5766 272i.
1383 5713 1487 5773 Sed
1515 5731 1631 5785 cur,
1679 5716 1906 5777 obsecro
1952 5729 2024 5790 te,
2054 5721 2122 5778 ad

2243 4634 2458 4705 Opinio,
2491 4645 2636 4693 recte
2680 4638 2992 4717 contendit,
3040 4654 3159 4696 eam
3198 4655 3305 4696 non
3340 4639 3593 4698 debuisse
3631 4640 3779 4712 rejici
3805 4656 3844 4698 ι

2240 4726 2552 4797 gentilibus,
2576 4745 2801 4800 quorum
2829 4731 3004 4799 fidem,
3037 4732 3229 4803 inquit,
3259 4743 3629 4806 occupauerunt
3673 4731 3847 4807 Elysii

2241 4819 2411 4888 campi
2445 4818 2770 4891 (Tet‘tulliatt.
2797 4823 3088 4895 Apologet.,
3132 4841 3256 4897 cap.
3283 4826 3375 4895 47,
3400 4844 3520 4899 pag.
3550 4828 3701 4901 515),
3750 4828 3848 4887 ubi

2242 4912 2619 4970 defunctorum
2646 4920 2854 4972 autimas
2877 4917 3085 4974 deliciis
3134 4918 3241 4975 lrui
3268 4919 3688 4976 arbitrabantur.
3734 4918 3845 4977 Ve-

2244 5020 2363 5060 rum
2385 5006 2661 5064 enimvero
2688 5024 2811 5065 cum
2840 5009 2956 5066 hanc
2978 5013 3243 5068 sententia
3270 5013 3343 5080 ci,
3566 5013 3841 5086 proponit,

2244 5109 2350 5152 non
2378 5097 2446 5173 sit
2475 5097 2776 5163 dissimilis.
2811 5100 2928 5157 lucc
2955 5116 3135 5172 suam,
3178 5103 3373 5175 inquit,
3427 5119 3496 5161 ex
3546 5105 3637 5159 illa
3690 5104 3847 5162 duxit

2243 5190 2426 5259 procul
2446 5189 2611 5247 dubio
2636 5191 2917 5262 originem.
2946 5192 3083 5250 Nam
3123 5194 3279 5260 illud,
3310 5204 3368 5252 et
3388 5195 3496 5251 alia
3515 5194 3845 5253 documento

2240 5282 2677 5350 Christianorum,
2730 5287 2872 5347 sicut
2925 5298 3083 5345 antea
3147 5288 3428 5359 probatum
3472 5298 3562 5346 est
3606 5288 3835 5362 (Supra,

2236 5394 2353 5448 cap.
2377 5379 2432 5445 4,
2464 5390 2568 5435 art.
2610 5382 2688 5452 4).
2712 5381 3052 5439 ethnicorum
3112 5383 3326 5455 placitis
3364 5385 3523 5459 longe
3547 5385 3845 5443 vetustiora

2236 5480 2380 5526 sunt.
2414 5471 2624 5528 Ethnici
2675 5490 2806 5545 ergo
2838 5492 2866 5530 a
2895 5478 3226 5544 christianis,
3261 5495 3368 5549 non
3396 5494 3530 5538 vero
3553 5479 3843 5536 christiani

2239 5563 2309 5620 ab
2336 5563 2587 5633 ethnicis,
2621 5566 2810 5635 placita
2854 5583 2949 5623 sua
2984 5569 3292 5637 hauserant,
3348 5571 3565 5644 illisque
3610 5570 3840 5642 proinde

2237 5671 2344 5713 non
2374 5658 2659 5724 minorem,
2686 5675 2847 5730 quam
2874 5660 2986 5716 suis
3018 5661 3176 5719 [idem
3208 5654 3411 5723 habere
3432 5663 3726 5721 debebant.

2319 5748 2583 5807 Caeterum
2618 5754 2824 5807 tametsi
2855 5751 2979 5809 illud
3008 5762 3062 5810 et
3103 5754 3205 5812 alin
3258 5758 3437 5814 omnia
3487 5774 3608 5830 qua:
3651 5759 3832 5815 hacte-
