4240 6262
361 365 470 429 909

1500 357 1953 418 DISSER‘I‘ATIO
1984 356 2051 418 D.
2087 354 2180 414 LE
2216 353 2526 415 NOURRY.

3559 361 3668 423 tuo
3698 448 3709 454 ἢ

367 501 472 542 nus
509 480 904 548 recensuiinus,
929 477 1242 536 christiana;
1283 475 1566 547 religionis
1611 475 1805 546 placita
1839 474 1960 546 opi-
1981 474 2040 538 Α
2067 472 2225 528 Juvat
2253 472 2432 542 itaque
2457 469 2607 525 illum
2637 468 2706 524 de
2749 483 2808 525 se
2857 467 2975 538 ipso
3003 469 3228 542 aliisque
3254 471 3451 530 Christi
3476 488 3657 534 secta.

374 578 623 635 nionibus
652 575 928 648 gentilium
976 569 1416 642 philosophorum
1439 569 1663 623 lemnius
1681 565 1965 622 dissimilia

377 681 432 727 et
463 669 730 727 contraria
755 667 900 731 sint;
935 665 990 720 in
1011 663 1098 718 his
1123 660 1474 717 nihilominus
1501 657 1861 730 philosophis,
1891 657 1968 712 ait

377 763 756 827 Tertullianus,
781 758 1111 814 vocabantur
1137 769 1348 810 summa
1375 753 1614 818 scimtite,
1644 759 1701 807 et
1743 749 1968 821 insignia

374 855 575 927 ingenia
599 851 934 922 (Tertullian.
960 849 1225 919 Apologet.
1253 845 1477 916 “p.49,
1505 862 1560 914 ρ.
1589 844 1720 915 528)
1745 860 1758 895 :
1790 858 1970 898 nonne

372 947 546 1018 potius
564 987 581 1014 ,
611 944 836 1015 insignia
864 942 1073 1014 ingenii,
1099 941 1216 996 sive
1249 939 1540 1008 conspicua
1584 937 1782 1005 ingenii
1819 939 1968 1006 signa

388 1047 440 1094 et
466 1037 660 1094 indicia
682 1079 696 1104 ,
725 1035 819 1092 sed
870 1033 1010 1090 idem
1049 1032 1209 1104 plane
1245 1047 1437 1088 eorum
1467 1031 1571 1086 erit
1597 1043 1810 1085 senats.
1840 1028 1970 1096 Quis

385 1146 512 1203 ergo
535 1149 644 1186 non
670 1130 957 1189 mirabitur
981 1127 1098 1182 hinc
1124 1127 1399 1181 verissima
1417 1125 1640 1180 christia
1659 1138 1852 1177 norum
1877 1121 1972 1177 do-

374 1237 644 1290 cumenta,
671 1223 744 1277 ab
763 1221 1016 1287 ethnicis,
1044 1234 1146 1274 nec
1167 1219 1397 1281 ratione,
1423 1231 1527 1272 nec
1546 1216 1762 1286 ingenio
1791 1229 1973 1270 cama-

379 1318 540 1384 tibus,
573 1317 709 1372 falsa
737 1315 867 1380 diei,
907 1325 962 1370 et
991 1314 1218 1384 ineptas,
1251 1312 1325 1366 uti
1371 1309 1543 1364 adhuc
1585 1319 1772 1364 auctor
1793 1316 1973 1363 noster

383 1409 638 1480 loquitur,
678 1406 1092 1477 prazsumptioncs
1120 1403 1230 1472 (lib.
1261 1402 1325 1456 de
1344 1401 1547 1456 Testitu.
1567 1403 1735 1455 mni.
1755 1417 1874 1468 cap.
1893 1399 1970 1470 ὁ).

382 1501 483 1555 hoc
512 1510 629 1567 est,
661 1514 826 1553 vanas
872 1511 1126 1569 prorsus.
1181 1505 1236 1550 et
1278 1492 1542 1548 absurdus
1596 1493 1647 1546 in
1703 1508 1760 1548 re
1813 1491 1971 1547 dubia

385 1591 778 1658 divinationes,
821 1600 980 1660 atque
1023 1586 1409 1658 conjeCturas?

447 1682 552 1738 Fac
582 1695 779 1746 tamen,
810 1681 949 1752 quod
982 1679 1320 1734 falsissimum
1349 1686 1451 1742 est,
1483 1692 1574 1731 eas
1602 1675 1819 1748 penitus
1868 1673 1970 1730 l'al-

369 1790 459 1830 sas
488 1771 656 1829 fuisse
685 1793 695 1826 :
729 1773 822 1829 sed
853 1772 982 1826 nulli
1028 1768 1269 1842 profecto
1295 1760 1470 1822 noxii:
1499 1778 1670 1831 erant,
1708 1768 1816 1821 imo
1845 1783 1973 1821 vero

2071 566 2272 620 toribus
2295 565 2598 636 loquentem
2627 562 2811 618 audire
2845 580 2858 617 :
2889 560 3104 634 Corpus,
3132 564 3304 635 inquit
3328 566 3661 640 (Tertullian.

2071 657 2362 728 Apologet.,
2399 672 2516 726 cap.
2541 653 2633 720 59,
2663 671 2783 725 pag.
2803 652 2958 726 431),
2989 671 3182 724 sumus,
3208 661 3661 726 quemadmodum

2071 758 2224 804 antea
2269 749 2560 817 scripserat
2595 746 2882 816 Apostolus
2913 765 2926 803 :
2961 745 3116 801 Multi
3153 765 3311 805 unum
3335 769 3520 824 corpus
3572 775 3664 814 su-
3723 737 3725 739 1

2073 861 2182 897 mus
2222 843 2273 895 in
2329 840 2530 898 Christo
2587 840 2781 912 (Epist.
2832 839 2898 894 ad
2963 841 3119 898 nom.
3176 843 3295 912 xu,
3349 847 3423 916 5),
3477 832 3668 906 iduest

2075 952 2175 990 una
2228 937 2514 989 multorum
2568 935 2724 990 simul
2780 918 3223 1007 congregatorum
3256 941 3508 1009 societas,
3537 958 3670 1000 con-

2072 1028 2333 1098 gregatio,
2362 1038 2415 1082 et
2441 1027 2818 1083 communitas.
2846 1027 2960 1096 Quo
2983 1038 3159 1085 autem
3189 1031 3348 1087 modo
3383 1049 3554 1103 quare
3577 1052 3666 1092 ra-

2077 1121 2220 1174 tione
2271 1120 2574 1190 congregati
2616 1116 2832 1186 fuerint,
2863 1121 2908 1174 si
2932 1136 3111 1191 roges,
3141 1121 3233 1178 tibi
3269 1125 3614 1195 respondebit
3648 1146 3664 1184 :

2076 1211 2152 1266 De
2182 1212 2486 1266 conscientia
2512 1212 2772 1283 religionis
2806 1210 3131 1282 (Tertullian.
3181 1215 3282 1270 loc.
3311 1216 3450 1287 cit),
3479 1217 3531 1272 id
3564 1232 3669 1286 est,

2078 1305 2262 1358 intima
2289 1305 2693 1376 certissimaque
2730 1303 2896 1361 animi
2935 1306 3288 1375 persuasione
3315 1311 3546 1364 convicti
3577 1326 3668 1366 vc-

2076 1413 2189 1452 ratn
2214 1413 2332 1455 esse
2363 1398 2699 1468 religionem,
2733 1413 2892 1468 quam
2921 1413 3110 1453 omnes
3130 1399 3551 1471 profitebantur.
3587 1405 3671 1460 Ad

2080 1492 2193 1545 lnrc
2223 1507 2348 1546 vero
2369 1490 2639 1561 conjuncti
2676 1491 2960 1562 disciplina
2982 1492 3174 1546 unitate
3198 1491 3411 1565 (Ibid.).
3439 1509 3537 1551 seu
3565 1506 3676 1551 tra-

2077 1585 2184 1638 dita
2215 1602 2244 1636 a
2277 1583 2607 1637 tLln-istonna
2639 1582 2952 1651 eademque,
2999 1583 3094 1637 sed
3135 1585 3472 1641 sanctissimn
3509 1587 3677 1642 docu-

2078 1685 2382 1751 mentorum
2411 1674 2765 1738 institutione,
2798 1689 2860 1728 ac
2909 1690 3116 1728 morum
3154 1674 3458 1744 disciplina.
3513 1678 3675 1733 Deni-

2079 1786 2180 1840 que
2204 1768 2434 1838 copulati
2467 1769 2573 1836 spei
2615 1765 2800 1835 {cedere
2841 1763 3053 1835 (lbid.),
3084 1767 3198 1821 sive
3226 1767 3470 1822 I'aadcrati
3500 1785 3562 1824 ac
3589 1786 3676 1824 so-

375 1867 625 1922 omnibus
665 1865 822 1920 utiles
852 1874 905 1919 et
925 1861 1262 1918 necessaria).
1293 1862 1480 1916 Cuncti
1503 1862 1808 1926 enimvero,
1844 1870 1972 1914 metu
2002 1866 2050 1926 B
2079 1862 2198 1916 ciati
2227 1876 2322 1930 spe
2351 1859 2651 1914 certiSsitna
2675 1859 2796 1912 vita:
2827 1868 3066 1923 atterunt,
3088 1874 3245 1930 quam
3275 1861 3379 1916 illis
3401 1877 3564 1916 verus
3589 1877 3678 1918 so-

379 1959 552 2014 (elcrni
581 1955 839 2029 supplicii,
864 1967 908 2010 et
929 1972 1019 2026 spe
1039 1959 1153 2009 vita:
1172 1963 1374 2008 (Blet'nte
1394 1953 1504 2023 ﬁeri
1529 1953 1760 2008 meliores
1781 1970 1974 2024 cogun-

375 2038 659 2120 tur(ldem,
683 2049 945 2119 Apologet.
981 2065 1028 2102 ε.
1059 2049 1150 2115 49,
1178 2067 1230 2118 p.
1256 2045 1398 2119 529).
1434 2045 1686 2118 Quisquis
1726 2061 1971 2116 namque,

372 2142 508 2197 sicut
538 2149 682 2196 recte
705 2140 867 2195 docet
893 2121 1284 2210 Athenagoras,
1319 2152 1628 2207 persuasum
1658 2137 1818 2193 habet
1859 2138 1976 2190 ani-

320 2273 333 2287 .
375 2249 507 2286 mam
542 2248 655 2285 cum
693 2246 941 2302 corpore,
995 2230 1149 2284 simul
1189 2229 1509 2284 interituram
1533 2271 1587 2296 ,κ
1601 2234 1977 2284 συνιπὸλλυσθιι

371 2336 440 2394 τῷ
475 2333 665 2392 super:
691 2326 774 2376 ui
802 2333 893 2377 civ
923 2322 1186 2392 ψυχσὶ.ν,“ἰε
1233 2322 1429 2375 nullum
1457 2337 1556 2374 non
1577 2320 1778 2391 {acinus
1803 2320 1976 2384 audet,

373 2421 572 2484 μηδενὸς
610 2418 665 2467 ἂν
690 2417 954 2484 aurigabat
979 2423 1287 2482 τολμνιμιτος
1323 2411 1655 2483 (Allienagor.
1679 2409 1856 2480 Legat.
1886 2426 1978 2479 pro

375 2508 640 2562 christian.
668 2525 784 2580 pag.
817 2507 948 2578 39).
993 2507 1095 2576 Qui
1144 2521 1272 2562 vero
1336 2504 1508 2561 credit
1549 2503 1686 2568 fore,
1726 2514 1782 2559 ut
1808 2503 1876 2558 ad
1903 2504 1980 2558 vi-

377 2611 484 2655 tam
499 2601 781 2666 excitatus,
803 2601 1041 2657 omnium
1065 2608 1405 2671 peccatorum
1429 2599 1480 2653 in
1499 2609 1746 2655 extremo
1775 2597 1867 2651 Dei
1895 2597 1982 2667 ju-

375 2693 514 2750 dicio
545 2694 735 2750 reddat
764 2695 1048 2760 rationem,
1073 2693 1169 2749 ille
1195 2693 1278 2748 vel
1305 2693 1358 2747 in
1390 2691 1627 2747 minimis
1647 2690 1972 2760 delinquere

379 2795 610 2841 veretur.

447 2877 778 2948 luiquissimi
829 2877 992 2948 igitur
1032 2886 1185 2932 erant
1211 2875 1464 2947 gentiles,
1503 2875 1594 2945 qui
1628 2873 1979 2942 christianos,

389 2969 648 3026 horumce
689 2969 1000 3040 dogmattun
1035 2968 1369 3034 delensmes,
1400 2983 1505 3022 non
1535 2982 1692 3023 secus
1722 2982 1785 3022 ac
1808 2968 1984 3023 scele-

393 3062 716 3128 ratissimus,
744 3070 798 3117 et
823 3060 1259 3132 gravissimorum
1290 3059 1574 3114 criminum
1593 3073 1716 3114 reos
1735 3057 1985 3114 condem-

381 3154 598 3210 nabant.
631 3155 992 3223 Quamobrem
1022 3163 1210 3208 auctor
1256 3164 1440 3209 noster
1478 3152 1558 3208 sic
1583 3168 1679 3208 eos
1724 3162 1881 3224 urget
1927 3161 1984 3208 et

2083 1954 2270 2023 lusqne
2314 1954 2651 2021 omnipotens
2693 1950 2834 2005 Deus
2865 1961 2985 2020 post
3010 1951 3150 2006 hanc
3193 1953 3470 2012 mortalem
3517 1956 3676 2012 vitam

2084 2045 2346 2116 promisit.

2154 2136 2324 2204 Quam
2357 2131 2766 2206 multiplicatum
2797 2147 2972 2190 autem
3007 2135 3187 2204 fuerit,
3221 2138 3332 2207 ipsa
3361 2137 3678 2200 Tertulliani

2085 2231 2253 2285 nostri
2301 2239 2479 2290 tntate,
2531 2230 2656 2284 illud
2707 2229 3123 2286 Christianorum
3173 2248 3390 2303 corpus,
3421 2235 3681 2290 certiores

2084 2341 2181 2380 nos
2210 2324 2450 2396 profecto
2487 2326 2600 2394 ipse
2628 2324 2750 2380 fecit
2796 2323 2983 2395 (Ibid.,
3017 2343 3066 2380 c.
3107 2327 3160 2391 1,
3190 2345 3309 2399 pag.
3341 2327 3491 2398 9.62).
3525 2327 3678 2384 Tunc

2086 2419 2229 2472 enim
2262 2417 2460 2483 omnia,
2491 2428 2549 2472 ut
2579 2427 2760 2472 narrat
2781 2417 2966 2488 (lbid.,
2989 2435 3106 2490 cap.
3138 2420 3295 2491 37,p.
3322 2419 3474 2489 liii),
3506 2423 3680 2491 reple-

2086 2520 2270 2564 verant
2305 2508 2487 2564 mundi
2519 2509 2631 2564 loca
2661 2528 2673 2564 :
2705 2509 2885 2577 urbes,
2925 2509 3149 2577 insulas,
3181 2513 3422 2579 castella,
3453 2513 3680 2567 munici-

2084 2603 2169 2670 pia
2191 2643 2202 2662 .
2228 2592 2602 2668 conciliabula,
2625 2610 2827 2668 castra,
2855 2601 3044 2667 tribus,
3068 2601 3340 2671 decurias,
3368 2606 3557 2667 lorum,
3589 2619 3679 2658 sc-

2088 2708 2291 2760 natntn,
2321 2693 2592 2764 palatium,
2622 2694 2862 2763 nihilque
2891 2693 3136 2763 privatim
3165 2694 3416 2757 ethnicis,
3449 2695 3548 2749 nisi
3568 2696 3682 2750 sola

2086 2802 2271 2841 eorum
2308 2788 2507 2855 templa
2537 2788 2862 2858 reliquerant
2893 2785 3081 2854 (lbid.,
3111 2805 3228 2858 cap.
3257 2787 3348 2853 42,
3379 2805 3498 2860 pug.
3522 2788 3677 2860 491).

2085 2880 2220 2936 Cum
2253 2881 2320 2935 iis
2347 2881 2506 2950 igitur
2531 2880 2727 2950 ubique
2765 2881 3140 2947 versabantur,
3173 2883 3227 2936 in
3259 2879 3402 2948 foro,
3433 2885 3682 2952 macello,

2087 2972 2327 3038 balucis,
2391 2971 2652 3034 tabernis,
2707 2971 2958 3036 ollicinis,
3011 2972 3257 3036 Stabulis,
3303 2975 3576 3040 nundinis,
3632 2985 3690 3032 et

2087 3063 2450 3130 commerciis,
2481 3063 2552 3118 de
2572 3063 2764 3132 quibus
2793 3062 2932 3118 infra
2963 3064 3268 3122 dicendum.
3298 3068 3474 3123 Simul
3503 3071 3685 3138 itaque

2086 3157 2343 3229 permixti
2393 3155 2798 3221 cohabitabant,
2866 3157 3206 3226 militabant,
3245 3161 3679 3226 rusticabuntur,

381 3245 680 3302 insectatur
708 3264 720 3299 :
749 3245 856 3301 Sed
878 3247 928 3298 in
949 3245 1202 3316 ejusmodi
1222 3247 1356 3299 enim
1389 3247 1466 3315 (in
1499 3244 1816 3315 quibusdam
1863 3243 1979 3299 cdi-
2007 3272 2050 3333 ρ
2089 3249 2460 3304 mercabantur
2483 3291 2496 3315 ,
2567 3259 2859 3316 mutuoque
2899 3263 2998 3304 usu
3043 3260 3187 3304 artes
3251 3252 3552 3307 miscebant
3573 3294 3587 3316 ,
3629 3264 3687 3310 et

384 3337 619 3392 tionibus
646 3335 858 3393 additur
883 3353 1026 3391 error
1057 3335 1248 3391 melius
1294 3337 1518 3392 forsitan
1568 3338 1762 3405 errore)
1801 3337 1844 3390 si
1873 3338 1980 3390 uti-

383 3445 478 3500 que
505 3429 694 3496 irrisa,
725 3444 822 3486 seu
866 3430 1115 3486 irrisione
1140 3428 1358 3499 dignum
1403 3428 1602 3499 aliquid
1637 3428 1980 3499 judicandum

384 3530 480 3587 est,
503 3536 604 3574 non
631 3521 835 3591 gladiis,
873 3531 920 3577 et
946 3522 1164 3593 ignibus,
1187 3530 1234 3576 et
1273 3520 1528 3588 crucibus,
1563 3529 1609 3574 et
1635 3520 1803 3576 bestiis
1827 3518 1981 3589 (Ter-

393 3615 604 3672 tulliau.
633 3616 731 3669 loc.
755 3615 900 3687 cit.),
942 3615 1142 3671 idcirco
1162 3614 1441 3670 christiani
1466 3614 1836 3670 crudelissime
1870 3625 1983 3670 tru-

385 3707 600 3764 cidandi
626 3719 798 3764 erant.
850 3709 917 3764 At
943 3719 1092 3764 certe
1121 3718 1331 3764 tantum
1361 3708 1516 3764 abest
1561 3718 1621 3763 ut
1665 3709 1717 3764 iu
1767 3709 1982 3763 illorum

386 3801 630 3857 doetrina
689 3801 859 3857 subsit
914 3800 1031 3856 falsi
1060 3801 1301 3872 aliquid;
1330 3801 1461 3871 quin
1492 3799 1732 3856 miranda
1765 3815 1985 3870 prorsus

387 3896 602 3952 illorum
632 3896 684 3950 in
717 3906 795 3950 tot
825 3895 1091 3966 tantisque
1120 3898 1400 3951 tormentis
1425 3895 1677 3966 patiemia
1705 3896 1985 3950 veritatem

388 3989 628 4058 ejusdem
660 3989 944 4056 doctrinae,
971 3999 1028 4044 et
1053 3989 1223 4044 totius
1252 3989 1561 4046 christiana:
1587 3989 1885 4060 religionis,
1907 3987 1986 4044 uti

391 4079 533 4137 haud
565 4082 732 4137 semel
774 4081 1118 4137 observatum
1146 4091 1249 4148 est,
1282 4082 1632 4138 invictissime
1653 4081 1992 4138 demonstra-

394 4180 499 4227 ret.
543 4171 656 4227 Sed
705 4171 835 4227 illud
869 4172 1026 4242 plane
1073 4171 1424 4227 conﬁrmatur
1451 4189 1516 4227 ex
1547 4173 1748 4228 sanctis
1772 4187 1989 4227 corruu-

391 4263 516 4320 dell
545 4263 967 4321 Christianorum
997 4263 1258 4333 moribus,
1279 4264 1504 4336 legibus,
1523 4273 1590 4339 et
1612 4265 1892 4331 institutis,
1919 4263 1991 4320 de

394 4355 586 4428 quibus
613 4370 758 4412 nunc
785 4355 1052 4427 agendum
1075 4365 1179 4412 est.

959 4512 1184 4570 CAPUT
1239 4512 1355 4568 XII.

399 4670 723 4739 Ostenditur,
747 4673 830 4742 qui
873 4673 1106 4744 qualesve
1132 4672 1317 4743 fuerint
1338 4669 1633 4735 Christiani,
1663 4667 1915 4738 quomodo
1935 4665 1996 4720 ab
2021 4669 2076 4730 D

477 4764 690 4819 ethnicis
712 4763 971 4831 distincti;
997 4781 1057 4819 ac
1078 4779 1228 4835 quam
1250 4765 1397 4835 longe
1422 4762 1651 4833 puriores
1671 4761 1861 4833 fuerint
1883 4760 1999 4816 illo-

481 4875 617 4926 rum,
647 4874 799 4929 quam
839 4859 1154 4913 ethnicorum
1202 4874 1386 4924 mores,
1417 4857 1649 4928 legesque
1691 4855 1850 4911 multo
1897 4871 1998 4910 me-

472 4952 624 5006 liores
643 4968 702 5006 ac
730 4953 1026 5008 sanctiores.

937 5099 1234 5144 Αιιτιςυιυε
1261 5096 1473 5141 Ριιιιιυε.

410 5245 528 5314 Qui,
563 5244 762 5317 quales,
795 5253 841 5298 et
890 5259 1044 5314 quam
1096 5241 1422 5311 multiplicati
1468 5240 1660 5312 fuerint
1697 5237 2006 5294 Tertulliani

479 5347 703 5407 (corpore
740 5336 1030 5401 christiani,
1073 5351 1131 5389 ac
1167 5331 1422 5404 quomodo
1446 5332 1509 5386 ab
1538 5333 1774 5400 ethnicis,
1803 5329 2008 5401 quibus-

482 5447 596 5484 cum
629 5429 877 5498 vivebant,
907 5439 1026 5484 tunc
1052 5427 1480 5482 discernerentur.

483 5566 612 5621 Post
625 5567 888 5636 explicata
917 5580 945 5619 a
973 5563 1132 5619 nobis
1157 5571 1368 5618 asserta
1409 5576 1440 5616 ι
1477 5559 1810 5616 Tertulliano
1833 5558 2008 5615 elicis-

409 5659 570 5713 tianae
607 5657 887 5728 religionis
933 5657 1276 5721 documenta,
1302 5655 1412 5724 jam
1443 5667 1565 5708 cum
1597 5651 1691 5707 illo
1717 5651 2008 5720 exploran-

411 5752 541 5806 dum
569 5764 652 5807 est
669 5756 891 5825 quinatn
921 5762 978 5808 et
1015 5753 1207 5824 quales
1255 5749 1455 5806 fuerint
1502 5748 1714 5804 illorum
1767 5745 2018 5802 defenso-

411 5855 506 5899 res
556 5841 856 5912 christiani,
889 5856 957 5898 ac
999 5841 1270 5914 quomodo
1313 5857 1435 5899 cuin
1489 5839 1720 5899 ethnicis
1767 5839 2018 5897 vixerint.

2084 3356 2294 3410 operas.

2158 3431 2518 3498 Quamobrem
2541 3432 2647 3487 alio
2675 3432 2762 3486 ille
2784 3433 2836 3487 in
2859 3432 2998 3488 libro
3027 3433 3307 3501 Scapulam
3331 3435 3415 3490 sic
3437 3434 3636 3490 aliatnr
3665 3453 3684 3490 :

2091 3524 2230 3590 Quid
2259 3523 2414 3594 facies
2454 3523 2516 3577 de
2554 3533 2625 3576 tot
2663 3523 2885 3578 millibus
2929 3525 3181 3594 (veteres
3218 3524 3482 3581 editimies
3517 3527 3688 3581 decem

2090 3616 2344 3688 millibus)
2368 3617 2645 3683 hominum,
2675 3626 2746 3670 tot
2765 3617 2888 3671 viris
2921 3633 2981 3670 ac
3003 3618 3223 3688 feminis
3246 3658 3261 3683 ,
3292 3619 3455 3674 omnis
3496 3635 3646 3674 sem:
3671 3661 3688 3686 ,

2089 3709 2252 3764 ornnis
2277 3709 2459 3774 aetatis,
2485 3707 2646 3762 ontnis
2669 3708 2929 3779 dignitatis
2957 3699 3282 3774 oﬂ'ercntibus
3300 3725 3356 3764 se
3375 3709 3490 3763 tibi?
3509 3709 3691 3776 Quan-

2093 3801 2156 3856 tis
2195 3800 2393 3872 ignibus
2416 3841 2432 3865 ,
2475 3802 2677 3870 quantis
2707 3801 2892 3870 gladiis
2923 3815 3051 3870 Opus
3080 3801 3172 3853 erit
3195 3802 3220 3854 ἱ)
3248 3802 3388 3868 Quid
3414 3802 3528 3872 ipsa
3558 3801 3692 3859 Car-

2095 3897 2248 3969 thago
2277 3913 2496 3968 passura
2520 3908 2630 3963 est,
2662 3897 2964 3950 decimanda
2991 3914 3020 3950 a
3049 3908 3128 3964 te,
3155 3915 3270 3952 cum
3306 3900 3692 3954 contubernales

2093 4004 2211 4042 suos
2234 3989 2342 4042 illic
2373 3988 2714 4057 unusquisque
2741 3991 3028 4060 cogitaverit
3047 4031 3061 4055 ,
3096 4005 3212 4042 cum
3238 3991 3416 4044 viderit
3445 3991 3551 4045 illic
3578 3991 3692 4059 for-

2094 4090 2224 4136 tasse
2257 4091 2303 4134 et
2334 4081 2405 4134 tui
2436 4080 2629 4134 ordinis
2667 4081 2799 4134 viros
2823 4123 2838 4146 ,
2881 4090 2926 4134 et
2966 4090 3222 4134 matronas
3245 4121 3260 4146 ,
3303 4092 3348 4134 et
3383 4082 3692 4150 principales

2093 4190 2315 4244 quasque
2341 4189 2586 4243 personas
2607 4214 2620 4235 ,
2647 4184 2692 4226 ct
2722 4173 3001 4226 amicorum
3027 4157 3229 4224 tuorum
3255 4173 3330 4225 vel
3354 4174 3691 4244 propinquos,

2097 4266 2172 4318 vel
2233 4266 2421 4318 amicos
2465 4262 2674 4333 (Idem,
2715 4265 2804 4317 lib.
2856 4264 2922 4315 ad
2974 4262 3133 4332 Scap.
3189 4280 3304 4334 cap.
3359 4264 3425 4321 IV
3455 4266 3515 4338 )‘l
3549 4265 3694 4334 Quid

2101 4357 2296 4426 plura?
2327 4356 2529 4410 Tantus
2561 4365 2686 4409 tunc
2712 4353 2953 4424 profecto
2979 4364 3095 4408 erat
3121 4371 3227 4410 non
3257 4356 3432 4410 solum
3457 4357 3692 4410 Cartha-

2098 4447 2221 4516 gine
2247 4486 2262 4510 ,
2287 4445 2385 4500 sed
2425 4445 2622 4513 ubique
2659 4453 2921 4498 terrarum
2951 4442 3362 4500 christianorum
3395 4460 3689 4510 numerus;

2101 4548 2154 4592 ut
2180 4541 2223 4592 si
2253 4547 2394 4591 tanta
2424 4537 2496 4591 vis
2526 4536 2821 4604 hominum,
2856 4537 2965 4606 ipsa
2997 4538 3237 4608 ejusdem
3259 4538 3574 4594 Tertulliani
3599 4539 3696 4594 ad-

2103 4632 2206 4685 huc
2229 4637 2356 4684 sunt
2378 4629 2542 4683 verba
2567 4669 2580 4690 ,
2619 4629 2675 4682 in
2709 4629 2928 4698 aliquem
2967 4629 3102 4684 orbis
3138 4630 3317 4683 remoti
3346 4631 3519 4683 sinum
3544 4628 3698 4686 abru-

2102 4722 2348 4793 pissemus
2373 4737 2406 4774 a
2431 4721 2568 4775 nobis
2589 4763 2603 4788 ,
2631 4720 2922 4787 su/fudissct
2959 4722 3130 4789 utique
3161 4722 3556 4777 dominationem
3580 4739 3697 4778 ves-

2105 4823 2236 4867 tram
2271 4821 2341 4866 tot
2365 4813 2790 4882 qualiumcunque
2837 4811 3042 4867 amissio
3080 4812 3265 4865 civium
3288 4853 3303 4877 ,
3339 4814 3440 4868 imo
3470 4813 3621 4868 etiam
3647 4823 3700 4869 et

2104 4908 2218 4978 ipsa
2241 4907 2564 4961 destitutione
2584 4905 2843 4975 punisset,
2875 4906 3053 4974 procul
3087 4906 3242 4960 dubio
3273 4907 3600 4975 expatissais
3627 4907 3700 4962 ad

2105 5001 2427 5055 solitudinem
2456 5009 2669 5056 vestram
2687 5040 2702 5065 ,
2734 4999 2803 5052 ad
2848 4998 3104 5054 silattiusu
3151 5015 3320 5054 rerum
3357 5011 3403 5054 et
3439 5012 3703 5072 stuporem

2105 5094 2372 5164 quemdam
2397 5094 2548 5162 quasi
2585 5094 2772 5148 mortui
2797 5093 2934 5148 orbis
2963 5109 2982 5147 :
3005 5095 3310 5164 quesissais
3331 5095 3512 5164 quibus
3537 5098 3703 5166 impe-

2105 5186 2306 5240 raretis.
2349 5183 2536 5241 Plures
2581 5186 2746 5240 hostes
2788 5185 2923 5240 vobis
2939 5228 2956 5251 ,
2995 5202 3150 5256 quam
3189 5188 3320 5240 cives
3346 5189 3706 5242 remansissent

2109 5275 2300 5347 (Idan,
2331 5277 2621 5349 Apologet.,
2651 5294 2768 5346 cap.
2799 5277 2890 5344 57,
2921 5293 3046 5348 pag.
3072 5274 3225 5349 465).

2183 5367 2289 5424 Sed
2313 5373 2616 5438 quempiam
2647 5367 2830 5424 audire
2857 5368 3011 5422 nobis
3041 5367 3313 5434 videmur,
3337 5367 3428 5438 qui
3461 5369 3515 5424 in
3543 5382 3706 5426 aures

2113 5463 2413 5518 insusurret
2449 5462 2521 5517 ibi
2561 5460 2795 5531 aliquam
2830 5477 2951 5516 esse
2980 5459 3294 5516 Tertulliani
3333 5463 3710 5535 exaggeratio-

2115 5569 2260 5610 nem.
2303 5554 2403 5609 Cui
2439 5555 2624 5620 etaim,
2673 5554 2876 5624 inquiet
2904 5597 2918 5620 ,
2963 5555 3180 5625 probari
3223 5571 3456 5626 unquam
3521 5556 3718 5627 poterit

2117 5657 2319 5701 tantam
2351 5657 2479 5704 tunc
2501 5647 2668 5703 fuisse
2689 5648 3108 5704 Christianorum
3137 5651 3570 5710 multitudinem?
3600 5649 3711 5706 Ve-

2122 5760 2239 5800 rum
2267 5759 2392 5813 qua,
2413 5757 2617 5814 quasso,
2644 5742 2817 5799 fronte
2843 5741 2931 5798 hic
2954 5743 3069 5815 ipse
3094 5744 3452 5800 Tertullianus
3477 5745 3707 5817 publicis

2125 5836 2178 5893 in
2201 5836 2350 5893 libris
2373 5877 2389 5906 ,
2416 5850 2552 5907 quos
2577 5851 2681 5892 non
2710 5837 2801 5892 uni
2829 5844 3030 5909 unitum
3059 5835 3302 5906 Scapulae
3324 5873 3340 5903 ,
3369 5836 3714 5908 Carthaginis
