4198 6260
575 351 679 410 9H

1664 346 1731 403 lN
1748 339 2233 404 ‘TERTULLIANI
2267 339 2797 401 APOLOGETICUM

3772 337 3885 395 912

573 485 827 558 praesidi,
854 484 948 542 sed
977 483 1272 553 Romanis,
1303 483 1411 550 vel,
1444 481 1490 539 si
1514 481 1673 549 velis,
1705 480 1901 538 Africae
1927 480 2173 537 antistiti-
2199 457 2255 520 Α
2277 456 2764 558 ηιιξᾳίειξοεείξίιξεν
2792 470 2946 558 ηιξαπι
2970 454 3034 510 de
3057 453 3405 558 effandmione
3429 452 3670 510 vitiorum
3700 449 3876 524 (Ter-

575 579 678 635 bus
706 579 815 635 imo
836 587 890 633 et
910 576 1218 634 nationibus
1241 617 1256 644 ,
1284 575 1390 632 hoc
1415 584 1498 632 est
1525 616 1540 641 ,
1565 574 1855 647 gentilibus
1885 573 2134 630 omnibus
2156 612 2176 642 ,

570 669 936 726 infestissimis
963 667 1376 724 christianorum
1404 667 1668 733 hostibus,
1697 666 1825 722 illud
1850 674 1955 722 tam
1983 665 2180 721 audac-

573 774 688 830 ter,
744 763 847 818 nisi
909 761 964 819 id
1007 763 1346 818 verissimum
1391 770 1566 835 esset,
1613 775 1922 818 asseverare
1968 757 2179 830 potuit?

569 855 762 912 Nonne
805 855 1100 912 timendum
1148 856 1249 928 ipsi
1294 864 1445 924 erat,
1479 871 1547 912 ne
1574 855 1837 912 mendacii
1867 853 2173 919 convictus,

571 963 764 1006 caussa
792 963 898 1004 non
923 947 1042 1004 sine
1067 949 1181 1004 risu
1203 958 1258 1004 et
1281 947 1453 1004 sibilis
1478 948 1737 1004 caderet?
1767 947 1821 1004 Si
1849 946 1969 1018 quis
1997 954 2175 1001 tamen

569 1042 822 1112 pertinax
847 1041 1070 1098 credere
1100 1041 1198 1113 ipsi
1231 1041 1366 1098 nolit
1389 1085 1402 1109 ,
1435 1041 1600 1098 fidem
1630 1050 1776 1098 certe
1800 1041 1930 1096 dare
1956 1056 2062 1095 non
2085 1056 2174 1095 re-

571 1143 703 1190 nuet
733 1133 906 1189 Plinio
932 1132 1172 1189 secundo
1195 1175 1210 1198 ,
1251 1133 1341 1204 qui
1379 1131 1448 1188 de
1493 1132 1681 1189 iisdem
1727 1132 2032 1188 christianis
2060 1132 2176 1187 haec

570 1233 731 1280 antea
773 1224 842 1280 ad
887 1223 1179 1295 Trajanum
1229 1224 1612 1296 Imperatorem
1655 1225 1984 1293 scripserat:
2019 1224 2178 1279 Multi

571 1319 738 1373 omnis
763 1317 928 1372 (etatis
947 1359 962 1384 ,
991 1319 1158 1373 omnis
1185 1317 1381 1372 ordinis
1399 1358 1415 1383 ,
1449 1316 1708 1388 utriusque
1731 1333 1880 1371 sexus
1909 1316 2058 1370 etiam
2083 1332 2173 1370 vo-

475 1397 482 1402 ’
566 1417 751 1463 cantur
775 1408 828 1462 in
855 1406 1138 1479 periculum
1159 1449 1194 1477 ,,
1220 1416 1268 1462 et
1292 1409 1623 1462 vocabuntur.
1657 1405 1835 1478 Neque
1879 1405 2011 1460 enim
2051 1404 2176 1460 civi-

571 1511 699 1556 tates
728 1510 925 1556 tantum
945 1542 958 1566 ,
991 1502 1080 1556 sed
1114 1501 1248 1556 vicos
1273 1501 1423 1555 etiam
1448 1510 1600 1569 atque
1624 1516 1776 1571 agros
1804 1500 2176 1570 superstitionis

565 1591 714 1648 istius
745 1592 979 1664 contagio
1017 1600 1289 1662 pervagata
1316 1600 1391 1645 est
1414 1588 1585 1660 (Plin.
1613 1591 1760 1662 epist.
1784 1589 1909 1657 101,
1934 1607 1988 1662 ρ.
2016 1589 2170 1663 576).

640 1705 811 1774 Quam
838 1719 970 1761 sane
1007 1705 1076 1760 ob
1116 1721 1228 1760 rem
1268 1704 1464 1760 ethnici
1505 1705 1846 1770 maerebant,
1878 1705 1954 1760 ait
1999 1703 2173 1760 adhuc

539 1787 928 1858 ‘Tertullianns
949 1840 965 1867 ,
1011 1806 1214 1854 tantum
1253 1813 1374 1854 esse
1401 1799 1612 1854 illorum
1643 1814 1926 1854 numerum
1948 1840 1963 1866 ,
2012 1814 2075 1854 ac
2103 1799 2170 1855 de

567 1895 662 1951 illo
690 1894 864 1966 palam
893 1892 1362 1964 conquerebantur
1386 1910 1398 1946 :
1433 1892 1737 1958 Obsessam,
1765 1892 1956 1963 inquit,
1986 1892 2170 1963 uocife-

567 1995 750 2040 rantur
777 1985 1030 2060 civitatem
1053 2002 1072 2052 ;
1100 1985 1153 2039 in
1179 1985 1317 2056 agris
1337 2025 1351 2050 ,
1379 1985 1432 2039 in
1459 1984 1680 2039 castellis
1701 2025 1714 2049 ,
1744 1984 1796 2038 in
1827 1985 2009 2039 insulis
2031 1984 2171 2038 chri-

567 2080 760 2134 stianos
785 2122 800 2148 ,
833 2095 1032 2133 omnem
1072 2095 1282 2144 sexum,
1326 2086 1521 2132 aetatem
1545 2119 1560 2144 ,
1605 2077 1946 2131 conditionem
1980 2086 2027 2130 et
2057 2077 2175 2146 jam

572 2170 872 2241 dignitatem
901 2169 1186 2240 transgredi
1212 2168 1279 2222 ad
1315 2168 1408 2222 liae
1435 2183 1652 2235 nomen,
1692 2167 1838 2236 quasi
1872 2166 2168 2223 detrimento

572 2271 783 2317 mcerent
806 2258 1172 2336 (Tertullian.,
1205 2259 1494 2330 Apologet.,
1527 2253 1644 2329 cap.
1677 2259 1729 2324 l,
1763 2257 1986 2329 p.265).
2007 2258 2174 2313 Num-

568 2353 697 2424 quid
721 2367 850 2424 ergo
876 2351 1026 2408 dices
1051 2351 1228 2408 adhuc
1257 2352 1430 2407 fictam
1464 2351 1531 2405 ab
1557 2351 1650 2406 illo
1680 2358 1772 2405 ant
1799 2362 2171 2422 exaggeratam

564 2445 733 2502 fuisse
769 2444 904 2500 hanc
940 2443 1218 2515 gentilium
1257 2442 1692 2513 querimoniam?
1746 2441 1852 2498 Sed
1900 2457 2018 2498 eam
2067 2444 2174 2500 alio

565 2538 625 2592 in
682 2537 820 2593 libro
849 2578 866 2604 ,
935 2535 1196 2606 ipsosmet
1243 2534 1488 2589 ethnicos
1535 2533 1901 2604 alloquendo,
1951 2534 2173 2591 totidem

579 2645 720 2702 pene
749 2629 927 2685 verbis
957 2628 1152 2698 repetit
1174 2625 1346 2698 (Idem
1370 2669 1386 2694 ,
1445 2626 1534 2681 lib.
1564 2625 1582 2680 l
1626 2625 1694 2679 ad
1724 2623 1886 2693 Nat.,
1935 2642 2051 2696 cap.
2095 2627 2172 2697 l).

639 2744 823 2816 Itaque
859 2758 979 2800 cum
1023 2740 1160 2798 adeo
1201 2739 1534 2810 multiplicati
1574 2737 1808 2795 luissent
1851 2738 2172 2811 christiani,

566 2836 747 2893 nullus
785 2843 934 2893 certe
974 2831 1253 2890 dubitandi
1290 2831 1439 2888 locus
1481 2839 1598 2898 est,
1628 2831 1756 2902 quin
1783 2845 1905 2886 cum
1943 2831 2174 2888 ethnicis

477 2991 484 2998 ,
567 2929 823 3000 permixti
850 2942 1141 2983 commune
1165 2941 1286 2982 cum
1320 2926 1428 2981 illis
1458 2925 1670 2982 vivendi
1695 2940 1863 2998 genus
1887 2925 2171 2982 baberent.

567 3023 702 3079 Cum
734 3022 839 3078 illis
866 3020 1099 3094 quippe,
1128 3029 1184 3076 ut
1211 3020 1286 3075 ait
1316 3019 1700 3088 Tertullianus,
1724 3021 1958 3091 degentes
1981 3061 1996 3088 ,
2028 3021 2168 3091 ejus-

575 3119 691 3174 dem
737 3116 915 3182 victus,
945 3113 1168 3178 habitus,
1194 3113 1246 3168 id
1268 3121 1368 3180 est,
1399 3113 1573 3169 victus
1597 3121 1651 3168 et
1678 3113 1922 3180 vestitus,
1947 3112 2171 3167 instrue-

2280 550 2421 617 tull.,
2444 549 2531 604 lib.
2564 549 2633 604 ad
2662 549 2904 622 Scapul.,
2929 565 3047 620 cap.
3079 547 3162 619 Ξ).

2351 640 2510 697 Tales
2539 641 2700 712 igitur
2739 650 2850 696 tum
2894 648 3049 696 erant
3077 637 3391 704 christiani,
3431 653 3659 711 quorum
3705 639 3883 710 major

2279 741 2427 802 erat,
2459 749 2619 806 quam
2650 734 2929 803 gentilium
2971 747 3246 789 numerus.
3272 731 3384 788 Nec
3411 733 3605 788 mirum
3630 747 3799 800 sane,
3830 732 3883 788 si

2280 835 2388 881 tam
2460 825 2606 897 pium
2659 834 3011 897 sanctumque
3060 824 3278 880 vivendi
3338 839 3550 895 genus.
3597 828 3700 880 etsi
3749 839 3881 880 cum

2279 918 2506 973 ethnicis
2555 917 2845 989 permixti,
2896 924 3383 990 consectarentur;
3429 915 3874 987 quandoquidem

2280 1011 2410 1068 nihil
2456 1011 2729 1083 antiquius
2767 1011 3052 1082 cariusque
3086 1009 3392 1076 habebant,
3423 1025 3584 1080 quam
3612 1008 3680 1066 iis
3707 1025 3880 1066 sanc-

2282 1102 2502 1158 tissimis
2531 1091 2754 1175 obsequi
2781 1103 3008 1174 legibus,
3037 1118 3175 1174 quas
3201 1111 3469 1158 noverant
3491 1101 3592 1157 sibi
3621 1115 3652 1156 a
3679 1101 3790 1158 Deo
3820 1109 3883 1158 et

2276 1192 2494 1249 Christo
2536 1193 2757 1250 domino
2799 1194 2990 1260 datas,
3040 1203 3095 1250 et
3136 1194 3386 1250 omnibus
3423 1193 3669 1250 humanis
3716 1194 3882 1266 longe

2279 1285 2702 1356 praestantiores.
2733 1285 2888 1354 Quod
2915 1285 3130 1358 quidem
3172 1285 3282 1358 jam
3316 1285 3472 1343 nobis
3499 1300 3622 1343 cum
3651 1295 3877 1344 auctore

2277 1389 2463 1437 nostro
2501 1378 2834 1452 probandum
2873 1379 3153 1436 incumbit.

2896 1511 3188 1552 ARTICULUS
3224 1511 3284 1554 ll.

2281 1610 2537 1680 Quantum
2557 1610 2965 1669 Christianorum
2991 1612 3122 1682 leges
3146 1611 3450 1683 perfectione
3467 1627 3560 1666 sua
3583 1619 3734 1681 atque
3759 1627 3883 1667 atte-

2347 1706 2548 1760 toritate
2575 1705 2704 1760 alias
2733 1722 2908 1760 omnes
2945 1721 2976 1758 a
3004 1703 3272 1774 gentilibus
3303 1704 3434 1758 latas
3462 1711 3736 1776 superent,
3772 1719 3884 1776 qua

2346 1799 2614 1855 sedulitate
2643 1800 3026 1854 observarentur
3059 1798 3123 1852 ab
3154 1798 3330 1852 iisdem
3365 1793 3653 1852 christianis
3681 1798 3770 1864 qui
3794 1797 3884 1850 id-

2353 1892 2488 1946 circo
2513 1891 2710 1946 botulos
2730 1906 2908 1946 cruore
2933 1890 3198 1957 distentos,
3221 1890 3317 1944 sibi
3335 1891 3398 1944 ab
3419 1889 3634 1944 ethnicis
3658 1888 3882 1959 oblatos,

2348 1985 2458 2056 ipso
2484 1985 2597 2040 vitm
2627 1985 2882 2056 periculo,
2908 1985 3053 2041 edere
3082 1986 3395 2040 recusabant.

2351 2118 2484 2175 Ctnn
2529 2117 2722 2190 religio
2751 2093 3041 2210 christiana
3073 2134 3102 2173 a
3133 2133 3265 2176 vero
3296 2119 3411 2176 Deo
3434 2162 3450 2187 ,
3488 2119 3714 2192 ejusque
3740 2119 3884 2176 Filio

2279 2208 2499 2266 fundata
2541 2208 3038 2282 constitutaque‘sit
3063 2252 3077 2275 ,
3118 2226 3307 2268 omnes
3333 2212 3518 2283 procul
3543 2212 3708 2269 dubio
3737 2211 3886 2270 illius
3951 2255 3960 2262 .

2277 2301 2428 2375 leges
2454 2303 2860 2373 perfectissima:
2880 2319 3000 2358 esse
3029 2303 3244 2359 debent.
3270 2303 3631 2371 Quamobrem
3656 2304 3881 2360 Tertul-

2254 2393 2408 2449 liani
2440 2403 2683 2464 tempore
2719 2393 2829 2450 illis
2867 2393 3144 2449 christiani
3175 2409 3243 2451 eo
3269 2396 3458 2465 majori
3495 2410 3624 2451 cura
3662 2395 3908 2452 obterit--

2280 2484 2542 2556 perabant
2563 2527 2577 2551 ,
2610 2501 2716 2556 quo
2742 2486 2942 2542 certius
2973 2495 3234 2542 noverant
3253 2502 3345 2543 cas
3367 2501 3488 2543 esse
3512 2487 3648 2543 latas
3670 2489 3740 2545 ab
3763 2504 3890 2546 om-

2281 2577 2366 2632 nia
2410 2575 2656 2644 vidente,
2699 2586 2755 2632 et
2791 2579 3160 2648 omnipotente
3185 2621 3198 2642 ,
3241 2579 3332 2650 qui
3364 2577 3561 2635 idcirco
3589 2594 3619 2633 a
3656 2581 3888 2636 nemine

2279 2685 2500 2742 prorsus
2529 2686 2628 2727 nec
2650 2671 2781 2739 falli,
2810 2686 2909 2728 nec
2932 2672 3152 2743 impune
3180 2674 3454 2729 contemni
3482 2684 3663 2744 potest.
3686 2673 3888 2732 Palam

2280 2763 2458 2834 itaque
2504 2773 2691 2820 auctor
2730 2774 2916 2821 noster
2944 2761 3209 2822 universis
3236 2766 3522 2822 denuntiat
3564 2785 3576 2821 :
3619 2766 3891 2822 Innocen-

2279 2857 2402 2911 tiam
2427 2873 2459 2911 a
2481 2855 2589 2912 Deo
2617 2859 2797 2926 edocti,
2828 2861 3106 2929 perfectam
3128 2875 3239 2913 eam
3263 2851 3510 2923 nouimus,
3536 2869 3639 2913 uta
3660 2860 3892 2930 perfecto

2283 2952 2528 3023 magistro
2555 2952 2861 3018 revelatam,
2902 2961 2948 3007 et
2985 2952 3207 3022 ﬁdeliter
3244 2953 3587 3020 custodimus,
3621 2962 3674 3008 ut
3698 2952 3762 3007 ab
3801 2955 3891 3008 iss-

2281 3043 2644 3114 contemptibili
2683 3044 2965 3115 dispectore
3000 3045 3294 3099 mandatam
3334 3045 3356 3118 (
3373 3043 3674 3102 Tertullian.
3695 3085 3712 3113 ,
3740 3045 3891 3116 Apoc

2283 3136 2459 3208 loget.,
2488 3151 2604 3205 cap.
2634 3134 2725 3203 45,
2753 3153 2806 3208 p.
2835 3135 2984 3202 498).

571 3224 696 3280 τίων
732 3209 1257 3308 ξξαεάειζξξιξί-Ϋίιωη
1301 3207 1618 3308 ἰθεεεδίιαίίξ
1651 3206 2170 3308 (ῘίξεηῦοΑΡοίξΨεξη
2205 3243 2252 3308 C
2339 3206 2429 3286 'At
2473 3229 2694 3284 sancita:
2736 3206 2766 3283 a
2812 3229 2943 3284 solis
2994 3229 3305 3286 hominibus
3347 3231 3495 3302 leges
3543 3231 3889 3288 ethnicorum

577 3320 696 3376 cap.
719 3301 812 3369 42,
841 3319 897 3374 p.
921 3299 1276 3374 490).Verum
1296 3313 1476 3355 nonne
1496 3300 1709 3365 melius,
1735 3298 1938 3368 inquiet
1963 3299 2176 3368 aliquis,

569 3397 628 3452 in
648 3397 787 3452 libro
823 3394 892 3451 ad
923 3393 1178 3450 Nationes
1211 3392 1345 3448 dixit
1381 3402 1637 3462 apparatu
1659 3433 1672 3457 ,
1702 3391 1755 3446 id
1798 3400 1901 3456 est,
1939 3391 2084 3446 cultu
2125 3399 2180 3446 et

576 3499 769 3571 ornatu
825 3486 1036 3559 (Idem,
1081 3485 1170 3540 lib.
1222 3483 1244 3538 1
1281 3485 1351 3538 ad
1397 3482 1640 3548 Nation.,
1685 3501 1803 3553 cap.
1842 3483 1957 3552 ιο).
2003 3484 2072 3538 At
2131 3481 2178 3538 si

574 3581 696 3636 haec
732 3580 802 3635 sit
831 3577 1066 3634 nominis
1093 3586 1377 3648 apparatus
1416 3576 1736 3646 signiﬁcatio
1760 3616 1776 3644 ,
1810 3585 1867 3630 et
1901 3575 2179 3630 instructus

571 3671 642 3727 ab
668 3670 761 3725 illo
787 3670 924 3725 sicut
961 3685 992 3723 a
1031 3667 1289 3722 Cicerone
1323 3664 1602 3737 (Ciceron.,
1628 3665 1717 3721 lib.
1764 3665 1827 3718 Ill
1852 3707 1867 3730 ,
1898 3666 1960 3720 de
2001 3665 2174 3732 Orat,

569 3779 627 3833 ρ.
658 3760 785 3825 181,
827 3760 921 3814 lin.
943 3759 1061 3830 37'),
1090 3757 1383 3828 accipiatur
1413 3773 1510 3827 pro
1536 3767 1727 3813 ornatu
1752 3797 1766 3823 ,
1799 3757 2068 3828 quomodo
2090 3759 2179 3814 ille

574 3867 890 3911 asseverare
971 3852 1146 3923 potuit
1227 3850 1474 3906 eumdem
1555 3865 1677 3906 esse
1763 3850 2179 3906 christianorum

514 3941 517 3944 ’
568 3944 928 4001 instructurus?
970 3941 1160 3998 Nonne
1204 3941 1395 3996 eodem
1444 3941 1496 3995 in
1542 3941 1890 4012 Apologetico
1932 3941 2176 3998 ethnico-

569 4055 689 4095 rum
719 4037 902 4094 luxum
941 4033 1217 4108 arguendo
1245 4033 1454 4090 dixerat
1479 4051 1490 4087 :
1520 4033 1714 4091 Habitu
1733 4076 1748 4101 ,
1773 4036 1927 4101 victu,
1958 4037 2180 4091 instruc-

565 4139 649 4199 tu,
670 4146 824 4184 censu
849 4127 1051 4199 proavis
1079 4127 1404 4181 renuntiastis
1425 4124 1618 4196 (Idem,
1647 4126 1937 4198 Apologet.,
1970 4143 2086 4199 cap.
2120 4128 2174 4195 6.

572 4241 628 4294 p.
662 4222 790 4294 505)
824 4223 849 4276 ?
885 4220 1108 4277 Constat
1149 4229 1350 4286 autem,
1386 4228 1442 4275 ut
1463 4219 1576 4290 ipse
1597 4227 1844 4287 testatur,
1873 4221 2029 4292 longe
2067 4236 2181 4276 ma-

559 4316 745 4384 jorem
785 4313 950 4369 fuisse
987 4312 1403 4368 christianorum
1452 4313 1503 4367 in
1552 4312 1636 4368 bis
1676 4311 1925 4368 omnibus
1963 4313 2179 4384 frugali-

567 4417 754 4463 tatem.
799 4404 964 4461 Nobis
995 4405 1175 4473 itaque
1217 4403 1359 4458 haud
1408 4420 1550 4475 a-grc
1595 4402 2000 4474 persuadebitur
2027 4405 2177 4460 illum

568 4501 740 4572 priori
765 4501 883 4556 loco
905 4499 971 4554 de
1004 4499 1164 4553 rebus
1193 4496 1429 4553 locutum
1458 4513 1579 4554 esse
1597 4539 1610 4564 ,
1645 4513 1762 4570 qua:
1783 4497 1851 4552 ad
1871 4506 2175 4553 sustentan-

572 4595 698 4650 dam
745 4593 913 4648 vitam
954 4590 1272 4647 necessariae
1317 4601 1484 4659 sunt,
1530 4601 1586 4647 et
1624 4591 1819 4661 quibus
1855 4591 2170 4661 christiani,

2285 3321 2442 3395 plane
2482 3331 2608 3377 sunt
2636 3319 2964 3392 imperfecta:
2987 3361 3002 3388 ,
3042 3331 3374 3396 possuntque
3397 3323 3467 3378 ab
3493 3325 3750 3380 omnibus
3775 3325 3890 3380 im-

2284 3428 2427 3484 pune
2479 3414 2698 3484 Sperni,
2754 3413 3103 3480 labefactari,
3155 3414 3344 3470 violari
3396 3433 3411 3471 :
3457 3414 3598 3470 Nam
3644 3429 3890 3488 quanta,

2283 3510 2456 3580 pergit
2481 3509 2874 3571 Tertullianus,
2907 3509 3020 3564 sive
3046 3517 3105 3564 ut
3131 3509 3185 3565 in
3216 3509 3416 3565 nostris
3439 3510 3717 3566 codicibus
3745 3511 3886 3583 legi-

2285 3609 2370 3656 tur
2393 3611 2534 3654 tanta
2553 3643 2568 3670 ,
2596 3599 2647 3656 id
2667 3610 2751 3655 est
2769 3641 2782 3665 ,
2809 3609 2918 3655 tam
2946 3615 3108 3671 parva
3137 3643 3152 3668 ,
3181 3610 3235 3657 et
3272 3602 3462 3672 exigua
3491 3612 3578 3658 est
3602 3604 3891 3658 auctoritas

2284 3691 2517 3748 hominis
2545 3693 2615 3746 ad
2636 3692 2936 3765 exigendum
2959 3691 3172 3763 (lbid.),
3217 3692 3376 3749 fidam
3423 3693 3599 3764 legum
3642 3711 3673 3749 a
3710 3709 3771 3751 se
3802 3695 3890 3750 la-

2283 3792 2456 3839 tarum
2483 3783 2780 3840 custodiam
2800 3825 2815 3849 ,
2845 3791 2903 3839 ut
2927 3792 3032 3839 tam
3065 3782 3220 3841 facile
3248 3783 3357 3839 falli
3384 3788 3592 3855 possit,
3615 3801 3778 3856 quam
3810 3786 3888 3842 ab

2283 3875 2530 3930 omnibus
2554 3873 2848 3930 contemni.
2874 3874 2948 3929 Ea
2967 3882 3050 3930 est
3076 3875 3219 3930 enim
3252 3874 3469 3930 humani
3501 3876 3700 3947 ingenii
3730 3877 3888 3933 inﬁr-

2283 3971 2441 4026 mitas
2464 4011 2478 4036 ,
2503 3973 2566 4025 ut
2585 3969 2763 4024 nullus
2793 3968 2957 4024 homo
2997 3969 3087 4024 illa
3126 3970 3304 4025 omnia
3334 3971 3504 4040 possit
3538 3970 3836 4041 praevidere
3863 4014 3882 4040 ,

2283 4078 2403 4134 qua:
2421 4062 2630 4119 caeteris
2655 4062 2905 4118 omnibus
2929 4062 3067 4118 bona
3099 4071 3154 4118 et
3182 4063 3346 4129 mala,
3370 4071 3463 4118 aut
3487 4078 3698 4133 semper
3725 4079 3886 4121 nran-

2283 4168 2406 4211 sura
2442 4163 2587 4209 sunt.
2615 4153 2786 4209 Tanta
2831 4169 2960 4210 vero
3007 4154 3374 4225 improborum
3415 4165 3500 4212 est
3533 4156 3732 4211 malitia
3756 4196 3774 4223 ,
3818 4165 3886 4213 ut

2282 4245 2500 4316 plurimi
2541 4261 2729 4319 poenas
2775 4247 3279 4317 praevaricatoribus
3302 4289 3318 4313 ,
3358 4263 3389 4302 a
3419 4262 3737 4319 quacunque
3777 4247 3886 4305 hu-

2282 4353 2440 4394 mana
2466 4337 2582 4408 lege
2603 4338 2829 4394 indictas
2853 4379 2868 4406 ,
2902 4337 3040 4394 haud
3063 4323 3360 4394 difficiliter
3386 4337 3675 4394 declinent.

2353 4428 2601 4486 Pluribus
2641 4438 2902 4500 praeterea
2941 4429 3200 4500 exemplis
3235 4429 3592 4487 Tertullianus
3639 4430 3884 4489 ostendit

2280 4521 2440 4595 longe
2477 4521 2824 4594 perfectiores
2856 4537 2977 4579 esse
3012 4522 3463 4590 christianorum,
3501 4538 3661 4594 quam
3693 4525 3881 4595 genti-

2281 4611 2411 4668 lium
2438 4613 2601 4685 leges.
2630 4613 2867 4670 Primum
2889 4614 3052 4681 enim,
3077 4615 3198 4684 quid
3222 4616 3438 4686 plenius,
3467 4615 3637 4686 inquit
3660 4613 3878 4689 (Ibid),

569 4683 1022 4756 quemadmodum
1072 4683 1260 4754 plebeii
1306 4691 1399 4738 aut
1427 4683 1782 4758 modestiores
1817 4683 2017 4741 ethnici
2055 4694 2171 4741 ute-

2276 4715 2350 4761 est
2378 4705 2546 4761 dicere
2575 4721 2595 4761 :
2618 4703 2741 4762 Non
2767 4705 3004 4774 occides;
3033 4723 3100 4761 an
3127 4707 3307 4762 docere
3329 4723 3348 4761 :
3379 4705 3462 4762 Ne
3488 4707 3728 4762 irascaris
3754 4709 3880 4778 qui-

565 4779 782 4834 bantur.

638 4891 709 4944 At
733 4897 877 4944 certe
901 4887 1144 4960 quamvis
1171 4887 1311 4944 idem
1337 4895 1483 4945 esset
1507 4887 1927 4946 christianorum
1956 4899 2012 4948 et
2034 4907 2167 4964 gen-

565 4975 740 5038 tilium
780 4980 952 5037 victus
973 5022 988 5048 ,
1035 4991 1091 5036 et
1137 4981 1361 5036 vestitus
1388 5009 1412 5050 ,~
1434 4980 1729 5053 eademque
1755 4982 1806 5037 in
1839 4983 2054 5054 publico
2081 4985 2164 5040 vi-

563 5076 722 5133 vendi
749 5119 766 5141 ,
812 5086 975 5146 atque
1013 5075 1204 5148 agendi
1245 5077 1422 5143 ratio;
1467 5077 1536 5133 ab
1565 5077 1650 5133 his
1677 5088 1859 5135 tamen
1884 5079 2162 5138 christiani

556 5169 1053 5242 distinguebantur,
1091 5179 1146 5225 et
1170 5169 1387 5241 agnosci
1417 5169 1574 5227 facile
1605 5183 1856 5243 poterant
1899 5174 2163 5246 singulari

560 5260 846 5328 modestia,
879 5260 1154 5332 patientia,
1171 5270 1229 5316 et
1257 5261 1602 5332 pristinorum
1626 5264 1877 5322 vitiorum
1904 5267 2163 5323 emenda-

553 5353 722 5411 tione.
769 5353 953 5425 Neque
987 5352 1041 5410 id
1081 5355 1472 5426 incompertum
1513 5365 1631 5413 erat
1655 5357 1948 5429 gentilibus
1971 5400 1986 5424 ,
2019 5374 2156 5430 quos

553 5445 760 5502 idcirco
788 5454 977 5501 auctor
1007 5453 1192 5502 noster
1218 5446 1367 5503 hisce
1389 5449 1678 5519 compellat
1697 5449 1881 5506 verbis
1907 5467 1922 5506 :
1947 5448 2029 5505 Ea
2050 5451 2159 5507 dis.

555 5537 750 5608 ciplina
769 5537 1026 5608 patientia:
1049 5537 1234 5593 divina:
1253 5555 1404 5610 agere
1430 5556 1522 5594 nos
1546 5541 1670 5595 satis
1696 5542 2026 5614 manifestum
2049 5557 2160 5598 esse

556 5627 695 5683 vobis
725 5635 909 5699 potest,
942 5643 1056 5682 cum
1086 5637 1228 5684 tanta
1255 5630 1517 5686 hominum
1543 5631 1816 5688 multitudo
1834 5674 1850 5700 ,
1881 5649 2004 5704 pars
2030 5650 2158 5703 pene

555 5721 724 5788 maior
746 5720 961 5775 ciuitatis
988 5722 1249 5790 cujusque,
1277 5725 1330 5777 in
1358 5725 1558 5779 silentio
1583 5735 1633 5779 et
1658 5726 1906 5782 modestia
1931 5729 2153 5798 agimus,

556 5809 754 5876 singuii
797 5814 930 5879 forte
969 5812 1077 5866 noti
1122 5815 1318 5882 magis,
1367 5832 1519 5884 quam
1567 5834 1894 5875 omnes:nec
1945 5821 2157 5877 aliunde

2275 4799 2388 4852 dem
2417 4797 2681 4868 (Matth.,
2733 4798 2800 4868 ν,
2827 4797 2889 4854 21
2939 4808 2987 4853 et
3023 4800 3210 4871 seqq.).
3263 4781 3438 4871 Atque
3482 4801 3554 4856 ita
3598 4799 3654 4855 in
3696 4800 3883 4856 omni-

2269 4892 2371 4948 bus
2438 4891 2638 4947 nostris
2699 4891 2977 4948 codicibus
3029 4899 3086 4948 et
3151 4891 3482 4949 editionihus
3551 4892 3788 4963 antiquis
3851 4911 3870 4949 :

2271 4985 2365 5041 sed
2397 4985 2574 5056 priora
2609 4984 2772 5040 verba
2803 4983 3033 5057 Rigaltio
3063 4999 3168 5041 non
3207 4985 3555 5056 placuerunt,
3597 4983 3876 5055 scribique

2264 5077 2426 5148 jussit
2459 5095 2472 5132 :
2508 5075 2644 5145 Quid
2671 5077 2872 5148 plenius
2908 5076 3102 5133 dictum
3143 5086 3237 5132 est.
3263 5075 3442 5132 Voluit
3479 5074 3664 5148 procul
3701 5075 3878 5132 dubio

2269 5169 2453 5241 purius
2481 5176 2533 5224 et
2558 5167 2893 5226 emendatius
2917 5169 3226 5241 loquentem
3253 5168 3429 5226 facere
3453 5167 3872 5226 Tertullianum.

2266 5263 2337 5318 At
2361 5262 2406 5318 si
2434 5261 2518 5317 lex
2544 5259 2802 5328 humana,
2839 5260 3010 5332 inquit
3051 5261 3183 5329 iste,
3215 5261 3464 5332 prohibet
3499 5259 3824 5318 adulterium
3847 5302 3867 5328 ,

2264 5353 2352 5411 lex
2393 5353 2572 5410 divina
2614 5365 2763 5410 arcet
2799 5354 2962 5410 etiam
2993 5353 3062 5409 ab
3100 5353 3379 5410 oculorum
3421 5354 3654 5410 solitaria
3679 5369 3875 5409 concu-

2265 5447 2511 5520 piscentia
2542 5445 2752 5520 (lbid.).
2784 5445 2926 5502 Dixit
2949 5445 3211 5514 solitaria,
3241 5445 3296 5503 id
3325 5455 3442 5514 est,
3473 5447 3620 5514 sola,
3649 5454 3872 5505 sedet:

2262 5549 2320 5598 et
2361 5540 2590 5597 occulta.
2621 5537 2713 5596 Sic
2737 5536 2928 5596 Cicero
2967 5539 3220 5596 virtutem
3253 5539 3551 5597 solitariam
3586 5553 3714 5596 esse
3750 5553 3868 5597 non

2261 5646 2424 5704 posse
2449 5632 2673 5700 asserit,
2698 5640 2756 5688 et
2781 5640 3025 5689 naturam
3049 5631 3183 5688 nihil
3211 5647 3396 5689 amare
3423 5631 3726 5689 solitarium
3751 5629 3874 5706 (Ci-

2258 5743 2387 5792 cera,
2419 5726 2508 5782 lib.
2535 5726 2600 5782 de
2625 5725 2855 5793 Amicit.,
2879 5743 2935 5796 p.
2963 5725 3055 5793 ‘3,
3074 5725 3170 5782 lin.
3195 5725 3228 5782 7
3245 5733 3292 5780 et
3314 5724 3428 5799 42).
3451 5723 3566 5783 Lex
3586 5724 3768 5797 itaque
3781 5724 3870 5783 di-

2258 5820 2379 5877 vina
2395 5834 2500 5877 non
2518 5818 2678 5878 modo
2694 5817 3038 5888 adulterium,
3055 5818 3198 5879 sicut
3207 5819 3461 5890 humana,
3483 5818 3581 5880 sed
3596 5807 3874 5878 secretam
