4198 6260
333 322 458 384 913

349 452 569 515 quoque
603 442 655 494 et
695 429 960 489 occultam
1003 415 1280 483 oculorum
1310 415 1794 489 concupiscentiam
1829 427 1948 484 pro-
1975 409 2029 470 A

351 535 653 684 Μῗζιιωο
671 587 822 682 vero,
847 615 931 671 lex
961 611 1192 668 humana
1221 622 1328 664 non
1359 603 1680 661 male'licium
1712 599 1952 672 quidem,

355 720 450 780 sed
480 715 690 788 injuriae
714 707 974 784 permittit
1000 705 1259 761 ultionem
1292 718 1305 754 :
1338 702 1425 756 lex
1455 712 1584 753 vero
1605 696 1786 751 divina
1811 700 1959 750 vetat

355 786 642 886 ipsutnmet
694 799 1107 870 maleloqniutn,
1157 805 1211 850 et
1258 792 1468 863 injuria:
1510 790 1681 846 vicem
1728 786 1956 843 reddere

359 881 731 976 ('Tertallian.,
761 896 859 949 loc.
887 891 976 946 cit.
997 889 1036 961 ).
1067 893 1136 943 At
1175 893 1432 957 quantum
1478 896 1538 938 ea
1579 881 1665 936 lex
1708 881 1957 933 humanae

359 971 628 1066 prcccellat
653 990 764 1060 jam
790 1001 819 1040 a
846 984 1002 1040 nobis
1030 979 1158 1036 alibi
1186 986 1499 1033 annotatum
1527 981 1611 1030 est
1632 971 1953 1044 (Dissertat.,

355 1063 409 1145 in
437 1086 650 1148 Μίνωι..
673 1098 799 1152 cap.
833 1079 922 1144 15,
954 1085 1055 1130 art.
1085 1072 1172 1136 IV,
1203 1081 1249 1125 et
1292 1068 1567 1124 Dissertat.
1614 1066 1666 1119 in
1694 1063 1953 1129 Lactant.,

356 1199 474 1254 cap.
500 1178 594 1245 26,
623 1185 725 1232 art.
758 1176 783 1230 l
815 1180 860 1225 el
886 1166 1074 1240 seqq.).
1125 1165 1250 1220 Non
1297 1161 1556 1218 difﬁtetur
1599 1167 1778 1214 tamen
1823 1155 1956 1210 Ter-

357 1275 611 1331 tullianus
653 1271 822 1326 bonas
858 1279 980 1320 esse
1020 1259 1279 1332 quasdam
1315 1255 1594 1310 hominum
1634 1251 1780 1321 leges
1804 1292 1819 1316 ,
1861 1246 1956 1305 sed

358 1364 632 1424 contendit
678 1362 776 1416 has
825 1355 1134 1424 desumptas
1177 1349 1342 1405 fuisse
1392 1362 1460 1402 ex
1511 1343 1707 1400 divinis
1739 1341 1958 1413 ,Moysis

359 1463 694 1530 aliorumque
739 1451 1123 1526 prophetarum
1163 1445 1315 1500 libris
1339 1485 1355 1510 ,
1395 1455 1626 1512 quorum
1671 1436 1958 1508 antiquita-

361 1565 470 1611 tem
497 1595 511 1620 ,
557 1515 624 1607 ut
664 1515 1106 1618 supra-vidimus
1131 1581 1148 1609 ,
1190 1549 1348 1594 antea
1380 1537 1698 1608 probaverat
1730 1515 1954 1603 (Supi,

371 1664 489 1716 cap.
522 1645 576 1711 4,
606 1651 704 1697 art.
735 1638 826 1711 4).
927 1713 954 1728 Ν

438 1739 552 1794 Non
591 1735 766 1792 solum
807 1720 985 1786 autem
1015 1727 1210 1783 divinae
1249 1723 1380 1794 legis
1422 1720 1594 1791 major
1632 1726 1752 1785 est,
1795 1730 1956 1787 quam

380 1833 625 1889 humanae
679 1825 978 1898 perfectio,
1031 1833 1214 1876 verum
1264 1819 1424 1873 etiam
1473 1811 1782 1868 auctoritas.
1847 1809 2036 1872 DeoB

371 1923 570 1996 quippe
594 1919 724 1976 nihil
757 1917 969 1988 penitus
993 1914 1155 1978 latet;
1185 1905 1236 1965 et
1266 1908 1476 1963 violatae
1500 1905 1632 1974 legis
1661 1917 1773 1957 sua:
1798 1914 1920 1956 reos
1943 1941 1957 1967 ,

365 2020 503 2076 sicut
532 2014 689 2088 paulo
713 2022 837 2068 ante
866 2009 1145 2066 docuimus
1165 2029 1182 2071 ,·
1203 2003 1419 2060 aeternis
1460 2015 1556 2073 pro
1595 1998 1790 2054 merito
1835 2011 1962 2066 sup-

365 2110 540 2182 pliciis
566 2106 791 2176 castigat
815 2101 1028 2175 (Ibid.).
1060 2101 1130 2155 At
1154 2095 1378 2160 homini,
1408 2101 1596 2149 contra
1610 2091 1756 2162 leges
1773 2090 1961 2145 buma-

367 2217 464 2258 nas
489 2197 687 2272 agenti,
712 2193 993 2265 contingit,
1018 2201 1078 2247 ut
1098 2191 1412 2260 plerumque,
1436 2186 1510 2240 ait
1532 2187 1735 2240 Auctor
1755 2191 1957 2248 noster,

366 2296 420 2350 in
443 2291 680 2347 admissis
709 2288 1022 2351 delitescat,
1051 2283 1140 2339 vel
1171 2283 1286 2336 illas
1316 2286 1536 2350 spernat.
1574 2293 1636 2332 ea:
1663 2276 1920 2331 voluntate
1943 2313 1960 2338 ,

370 2385 446 2440 vel
493 2383 783 2439 necessitate
829 2373 1160 2445 delinquendi
1205 2368 1600 2441 (Tertullian.,
1649 2366 1919 2437 Apologet.
1945 2403 1960 2429 ,

369 2493 488 2547 cap.
516 2476 602 2540 45,
637 2493 688 2545 ρ.
715 2471 880 2540 497).
910 2441 1124 2524 Ειᾚειξο
1139 2464 1353 2537 quidem
1381 2461 1624 2517 codicum
1656 2468 1962 2515 nostrorum

370 2583 424 2628 ct
454 2569 714 2626 editorum
747 2565 906 2620 verba
937 2563 1014 2617 sic
1041 2556 1344 2615 immutavit
1371 2554 1634 2624 Rigaltius
1663 2571 1676 2606 :
1709 2551 1789 2606 Ea:
1817 2552 1963 2605 invo-

369 2665 564 2720 luntate
600 2660 678 2714 vel
715 2657 1012 2714 necessitate
1051 2649 1380 2721 delinquenti.
1423 2645 1530 2703 Sed
1559 2645 1628 2700 ibi
1657 2643 1798 2700 nulla
1829 2641 1967 2698 indi-

369 2767 487 2811 cata
517 2753 679 2809 ullius
705 2749 908 2808 codicis
930 2746 1073 2801 varia
1104 2742 1335 2799 lectione
1359 2781 1374 2808 ,
1417 2739 1672 2794 observat
1711 2745 1915 2792 tantum
1949 2753 1964 2790 :

371 2851 456 2908 Ea:
489 2849 797 2904 incaluntate
825 2841 965 2899 idem
1000 2852 1120 2895 esse
1149 2851 1212 2892 ac
1238 2849 1389 2892 casu.
1418 2831 1556 2900 Quid
1583 2846 1732 2900 ergo,
1765 2829 1810 2883 si
1837 2828 1968 2884 Ter-

374 2947 627 3003 tulliauus
653 2941 769 2997 hare
796 2936 980 3000 verba,
1014 2950 1078 2990 ea:
1102 2930 1363 2987 voluntate
1388 2927 1493 2982 illis
1524 2932 1777 2996 opponat,
1807 2921 1884 2976 vel
1903 2936 1969 2975 ea:

371 3046 660 3096 necessitate
677 3034 726 3108 (ι
737 3031 866 3102 bid.)
890 3028 1124 3109 iNonne
1149 3025 1233 3080 hic
1249 3023 1390 3078 illius
1409 3032 1600 3075 sensus
1613 3031 1732 3072 esse
1750 3023 1925 3086 potest
1950 3030 1964 3068 :

372 3134 542 3191 llouto
581 3144 705 3187 reus
735 3128 1050 3200 plerumque
1074 3117 1341 3176 delitescit
1367 3158 1382 3183 ,
1422 3111 1637 3185 quando
1662 3119 1753 3166 aut
1779 3124 1846 3165 ex
1875 3121 1969 3163 vo-

369 3227 575 3284 luntate
599 3237 695 3279 sua
715 3262 732 3289 ,
760 3229 852 3274 aut
874 3217 1050 3288 aliqua
1077 3211 1398 3270 necessitate
1425 3207 1649 3276 peccat?

444 3318 705 3372 Praeterea
737 3313 882 3381 lcges
910 3301 1384 3373 humanainquit,
1415 3295 1851 3370 pessumdantur,
1881 3307 1962 3345 re-

373 3411 593 3482 cogitata
635 3405 871 3461 brevitate
912 3397 1192 3469 supplicii,
1235 3394 1303 3448 ab
1333 3388 1643 3446 hominibus
1672 3401 1779 3440 non
1828 3384 1966 3437 ultra

372 3475 602 3559 mortem
627 3493 920 3567 inﬂigendi.
948 3491 1117 3559 Quam
1144 3487 1213 3542 ab
1237 3496 1454 3540 causam
1476 3479 1763 3550 Epicurus,
1793 3475 1968 3546 pergit

372 3595 466 3652 ille.
485 3634 499 3661 ,
531 3606 726 3648 omnem
753 3588 1032 3642 cruciatum
1053 3580 1379 3648 doloremque
1402 3573 1682 3645 depretiat,
1710 3569 1966 3623 modicum

370 3686 575 3760 quidem
602 3678 1027 3750 contemptibilem
1064 3669 1444 3745 pronuntiando
1464 3711 1479 3734 ,
1529 3680 1771 3736 magnum
1813 3677 1928 3716 vero
1947 3701 1964 3728 ,

370 3755 472 3837 non
525 3781 820 3834 diuturnum
868 3771 1064 3840 (Idem,
1113 3767 1200 3822 lib.
1248 3765 1271 3821 l
1313 3764 1379 3817 ad
1404 3760 1643 3825 Nation.,
1690 3775 1806 3828 cap.
1851 3755 1963 3820 10;

372 3859 540 3930 lib."
569 3872 638 3925 ad
694 3869 884 3931 Uttan,
915 3881 1029 3935 cap.
1063 3864 1138 3927 ’ὃς
1183 3858 1314 3914 lib.|
1352 3856 1470 3910 adv.
1497 3853 1776 3916 Marciam,
1802 3867 1849 3904 c.
1895 3848 1962 3914 6;

373 3969 463 4024 lib.
495 3970 557 4020 de
585 3964 846 4034 Spectac.,
875 3974 991 4026 cap.
1021 3955 1125 4019 2'2;
1159 3951 1248 4008 lib.
1278 3951 1340 4015 tle
1365 3949 1562 4012 Anim.,
1593 3962 1708 4015 cap.
1740 3943 1846 4007 24;
1875 3940 1964 3997 lib.

373 4061 437 4116 de
465 4059 635 4132 Fuga,
661 4073 776 4126 cap.
810 4052 935 4123 10).
968 4050 1146 4106 Verbo
1170 4055 1349 4102 autem
1380 4043 1630 4110 depretiat
1657 4039 1744 4094 ille
1773 4037 1968 4107 saepius

369 4128 566 4218 utitur,
591 4164 698 4222 quo
723 4146 855 4202 nihil
884 4142 1028 4198 aliud
1057 4138 1363 4212 signiﬁcare
1393 4133 1584 4195 voluit,
1609 4146 1770 4202 quam
1798 4128 1968 4182 immi-

373 4250 483 4304 nuit
513 4248 587 4303 rei
631 4242 855 4313 alicujus
892 4237 1122 4312 pretium
1153 4235 1238 4289 vel
1268 4226 1712 4300 magnitudinem.
1748 4222 1970 4292 Epicuri

369 4351 537 4416 porro
579 4307 796 4394 elfatum
841 4307 1037 4390 clarius
1076 4326 1295 4398 exponit
1335 4324 1569 4378 Cicero:
1609 4307 1966 4381 Doloris,iu-

375 4436 510 4506 quit,
540 4430 903 4485 medicamenta
947 4423 1040 4478 illa
1071 4419 1319 4488 Epicurea
1354 4424 1592 4483 tanquam
1622 4411 1684 4463 de
1712 4407 1970 4461 narthecio

381 4497 613 4596 premant
657 4537 674 4576 :
716 4521 761 4575 si
798 4516 1002 4588 gravis,
1043 4510 1242 4578 brevis;
1283 4507 1328 4561 si
1371 4506 1588 4574 longus,
1638 4501 1779 4554 levis.
1829 4497 1969 4554 Alibi

1487 292 1934 356 DlSSERTATlO
1971 291 2036 350 D.
2076 289 2165 348 LE
2203 285 2512 347 NOURRY.

3551 271 3657 329 9M

2053 408 2106 462 in
2135 405 2346 470 Minut.,
2378 419 2494 472 cap.
2520 398 2576 465 9,
2603 406 2704 453 art.
2743 396 2832 468 l).
2876 393 3224 464 Compertum
3270 385 3502 446 ethnicis
3545 395 3664 441 erat

2061 501 2243 572 vigere
2295 497 2434 569 apud
2490 493 2709 552 eosdem
2756 488 3081 546 christianos
3128 499 3246 540 eam
3294 483 3509 553 legem,
3554 494 3660 552 qua

2062 571 2194 663 ipsis
2212 633 2227 657 ,
2259 600 2316 645 ut
2345 588 2475 643 alibi
2498 582 2979 642 animadvertimus
2998 619 3013 644 ,
3036 575 3349 632 animalium
3377 571 3658 644 sanguine,

2061 677 2343 748 suﬂ‘ocato;
2371 691 2428 738 et
2446 678 2748 736 morticinio
2773 684 2890 732 erat
2914 670 3278 728 interdictum.
3302 666 3661 734 Quamobrem

2062 790 2271 832 summa
2315 771 2515 827 ethnici
2555 768 2884 840 malignitate
2917 767 3050 818 inter
3089 766 3397 815 tentamenta
3425 755 3664 810 christia-

2062 883 2243 922 norum
2263 907 2278 932 ,
2309 864 2385 918 ait
2411 861 2771 918 Tertulliautts
2796 900 2810 923 ,
2843 856 2894 912 id
2925 865 3042 920 est,
3073 861 3130 907 ut
3173 865 3362 908 eorum
3406 845 3566 902 ﬁdem
3608 854 3667 900 et

2064 960 2381 1030 religionem
2413 963 2682 1010 tentarent
2709 993 2723 1015 ,
2754 950 2950 1004 botulos
2989 961 3168 1001 cruore
3197 943 3444 998 distentos
3479 935 3664 1005 offere-

2061 1029 2186 1109 bant
2218 1050 2578 1125 (Tertullian.,
2601 1045 2894 1116 Apolaget.,
2926 1057 3042 1110 cap.
3075 1036 3130 1104 9,
3160 1055 3215 1108 p.
3252 1033 3407 1104 δη).
3443 1029 3661 1086 Botulus

2061 1121 2240 1202 autem
2264 1186 2280 1209 ,
2327 1141 2500 1212 inquit
2544 1139 2734 1194 Festus
2757 1178 2775 1212 ,_
2816 1141 2897 1190 est
2935 1145 3107 1203 genus
3140 1124 3434 1184 farciminis
3457 1165 3475 1191 ,
3521 1121 3666 1191 quod

2063 1207 2287 1309 prapter
2330 1207 2724 1288 connexionem
2757 1207 2788 1280 5
2823 1224 2963 1280 bolis
3002 1222 3080 1276 sic
3123 1217 3423 1290 appellatur
3457 1211 3666 1286 (Fest.,

2064 1330 2153 1384 lib.
2183 1328 2227 1383 ll
2257 1328 2321 1382 de
2347 1325 2565 1389 verbor.,
2593 1318 2880 1394 Signiﬁc.).
2922 1317 3000 1372 De
3039 1314 3131 1370 illo
3169 1311 3338 1372 etiam
3369 1309 3485 1365 haec
3527 1315 3658 1363 sunt

2061 1421 2316 1478 Martialis
2344 1417 2582 1474 carmina
2616 1433 2628 1468 :

2189 1535 2281 1594 Qui
2302 1529 2654 1582 venitbotulus
2675 1526 2841 1577 medio
2865 1524 2981 1594 mibi
3005 1527 3232 1594 tempore
3251 1517 3458 1577 bruma;

2188 1585 2388 1648 §aturni
2420 1597 2848 1658 septemivenerat
2857 1585 3139 1658 antedies.

2564 1637 2809 1717 (astri-si;
2831 1637 2943 1700 libr.
2977 1653 3088 1698 xlv.
3112 1645 3396 1712 epigramm.
3430 1637 3535 1703 τε.)

2064 1764 2274 1820 Ethnici
2309 1762 2489 1832 itaque
2519 1759 2617 1813 hos
2645 1755 2859 1812 botulos
2883 1795 2899 1820 ,
2933 1749 3174 1807 frustulis
3203 1746 3384 1802 carnis
3403 1785 3418 1810 ,
3457 1743 3664 1798 mixto-

2066 1871 2168 1926 que
2216 1853 2527 1909 animalium
2569 1847 2826 1918 sanguine
2873 1841 3148 1899 confectos
3184 1835 3498 1900 oll‘erendo,
3545 1847 3663 1888 cer-

2067 1923 2233 2003 tiores
2263 1945 2464 2002 ﬁebant
2489 1942 2632 2006 illos,
2658 1955 2686 1994 a
2714 1937 2908 2010 quibus
2933 1928 3334 2003 rejiciebantur,
3365 1923 3670 1981 christiana:

2069 2036 2348 2110 religionis
2387 2049 2508 2090 esse
2551 2045 2742 2088 revera
2782 2035 3100 2084 sectatores.
3127 2020 3260 2075 Cum
3286 2031 3417 2074 vero
3443 2031 3536 2072 eos
3558 2028 3675 2070 res-

2067 2139 2328 2205 puerent,
2377 2129 2546 2199 palam
2589 2124 2845 2181 omnibus
2891 2118 3155 2175 faciebant
3191 2128 3251 2170 se
3290 2111 3452 2168 malle
3475 2109 3669 2180 capitis

2069 2200 2253 2284 subire
2300 2222 2595 2293 perieulum
2625 2233 2785 2289 quam
2817 2213 3023 2284 legibus
3062 2209 3174 2265 suis
3215 2218 3451 2276 unquam
3494 2200 3670 2257 refra-

2067 2319 2202 2390 gari.
2235 2292 2420 2386 Neque
2446 2312 2572 2368 huic
2604 2319 2807 2365 tantum
2852 2305 3078 2374 aliisque
3126 2300 3220 2356 Dei
3265 2312 3328 2352 ac
3358 2293 3558 2352 Christi
3583 2292 3666 2348 le;

2067 2386 2259 2483 gibus,
2289 2407 2383 2464 sed
2415 2406 2571 2476 hujus
2611 2403 2770 2459 etiam
2813 2393 3054 2455 consiliis
3093 2392 3362 2465 plerisque
3389 2386 3670 2451 omnibus,

2069 2479 2278 2560 etiamsi
2309 2502 2374 2556 iis
2406 2516 2512 2554 non
2553 2495 2771 2566 obligati
2802 2535 2817 2560 ,
2848 2489 3036 2546 eadem
3068 2483 3354 2542 sedulitate
3391 2479 3671 2552 parebant.

2070 2596 2269 2655 Verum
2302 2594 2420 2648 htee
2446 2589 2732 2658 unicuique
2766 2582 2996 2640 clariora
3030 2579 3159 2634 ﬁent
3186 2592 3251 2632 ex
3283 2574 3368 2629 his
3391 2614 3408 2642 ,
3446 2587 3565 2643 quae
3602 2569 3670 2626 de

2069 2690 2283 2745 illorum
2326 2673 2565 2741 inoribus
2594 2696 2624 2735 a
2655 2669 3212 2737 Tertulliauojtradita
3240 2709 3254 2734 ,
3298 2679 3441 2721 nunc
3489 2675 3668 2733 expo-

2070 2782 2244 2839 nenda
2273 2789 2416 2836 sunt.

2687 2896 2982 2941 ARTICULUS
3021 2895 3100 2936 Ill.

2075 3011 2202 3065 Tam
2228 3016 2392 3064 castos
2418 3005 2576 3076 fuisse
2589 3001 3014 3059 Christianorum,
3031 3009 3181 3066 quam
3206 2993 3508 3061 depravatos
3534 3005 3667 3061 gen-

2145 3103 2310 3156 tilium
2352 3113 2516 3153 mores
2545 3112 2564 3150 :
2592 3102 2784 3166 quanta
2811 3087 3209 3144 christianorum
3245 3099 3364 3154 erga
3390 3097 3564 3136 omnes
3589 3080 3671 3132 di-

2145 3193 2290 3248 lectio
2327 3200 2372 3244 ει
2405 3188 2628 3242 charitas
2652 3202 2670 3250 ;
2716 3199 2808 3237 cur
2851 3179 3159 3236 se'invicem
3207 3178 3428 3247 fratrum
3471 3171 3674 3225 nomine

2143 3285 2495 3356 appellarunt,
2511 3279 2734 3350 ipsisque
2747 3274 2918 3330 omnia
2932 3281 3114 3341 prtcter
3140 3283 3323 3323 uxores
3344 3273 3507 3320 essent
3532 3279 3674 3318 cam-

2143 3374 2316 3430 ntunia
2353 3390 2371 3428 :
2403 3388 2558 3444 quam
2602 3371 2810 3439 impune
2837 3363 3023 3419 ethnici
3053 3378 3081 3416 e
3110 3358 3364 3415 contrario
3393 3353 3674 3410 sacratiora

2143 3467 2474 3542 fraternitatis
2500 3467 2618 3530 iura
2641 3459 2954 3516 violaverim.

2142 3581 2328 3650 Qualis
2355 3590 2622 3648 quantque
2652 3574 2738 3643 pia
2769 3579 2823 3626 et
2850 3575 3034 3624 sancta
3057 3564 3215 3620 fuerit
3240 3559 3667 3618 Christianorum

2071 3672 2280 3730 vivendi
2306 3671 2465 3736 ratio,
2496 3679 2551 3722 ut
2573 3664 2940 3722 Turtullianus
2968 3668 3156 3714 noster
3184 3657 3544 3716 demonstret,
3571 3651 3672 3706 ho-

2071 3782 2225 3829 rum,
2256 3762 2699 3828 ethnicorumque
2742 3768 2921 3809 mores
2968 3756 3286 3819 comparat,
3330 3757 3398 3799 ac
3441 3744 3666 3798 istorum

2051 3869 2178 3915 tam
2225 3864 2440 3912 sanctos
2481 3859 2535 3908 et
2573 3861 2752 3906 castos
2777 3891 2790 3914 ,
2823 3861 2982 3918 quam
3025 3843 3235 3897 illorum
3266 3840 3586 3909 depravatos
3612 3849 3681 3890 ac

2070 3944 2559 4020 corruptos-fuisse
2598 3942 2898 3998 luculenter
2939 3935 3193 3993 ostendit.
3242 3932 3481 3988 Primum
3531 3927 3674 3982 cnim

2071 4041 2349 4099 christiani
2375 4081 2390 4106 ,
2423 4040 2638 4094 tametsi
2669 4034 2831 4090 vitam
2858 4045 2978 4086 cum
3005 4028 3234 4084 ethnicis
3265 4041 3330 4080 eo
3355 4065 3370 4090 ,
3399 4038 3504 4094 quo
3529 4021 3676 4076 dixi-

2073 4151 2192 4192 mus
2215 4174 2230 4198 ,
2263 4132 2424 4187 modo
2453 4137 2674 4201 agerent
2708 4144 2722 4190 ;
2758 4133 2905 4179 tanto
2935 4132 3113 4175 tamen
3155 4115 3432 4171 cbaritatis
3476 4114 3675 4168 mutui-

2072 4243 2178 4299 que
2203 4224 2403 4279 amoris
2427 4219 2645 4276 vinculo
2669 4213 2938 4286 conjuncti
2968 4219 3116 4266 erant
3146 4225 3160 4274 ;
3187 4219 3246 4262 ut
3284 4207 3383 4277 ipsi
3417 4204 3672 4261 infensis-

2074 4322 2193 4376 simi
2223 4319 2435 4373 illorum
2480 4315 2662 4368 hostes
2690 4307 2892 4366 ethnici
2940 4303 3068 4359 illud
3109 4317 3212 4357 nou
3251 4300 3526 4371 potuerint
3570 4311 3678 4352 non

2074 4410 2349 4467 admirari.
2403 4403 2598 4472 Quidni
2653 4401 2929 4455 enimvero
2973 4410 3078 4450 non
3122 4392 3366 4448 admirati
3414 4389 3677 4454 fuissent,

2076 4502 2217 4573 quod
2271 4498 2533 4568 optimum
2577 4498 2956 4563 agnoscentes,
2991 4485 3190 4540 imitari
3235 4496 3344 4536 non
3385 4477 3678 4532 valebant?

377 4635 508 4673 vero
543 4634 557 4670 :
585 4613 791 4670 Doloris
816 4605 1215 4681 magnitudinem
1244 4599 1486 4654 brevitate
1513 4594 1826 4656 consolatur,
1853 4592 1968 4645 lun-
1993 4615 2048 4674 υ
2073 4598 2410 4666 Quapropter
2429 4587 2788 4645 Tertullianus
2814 4597 2910 4638 eos
2939 4582 3010 4635 ita
3041 4579 3323 4647 loquentes
3349 4569 3671 4634 inducenda,

377 4709 703 4785 ginqnitatcm
732 4704 955 4760 levitate.
985 4698 1141 4754 Plura
1182 4695 1228 4749 si
1267 4691 1487 4760 cupias,
1521 4687 1794 4744 Laertium
1824 4685 1976 4740 adire

379 4775 618 4876 poteris,
672 4794 1053 4858 Plutarchum,
1097 4797 1152 4844 et
1197 4785 1330 4840 alios
1391 4781 1618 4853 (Cicera,
1673 4777 1761 4832 lib.
1813 4775 1857 4831 ll
1913 4775 1975 4829 de

379 4865 549 4966 pars,
605 4911 657 4962 p.
709 4891 802 4954 55,
844 4887 936 4940 lin.
983 4883 1072 4947 to,
1125 4888 1174 4935 et
1219 4877 1308 4932 lib.
1349 4875 1417 4931 tv
1478 4871 1711 4936 Tuscul.,
1744 4887 1796 4940 p.
1846 4865 1971 4935 rso,

381 4961 476 5045 lin.
528 4961 616 5052 49',
654 4983 851 5044 Laert..
885 4979 974 5034 lib.
1010 4976 1080 5033 10
1118 4975 1180 5028 de
1219 4973 1331 5025 Vita
1359 4967 1601 5036 Epicuri,
1633 4965 1662 5038 ς
1693 4964 1817 5028 MO;
1847 4961 1975 5018 Plu-

379 5082 569 5145 tarclt.,
602 5077 688 5131 lib.
719 5076 782 5129 de
812 5071 958 5125 Poet.
993 5067 1225 5129 audiam,
1267 5064 1358 5117 sub
1385 5062 1537 5130 ﬁnem
1566 5100 1579 5124 ,
1611 5076 1663 5127 p.
1693 5056 1805 5127 56).

449 5168 742 5230 Christiani
773 5165 933 5237 igitur
956 5176 1078 5217 cum
1109 5170 1374 5215 summam
1403 5154 1579 5224 legum
1607 5164 1823 5206 suarum
1857 5161 1980 5219 per-

379 5267 668 5324 fectionem
697 5271 752 5318 et
789 5255 1161 5313 auctoritatem
1193 5251 1360 5322 probe
1383 5253 1794 5319 cognoscerent,
1833 5251 1977 5297 tanta

381 5360 670 5420 sedulitate
710 5367 915 5410 morem
952 5350 1031 5405 eis
1070 5346 1363 5418 gerebant,
1402 5351 1459 5396 ut
1499 5336 1785 5410 periclitari
1816 5335 1977 5392 etiam

382 5455 559 5526 capite
611 5449 866 5510 mallent,
902 5457 1061 5514 quam
1102 5435 1298 5508 aliquid
1325 5447 1516 5503 agere,
1567 5427 1711 5498 quod
1759 5426 1980 5481 cuilibet

387 5524 495 5619 legi
536 5538 809 5599 adversari
861 5534 1160 5590 videbatur.
1205 5529 1282 5584 Ex
1324 5524 1544 5580 inlinitis
1572 5531 1750 5576 autem
1782 5533 1980 5590 prope-

380 5611 604 5698 modum
649 5622 910 5701 ex'emplis
933 5670 949 5696 ,
987 5625 1182 5698 quibus
1225 5619 1276 5675 id
1315 5615 1717 5675 evidentissime
1757 5611 1976 5683 probari

382 5737 586 5801 potest,
610 5740 774 5782 unum
802 5735 946 5778 nunc
972 5727 1269 5779 sumemus,
1295 5709 1438 5782 quod
1463 5705 1825 5764 Tertulliauus
1851 5701 1978 5760 n’os-

387 5799 472 5878 ter
498 5816 808 5887 memorat(
846 5813 996 5871 Tom.
1050 5810 1074 5869 ι
1110 5809 1396 5882 Apparat.,
1425 5801 1648 5875 p.680,
1702 5799 1970 5857 Dissertat.

2077 4697 2320 4744 mutuum
2355 4683 2547 4738 horum
2590 4678 2770 4735 odium
2797 4718 2812 4743 ,
2859 4667 3312 4743 quemadmodum
3342 4662 3679 4720 Christiano-

2077 4797 2198 4838 rttm
2246 4792 2484 4833 amorem
2511 4815 2526 4841 ,
2561 4769 2834 4843 patefacit.
2875 4766 2963 4822 Sic
3001 4771 3181 4817 autem
3213 4757 3306 4814 ille
3339 4774 3354 4812 :
3392 4755 3522 4810 Vide
3546 4799 3560 4822 ,
3595 4755 3679 4809 in-

2079 4875 2269 4946 quittnt
2291 4913 2306 4936 ,
2348 4879 2402 4923 ut
2445 4867 2659 4922 invicem
2687 4861 2905 4931 diligant
2934 4855 3089 4926 (Ipsi
3139 4853 3274 4908 enim
3301 4849 3528 4921 gentiles
3551 4847 3685 4900 invi-

2080 4983 2188 5022 cem
2217 4964 2430 5019 oderunt
2453 4962 2469 5030 )
2493 4969 2535 5012 et
2563 4968 2616 5012 ut
2649 4972 2740 5026 pro
2772 4954 3019 5006 alterutro
3049 4946 3209 5000 iidem
3242 4941 3520 4998 christiani
3553 4939 3682 4992 mori

1975 5071 1979 5080 '
2078 5058 2181 5118 sint
2205 5057 2392 5127 parati.
2419 5053 2533 5123 Ipsi
2559 5051 2692 5106 enim
2715 5045 2914 5103 ethnici
2936 5043 3004 5097 ad
3025 5037 3355 5095 occidendum
3381 5035 3684 5088 alterutrum

2055 5123 2366 5225 paratiores
2413 5149 2434 5218 (
2464 5144 2792 5206 Terttlllian.,
2836 5137 3125 5208 Apologet.,
3147 5147 3263 5201 cap.
3307 5127 3396 5193 39,
3430 5144 3484 5196 p.
3511 5123 3617 5179 467
3640 5127 3682 5193 ).

2083 5215 2351 5314 Quantum
2378 5215 2556 5294 autem
2587 5233 2814 5307 gentiles
2845 5243 2966 5283 sese
2998 5224 3223 5280 invicem
3251 5218 3463 5276 oderint
3486 5259 3501 5283 ,
3533 5225 3589 5272 et
3616 5215 3684 5270 ad

2085 5353 2146 5394 se
2171 5346 2355 5391 mutuo
2381 5328 2702 5387 occidendos
2730 5323 2929 5380 iuerint
2961 5317 3150 5390 parati,
3181 5331 3246 5371 ex
3274 5311 3415 5368 infra
3439 5309 3686 5367 dicendis

2084 5428 2423 5485 manifestum
2466 5419 2714 5476 omnibus
2744 5417 2853 5471 lict.

2153 5523 2323 5580 Tanta
2368 5533 2498 5573 vero
2545 5521 2660 5570 erat
2715 5513 2826 5582 ipsa
2873 5504 3301 5564 Christianorum
3353 5497 3584 5560 caritas,
3631 5501 3692 5548 ttt

2084 5629 2146 5672 se
2176 5622 2360 5668 mutuo
2383 5651 2398 5677 ,
2427 5618 2484 5662 ttt
2511 5608 2620 5677 jam
2668 5603 2794 5658 alibi
2825 5595 3307 5656 animadvertimus
3331 5633 3345 5656 ,
3380 5589 3691 5661 (Dissertat.

2085 5707 2140 5761 in
2183 5703 2372 5760 Minut.
2408 5717 2526 5771 cap.
2568 5699 2657 5764 15,
2687 5703 2785 5750 art.
2836 5692 2916 5764 4).
2968 5691 3186 5747 Fratres
3214 5684 3547 5756 appellarent
3579 5695 3690 5735 non

2084 5798 2258 5857 solum
2289 5794 2456 5867 ipsius
2476 5800 2680 5850 natura;
2697 5788 2817 5859 jure
2841 5827 2856 5857 ,
2887 5797 2996 5856 quo
3023 5781 3184 5841 etiam
3209 5777 3545 5836 ethnicorum
3575 5772 3680 5831 fras
