4240 6262
365 328 480 392 917

374 536 647 596 Dissertat.
672 541 724 595 iu
753 537 1016 605 Laetam,
1045 555 1163 610 cap.
1187 539 1280 604 27,
1302 549 1401 595 art.
1431 539 1508 611 6).

449 633 648 692 Verum
694 632 764 688 ab
793 632 894 687 hoc
921 632 1163 702 corporis
1190 631 1506 687 castimonia
1534 631 1846 702 longissime
1891 648 1975 688 re-

376 727 504 782 moti
533 733 686 781 erant
712 723 956 794 gentiles.
1007 722 1121 778 Non
1154 722 1333 777 solum
1362 723 1505 778 enim
1551 725 1855 790 amicorum,
1895 725 1976 778 in-

374 817 492 888 quit
538 815 918 878 Tertullianus,
972 814 1299 868 matrimonia
1345 825 1616 883 usurpant,
1670 814 1760 869 sed
1806 825 1853 869 et
1881 831 1976 869 sua

375 910 548 968 amicis
577 907 940 978 patientissime
981 906 1369 960 subministrant
1422 906 1746 976 (Tcrtullian.
1777 907 1975 977 Apolo-

373 1013 625 1076 gct.,cap.
653 1001 750 1064 39,
775 1017 894 1072 pag.
919 999 1069 1071 467).
1090 1000 1204 1054 Duo
1223 1007 1402 1054 autem
1432 999 1502 1053 ibi
1533 1005 1681 1054 notat
1711 998 1920 1052 violatae
1943 1013 1975 1053 a

373 1096 661 1170 gentilibus
689 1095 951 1150 eastitatis
971 1092 1190 1164 ﬂagitia.
1217 1093 1452 1148 Primum
1477 1102 1560 1148 est
1585 1091 1971 1160 adulterorum,

371 1189 464 1258 qui
495 1187 736 1259 geniales
767 1186 1062 1241 amicorum
1094 1185 1429 1254 aliorumque
1460 1193 1605 1240 toros
1631 1193 1971 1240 contemera-

371 1279 521 1335 hant.
561 1282 627 1334 At
650 1277 1144 1348 frequentissimum
1173 1285 1286 1331 erat
1321 1275 1453 1331 illud
1497 1275 1696 1342 scelus,
1732 1275 1784 1329 in
1831 1274 1973 1346 quod

369 1370 664 1434 Juvenalis,
709 1369 906 1440 aliique
943 1369 1104 1423 etiam
1144 1368 1376 1438 gentiles
1427 1377 1598 1438 poeta:
1645 1379 1751 1422 tam
1804 1383 1968 1438 Saepe,

368 1478 528 1534 quam
560 1461 753 1517 merito
786 1461 1132 1516 invehuntur.
1177 1459 1515 1531 Quapropter
1561 1461 1918 1532 Hieronymus
1954 1479 1968 1516 2

376 1554 638 1624 Quidquid
689 1553 970 1624 tragadite,
995 1553 1184 1623 inquit,
1223 1562 1436 1620 tument,
1485 1562 1534 1607 et
1564 1553 1761 1618 domas,
1799 1553 1966 1618 urbes,

367 1665 625 1720 regnaque
649 1648 924 1713 subvertit,
985 1663 1200 1701 uxorum
1243 1645 1579 1714 pellicumque
1604 1649 1854 1700 contentio
1898 1656 1970 1700 est

369 1738 726 1811 (Hieronqu
758 1737 845 1792 lib.
875 1736 939 1802 ll,
971 1737 1086 1790 adv.
1114 1735 1412 1801 Jorinian.,'
1434 1754 1554 1808 pag.
1582 1736 1727 1806 191).

1517 330 1972 391 DISSERTATIO
2009 333 2072 390 Β.
2115 335 2203 392 LE
2241 335 2542 394 NOUBRY.

372 446 538 503 nibus
581 445 782 503 nostris
802 444 1116 518 ('Dissertat.
1147 447 1200 501 in
1233 446 1448 513 Minut.,
1493 464 1616 519 cap.
1653 446 1742 516 10,
1775 458 1872 503 art.
1915 449 1970 504 l.
2001 451 2055 512 Α

3579 343 3686 405 918

2234 451 2348 526 lgor
2362 453 2457 524 ubi
2482 453 2710 526 connubii
2744 457 2954 526 pretium
2978 468 3272 526 mercesque
3296 459 3454 512 soluta
3480 470 3575 526 est,

2235 514 2401 582 :l‘ertia
2414 516 2512 576 jam
2537 514 2874 582 soboles'alios
2890 516 3112 568 foecunda
3131 514 3336 582 penates

2236 576 2504 643 Impletura
2529 577 2699 643 datur;
2725 582 2950 642 geminas
2969 594 2994 627 a
3019 576 3260 643 sanguine
3284 587 3450 634 matris
3475 595 3480 604 '

2235 638 2547 690 Permixtura
2571 638 2757 690 domos.

2707 724 2930 786 (Luam,
2961 722 3045 776 lib.
3068 733 3118 788 II,
3143 740 3186 776 υ.
3213 726 3308 777 536
3328 733 3373 778 et
3395 729 3566 796 δέρᾳ.)

2152 823 2288 880 Tum
2335 824 2530 882 deinde
2570 827 2828 883 describit
2866 829 3140 898 quomodo
3163 844 3350 886 rursus
3378 829 3513 886 Cato
3559 841 3678 901 post

2079 916 2352 974 Hortensii
2400 929 2628 974 mortem
2660 919 2802 974 illam
2831 921 3069 976 secundo
3098 923 3440 980 matrimonio
3467 923 3671 981 habue-

2076 1011 2148 1068 rit
2175 1028 2190 1064 :

2239 1122 2347 1173 Non
2370 1123 2500 1173 soliti
2527 1124 2691 1175 lusere
2715 1126 2871 1184 sales,
2895 1141 2988 1177 nec
3012 1143 3149 1178 more
3174 1131 3357 1181 Sahino

2232 1185 2440 1249 Excepit
2463 1188 2614 1238 tristis
2637 1191 2827 1238 comitia
2853 1189 2975 1240 festa
2996 1187 3220 1242 maritus.

2232 1249 2446 1317 I’ignora
2466 1249 2594 1298 nulla
2613 1251 2804 1317 domus,
2833 1252 2953 1317 nulli
2976 1255 3142 1304 coiere
3166 1257 3422 1317 proriinqui
3452 1271 3462 1303 :

2234 1310 2520 1378 Iunguntur
2547 1315 2694 1378 taciti,
2713 1316 3032 1377 contentique
3059 1310 3428 1378 auspice'Bruto
3453 1332 3464 1365 :

2238 1372 2328 1422 Ille
2354 1387 2447 1423 nec
2467 1372 2738 1424 horriﬁcam
2763 1384 2930 1427 macto
2951 1372 3160 1427 dimovit
3180 1380 3243 1428 ab
3266 1393 3354 1428 ore

2234 1434 2515 1497 Ctesariem,
2535 1438 2756 1501 duroque
2780 1441 2990 1489 admovit
3013 1442 3194 1500 gaudia
3220 1441 3372 1491 vultu.

2947 1519 3104 1581 (Ibid.
3131 1535 3173 1572 υ.
3199 1522 3310 1582 567,
3335 1529 3381 1572 et
3412 1525 3568 1588 seqq.)

2151 1620 2390 1689 Denique
2415 1630 2470 1674 ut
2496 1622 2848 1691 Augustinum
2880 1623 3118 1694 aliosque
3155 1625 3350 1680 missos
3384 1626 3660 1693 faciamus,

2078 1709 2440 1782 Hieronymus
2461 1711 2722 1768 adversus
2737 1713 3078 1768 Iovinianum
3099 1715 3176 1769 sic
3195 1716 3435 1784 diSputat
3467 1735 3480 1770 :
3510 1716 3675 1772 Duxit

412 1803 619 1893 .Aliud'
644 1832 847 1888 crimen
881 1829 1061 1900 priore
1102 1844 1206 1884 non
1238 1830 1408 1885 levius
1434 1803 1668 1884 tiliorum
1689 1803 1828 1895 luit,
1881 1831 1969 1900 qui
2001 1847 2048 1906 Β
2079 1819 2287 1906 {forem
2310 1803 2572 1906 ﬂmj‘lm
2603 1803 2730 1859 δαιο
2898 1807 3284 1906 virginaria-sed
3313 1806 3505 1906 flartia
3549 1810 3680 1906 inter

370 1917 595 1977 uxorum
615 1937 834 1976 suarum
860 1922 1164 1992 pudicitiam
1185 1921 1374 1976 amicis
1396 1922 1805 1992 prostituebant.
1832 1923 1971 1977 Duo-

372 2014 472 2068 bus
502 2025 684 2070 autem
711 2013 761 2068 id
792 2015 982 2083 probat
1013 2013 1380 2068 'l‘crtnllianus
1401 2013 1688 2083 exemplis,
1733 2015 1972 2071 Socratis

374 2106 567 2173 GI'LCCi,
597 2117 650 2161 et
680 2107 904 2160 Romani
936 2105 1197 2171 Catonis;
1246 2107 1335 2176 qui
1370 2115 1544 2161 tamen
1591 2107 1970 2177 sapientissimi

374 2197 513 2270 apud
545 2197 640 2251 has
685 2198 928 2253 nationes
978 2197 1468 2254 existimabantur:
1505 2197 1644 2252 Nam
1695 2200 1748 2254 hi
1790 2216 1972 2255 uxores

375 2305 515 2355 suas,
548 2288 734 2360 inquit,
767 2290 943 2345 amicis
973 2291 1488 2356 communicaverunt,
1518 2309 1645 2362 quas
1686 2296 1739 2346 in
1788 2293 1969 2346 matri-

378 2384 604 2437 monium
629 2382 877 2437 duxerant
903 2383 1175 2438 liberorum
1199 2400 1392 2450 causa,
1423 2395 1472 2440 et
1487 2385 1630 2452 alibi,
1661 2385 1712 2440 id
1743 2395 1846 2451 est,
1891 2387 1971 2440 al-

379 2483 516 2538 tero,
547 2475 638 2530 sed
667 2475 818 2546 plane
846 2476 1032 2530 illicito
1059 2476 1354 2547 infamique
1403 2479 1748 2533 matrimonio
1776 2495 1973 2533 crean-

378 2567 559 2620 dorum
590 2566 915 2639 (Tertullian.
947 2569 1236 2640 Apologet.,
1261 2585 1376 2640 cap.
1401 2570 1489 2636 59,
1513 2587 1632 2642 pag.
1655 2570 1806 2641 451).
1843 2571 1972 2626 Plu-

379 2658 595 2714 tarchus
623 2670 802 2714 autcm
850 2660 904 2714 in
935 2661 1038 2713 vita
1083 2659 1305 2714 Catonis
1344 2660 1564 2716 Minoris
1615 2672 1797 2716 narrat
1841 2678 1900 2718 se
1941 2677 1974 2717 a

378 2749 638 2816 Thrasea,
658 2762 712 2805 et
740 2753 881 2808 hunc
909 2766 938 2804 a
963 2751 1217 2817 Munatio,
1249 2752 1488 2821 ejusdem
1533 2753 1750 2808 Catonis
1783 2764 1972 2808 contu-

377 2842 602 2908 bernali,
646 2845 921 2914 accepisse
958 2845 1318 2909 Hortensium,
1352 2846 1585 2900 amicitia
1618 2862 1726 2916 prae
1764 2847 1976 2902 caeteris

377 2940 565 2998 Catoni
593 2938 962 3007 conjunctum,
994 2938 1062 2992 ab
1089 2953 1154 2992 eo
1181 2937 1454 3008 petivisse,
1483 2947 1541 2993 ut
1568 2955 1729 3008 quam
1747 2939 1976 2995 duxerat

376 3047 598 3088 uxorem
628 3029 866 3084 Martium
909 3029 1134 3098 Philippi
1168 3028 1352 3096 tiliam,
1396 3045 1461 3085 ex
1498 3045 1598 3100 qua
1645 3039 1800 3085 antea
1853 3031 1973 3098 plu-

376 3139 465 3181 res
487 3124 622 3178 Iilios
642 3129 973 3191 susceperat,
992 3130 1045 3177 et
1063 3131 1171 3176 tum
1195 3121 1370 3176 adhuc
1385 3121 1602 3192 gravida
1622 3131 1760 3190 erat,
1783 3122 1833 3176 in
1857 3135 1974 3176 ma-

2081 1896 2411 1952 Hortensium
2444 1897 2782 1968 Catonemque
2804 1899 3047 1953 discurrit
3077 1910 3124 1953 et
3151 1901 3258 1954 sine
3302 1899 3492 1954 Catone
3515 1904 3681 1957 vivere

2076 1987 2269 2042 Martia
2303 1989 2483 2053 potuit.
2517 1989 2794 2043 Etiterum
2823 1992 2874 2043 in
2903 1991 3146 2060 sequenti
3171 1991 3308 2045 libro
3338 2009 3349 2042 :
3383 1992 3674 2058 Scotorum,

2077 2079 2266 2147 in‘luit,
2296 2081 2434 2132 natio
2475 2095 2659 2133 uxores
2693 2081 2927 2151 proprias
2953 2097 3054 2136 non
3095 2081 3261 2146 habet,
3303 2091 3349 2136 et
3376 2084 3524 2153 quasi
3545 2082 3678 2136 Pla-

2077 2170 2208 2223 tonis
2243 2170 2472 2238 politiam
2521 2171 2696 2242 legerit
2722 2213 2736 2233 .
2767 2183 2812 2226 et
2849 2173 3057 2227 Catonis
3102 2185 3342 2245 sequatur
3367 2175 3676 2245 exemplum,

2077 2261 2221 2315 nulla
2267 2261 2408 2333 apud
2439 2277 2524 2316 eos
2551 2265 2742 2333 conjux
2773 2267 2981 2335 propria
3019 2275 3130 2332 est,
3161 2269 3250 2320 sed
3274 2279 3326 2321 ut
3356 2268 3538 2338 cuique
3563 2269 3679 2323 libi-

2074 2364 2180 2408 tum
2212 2356 2362 2425 fuerit
2387 2355 2638 2423 pecudum
2663 2372 2800 2409 more
2827 2357 3088 2411 lasciviunt
3112 2359 3347 2429 (August.
3379 2361 3468 2414 lib.
3487 2356 3556 2414 de
3575 2362 3680 2430 ﬁde

2076 2456 2125 2501 et
2154 2448 2370 2518 operib.,
2391 2463 2506 2517 cap.
2537 2446 2570 2502 6
2597 2457 2642 2501 et
2669 2447 2758 2502 lib.
2789 2449 2848 2501 de
2864 2447 2995 2503 Bon.
3020 2452 3250 2523 conjttg.,
3273 2469 3389 2521 cap.
3422 2454 3518 2516 I8;
3547 2452 3677 2507 Hie.

2077 2557 2276 2611 raiiym.
2312 2540 2401 2594 lib.
2439 2540 2478 2604 I,
2503 2540 2620 2596 adv.
2651 2539 2852 2606 Jovin.,
2879 2559 3002 2614 pag.
3029 2543 3150 2600 188.
3176 2543 3314 2597 Ibid.
3347 2545 3430 2599 lib.
3464 2545 3526 2613 ll,
3555 2562 3675 2617 pag.

2077 2633 2225 2704 eoi).

2150 2730 2465 2798 Quanquam
2497 2738 2674 2783 autem
2717 2729 2895 2799 plures
2949 2729 3144 2784 fuerint
3195 2728 3415 2786 Catonis
3462 2732 3679 2786 nomine

2079 2822 2338 2892 insigniti,
2378 2837 2606 2892 quorum
2638 2822 2948 2892 genealogia
2977 2821 3046 2874 ab
3073 2823 3132 2875 A.
3181 2821 3356 2877 Gellio
3395 2822 3680 2879 exhibetur

2080 2913 2265 2984 (δείλη
2308 2912 2394 2966 lib.
2429 2911 2564 2978 XIII,
2611 2911 2766 2966 Noct.
2798 2915 2944 2977 Atti.,
2975 2929 3091 2983 cap.
3120 2914 3210 2975 19)
3237 2931 3251 2979 ;
3284 2930 3349 2969 ex
3389 2915 3565 2970 citatis
3596 2927 3679 2970 ta-

2078 3019 2202 3058 men
2225 3003 2580 3073 scriptoribus
2610 3011 2828 3057 constat
2855 3004 3001 3057 illum
3024 3044 3038 3066 .
3072 3003 3138 3058 de
3177 3019 3284 3075 quo
3322 3005 3550 3076 agimus,
3579 3007 3682 3061 Ca-

2082 3109 2260 3151 tonem
2294 3095 2458 3151 fuisse
2489 3097 2818 3164 Uticensem,
2850 3099 2938 3166 qui
2972 3096 3092 3152 ideo
3136 3097 3308 3153 Minor
3337 3099 3675 3170 appellatur;

376 3215 688 3270 trimonium
720 3187 818 3269 sibi
847 3187 998 3268 daret
1026 3210 1320 3286 (Plutarch.
1347 3187 1411 3266 iii
1426 3215 1513 3268 vit.
1555 3187 1754 3269 Caton.»
1787 3216 1972 3279 minor,
2004 3237 2050 3300 ρ
2082 3189 2202 3259 qui“
2232 3187 2740 3300 caI‘TiiCCMOPH
2770 3203 2835 3289 cI"
2870 3189 2998 3300 ίίίξος
3054 3197 3108 3300 ξξί
3158 3190 3232 3289 ίξίι
3276 3190 3416 3300 ida“
3447 3189 3674 3300 gellius,

378 3323 498 3378 pag.
529 3307 635 3361 770
661 3315 706 3359 et
744 3308 932 3376 seqq.).
956 3303 1131 3360 Amici
1187 3319 1315 3360 vero
1348 3305 1594 3374 precibus
1624 3305 1777 3361 facile
1809 3306 1980 3360 vietus

378 3399 534 3464 Cato,
564 3400 709 3454 illam
736 3401 807 3466 ei,
842 3403 1106 3470 prmsente
1136 3413 1199 3452 ac
1250 3398 1507 3469 probante
1551 3398 1797 3468 Philippo
1835 3399 1978 3454 illius

379 3501 556 3566 patre,
595 3493 876 3547 concessit.
916 3491 1022 3546 Sed
1051 3500 1262 3545 mortuo
1292 3501 1475 3560 postea
1512 3489 1818 3555 Hortensio,
1847 3491 1978 3546 Cato

380 3586 628 3642 Martium
651 3600 798 3642 suam
829 3587 1018 3642 iterum
1045 3585 1285 3656 accepit,
1333 3600 1496 3653 quam
1536 3583 1852 3640 Hortensius
1882 3585 1978 3640 bo~

379 3692 572 3733 norum
602 3692 820 3732 suorum
841 3675 1109 3732 lueredem
1133 3676 1441 3744 reliquerat.
1475 3674 1832 3741 Quamobrem
1860 3674 1981 3729 Ca3-

379 3783 486 3837 sar,
521 3771 592 3823 uti
617 3769 852 3840 loquitur
883 3769 1220 3832 Plutarchus,
1248 3767 1322 3821 illi
1369 3775 1707 3837 φιλοπλουτία
1734 3777 1978 3838 πρθσρὲρίι

378 3867 460 3917 καὶ
510 3871 788 3934 praecipitia
837 3870 917 3917 im
968 3875 1034 3932 τῷ
1081 3869 1265 3932 δάμῳε
1312 3860 1650 3930 Exprobrarit
1691 3863 1977 3925 avaritiam,

381 3965 427 4010 et
455 3957 506 4010 in
534 3957 777 4028 conjugio
818 3954 1062 4010 mercedis
1088 3954 1436 4022 acceptionem
1459 3951 1644 4023 (Ibid.,
1673 3970 1791 4025 pag.
1828 3953 1974 4024 784).

287 4039 292 4046 ’
455 4049 675 4105 Brevius
701 4047 916 4118 quidem
938 4040 1133 4117 hisque
1158 4047 1334 4100 verbis
1378 4045 1651 4115 Appianus
1679 4045 1730 4100 id
1755 4046 1931 4100 retulit
1965 4065 1976 4100 :

386 4147 625 4201 Martium
675 4142 908 4213 Philippi
936 4142 1098 4207 ﬁliam
1135 4157 1248 4194 cum
1290 4140 1534 4210 virginem
1561 4138 1687 4194 Cato
1728 4141 1977 4204 duxisset,

384 4239 529 4294 ualde
557 4237 816 4303 dilectam,
861 4244 907 4289 et
937 4233 1278 4288 contmunium
1309 4231 1580 4285 liberorum
1599 4231 1715 4300 jam
1743 4240 1978 4297 matrem,

388 4331 662 4387 Hortensio
699 4329 846 4384 cessit
868 4327 1051 4392 audeo,
1089 4327 1386 4392 liberorum,
1425 4335 1472 4378 et
1503 4323 1755 4394 (munda:
1782 4325 1978 4390 uxoris,

386 4425 562 4497 quibus
592 4433 798 4486 eatenus
827 4429 1094 4486 caruerat,
1129 4419 1339 4489 cupido,
1380 4418 1536 4473 donec
1573 4434 1634 4472 ea
1658 4418 1748 4474 illo
1787 4434 1984 4488 quoque

388 4529 600 4574 matrem
625 4523 811 4590 [actam
837 4517 1042 4571 domum
1063 4515 1248 4586 recepit
1276 4515 1421 4584 quasi
1448 4514 1708 4569 usuariam
1725 4513 1974 4584 (Appian.

393 4612 479 4666 tib.
515 4609 580 4678 ιι,
609 4611 673 4665 de
711 4609 827 4664 bell.
847 4609 992 4664 τίνει.
1023 4618 1156 4679 post.
1185 4607 1353 4672 med.,
1382 4608 1500 4678 pag.
1528 4605 1680 4677 266).
1710 4605 1980 4677 Scriptum
2003 4613 2066 4693 ‘D

390 4719 604 4777 quoque
631 4720 662 4758 a
686 4703 948 4760 Strabone
978 4703 1204 4772 legimus
1225 4693 1342 4771 lege
1361 4700 1500 4770 apud
1530 4698 1770 4770 Tapyros
1795 4713 1984 4770 recep-

391 4807 526 4864 tum,
555 4807 614 4852 ut
643 4797 742 4850 viri
769 4811 964 4852 uxores
992 4809 1139 4860 suas,
1165 4801 1450 4864 postquam
1486 4791 1622 4847 duos
1647 4799 1740 4845 aut
1769 4800 1878 4847 tres
1920 4791 1988 4845 l-i-

391 4892 554 4948 beros
607 4898 996 4959 susceperant,
1039 4887 1162 4942 aliis
1212 4887 1450 4942 locarent
1493 4886 1546 4940 in
1601 4885 1985 4940 matrimonio:

388 4992 606 5056 καθάπερ
641 4997 727 5038 ιιιί
747 4991 917 5041 Κάτων
945 4972 1160 5054 (ipsum
1190 4987 1396 5043 δεηθέντι
1425 4986 1612 5047 “Haec
1652 4991 1738 5040 τὶν
1765 4986 1992 5050 Nuptiae

391 5079 460 5148 lg’
487 5088 620 5146 ἡμῶν
645 5083 771 5133 κατὰ.
801 5085 1002 5132 autem
1047 5064 1281 5143 ῥωμαίων
1325 5082 1442 5140 ἔθος,
1497 5073 1646 5128 Sicut
1669 5073 1822 5128 etiam
1863 5070 1990 5127 Cato

395 5168 672 5230 Hortensio
697 5168 898 5239 roganti
929 5166 1174 5221 Martium
1197 5182 1346 5221 suam
1380 5173 1554 5219 nostra
1581 5174 1730 5218 tetate
1759 5163 1990 5228 tradidit,

395 5271 594 5316 secutus
642 5271 854 5316 veterem
908 5259 1260 5314 Romanorum
1308 5257 1726 5312 consuetudinem
1771 5255 1989 5326 (Strab.

398 5355 485 5410 lib.
511 5356 582 5417 XI
637 5355 848 5426 Geogr.,
879 5371 1000 5426 pag.
1028 5353 1180 5424 265).
1212 5353 1321 5409 Nec
1349 5351 1638 5407 defuerunt
1668 5359 1859 5420 poetae,
1901 5349 1996 5419 qui

396 5447 500 5506 hoc
525 5445 745 5504 Catonis
774 5445 971 5502 factum
1003 5447 1114 5500 suis
1142 5447 1458 5502 cecinerunt
1484 5442 1844 5510 carminibus,
1881 5441 1992 5496 his-

397 5556 499 5611 que
528 5539 864 5612 pntissimum
905 5537 1153 5593 Lucanus
1185 5556 1200 5592 :

549 5671 753 5722 Interea
774 5669 958 5719 thbo
975 5669 1165 5733 gelidas
1180 5668 1399 5733 pellente
1425 5665 1678 5733 tenebras,

554 5733 766 5795 Pulsatae
789 5729 1004 5782 sonuere
1028 5729 1315 5795 fores,'quas
1330 5737 1493 5795 sancta
1512 5729 1687 5779 relicto

449 5857 456 5860 _
555 5794 1029 5860 Hortensinunrens
1046 5792 1225 5860 irrupit
1241 5794 1414 5860 Martia
1436 5792 1600 5852 busto,
1652 5855 1697 5860 __
1776 5847 1780 5852 1

555 5857 809 5916 Quondam
835 5860 972 5917 virgo
988 5857 1108 5908 toris
1123 5855 1340 5909 melioris
1357 5857 1523 5919 juncta
1545 5855 1720 5906 mariti.

2084 3293 2253 3349 nepos
2278 3288 2412 3333 erat.
2439 3277 2546 3334 Cur
2590 3293 2740 3347 ergo,
2792 3279 2995 3348 inquiet
3024 3278 3242 3348 aliquis,
3271 3294 3300 3332 a
3343 3279 3677 3334 Tertulliano

2083 3380 2269 3427 nostro
2323 3370 2529 3426 Censor
2583 3370 2845 3424 vocatur?
2892 3370 3184 3436 Enimvero
3232 3370 3433 3424 diserte
3473 3369 3672 3427 ibidem

2081 3465 2330 3534 scripsit:
2358 3461 2608 3525 Lenones,
2641 3461 2988 3532 manuscripti
3023 3461 3190 3516 nostri
3221 3461 3471 3527 codices,
3501 3460 3680 3516 Lenon

2081 3567 2154 3610 est
2186 3554 2520 3625 philosophus
2561 3551 2821 3618 Socrates,
2875 3562 2922 3606 et
2971 3551 3158 3607 Censor
3192 3551 3318 3606 Cato
3345 3552 3676 3624 (Tertullian.

2083 3648 2375 3719 Apologet.,
2395 3661 2510 3714 cap.
2531 3645 2621 3711 39,
2652 3663 2702 3715 p.
2747 3641 2899 3714 467).
2919 3643 3184 3714 Numquid
3206 3645 3362 3715 igitur
3379 3644 3450 3698 ibi
3469 3660 3676 3702 memo-

2081 3743 2178 3796 ria:
2209 3740 2350 3793 illius
2375 3743 2661 3807 ἁμάρτημα,
2685 3746 2739 3792 et
2767 3751 2922 3791 error
2957 3736 3083 3790 est?
3112 3737 3181 3790 At
3211 3737 3332 3791 huic
3360 3738 3680 3807 responderi

2085 3842 2261 3906 potest
2286 3832 2545 3887 Catonem
2579 3846 2607 3883 a
2636 3829 2968 3884 Tertulliauo
3010 3843 3114 3884 non
3143 3828 3424 3900 dignitate,
3447 3830 3540 3885 sed
3559 3833 3676 3886 ani-

2083 3941 2173 3980 mo
2195 3938 2514 3992 morumque
2540 3923 2829 3976 severitate
2855 3935 3136 3976 censorem
3157 3921 3434 3992 appellari.
3460 3921 3674 3980 Etenim

2078 4017 2190 4088 jam
2231 4019 2422 4071 citatus
2448 4013 2655 4076 anobis
2679 4012 2928 4068 Lucanus
2957 4014 3182 4070 canebat
3211 4029 3244 4083 τι
3590 4021 3617 4028 “

2247 4165 2270 4205 τ’
2328 4163 2349 4205 ,Δ
2410 4163 2432 4205 ἓ
2577 4138 2762 4186 mores,
2788 4124 2893 4174 haec
2910 4123 3020 4172 duri
3038 4123 3237 4173 immota
3258 4122 3456 4175 Catonis

2239 4192 2387 4241 Secta
2410 4188 2516 4249 fuit,

2953 4247 3177 4308 (Lucam,
3202 4243 3283 4296 lib.
3304 4261 3358 4309 ιι,
3382 4261 3424 4297 v.
3452 4247 3590 4312 379.)

2086 4360 2340 4417 videlicet
2368 4357 2556 4412 stoica.
2588 4354 2666 4410 Eo
2715 4355 2876 4410 etiam
2907 4367 3070 4409 sensu
3104 4366 3298 4409 nomen
3333 4358 3576 4411 censoris
3603 4357 3672 4412 ab

2087 4453 2304 4509 Horatio
2333 4448 2593 4518 accipitur
2628 4461 2644 4498 :

2242 4564 2307 4613 At
2328 4562 2412 4625 qui
2435 4559 2706 4625 legitimum
2723 4559 2890 4621 cupiet
2913 4555 3088 4625 fecisse
3105 4568 3298 4625 poema,

2241 4620 2361 4678 Cuui
2385 4620 2566 4674 tabulis
2585 4620 2796 4671 animum
2818 4621 3041 4669 censoris
3061 4625 3226 4668 sumet
3246 4620 3459 4670 honesti.

2708 4684 2924 4744 (uorat,
2941 4680 3021 4731 tib.
3045 4680 3109 4741 u,
3129 4681 3268 4744 epist.
3291 4683 3341 4744 2,
3359 4694 3403 4733 υ.
3419 4682 3552 4748 379.)

2090 4796 2158 4851 Et
2186 4791 2314 4848 alibi
2343 4789 2410 4846 de
2435 4798 2552 4845 arte
2583 4787 2787 4857 poetica
2819 4801 2835 4840 :

2414 4944 2424 4953 .
2491 4902 2676 4954 Censor
2699 4903 3061 4964 castigatorque
3094 4902 3349 4950 minorum.

2967 4964 3067 5025 (de
3088 4967 3195 5014 Art.
3215 4971 3338 5029 poet.
3364 4977 3407 5015 υ.
3431 4966 3564 5032 tu.)

2091 5080 2222 5136 Cato
2250 5087 2429 5134 autem
2452 5076 2563 5143 ille,
2587 5073 2833 5146 Appiano
2857 5071 3032 5127 adhuc
3063 5069 3222 5140 teste,
3247 5073 3445 5128 habitus
3478 5073 3576 5142 fuit
3600 5074 3676 5127 vir

2096 5174 2320 5228 omnium
2351 5171 2698 5242 gravissimus,
2731 5167 3174 5236 tenacissimusque
3218 5167 3496 5236 propositi,
3527 5177 3580 5221 ut
3605 5170 3691 5238 qui

2088 5267 2286 5337 justum
2308 5279 2368 5316 ac
2393 5263 2659 5316 honestum
2679 5275 2777 5315 non
2799 5275 2862 5315 ea:
2887 5260 3022 5329 vulgi
3045 5259 3266 5313 moribus
3294 5261 3570 5328 metiretur,
3602 5261 3692 5316 sed
3731 5278 3744 5298 κ

2097 5362 2250 5416 rectis
2265 5376 2325 5415 ac
2351 5362 2604 5433 generosis
2625 5357 2926 5424 rationibus,
2947 5364 3038 5410 aut
3054 5355 3191 5409 sicut
3211 5354 3456 5411 Lucanus
3474 5369 3690 5432 rursum

2101 5459 2296 5515 cecinit
2325 5474 2336 5508 :

2254 5573 2466 5624 Justitim
2481 5573 2654 5633 cultor,
2677 5569 2824 5632 rigidi
2846 5574 3069 5633 servator
3091 5570 3305 5633 honesti.

2975 5632 3192 5695 (Lucam,
3217 5629 3300 5680 lib.
3328 5628 3392 5689 II,
3408 5641 3450 5678 υ.
3469 5627 3599 5692 588.)

2104 5750 2175 5803 At
2226 5746 2270 5800 is
2310 5743 2652 5816 quantumvis
2695 5741 2982 5799 severioris
3007 5740 3308 5811 disciplina:
3355 5736 3694 5810 pra-dicator,

2101 5854 2325 5898 uxorem
2373 5835 2720 5898 nihilominus
2787 5850 2936 5893 suam
2983 5833 3294 5899 Hortensio,
3355 5831 3529 5890 amico
3580 5845 3704 5896 suo,
