4240 6262
511 298 634 359 919-

1607 292 1671 348 IN
1698 289 2174 349 ’TERTULLIANI
2189 293 2197 299 ’
2213 285 2481 348 APOLOG
2491 286 2744 347 ETICUM

3706 286 3840 346 920-

513 422 698 470 contra
730 412 960 484 conjugii
988 411 1106 480 jura
1141 408 1426 479 ﬁdemque,
1453 405 1592 477 turpi
1621 406 1889 462 lenocinio
1925 405 2102 461 collo-
2130 408 2184 468 Α
2279 406 2512 460 mulieres
2530 421 2688 472 ,quas
2707 404 3024 460 Democritus
3045 443 3060 470 ,
3086 419 3148 459 ne
3167 404 3562 475 concupisceret,
3586 419 3639 458 se
3656 401 3819 459 excre-

511 510 671 563 cavit.

587 601 839 670 Ejusdem
862 597 1103 654 criminis
1128 599 1329 652 Auctor
1355 603 1538 654 noster
1565 595 1840 652 Socratem
1870 602 2106 650 accusat.

514 697 583 749 At
612 704 814 748 certum
856 691 1068 761 quidem
1109 702 1191 746 est
1236 691 1409 760 ipsum
1464 691 1595 745 duas
1642 690 1800 744 simul
1859 687 2111 745 habuisse

515 801 710 841 uxores
739 802 750 837 :
782 783 1126 854 Xanthippcn
1149 783 1490 849 videlicet,’_ct
1517 782 1884 855 Myrrhonem,
1914 781 2109 837 Aristi-

514 879 597 932 dis
617 875 893 945 cnjusdam
919 874 1103 941 ﬁliam,
1138 876 1219 930 vel
1261 891 1332 930 ex
1365 876 1470 930 lilia
1503 886 1741 946 neptem.
1770 875 1888 942 Quo
1931 884 2109 930 autem

518 969 648 1024 illud
686 968 927 1038 pluribus
972 969 1197 1022 testibus
1225 969 1504 1033 Athenmo,
1536 967 1772 1033 Lacrtio,
1801 966 2106 1030 Plutarcho,

515 1062 867 1132 Hieronymo,
923 1059 1124 1132 Cyrillo
1178 1061 1582 1128 Alexandrino,
1633 1060 1974 1116 Theodoreto
2019 1060 2113 1115 de-

516 1165 865 1220 monstratur,
894 1169 960 1209 eo
998 1154 1222 1223 probatu
1250 1153 1527 1210 difﬁcilius
1558 1165 1640 1208 est
1672 1164 1851 1208 utrum
1883 1154 1970 1208 ille
2009 1155 2112 1208 Su-

515 1259 713 1313 crates,
739 1264 843 1302 non
875 1261 1031 1301 secus
1059 1262 1120 1302 ac
1146 1247 1278 1302 Cato
1300 1288 1313 1309 ,
1349 1262 1568 1302 uxorem
1599 1263 1748 1300 suam
1779 1261 1897 1300 cum
1926 1247 2114 1301 amicis

517 1343 629 1396 suis
649 1357 832 1396 revera
851 1341 1326 1394 commnnicaverit
1349 1341 1582 1408 (At/tem,
1605 1341 1692 1392 lib.
1717 1340 1855 1404 XIII,
1889 1339 2114 1409 Dcipnos

522 1436 638 1488 init.
661 1477 675 1501 ,
702 1451 819 1505 pag.
850 1434 979 1489 555.
1025 1433 1220 1498 Laert.-,
1252 1434 1340 1488 lib.
1374 1432 1467 1487 XII
1490 1434 1540 1486 in
1569 1433 1657 1486 vit.
1692 1433 1919 1495 Socrat.,
1949 1433 1976 1504 §
2001 1433 2072 1488 ‘26
2097 1450 2111 1499 ;

521 1526 792 1580 Plutarch.
823 1527 874 1578 in
916 1526 1009 1594 ﬁn.
1058 1527 1146 1579 vit.
1194 1525 1430 1588 Aristid.,
1461 1541 1580 1594 pag.
1611 1524 1753 1588 555;
1786 1523 2113 1595 llieronym.,

527 1617 614 1670 lib.
647 1615 714 1681 ll,
745 1617 861 1669 adv.
916 1614 1205 1681 Joviniatt.,
1239 1632 1359 1686 pag.
1395 1615 1530 1679 190;
1560 1615 1767 1686 Cyrill..
1794 1615 1991 1683 lib.VI,
2021 1616 2117 1668 ad-

519 1725 647 1762 vers.
694 1707 919 1770 Julian.,
955 1726 1072 1778 pag.
1106 1708 1230 1772 186,
1255 1719 1300 1760 et
1329 1706 1543 1771 lib.VlI,
1575 1725 1694 1778 pag.
1723 1707 1849 1769 9.26;
1887 1707 2118 1762 Theodo-

2284 499 2414 554 cuvit
2438 515 2457 553 :
2478 499 2701 553 etltnicos
2727 498 3061 554 christianam
3084 498 3345 569 {trutinam
3371 498 3441 551 ad
3468 498 3700 552 lenonem
3722 514 3789 568 po

2284 591 2403 657 tius,
2426 607 2576 660 quant
2602 591 2796 645 leonem
2816 590 3133 658 damnando,
3151 606 3298 644 suam
3325 591 3615 662 prodidisse
3633 592 3816 647 intent-

2283 685 2570 755 perantiam
2593 692 2640 737 et
2667 681 3072 738 Christianorum
3098 685 3402 738 castitatem.

2286 779 2538 834 Nostrum
2608 779 3000 849 subsequantur
3053 779 3385 844 Auctorem,
3419 794 3482 835 ac
3535 779 3820 838 videamus

2215 872 2484 943 quomodo
2528 872 2832 927 inchoatam
2864 871 2930 927 de
2978 871 3406 928 Christianorum
3450 872 3818 929 ethnicorum-

2216 983 2320 1038 que
2345 967 2594 1022 castitate.
2629 967 3084 1036 comparationem
3134 975 3488 1038 prosequatur
3516 985 3530 1020 :
3558 965 3818 1022 Christia-

2217 1078 2333 1124 nus,
2360 1060 2550 1130 inquit,
2582 1061 2651 1114 ad
2677 1075 2855 1114 sexum
2883 1076 2972 1112 nec
3002 1058 3223 1130 fantium
3258 1069 3418 1113 mutat
3447 1057 3466 1130 (
3497 1058 3807 1114 Tertullian.

2218 1151 2485 1223 Apologet.
2513 1168 2628 1220 cap.
2657 1151 2749 1219 46,
2777 1167 2896 1222 pag.
2924 1150 3081 1218 500).
3106 1150 3182 1205 Ita
3218 1150 3434 1221 quidem
3481 1152 3533 1205 in
3576 1150 3814 1208 editione

2228 1245 2442 1315 Rigaltii
2465 1287 2479 1310 ,
2511 1245 2600 1314 qui
2643 1244 2900 1299 observat
2937 1243 3261 1298 his‘duobus
3301 1243 3598 1309 verbis,ad
3623 1259 3814 1300 sexum

2220 1335 2292 1391 fda
2308 1337 2466 1390 minus
2484 1377 2499 1401 ,
2533 1336 2675 1392 idem
2703 1350 2825 1391 esse
2851 1350 2912 1389 ac
2937 1334 3247 1391 fdamineum
3270 1351 3458 1391 sexum
3484 1345 3660 1390 mutat.
3705 1336 3816 1392 Sed

2222 1429 2362 1484 unde
2430 1429 2584 1483 hanc'
2619 1429 2899 1484 lectionem
2957 1429 3284 1499 sumpserit,
3345 1444 3444 1484 nec
3504 1424 3658 1500 ipse,
3709 1444 3849 1486 nec”

2221 1522 2308 1574 alii
2331 1522 2447 1591 ejus
2474 1536 2732 1591 sequaces
2766 1522 2919 1576 nobis
2950 1522 3340 1576 indicaverunt.
3374 1521 3429 1576 In
3479 1521 3682 1576 nostris
3721 1536 3820 1576 au-

2224 1621 2330 1667 tem
2361 1612 2636 1668 codicibus
2680 1614 3090 1682 manuscriptis,
3121 1615 3342 1684 aliiSque
3379 1614 3630 1668 omnibus
3654 1612 3817 1670 editis
3845 1637 3848 1642 λ

2225 1706 2452 1776 legimus
2480 1725 2492 1760 :
2520 1706 2715 1762 Sexum
2747 1724 2836 1762 nec
2865 1709 3154 1780 {centineum
3182 1719 3341 1762 mutat
3366 1709 3697 1770 cltristiantts.
3721 1710 3823 1765 hoc

518 1809 638 1866 ret.,
665 1810 786 1853 tom.
820 1799 907 1863 ιν,
927 1816 1077 1852 serm.
1103 1799 1192 1864 12,
1217 1802 1279 1853 de
1305 1801 1472 1852 virtut.
1498 1809 1628 1864 act.,
1647 1811 1766 1869 pag.
1797 1798 1955 1870 673)?
1986 1799 2120 1854 Vide
2150 1802 2197 1862 B
2227 1810 2331 1865 est,
2364 1808 2421 1852 ut
2447 1799 2689 1868 Apostoli
2715 1800 2895 1854 verbis
2923 1810 3156 1865 utamur,
3187 1801 3532 1856 masculorum
3571 1802 3816 1856 concubi-

517 1901 695 1946 autcui
717 1900 890 1944 utrum
926 1891 992 1944 ad
1033 1889 1348 1944 solvendum
1378 1889 1604 1957 hujusce
1657 1890 1989 1944 dil'ﬁcultatis
2020 1906 2120 1944 no-

518 1985 646 2039 dum
699 2001 760 2040 ea
815 1985 1105 2050 sufﬁciant,
1156 2002 1276 2055 qua:
1330 1984 1565 2055 Cyrillus
1614 1984 2018 2039 Alexandrinus
2069 1995 2124 2040 ct

520 2077 894 2132 Theodorelns
942 2077 1277 2132 tradiderunt
1329 2075 1536 2148 (συν-θη.
1566 2087 1612 2130 et
1654 2075 1986 2140 Tlteodoret.,
2018 2077 2118 2131 loc.

519 2170 655 2236 cit.).
683 2169 896 2224 ductam
945 2186 972 2220 a
995 2171 1215 2224 Socrate
1266 2161 1609 2238 Xanthippen
1681 2179 1959 2240 κοινωτέραν
1987 2193 2083 2231 πως
2104 2213 2118 2237 ,

517 2264 807 2333 aliquando
838 2263 1212 2331 vulgatiorem,
1245 2277 1366 2317 cum
1397 2279 1498 2332 qua
1521 2263 1657 2318 clam
1687 2263 1778 2318 ille
1795 2279 2118 2334 congressus
2165 2305 2178 2316 .

518 2355 892 2426 Lantproclcm
926 2356 1093 2409 ﬁlium
1140 2355 1421 2422 suscepit

591 2449 666 2504 De
713 2459 938 2518 utroque
984 2463 1143 2523 porro
1189 2456 1244 2502 et
1291 2448 1511 2502 Socrate
1555 2457 1612 2502 et
1654 2448 1856 2504 Catone
1912 2449 2122 2505 addidit

521 2539 888 2595 Tertullianus
920 2559 932 2593 :
974 2539 1160 2593 Nescio
1189 2539 1391 2609 quidem
1434 2556 1502 2594 an
1539 2541 1723 2595 invitas
1764 2555 1963 2597 uxores
1997 2557 2122 2598 suas

520 2632 709 2686 amicis
736 2633 848 2686 suis
881 2633 931 2685 in
961 2631 1304 2685 matrimonio
1334 2632 1652 2686 Iocaveriut.
1677 2632 1796 2700 Quo
1822 2634 1964 2688 enim
1993 2649 2119 2704 pac-

519 2734 577 2778 to
611 2726 723 2780 ﬁeri
756 2725 926 2794 potuit
955 2735 1013 2779 ut
1039 2723 1122 2777 hae
1148 2725 1266 2778 dua)
1299 2738 1493 2780 uxores
1522 2740 1552 2778 a
1583 2726 1710 2778 viris
1739 2727 1850 2780 suis
1896 2736 2143 2806 nuptum.

522 2819 689 2871 invite
729 2819 847 2872 aliis
877 2821 1014 2870 datm
1050 2817 1202 2871 sint?
1231 2816 1417 2872 Nonne
1456 2833 1584 2888 ergo
1627 2827 1814 2874 auctor
1840 2831 2022 2875 noster
2052 2821 2120 2876 ad

529 2909 730 2963 Lucani
759 2909 918 2963 verba
960 2909 1205 2963 allusisse
1248 2909 1478 2974 videtur,
1518 2910 1713 2980 quibus
1741 2911 1926 2965 Martia
1957 2911 2120 2968 Cato-

519 3016 643 3056 nem
667 3040 680 3064 ,
713 3001 787 3055 uti
821 3001 1085 3067 diximtts,
1114 3002 1296 3056 virum
1338 3017 1492 3056 suum
1531 3003 1609 3058 sic
1676 3003 1907 3059 allocuta
1953 3004 2120 3062 fuisse

521 3092 876 3164 perhibetur?
2017 3111 2046 3118 —

671 3205 802 3274 Dum
827 3207 1027 3274 sanguis
1051 3208 1227 3274 iuerat,
1248 3206 1363 3256 dum
1388 3209 1723 3274 vistnaterna,
1753 3211 1929 3274 peregi

673 3269 816 3333 Iussa
834 3269 1046 3333 Cato,_et
1070 3272 1294 3330 geminos
1315 3273 1483 3333 accepi
1509 3270 1622 3320 freta
1649 3269 1876 3332 maritos,

674 3332 961 3382 Visceribus
983 3331 1126 3382 lassis
1127 3341 1390 3442 dpartuque
1425 3331 1662 3382 exhausta
1683 3331 1927 3398 reverter,

674 3393 783 3442 Jam
808 3394 925 3442 nulli
952 3395 1124 3442 tradeu
1162 3407 1188 3440 a
1218 3397 1320 3442 viro
1343 3408 1353 3442 :
1381 3394 1440 3442 da
1468 3395 1653 3442 foedera
1678 3398 1825 3442 prisci

673 3393 783 3458 iam
808 3394 925 3443 nulli
952 3393 1188 3458 tradenda
1218 3393 1321 3443 viro
1343 3408 1353 3443 :
1381 3394 1440 3443 da
1468 3395 1653 3445 foedera
1678 3398 1825 3458 prisci

676 3455 868 3505 Illibata
887 3456 1072 3512 tori,da
1103 3465 1285 3507 tantum
1305 3469 1482 3506 nomen
1507 3459 1654 3506 inane

583 3565 596 3575 _
676 3517 933 3580 Qonnubii,
959 3518 1106 3567 liceat
1129 3519 1317 3567 tumulo
1339 3521 1590 3580 scripsisse
1607 3555 1620 3577 ,
1641 3519 1838 3570 Catonis

676 3578 864 3642 Martia,
891 3591 984 3628 nec.
1007 3579 1206 3628 dubium
1233 3580 1381 3642 longo
1401 3578 1650 3642 quaeratur
1674 3584 1720 3630 in
1745 3596 1851 3633 aevo

674 3639 901 3688 Mutarim
926 3642 1124 3701 primas,
1152 3640 1357 3702 expulsa
1380 3639 1439 3689 an
1465 3644 1658 3703 tradita,
1685 3645 1850 3693 taedas.

1385 3724 1586 3782 (Lucan.
1616 3721 1699 3774 lib.
1717 3723 1764 3786 δὲ,
1782 3741 1830 3772 v.
1855 3725 1986 3787 23L)

572 3826 705 3881 Nam
727 3826 794 3880 ibi
815 3824 1026 3895 quidem
1048 3825 1342 3895 postulasse
1357 3826 1571 3888 dicitur,
1592 3838 1648 3881 ut
1668 3839 1877 3882 mortuo
1897 3829 2117 3885 Horten-

519 3920 622 3981 sio,
657 3917 708 3971 in
742 3917 1028 3986 pristinum
1065 3916 1466 3972 matrimonium
1498 3918 1527 3972 a
1553 3919 1756 3974 Catone
1805 3921 2111 3990 recipiatur.

520 4008 625 4064 Sed
657 4008 795 4063 hanc
839 4008 1109 4078 petitionis
1138 4022 1248 4061 sua:
1278 4007 1432 4063 aﬁ‘ert
1482 4011 1775 4072 rationem,
1815 4021 1873 4066 ut
1914 4015 2113 4082 posteri

517 4103 691 4157 sciant
715 4116 774 4156 se
802 4117 906 4154 non
932 4101 1202 4170 repulsam
1224 4109 1278 4155 et
1305 4102 1637 4172 repudiatam
1663 4105 1730 4159 ab
1753 4106 1869 4172 ipso
1886 4106 2110 4174 Catone,

517 4193 546 4248 a
596 4209 703 4264 quo
741 4193 934 4248 tradita
980 4194 1266 4250 Hortensio
1297 4196 1487 4251 fuerat.
1524 4197 1608 4251 Ab
1639 4198 1729 4252 illo
1757 4208 1935 4254 autem
1975 4201 2110 4255 tradi

515 4285 691 4358 potuit
725 4302 823 4342 nec
855 4287 1039 4350 invita,
1075 4303 1174 4344 nec
1206 4305 1529 4360 repugnans.
1571 4291 1706 4359 Quia
1749 4300 1928 4348 tamen
1960 4295 2112 4364 prius

515 4381 723 4438 dixerat
744 4383 912 4454 peregi
923 4384 1094 4454 jussa,
1123 4383 1304 4453 colligi
1333 4393 1510 4452 potest
1541 4400 1659 4438 eam
1691 4393 1879 4440 contra
1911 4387 2110 4441 volun-

513 4485 678 4533 tatem
701 4491 852 4532 suam
879 4477 1106 4545 primum
1126 4475 1407 4545 reliquisse
1439 4478 1709 4544 maritum,
1731 4488 1785 4533 et
1811 4479 2107 4534 secundum

2231 1900 2310 1944 tor
2339 1905 2442 1946 non
2471 1899 2556 1945 est
2580 1889 2598 1956 (
2626 1889 2783 1947 Paul.
2813 1893 2962 1961 epist.
2991 1892 3052 1959 II,
3079 1894 3146 1946 ad
3171 1891 3315 1947 Cor..
3345 1909 3463 1964 cap.
3488 1894 3541 1958 6,
3581 1894 3618 1963 ᾖ
3642 1932 3656 1946 .
3683 1894 3751 1949 i0
3778 1905 3828 1948 et

2231 1984 2254 2036 I
2289 1984 2355 2036 ad
2388 1982 2633 2047 Timotlt.,
2667 2001 2781 2054 cap.
2817 1986 2866 2049 l,
2889 1985 2923 2054 ᾗ
2948 2022 2962 2038 .
2990 1984 3113 2056 10).
3157 1983 3290 2039 Nam
3322 1967 3392 2038 ibi
3424 1996 3614 2040 auctor
3643 1994 3830 2042 noster

2229 2076 2555 2132 christianos
2584 2077 2812 2146 Opponit
2833 2077 3062 2142 Socrati,
3085 2078 3153 2133 de
3173 2093 3278 2149 quo
3299 2077 3412 2133 haec
3438 2078 3623 2134 scribit
3647 2095 3661 2130 :
3685 2078 3825 2151 Lego

2229 2179 2425 2238 partem
2453 2171 2713 2223 sententia:
2755 2170 2938 2222 Attica:
2965 2171 3017 2222 in
3065 2170 3328 2224 Socratem
3351 2185 3370 2223 :
3400 2181 3672 2238 corruptor
3699 2172 3828 2225 ado-

2227 2262 2520 2316 lescentium
2554 2263 2930 2332 pronuntiatur.
2959 2263 3063 2319 Sed
3113 2263 3200 2319 hic
3237 2262 3412 2318 adhuc
3456 2265 3766 2320 immutatus
3792 2281 3824 2319 a

2207 2351 2461 2421 Rigaltio
2484 2352 2794 2406 Tertulliani
2829 2362 3024 2419 textus,
3048 2354 3137 2424 qni
3168 2354 3218 2408 in
3243 2353 3441 2408 nostris
3467 2354 3747 2411 codicibus
3771 2365 3827 2410 et

2225 2444 2345 2499 aliis
2371 2445 2584 2499 excusis
2611 2446 2862 2500 omnibus
2886 2445 2963 2500 sic
2994 2445 3220 2501 habetur
3244 2464 3256 2500 :
3281 2445 3517 2517 cho....
3551 2447 3603 2501 in
3633 2447 3826 2502 Socra—

2227 2548 2324 2591 tent
2361 2547 2710 2608 corruptorem
2738 2539 3132 2594 adolescentium
3161 2539 3546 2608 pronuntiatum
3579 2538 3823 2612 (Tertul-

2227 2629 2379 2696 lian.,
2414 2632 2510 2683 loc.
2552 2631 2640 2684 cit.
2676 2630 2717 2700 ).
2757 2630 2898 2698 Quid
2943 2646 3070 2700 ergo
3111 2632 3180 2686 ibi
3213 2631 3417 2701 absque
3462 2633 3619 2687 ullius
3666 2632 3822 2702 plane

2226 2722 2429 2778 codicis
2459 2723 2784 2788 testimonio,
2821 2735 2875 2779 ct
2904 2733 3088 2779 contra
3118 2724 3442 2779 concordem
3473 2725 3711 2780 ottmium
3753 2724 3822 2779 Ii-

2228 2817 2442 2873 brorum
2484 2817 2646 2873 ﬁdem
2677 2820 2871 2874 mutari
2900 2818 3179 2875 debebat?
3207 2817 3395 2874 Nonne
3435 2820 3536 2874 hoc
3570 2817 3823 2889 loquendi

2229 2910 2388 2965 modo
2427 2910 2556 2964 satis
2582 2910 2727 2966 clare
2756 2921 2810 2966 et
2835 2911 3000 2966 latine
3026 2911 3348 2981 exprimitur
3375 2926 3532 2966 verus
3560 2912 3660 2966 iste
3689 2911 3826 2966 Ter.

2230 3004 2436 3058 tulliani
2463 3018 2686 3060 sensus:
2708 3005 2788 3058 Ab
2810 3004 3232 3060 Atheniensibus
3261 3004 3380 3059 ideo
3402 3005 3557 3058 latam
3579 3021 3643 3058 ex
3670 3013 3825 3073 parte

2229 3098 2280 3150 in
2308 3096 2584 3152 Socratem
2610 3097 2798 3152 mortis
2820 3097 3172 3162 sententiam;
3197 3099 3317 3167 quia
3346 3113 3447 3152 non
3479 3097 3652 3151 solum
3677 3097 3817 3152 deos

2149 3197 2194 3258 ρ
2231 3189 2529 3258 negavisse,
2563 3187 2659 3244 sed
2691 3188 3066 3244 adolescentes
3092 3188 3251 3242 etiam
3274 3187 3575 3258 corrupisse
3595 3200 3819 3241 accusa-

2228 3282 2405 3336 batur.
2438 3285 2506 3336 At
2534 3290 2680 3336 certe
2710 3281 2868 3352 hujus
2896 3281 3112 3336 nefandi
3145 3282 3366 3337 sceleris
3395 3297 3500 3335 non
3526 3279 3692 3335 semel
3715 3293 3820 3350 po-

2225 3375 2453 3429 stulatur
2489 3375 2519 3429 2t
2549 3375 2812 3442 Luciano,
2843 3375 2931 3445 qui
2966 3375 3112 3430 illum
3142 3374 3336 3429 alicubi
3383 3375 3638 3430 fatentem
3671 3389 3824 3430 reum

2226 3468 2428 3523 inducit
2454 3468 2708 3540 (anian.
2739 3467 2899 3523 I’itar.
2924 3470 3149 3534 Auctio,
3183 3485 3301 3540 pag.
3335 3468 3437 3526 195
3461 3469 3509 3539 );
3539 3469 3665 3524 alibi
3692 3483 3824 3524 vero

2226 3562 2444 3633 perjurii
2478 3562 2766 3627 insimulat,
2797 3571 2855 3617 ut
2885 3572 3010 3633 pote
3031 3564 3119 3632 qui
3147 3563 3406 3632 juraverit
3435 3555 3494 3616 se
3520 3576 3641 3616 cum
3668 3561 3824 3631 juve-

2226 3655 2382 3711 nibus
2408 3656 2723 3712 innocenter
2749 3657 2950 3711 versari
2976 3656 3165 3725 (idem,
3185 3656 3271 3709 lib.
3299 3655 3360 3721 II,
3396 3653 3586 3711 'Verar.
3615 3655 3817 3720 ltistor.,

2223 3749 2387 3819 597);
2413 3750 2662 3820 quamvis
2690 3749 3023 3820 Hyacinthus
3046 3757 3100 3804 et
3122 3748 3402 3804 Narcissus
3431 3763 3491 3803 se
3519 3748 3585 3802 ab
3613 3763 3678 3803 eo
3709 3757 3822 3802 tur-

2222 3840 2649 3908 piteradamatos
2673 3843 2842 3910 palam
2882 3841 3313 3896 testiﬁcarentur.
3363 3841 3629 3895 Praeterea
3649 3839 3821 3894 Athe-

2223 3945 2371 3984 nteus
2401 3932 2546 3984 illum
2573 3933 2755 4006 arguit
2780 3932 3182 4003 ﬁagitiosissimi
3216 3933 3268 3985 in
3303 3931 3632 3986 Alcibiadem
3662 3945 3822 3985 amo-

2222 4022 2316 4087 ris,
2345 4023 2480 4076 sicut
2505 4032 2688 4092 postea
2715 4023 2952 4094 Cyrillus
2981 4023 3397 4089 Alexandrinus,
3423 4032 3477 4078 et
3506 4021 3823 4079 Theodore-

2221 4122 2306 4168 tus
2329 4112 2349 4183 (
2367 4114 2613 4178 Atheuae,
2645 4114 2734 4167 lib.
2765 4111 2828 4169 V.
2861 4113 3234 4186 Deipnosoplt.,
3265 4132 3383 4184 cap.
3416 4114 3505 4179 i9,
3536 4131 3655 4186 pag.
3685 4113 3816 4170 219.

2217 4203 2424 4276 Cyrill.,
2441 4205 2531 4261 lib.
2552 4205 2617 4260 VI
2636 4208 2686 4260 in
2701 4206 2927 4272 Julian.,
2947 4225 3066 4279 pag.
3091 4209 3212 4263 157.
3229 4206 3562 4269 Tlteodoret.,
3579 4223 3729 4260 sentt.
3749 4205 3821 4262 13

2217 4297 2280 4350 de
2306 4299 2418 4350 viri.
2450 4297 2587 4364 Act.,
2616 4315 2734 4370 pag.
2753 4298 2905 4370 672).
2923 4299 3060 4366 Quin
3089 4301 3248 4354 etiam
3274 4299 3326 4352 hi
3351 4298 3459 4354 duo
3485 4298 3819 4370 posteriores

2217 4387 2392 4458 ipsum
2451 4388 2781 4446 detestandis
2840 4389 3150 4445 libidinibus
3216 4393 3484 4446 exarsisse
3519 4389 3813 4445 afﬁrmant.

2288 4483 2356 4537 At
2381 4483 2609 4552 quibus,
2643 4484 2854 4554 inquies
2878 4525 2895 4551 ,
2937 4485 3164 4539 testibus
3211 4483 3426 4554 probari
3479 4492 3653 4553 potest
3687 4497 3813 4537 eum

514 4570 807 4640 accepisse.
839 4568 956 4623 Non
988 4569 1125 4624 male
1151 4568 1683 4639 igitur'l‘ertullianus
1714 4569 1910 4626 fatetur
1932 4571 1982 4626 id
2005 4573 2105 4625 sibi
2135 4590 2188 4649 1)
2216 4588 2319 4627 non
2359 4575 2520 4628 modo
2548 4576 2618 4630 ob
2643 4585 2854 4645 spretos
2885 4585 2939 4630 et
2979 4576 3290 4646 repudiatos
3317 4577 3598 4648 gentilium
3642 4574 3813 4641 deos,

513 4677 634 4719 esse
655 4663 941 4718 incertum.
971 4662 1075 4718 Sed
1112 4674 1377 4733 utcunque
1414 4679 1501 4719 res
1541 4678 1599 4719 se
1646 4663 1838 4719 habeat
1862 4707 1878 4732 ,
1917 4666 1984 4720 ab
2013 4665 2111 4722 hnc

514 4770 723 4812 morum
747 4756 1050 4826 corruptela
1075 4755 1230 4826 longe
1261 4756 1480 4811 aberant
1509 4757 1809 4822 christiani,
1839 4758 1928 4828 qui
1957 4773 2108 4812 sacra

512 4850 762 4905 connubii
802 4849 948 4917 jura,
976 4866 1003 4901 a
1046 4838 1154 4902 Iteo
1173 4848 1423 4912 stabilita,
1445 4863 1659 4902 summo
1678 4863 1891 4919 semper
1933 4850 2110 4914 studio

511 4951 654 4996 sarta
681 4949 816 4997 lecta
857 4941 1160 4996 servabant.
1194 4941 1298 5012 Sed
1322 4941 1589 5006 quomodo
1614 4940 1662 4994 id
1686 4941 1773 4994 ille
1798 4940 2104 5007 conﬁrmet,

511 5037 563 5091 in
593 5034 936 5105 subsequenti
965 5027 1209 5098 articul‘o,
1239 5035 1282 5087 si
1320 5032 1486 5098 lubet,
1519 5031 1965 5100 examinabimus.
2053 5033 2084 5106 ,ξ

1125 5142 1416 5183 Αιιτιευιυε
1454 5144 1506 5182 γ.

511 5224 781 5292 Quomodo
802 5223 1146 5278 Tertullianus
1168 5220 1468 5275 demonstret
1489 5221 1763 5275 maximam
1786 5223 1941 5294 fuisse
1960 5221 2111 5277 Citri-

587 5316 866 5372 stianorum
921 5313 1201 5368 castitatem
1247 5320 1295 5366 et
1331 5312 1595 5383 gentilium
1643 5313 2108 5370 incontinentiam:

581 5410 701 5463 illos
740 5423 916 5464 sexum
961 5405 1251 5474 {oatttitteum
1279 5421 1380 5459 non
1411 5415 1648 5468 mutasse,
1679 5415 1942 5476 corruptos
1989 5422 2106 5462 vero

584 5520 616 5554 a
642 5490 854 5558 So'cratc
878 5500 1252 5554 adolescentes:
1273 5497 1587 5554 Christianos
1617 5500 1857 5555 uxoribus
1876 5502 1982 5556 suis
2006 5503 2105 5556 dae

588 5604 690 5649 tam
739 5594 894 5663 ﬁdem
935 5607 1204 5658 servasse;
1251 5591 1570 5662 Aristippum
1616 5593 1815 5662 perdite
1859 5594 2110 5648 amovisse
2153 5654 2170 5659 ν,

584 5685 847 5755 Pltryncm
883 5687 1213 5751 meretricem,
1231 5699 1292 5739 ac
1313 5685 1656 5756 Speusippum
1676 5686 1883 5756 periisse
1896 5687 1949 5741 in
1964 5686 2132 5742 adulo.

595 5777 718 5828 terio
740 5791 758 5827 :
783 5774 1084 5830 christianos
1109 5775 1262 5829 salvis
1288 5774 1448 5830 oculis
1477 5784 1522 5830 et
1548 5791 1678 5832 cteco
1715 5777 1884 5830 animo
1931 5777 2115 5833 vidisse

2215 4665 2310 4721 sed
2330 4666 2400 4720 ob
2421 4667 2564 4722 hunc
2582 4683 2794 4738 quoque
2837 4683 3109 4738 nunquam
3135 4669 3264 4723 satis
3281 4667 3670 4725 exsecrandum
3687 4667 3815 4722 ado-

2216 4758 2530 4813 lescentium
2556 4775 2794 4815 amorem
2826 4761 2892 4815 ab
2919 4760 3340 4816 Atheniensibus
3361 4761 3526 4815 fuisse
3552 4759 3816 4814 condem-

2217 4851 2440 4904 natum?
2465 4851 2700 4905 Primum
2725 4851 2890 4906 habes
2914 4851 3216 4918 Platonem,
3240 4852 3329 4922 qui
3362 4851 3637 4906 memoria:
3661 4866 3820 4907 man-

2214 4941 2359 4996 davit
2383 4943 2630 4997 eumdem
2658 4941 2933 4998 Socratem
2963 4943 2992 4998 it
3017 4943 3195 4999 Melite
3240 4943 3636 5007 insimulatum,
3667 4943 3816 5013 quod

2195 5043 2409 5104 .prmter
2442 5034 2530 5104 jus
2558 5043 2614 5089 et
2658 5033 2736 5090 fas
2781 5044 3154 5104 corrumperet
3197 5036 3534 5104 juventutem
3561 5078 3575 5102 ,
3602 5035 3816 5106 diisque

2213 5128 2451 5198 negatis,
2496 5142 2664 5182 novos
2715 5127 3102 5183 introduceret.
3150 5128 3352 5183 Eadem
3390 5144 3517 5183 vero
3564 5129 3814 5184 Laertius

2213 5220 2440 5291 repetit.
2461 5219 2856 5294 Verumtamen
2911 5220 3209 5291 Xenophon
3267 5229 3494 5276 conatus
3552 5231 3635 5276 est
3683 5235 3814 5277 eum

2213 5324 2442 5385 utroque
2470 5314 2718 5381 crimine,
2749 5329 2812 5369 ac
2842 5312 3174 5384 potissimum
3205 5315 3377 5384 primo
3407 5315 3637 5371 liberare
3661 5313 3681 5384 (
3703 5311 3817 5368 Xe-

2213 5410 2373 5480 noplt.
2406 5407 2495 5465 lib.
2525 5408 2548 5464 ι
2577 5409 2913 5475 memorabil.,
2947 5425 3065 5480 pag.
3098 5409 3196 5464 7H
3226 5415 3273 5462 et
3311 5424 3448 5478 seqq.
3476 5407 3516 5478 );
3550 5415 3662 5462 tum
3684 5406 3815 5478 quia

2213 5502 2597 5560 continentiam
2643 5517 2854 5558 summo
2891 5502 3071 5558 studio
3111 5501 3310 5564 coluit,
3343 5511 3453 5556 tum
3497 5501 3622 5572 quia
3669 5499 3817 5556 hanc

2215 5596 2466 5651 virtutem
2497 5594 2712 5652 assidue
2747 5595 3039 5666 discipulos
3069 5609 3200 5651 suos
3225 5594 3480 5650 docebat.
3525 5593 3641 5648 Non
3670 5592 3819 5650 diiﬁ.

2215 5696 2356 5743 tetur
2381 5695 2559 5744 tamen
2587 5687 2948 5754 Alcibiadem,
2980 5686 3437 5759 quemadmodum
3465 5683 3722 5748 Critiam,
3757 5684 3819 5742 in

2214 5777 2363 5835 illius
2385 5779 2611 5836 traditos
2639 5779 2999 5852 disciplinam,
3033 5780 3268 5852 perditos
3299 5778 3467 5837 fuisse
3495 5777 3822 5834 adolescen-
