4240 6262
310 344 416 405 921
473 375 476 380 -

1409 328 1862 390 DISSERTATIO
1887 327 1956 386 D.
1985 326 2079 386 LE
2114 325 2424 386 NOURBY.
2483 325 2486 328 ’

3508 302 3623 375 92s

314 476 398 524 tes
420 480 485 524 ac
505 460 971 529 dissolutissimos,
989 457 1086 516 sed
1114 471 1224 513 non
1244 453 1414 528 prius,
1439 453 1628 526 inquit,
1659 467 1818 524 quam
1843 451 1912 506 ab
1936 450 1990 510 A
2016 451 2070 505 in
2097 450 2188 505 uit.
2223 447 2430 512 Platon,
2458 447 2485 519 §
2527 445 2597 502 45
2618 485 2632 511 ,
2664 449 2712 499 el
2755 441 2844 498 lib.
2888 433 2962 496 IV
3001 438 3056 493 in
3095 434 3164 491 vit
3211 435 3423 509 Speus.,
3458 435 3488 508 §
3514 434 3550 488 2
3572 434 3613 505 ).

316 560 412 619 illo
437 558 836 617 discessissent.

391 652 591 709 Verum
635 650 750 704 lucc
788 647 878 702 ille
917 645 1106 716 majori
1137 642 1359 699 forsitan
1391 642 1444 696 in
1482 641 1757 697 Socratem
1789 651 1916 709 pro-

320 746 615 817 pensione,
648 755 810 812 quam
839 738 1088 796 veritatis
1111 737 1311 792 studio.
1345 735 1400 790 Si
1427 735 1568 790 enim
1600 748 1757 788 veros
1798 745 1919 786 csse

319 836 594 907 gentilium
636 833 770 889 deos
812 831 1180 895 abitrabatnr,
1211 836 1266 884 et
1306 826 1552 889 colebat,
1589 841 1684 880 cur
1729 839 1916 880 eorum

320 929 458 984 facta
485 937 540 983 et
569 927 764 998 ﬂagitia
793 924 986 979 imitari
1018 923 1340 978 verebatur?
1361 919 1560 976 Deinde
1581 934 1708 974 vero
1734 932 1919 986 quam-

322 1022 403 1077 vis
443 1022 532 1076 ille
575 1020 804 1092 publicis
846 1019 900 1072 in
929 1017 1132 1073 scholis
1162 1015 1542 1072 continentiam
1576 1011 1919 1081 pra‘dieavis-

323 1122 427 1179 set;
460 1128 640 1169 nonne
666 1109 973 1182 philosophi
1003 1107 1252 1182 gentiles,
1277 1118 1335 1163 ut
1357 1107 1481 1162 alibi
1503 1106 1734 1160 diximus
1763 1103 1918 1175 (Dis-

323 1213 496 1260 sertat.
536 1205 591 1258 in
622 1201 884 1268 Lactant.,
913 1217 1029 1271 cap.
1057 1199 1150 1267 35,
1180 1207 1281 1253 art.
1308 1199 1343 1254 4
1370 1199 1410 1269 ),
1438 1213 1499 1254 ea
1529 1201 1923 1251 consueverant

324 1295 574 1366 privatim
614 1304 670 1350 et
711 1293 856 1348 domi
883 1307 1041 1362 agere
1060 1287 1219 1362 ,qua:
1245 1291 1417 1361 palam
1447 1297 1502 1344 et
1522 1289 1572 1343 in
1597 1288 1796 1344 scholis
1811 1286 1922 1340 suis

323 1387 793 1445 condemnabam?
825 1384 1058 1456 Denique
1108 1384 1223 1454 ipse
1247 1381 1547 1452 Xenophon
1581 1395 1774 1451 negare
1815 1394 1920 1432 non

323 1483 499 1553 potuit
543 1481 820 1538 Socratem
873 1477 1166 1548 turpissimi
1212 1478 1264 1532 in
1311 1476 1682 1532 adolescentes
1709 1472 1926 1526 amoris

323 1585 635 1630 accusatum
657 1614 675 1640 ,
703 1572 856 1642 cujus
899 1570 1077 1641 reipsa
1106 1584 1260 1626 reum
1292 1568 1457 1623 fuisse
1484 1567 1734 1637 plurimi,
1766 1565 1923 1620 sicuti

322 1664 692 1734 ostendimus,
716 1677 1028 1732 persuasum
1053 1661 1376 1716 habuerunt.
1403 1661 1536 1727 Quis
1560 1669 1738 1712 autem
1771 1657 1928 1714 facile

324 1756 428 1812 sibi
459 1771 565 1810 non
596 1753 938 1825 persuadebit
964 1754 1016 1808 iu
1039 1755 1160 1808 lata:
1179 1751 1439 1808 adversus
1465 1744 1614 1805 illum
1641 1751 1925 1806 sententia:

2095 531 2236 597 Duas
2265 554 2428 612 porro
2459 539 2562 594 iste
2587 535 2656 592 de
2697 542 2870 590 morte
2900 529 3186 602 Speusippi
3217 527 3378 584 refert
3401 526 3618 598 opinio-

2022 650 2118 690 nes
2145 633 2165 708 (
2193 633 2332 688 Ibid.
2360 631 2388 706 §
2414 634 2450 689 5
2474 639 2528 687 et
2546 631 2582 686 4
2608 628 2645 700 ),
2677 637 2729 684 et
2757 625 2982 698 primam
3010 621 3248 694 quidem,
3281 619 3430 674 illum
3456 633 3615 690 para-

2023 727 2161 800 lysi,
2211 739 2482 790 maerore,
2527 737 2590 777 ac
2635 719 2786 776 senio
2841 715 3180 780 confectum,
3234 720 3461 767 mortem
3509 711 3612 766 sibi

2023 828 2216 891 sponte
2257 816 2625 874 conscivisse:
2658 812 2950 869 secundam
2977 823 3142 874 vero,
3176 806 3434 879 pediculis
3454 804 3618 861 alier-

2023 911 2366 967 vesccntibus
2408 909 2570 962 vitam
2603 907 2677 961 illi
2716 913 2977 974 ereptam.
3015 901 3146 958 Citm
3178 900 3358 970 itaque
3402 896 3620 953 Tertul-

2025 1003 2201 1058 lianus
2230 1001 2306 1056 ait
2350 1015 2471 1055 eum
2512 999 2565 1052 in
2607 995 2860 1051 adulterio
2897 994 3127 1066 periisse,
3173 1008 3280 1047 non
3312 989 3616 1061 signiﬁcare

2023 1096 2257 1162 videtur,
2282 1103 2340 1148 ut
2362 1092 2577 1164 quidam
2609 1098 2821 1160 putant,
2852 1089 2904 1142 in
2933 1085 3198 1141 adulterio
3225 1082 3622 1153 deprehensum

2026 1188 2259 1243 animam
2287 1185 2492 1256 egisse,
2524 1181 2619 1238 sed
2650 1180 2716 1235 ad
2743 1195 2893 1248 suam
2921 1192 3091 1248 usque
3117 1186 3344 1231 mortem
3388 1174 3440 1229 in
3467 1172 3622 1228 adul-

2029 1279 2164 1335 terio
2193 1277 2372 1332 voluta
2383 1284 2515 1329 tttm.

2100 1371 2280 1444 Pergit
2319 1377 2506 1426 auctor
2547 1376 2768 1423 noster:
2801 1364 3123 1421 Christianus
3159 1362 3313 1416 salvis
3339 1360 3498 1414 oculis
3528 1363 3627 1426 fa:-

2030 1463 2214 1522 minas'
2241 1483 2342 1522 non
2373 1464 2543 1534 videt(
2571 1461 2876 1517 Tertulliau.
2905 1457 3196 1530 Apologet..
3229 1473 3345 1526 cap.
3378 1454 3469 1518 46,
3503 1471 3622 1525 pag.

2029 1558 2288 1630 500).Sic
2318 1558 2460 1613 enim
2491 1556 2608 1611 haec
2635 1556 2686 1609 in
2719 1551 3100 1618 manuscriptis
3125 1547 3422 1614 codicibus,
3443 1555 3500 1603 et
3537 1545 3630 1601 lii-

2029 1653 2299 1725 galtii,ac
2341 1648 2698 1718 posteriorum
2753 1643 3078 1700 editionibus
3122 1641 3386 1710 legimus;
3439 1638 3493 1693 in
3517 1637 3632 1693 edi-

2031 1747 2100 1802 tis
2129 1760 2255 1801 vero
2283 1741 2674 1812 antiquioribus
2698 1757 2711 1793 :
2743 1736 3061 1793 Christianus
3089 1735 3241 1789 salvis
3266 1733 3427 1787 oculis
3457 1733 3626 1804 [terni-

326 1856 478 1918 parte
505 1847 695 1900 laetam
717 1861 840 1901 esse
867 1844 1025 1915 hujus
1045 1845 1204 1900 etiam
1242 1844 1465 1899 sceleris
1493 1843 1859 1898 mentionem?
1959 1849 2008 1908 Β
2035 1854 2155 1891 nam
2182 1837 2332 1890 videt.
2369 1836 2443 1889 At
2469 1832 2622 1888 facile
2653 1831 2968 1900 intelligitur
2995 1826 3137 1881 hunc
3171 1840 3291 1881 esse
3319 1823 3630 1879 Tertulliani

399 1939 668 1994 Praeterea
698 1936 1024 1992 christianus
1044 1977 1061 2001 ,
1087 1936 1162 1990 ait
1187 1945 1374 1992 auctor
1400 1943 1602 2000 noster,
1634 1935 1790 1989 uxori
1817 1949 1930 1990 sate

338 2032 438 2088 soli
485 2031 756 2086 masculus
783 2030 1023 2086 nascitur
1050 2029 1070 2102 (
1101 2028 1431 2094 Tertullian.,
1476 2027 1773 2099 Apolaget.,
1807 2044 1925 2098 cap.

333 2125 422 2190 46,
452 2140 570 2194 pag.
596 2121 748 2192 500).
768 2121 1100 2176 Prohibitmn
1122 2121 1384 2191 siquidem
1405 2135 1564 2182 omne
1586 2119 1930 2190 impudicitia:

332 2229 498 2286 genus
519 2227 844 2283 magnopere
867 2212 1238 2278 aversabatur,
1263 2221 1426 2282 atque
1447 2211 1603 2265 uxori
1631 2226 1765 2277 suae,
1789 2210 1932 2265 sicut

335 2305 598 2371 vidimus,
633 2304 793 2361 ﬁdem
824 2319 1040 2375 semper
1068 2303 1340 2359 servabat.
1371 2302 1570 2358 Contra
1614 2317 1744 2359 vero
1792 2303 1934 2358 inter

335 2399 582 2457 ethnicos
603 2441 617 2463 ,
646 2398 818 2469 inquit
857 2397 988 2452 ille:
1023 2395 1161 2452 Novi
1189 2405 1237 2450 et
1281 2395 1544 2467 Phrgnem
1584 2395 1930 2460 meretricem,

334 2492 580 2564 Diogenis
623 2506 779 2561 supra
820 2491 1158 2546 recumbentis
1185 2488 1363 2542 ardori
1399 2488 1681 2542 subantem.
1712 2485 1770 2541 In
1796 2486 1937 2540 anti-

336 2584 614 2656 quioribus
655 2576 890 2654 Rigaltio
951 2579 1281 2636 editionibus
1322 2595 1481 2650 supra
1519 2579 1818 2648 recubantis;
1844 2594 1933 2632 ar-

338 2676 510 2732 derent
539 2675 820 2730 subantem.
847 2674 904 2730 ln
939 2673 1140 2728 nostris
1173 2687 1304 2728 vero
1331 2670 1712 2742 manuscriptis
1736 2669 1938 2726 codici-

338 2767 506 2830 cibus,
529 2784 689 2839 supra
717 2767 1051 2822 recumbentis
1069 2766 1314 2820 ardorem
1330 2765 1620 2819 subantem.
1649 2762 1727 2818 Ibi
1757 2772 1934 2818 autem

338 2861 571 2930 exagitat
617 2859 896 2930 Diogenis,
943 2859 1210 2930 Phrynem
1243 2856 1452 2928 pcrdite
1481 2856 1712 2909 amantis
1733 2897 1747 2920 ,
1779 2855 1938 2926 plane

340 2952 653 3008 indomitam
705 2950 1001 3006 libidinem.
1055 2949 1325 3020 Scriptum
1371 2957 1549 3004 autem
1578 2948 1646 3003 ab
1673 2947 1938 3002 Athena'o

340 3044 565 3116 legimus
592 3042 928 3114 Aristippum
954 3057 985 3096 a
1013 3056 1172 3096 servo
1196 3055 1295 3096 suo
1323 3039 1669 3112 increpitum,
1693 3037 1834 3108 quod
1859 3039 1940 3092 in-

339 3144 551 3205 gentem
597 3135 882 3205 pecuniam
923 3133 1139 3204 Phryne
1178 3131 1472 3195 conferret,
1504 3145 1625 3200 qua:
1651 3144 1773 3184 cum
1808 3128 1936 3183 Dio-

2033 1945 2251 1986 sensum
2282 1947 2295 1983 :
2321 1926 2557 1983 Tametsi
2581 1921 2905 1978 christianus
2934 1920 3112 1975 salvos
3139 1932 3406 1987 sonosque
3437 1929 3633 1986 corpo-

2034 2024 2107 2078 ris
2136 2021 2320 2077 oculos
2345 2018 2540 2074 habent
2564 2033 2579 2082 ;
2609 2015 2861 2072 heminas
2893 2024 3068 2067 tamen
3089 2051 3102 2074 ,
3129 2025 3262 2080 quas
3291 2008 3471 2062 animo
3500 2020 3638 2061 cono

2035 2113 2296 2184 cupiscat,
2325 2127 2428 2164 non
2455 2109 2609 2172 videt.
2635 2107 2764 2162 Nam
2802 2105 2892 2159 ille
2911 2103 3168 2159 continuo
3193 2099 3387 2169 adjecit
3413 2116 3426 2152 :
3448 2097 3638 2151 Animo

2035 2207 2279 2260 adversus
2307 2202 2570 2256 libidinem
2597 2215 2763 2254 cacus
2787 2209 2862 2252 est
2889 2195 3102 2266 (Ibid.).
3134 2193 3288 2248 Novit
3315 2192 3514 2262 quippe
3554 2190 3637 2244 Ia-

2037 2308 2145 2355 tam
2176 2298 2208 2352 a
2232 2296 2450 2352 Christo
2477 2294 2650 2365 legem
2677 2310 2690 2346 :
2723 2290 2925 2354 Omnis,
2954 2289 3041 2359 qui
3080 2286 3256 2341 viderit
3280 2285 3544 2357 mulierem
3569 2282 3637 2336 ad

2036 2391 2494 2465 concupiscendam
2525 2405 2658 2452 eam,
2681 2388 2797 2457 jam
2823 2384 3103 2439 naecltatus
3141 2390 3216 2435 est
3252 2396 3365 2433 eam
3393 2379 3446 2432 in
3485 2377 3640 2432 corde

2037 2505 2128 2544 suo
2153 2488 2172 2557 (
2200 2486 2414 2549 Matth,
2449 2501 2566 2552 cap.
2599 2484 2654 2548 5,
2674 2483 2708 2551 ᾗ
2737 2520 2748 2533 .
2775 2479 2845 2534 28
2874 2479 2913 2550 ).
2945 2478 3127 2547 Itaque
3153 2484 3212 2529 ut
3253 2487 3413 2528 verus
3437 2469 3640 2528 Christi

2039 2579 2336 2650 discipulus
2383 2575 2509 2632 huic
2545 2583 2818 2645 prmeepto
2859 2569 3184 2632 satisfariat,
3207 2566 3388 2629 salvis,
3419 2563 3638 2634 quidem

2043 2673 2322 2746 corporeis
2349 2671 2509 2734 oculis
2537 2668 2771 2741 {mininas
2798 2665 2970 2729 videt;
2997 2663 3090 2719 sed
3136 2661 3315 2715 animo
3336 2701 3350 2724 ,
3396 2671 3505 2728 quo
3547 2669 3641 2712 cas

2039 2765 2416 2834 concupiscat,
2448 2775 2625 2816 emcns
2653 2769 2705 2815 ct
2733 2759 2983 2812 immotus
3008 2763 3112 2810 est.

2113 2858 2320 2927 Quanta
2346 2865 2525 2910 autem
2549 2869 2580 2909 e
2604 2849 2876 2907 contrario
2897 2854 3044 2903 esset
3063 2844 3339 2916 gentilium
3363 2841 3642 2897 hominum

2042 2954 2203 3008 etiam
2275 2948 2716 3021 philosophormn
2785 2939 3170 2998 incontinentia
3203 2978 3218 3003 ,
3277 2935 3644 2994 Tertullia‘nus

2044 3044 2282 3100 ostendit
2313 3039 2604 3098 Democriti
2635 3035 2915 3107 exemplo:
2947 3033 3294 3094 Democritus,
3329 3030 3518 3100 inquit,
3552 3044 3644 3083 ex-

2044 3136 2288 3192 caecando
2316 3133 2661 3203 semetipsum,
2693 3128 2827 3199 quod
2850 3126 3114 3181 mulierem
3137 3124 3247 3177 sine
3285 3120 3647 3191 concupiscen-

338 3245 478 3300 gene
491 3230 682 3301 cynico
712 3229 876 3297 gratis
902 3227 1244 3282 volutabatur
1274 3223 1629 3296 (Atlieanib.
1648 3221 1791 3277 XIII.
1817 3222 1940 3276 Dei-

2045 3229 2118 3284 tia
2142 3227 2370 3300 aspicere
2396 3243 2496 3280 non
2526 3231 2713 3294 posset,
2739 3231 2786 3275 et
2825 3219 3038 3283 doleret,
3083 3218 3128 3270 si
3151 3231 3252 3269 non
3279 3223 3404 3268 esset
3434 3213 3642 3284 potitus,

341 3327 621 3394 pnosOplt.,
647 3338 765 3392 pag.
789 3319 936 3392 588).
960 3321 1034 3376 De
1056 3320 1141 3375 illa
1161 3329 1338 3375 autem
1359 3318 1572 3388 Phryne
1585 3315 1940 3371 famosissima

347 3413 640 3470 meretrice
667 3428 762 3468 nos
787 3412 985 3483 aliquid
1015 3411 1140 3466 alibi
1158 3425 1259 3466 nec
1279 3409 1443 3465 semel
1474 3407 1887 3477 diximus(Tom.
1911 3408 1936 3461 I

341 3505 894 3578 Apparat.,'pag.ﬂM.
914 3504 1184 3559 Dissertat.
1204 3505 1256 3557 in
1269 3504 1484 3566 Arnob.,
1503 3518 1619 3571 cap.
1634 3500 1728 3566 20,
1741 3511 1844 3556 art.
1861 3503 1942 3571 ὅ).

419 3597 667 3654 Posthaee
689 3613 814 3653 vero
845 3596 1238 3652 Tertullianus:
1265 3594 1453 3661 Audio,
1483 3594 1664 3663 inquit,
1693 3602 1742 3648 et
1767 3609 1944 3664 quent-

349 3693 470 3746 dant
517 3692 866 3762 Speusippum
891 3689 954 3744 de
989 3687 1222 3742 Platonis
1273 3687 1449 3742 schola
1468 3687 1520 3739 in
1545 3685 1794 3740 adulterio
1825 3703 1944 3762 per-

341 3789 459 3842 iisse
511 3785 864 3858 (Tertullian.
905 3783 1196 3855 Apalogel.,
1239 3799 1354 3854 cap.
1399 3780 1494 3847 46,
1539 3798 1658 3852 pag.
1693 3780 1863 3844 500).
1902 3761 1945 3835 ἐι

345 3879 502 3935 nobis
549 3889 726 3933 autem
772 3877 896 3933 alibi
943 3884 1258 3930 annotatum
1289 3883 1372 3930 est
1414 3873 1556 3928 hunc
1586 3871 1946 3943 Speusippum

345 3971 511 4027 fuisse
557 3970 796 4025 Platonis
837 3984 904 4024 ex
949 3983 1172 4032 sorore,
1205 3966 1461 4022 videlicet
1504 3965 1743 4031 Potone,
1771 3973 1832 4019 ut
1873 3963 1950 4018 ait

349 4063 616 4127 Laertius,
641 4062 834 4128 tilium,
854 4061 1076 4132 ejusque
1103 4059 1157 4114 in
1184 4058 1506 4114 Academica
1531 4057 1712 4114 schola
1737 4071 1952 4112 succes-

348 4171 524 4212 sorem
567 4158 583 4226 (
616 4154 764 4208 Tom.
811 4153 828 4206 I
860 4157 1135 4225 Apparat.,
1167 4169 1286 4223 pag.
1317 4152 1447 4205 1151
1489 4159 1543 4204 et
1573 4149 1731 4204 1154.
1766 4147 1940 4202 Laert.

351 4248 440 4302 lib.
471 4246 536 4302 IV
570 4249 620 4300 in
653 4247 738 4300 vit.
771 4243 1059 4316 Speuss.,§
1100 4245 1121 4298 I
1232 4245 1299 4296 At
1346 4241 1434 4296 ille
1456 4281 1469 4304 .
1497 4239 1688 4296 eodem
1733 4238 1946 4296 Laertio

353 4350 509 4406 teste,
559 4339 753 4395 dicitur
797 4343 998 4409 ὀργίλος,
1052 4339 1134 4389 καὶ
1182 4338 1352 4394 ἡδονῶν
1403 4342 1553 4394 ἥττων
1582 4339 1657 4395 ἦν,
1711 4339 1816 4385 crat
1845 4332 1948 4384 ira-

353 4432 570 4495 cundus,
621 4439 664 4483 et
708 4428 1043 4496 voluptatibus
1068 4425 1268 4479 deditus
1309 4421 1518 4496 (Idem,
1565 4419 1738 4492 ibid.).
1768 4420 1955 4475 Testa-

353 4537 469 4584 tum
502 4540 712 4595 quoque
741 4523 1034 4581 Athenaeus
1064 4520 1186 4576 fecit
1211 4521 1358 4575 illum
1384 4518 1450 4571 ab
1481 4515 1794 4585 voluptariis
1821 4513 1952 4584 Epi-

2045 3319 2456 3376 incontinentiam
2473 3313 2820 3372 emendatione
2837 3306 3432 3384 proﬁtetur(Terlullian.
3443 3303 3570 3371 ,ibid
3581 3301 3644 3374 .).

2051 3415 2160 3472 Sed
2203 3415 2270 3470 de
2318 3413 2419 3468 hac
2461 3408 2760 3466 voluntaria
2807 3403 3095 3462 Democriti
3124 3401 3393 3467 caecitate,
3425 3397 3648 3468 ejusque

2049 3523 2239 3566 caussa
2269 3513 2450 3577 potest
2477 3519 2599 3559 esse
2631 3517 2735 3556 non
2766 3499 2991 3556 minima
3013 3493 3298 3552 dubitandi
3326 3491 3482 3547 ratio.
3512 3489 3648 3546 Nam

2051 3601 2370 3659 Plutarchus
2398 3597 2556 3668 plane
2589 3595 2920 3665 penitusque
2951 3587 3285 3658 negat-illum
3313 3599 3440 3640 suos
3458 3591 3650 3654 sponte

2048 3711 2142 3750 sua
2175 3693 2296 3748 ideo
2340 3687 2660 3744 esstiuxisse
2701 3684 2885 3740 oculos
2912 3725 2925 3748 ,
2960 3697 3030 3736 ne
3058 3680 3294 3734 animum
3325 3683 3645 3740 avocarent,

2052 3801 2154 3841 nee
2194 3786 2440 3838 sinerent
2483 3781 2646 3835 rebus
2687 3777 2801 3832 sola
2845 3783 3024 3830 mente
3063 3771 3350 3828 cernendis
3379 3767 3650 3824 immorari

2052 3880 2071 3951 (
2097 3876 2390 3940 Plutarrlt.,
2422 3873 2508 3928 lib.
2536 3873 2603 3942 de
2625 3871 2879 3933 curiosit.,
2913 3885 3030 3938 pag.
3055 3865 3182 3929 521,
3209 3875 3332 3918 tant.
3364 3862 3408 3917 ll
3436 3864 3476 3931 ).
3507 3859 3652 3914 Nihil

2054 3980 2232 4025 autem
2261 3968 2329 4024 de
2351 3966 2493 4020 illius
2517 3963 2758 4020 ca‘citate
2799 3961 2990 4016 Cicero
3019 3967 3169 4012 certo
3196 3951 3547 4026 pronuntiare
3569 3951 3653 4004 vi-

2053 4065 2248 4119 detur:
2282 4060 2634 4122 Democritus,
2660 4055 2860 4125 inquit,
2891 4052 2979 4122 qui
3018 4066 3129 4105 vere
3163 4048 3364 4118 falsone
3408 4059 3658 4116 quarere-

2054 4173 2190 4222 mus,
2219 4155 2409 4209 dicitur
2432 4146 2593 4205 oculis
2620 4165 2673 4204 se
2694 4146 2956 4219 privasse:
2986 4151 3147 4203 certe,
3172 4147 3228 4192 ut
3261 4153 3413 4208 quam
3452 4135 3657 4189 minime

2055 4248 2260 4302 animus
2293 4262 2324 4298 a
2361 4239 2751 4314 cogitationibus
2779 4235 3113 4289 abduceretur
3144 4228 3163 4300 (
3191 4228 3378 4295 Cicer.,
3408 4227 3497 4282 lib.
3526 4225 3568 4280 ν
3595 4226 3662 4280 de

2057 4339 2224 4408 ﬁnib.,
2255 4352 2376 4408 pag.
2400 4335 2526 4397 115,
2545 4331 2639 4385 lin.
2669 4328 2740 4383 4'5
2759 4328 2802 4397 ).
2830 4325 2886 4379 Si
2913 4323 3060 4378 enim
3089 4321 3183 4387 ibi,
3218 4328 3277 4375 ut
3299 4319 3514 4391 quidam
3541 4317 3659 4386 opi-

2059 4440 2275 4492 nantur,
2307 4426 2594 4482 delendum
2626 4422 2695 4476 sit
2719 4419 2940 4475 verbum
2973 4430 3310 4485 quarrremus
3333 4455 3348 4480 ,
3379 4428 3441 4466 ac
3468 4413 3657 4481 legen-

2059 4525 2184 4579 dum
2210 4521 2431 4591 falsone,
2462 4518 2618 4588 plane
2639 4515 2705 4570 de
2734 4514 2820 4569 illa
2853 4508 3145 4566 Democriti
3168 4507 3412 4563 crreitate
3437 4502 3659 4559 dubium

354 4618 561 4680 cureis,
594 4627 646 4671 ct
672 4615 980 4688 Cyrenaicis
1010 4629 1116 4667 non
1153 4612 1338 4683 procul
1369 4609 1435 4664 ab
1465 4607 1651 4674 fuisse,
1681 4606 1840 4676 eique
1864 4621 1942 4661 ex-

2061 4627 2112 4671 ct
2161 4613 2448 4682 ancipitem
2493 4624 2552 4665 se
2594 4608 2757 4663 fuisse
2812 4603 3098 4675 signiﬁcat.
3160 4599 3418 4667 Quamvis
3481 4605 3661 4652 autem

361 4710 680 4783 probratum
708 4723 737 4762 a
767 4708 1021 4778 Dionysio
1050 4717 1278 4777 tyranno
1325 4699 1628 4756 Lasthenize
1659 4696 1958 4752 meretricis

355 4800 639 4869 amorem(
669 4798 784 4854 Lib.
818 4800 904 4864 12,
936 4815 1052 4868 cap.
1085 4795 1183 4860 12,
1215 4812 1333 4865 pag.
1388 4791 1494 4847 546
1520 4789 1562 4862 ).
1619 4793 1864 4850 Φιλτιδονις
1905 4794 1962 4850 ἦν

355 4902 438 4952 καὶ
463 4904 777 4961 Σπεύσιππος,
802 4902 826 4949 ὁ
852 4902 1097 4952 [Ilii-own
1127 4900 1359 4962 σηγενῦς,
1385 4891 1467 4940 καὶ
1500 4890 1721 4954 διάδοχος
1747 4899 1829 4943 τὶς
1855 4909 1962 4952 σχε-

357 5003 460 5056 λῆς.
486 4998 720 5052 Διανὺσιος
747 4998 874 5060 γοῦν,
900 4996 926 5044 ὁ
951 5006 1036 5052 τῆς
1074 4996 1286 5046 Σικελίας
1309 4989 1546 5054 τύραννος,
1576 4987 1622 5036 ἰν
1650 4995 1708 5054 τῇ
1739 4990 1855 5051 πρὸς
1881 4983 1962 5033 αὖ·

357 5095 436 5141 τὸν
465 5094 686 5156 istan-alit
713 5090 842 5141 κατὰ
864 5099 948 5145 τῆς
972 5087 1245 5154 φιληδινῖις
1273 5085 1417 5135 εὖτ-τοῦ
1438 5083 1601 5142 simini,
1624 5080 1707 5130 nisi
1735 5083 1966 5146 φιὴιργυ·

358 5192 464 5252 ρίαν
481 5185 610 5250 αὐτῷ
627 5183 867 5246 ὀνειδίζει,
890 5183 972 5230 neti
1003 5186 1080 5232 τὰν
1101 5183 1376 5233 Λασθενείας
1397 5190 1480 5234 τῖς
1502 5162 1769 5244 Ᾰρκιδικῆς
1792 5178 1965 5238 ἔρωτι,

363 5286 467 5335 ἣτις
494 5283 738 5334 Πλάτωνες
764 5276 974 5334 ἠκηκόει.
1015 5269 1382 5339 Voluptuarius
1411 5282 1608 5338 quoque
1635 5265 1962 5332 Speusippus

362 5367 482 5436 fuit,
512 5365 744 5420 Platonis
771 5379 1029 5419 successor
1078 5371 1123 5417 et
1151 5369 1416 5431 cognatus.
1457 5358 1641 5425 Itaque
1686 5354 1968 5425 Dionysius

365 5461 557 5517 Sicilia:
568 5470 816 5532 tyrannus
837 5459 888 5511 in
907 5474 1000 5513 sua
1017 5456 1086 5511 ad
1102 5472 1215 5510 eum
1229 5453 1443 5522 epistola
1459 5450 1731 5518 uoluptatis
1747 5447 1969 5502 studium

363 5553 722 5624 reprehendit,
765 5552 1034 5606 avaritiam
1068 5548 1371 5620 exprobrat,
1410 5555 1455 5599 et
1486 5558 1710 5596 amorem
1737 5539 1971 5594 Arcadiae

362 5645 712 5711 Lastheneiaz,
763 5660 878 5716 qua?
940 5642 1210 5698 Platonem
1275 5637 1534 5693 audiebat.
1583 5633 1738 5688 Prius
1793 5641 1971 5686 tamen

363 5739 486 5795 haec
551 5736 869 5794 Lastheneia
924 5737 993 5791 ab
1055 5735 1150 5791 illo
1207 5741 1428 5789 vocatur
1487 5732 1690 5797 σαρδικῆ
1723 5767 1738 5790 .
1791 5723 1978 5779 Sardi-

364 5829 549 5898 censis,
589 5839 645 5886 ct
681 5845 712 5886 a
758 5830 972 5888 Laertia
1031 5839 1306 5897 μιντινυιῆ,
1343 5823 1602 5879 Mantinea
1634 5817 1854 5892 (Laert.
1879 5817 1973 5876 lib.

2063 4711 2285 4766 verbum
2312 4719 2672 4775 quereremus,
2704 4700 2772 4754 ab
2799 4714 2864 4753 eo
2898 4695 3193 4766 profectum
3231 4691 3414 4753 fuerit,
3447 4689 3553 4744 alio
3581 4700 3662 4744 ta-

2066 4821 2189 4862 men
2221 4801 2388 4857 verbo
2415 4798 2624 4860 dicitur,
2656 4793 2786 4849 satis
2815 4797 3000 4860 aperte
3026 4786 3266 4842 declarat
3300 4785 3350 4839 id
3383 4783 3414 4838 ξι
3451 4797 3510 4838 se
3558 4796 3663 4837 non

2067 4912 2224 4970 posse
2249 4902 2397 4951 certo
2428 4888 2703 4946 afﬁrmavi.
2737 4885 2936 4939 Verum
2973 4881 3144 4937 Aulus
3171 4879 3376 4935 Gellius
3412 4877 3668 4933 testiﬁca-

2073 4999 2157 5045 tur
2179 4988 2231 5042 in
2259 4983 2497 5040 historia:
2520 4994 2706 5050 grtecaa
2735 4973 3096 5033 monumentis
3120 4972 3310 5026 factam
3336 4971 3665 5026 mentionem

2074 5078 2392 5142 Democriti,
2416 5075 2508 5146 qui
2536 5089 2596 5129 se
2621 5072 2762 5128 ultro
2787 5067 3083 5125 luminibus
3109 5064 3392 5120 oculorum
3421 5061 3668 5126 orbavit;

2071 5181 2128 5227 ut
2151 5168 2504 5241 cogitationes
2533 5165 2699 5220 animi
2731 5163 2783 5217 in
2813 5157 3244 5230 contemplandis
3269 5163 3475 5210 natura:
3507 5153 3673 5208 ratio-

2020 5279 2038 5301 ι
2073 5264 2232 5318 nibtts
2257 5267 2440 5316 essent
2468 5256 2770 5326 vegetiores
2790 5295 2806 5322 ,
2828 5256 3240 5320 exactioresque
3261 5248 3280 5318 (
3301 5246 3463 5312 Gell.,
3494 5245 3582 5300 lib.
3600 5243 3670 5300 Χ.

2076 5357 2232 5412 Noct.
2261 5355 2410 5420 Atti.,
2438 5367 2560 5421 cap.
2587 5350 2675 5416 I7,
2701 5365 2822 5419 pag.
2853 5346 2948 5402 5M
2980 5344 3018 5415 ).
3050 5343 3184 5398 Tum
3212 5341 3552 5397 continenter
3571 5339 3675 5395 La-

2070 5455 2207 5511 berii
2238 5453 2364 5508 citat
2385 5461 2594 5510 versus,
2623 5444 2816 5516 quibus
2844 5439 3102 5497 describit
3145 5437 3370 5507 hujusce
3394 5434 3676 5501 caecitatis,

2073 5549 2175 5605 sibi
2204 5547 2273 5602 ab
2302 5547 2393 5602 illo
2421 5543 2724 5606 concitalte,
2755 5539 2915 5592 aliam
2963 5533 3131 5591 fuisse
3179 5533 3448 5590 rationem
3468 5570 3485 5598 ,
3515 5543 3676 5602 quam

2076 5641 2178 5697 hoc
2207 5654 2363 5696 versu
2394 5635 2549 5709 pacta
2589 5632 2892 5703 expressit:

2236 5819 2376 5872 Malis
2395 5820 2529 5872 bene
2554 5825 2669 5871 esse
2691 5825 2759 5866 ne
2781 5812 2979 5865 videret
2999 5807 3208 5862 civibus.
