4240 6262
558 269 670 343 m
749 212 755 218 .

1640 267 2776 335 iNTIRTULLIAMAPOLOGETiCUM

3756 258 3882 341 ὀξό

562 385 1148 462 Hieronymussutem,
1165 384 1384 447 belline
1400 385 1713 458 singillatim
1733 388 2019 471 appellato,
2045 404 2171 461 nare
2192 390 2249 452 Δ
2273 400 2414 449 tutes
2469 393 2608 449 inter
2634 407 2697 449 se
2742 395 3021 466 componit
3062 406 3126 453 ac
3156 397 3349 455 horum
3388 394 3521 456 tam"
3541 410 3828 473 corruptas
3849 442 3872 470 ,

562 490 653 541 rat
677 481 941 554 quosdam
980 478 1333 551 philosophos
1373 478 1475 536 sibi
1517 479 1709 537 oculos
1750 470 1989 549 eruisse;
2018 497 2087 547 ne
2128 498 2160 538 a

542 560 1020 643 contemplatione
1068 569 1429 649 philosophia
1474 580 1856 638 avocarentur,
1887 581 1945 631 et
1995 582 2163 630 totam

564 667 944 738 cogitationem
960 664 1027 719 ad
1048 666 1245 725 mentis
1261 665 1547 736 puritatem
1561 666 1848 740 cogeret)“
1858 665 2157 738 Hierongm.

565 758 713 817 lib.“
728 758 846 813 adv.
869 758 1072 826 Jooin.,
1092 775 1213 831 pag.
1246 758 1377 825 203,
1414 768 1462 814 et
1485 758 1657 827 Epist.
1678 761 1751 818 55
1772 761 1841 816 ad
1860 761 2112 834 Abigaum
2141 803 2159 831 ,

567 868 686 924 pag.
713 849 883 922 589).
909 849 1042 918 Quis
1071 859 1254 908 autem
1283 849 1441 907 facile
1461 852 1566 909 sibi
1592 852 1906 923 persuaderi
1936 868 2043 908 non
2084 854 2161 909 sis

569 953 669 1000 net
695 943 1060 1000 Democritum
1090 959 1255 1000 unum
1284 942 1457 1001 fuisse
1481 959 1549 1003 ex
1579 945 1664 1002 his
1691 943 2058 1018 philosophis,
2098 960 2163 1002 ac

568 1037 795 1094 forsitan
828 1039 1197 1109 praecipuum?

640 1131 902 1200 Quamvis
942 1132 1123 1202 itaque
1148 1130 1364 1202 quidam
1406 1129 1477 1187 de
1517 1130 1815 1186 voluntaria
1848 1130 1966 1200 ejus
2002 1130 2161 1187 caci-

571 1231 679 1277 tate
701 1222 978 1279 dubitasse
1022 1223 1334 1293 videantur,
1367 1223 1546 1294 plures
1586 1234 1762 1279 tamen
1812 1223 1953 1278 illius
2000 1233 2169 1280 testes

571 1314 874 1371 eitavimus.
908 1316 979 1371 At
1016 1324 1165 1375 certe
1215 1316 1373 1387 longe
1403 1317 1683 1387 pauciores
1720 1328 2042 1385 occurrunt,
2075 1317 2165 1389 qui

570 1403 824 1465 eumdem
842 1406 1204 1465 Democritum
1220 1408 1410 1475 oculis,
1438 1423 1507 1464 ne
1547 1406 1793 1465 feminas
1822 1409 2168 1478 concupisce-

572 1510 677 1564 ret,
693 1513 753 1555 se
763 1500 935 1571 ipsum
950 1500 1187 1569 privasse
1198 1500 1500 1571 perhibent.
1520 1500 1594 1555 Ex
1603 1500 1803 1570 pendas
1815 1509 1994 1557 tamen
2008 1500 2169 1557 velim

573 1601 753 1649 mrum
795 1589 1048 1669 sophista
1095 1590 1367 1648 Himerius
1395 1592 1536 1662 apud
1582 1591 1827 1649 Photium
1860 1592 1989 1648 illud
2024 1592 2173 1648 hisee

573 1682 755 1739 verbis
785 1697 891 1737 non
922 1681 1279 1743 indicaverit:
1318 1690 1431 1739 ἑκὼν
1453 1687 1502 1737 δὲ
1533 1687 1677 1739 iubeat
1713 1701 1855 1755 σῶμα
1882 1688 2177 1757 Δημᾶαριτῃο

2263 500 2422 555 quam
2455 486 2668 540 illorum
2700 486 2965 557 perfectas
3004 503 3126 547 esse
3168 491 3523 550 demonstrat.
3561 494 3694 551 Eam
3734 511 3876 552 vero

2263 578 2810 649 oomparationemeo
2838 581 3141 638 accuratius
3180 584 3431 654 instituit,
3462 601 3570 659 quo
3598 568 3883 660 importu?

2264 667 2385 722 nius
2426 667 2625 724 ethnici
2666 670 2944 737 clamitare
2988 674 3235 730 solebant
3278 677 3630 749 philosophos
3677 673 3871 750 parem

2264 767 2423 829 atque
2450 759 2771 817 christianos
2800 760 3035 833 proﬁteri
3062 767 3423 831 innocentiam,
3454 770 3725 840 iustitiam,
3768 789 3876 844 pa-

2267 854 2518 921 tientiam,
2560 854 2886 912 sobrietatem
2919 856 2938 930 (
2964 857 3265 915 Tertullian.
3299 863 3596 936 Apologet.,
3629 881 3743 936 cap.
3771 866 3871 934 46,

2267 963 2388 1018 pag.
2411 946 2579 1017 500).
2610 948 2745 1003 Nam
2771 959 2831 1003 ut
2869 948 3054 1020 plures
3095 952 3425 1019 omittamus,
3458 955 3650 1012 eodem
3677 954 3875 1014 Celsus

2268 1038 2431 1093 modo
2450 1046 2636 1094 contra
2659 1040 2987 1096 christianos
3010 1038 3319 1112 disputabat
3356 1044 3543 1118 (Orig.
3567 1047 3654 1103 tib.
3686 1048 3703 1104 l
3727 1058 3870 1104 cont.

2268 1126 2431 1197 Cels.,
2459 1145 2581 1201 pag.
2610 1128 2645 1185 6
2679 1131 2718 1201 ).
2742 1130 2887 1186 Nihil
2915 1134 3064 1201 novi,
3086 1134 3284 1201 aiebat,
3310 1136 3445 1191 nihil
3467 1140 3643 1210 magni
3670 1139 3738 1197 de
3759 1156 3879 1196 mo-

2269 1219 2421 1275 ribus
2479 1220 2773 1276 christiana
2823 1222 3106 1293 disciplina
3149 1227 3360 1293 attulit,
3387 1229 3526 1299 quod
3566 1245 3687 1286 cum
3741 1232 3877 1289 aliis

2270 1312 2506 1383 antiquis
2536 1311 2872 1389 philosophis
2893 1330 3002 1371 non
3034 1318 3195 1374 fuerit
3237 1334 3549 1390 commune,
3582 1333 3637 1380 et
3676 1324 3745 1381 ab
3784 1327 3879 1383 eis

2271 1405 2548 1461 traditum.

2346 1495 2714 1553 Tertulliauus
2756 1498 2917 1569 igitur
2941 1500 3189 1557 ethnicos
3213 1502 3266 1558 id
3294 1503 3609 1575 objicientes
3632 1508 3873 1577 generali

2273 1586 2507 1657 primum
2530 1586 2740 1643 ratione
2765 1587 2963 1645 refellit
2987 1601 3043 1646 et
3065 1602 3354 1664 expugnat.
3384 1595 3440 1650 Si
3467 1595 3650 1663 iidem,
3678 1597 3868 1669 inquit,

2276 1680 2387 1735 sint
2410 1678 2855 1751 philosophorum
2883 1698 2949 1738 ac
2972 1683 3391 1741 ehristianurum
3414 1700 3620 1754 mores,
3643 1689 3876 1745 credem-

578 1780 655 1831 ἵνα.
683 1781 870 1847 ὑγιαίνῃ
902 1780 967 1832 τὸ
991 1785 1251 1845 aptius“.
1304 1773 1609 1831 Voluntaria
1645 1776 1968 1834 Democritus
2004 1777 2174 1833 morbo

2280 1787 2385 1843 que
2409 1773 2654 1840 virtutes,
2681 1775 2895 1845 utrique
2921 1775 3167 1846 proiecto
3183 1778 3382 1835 debent
3403 1780 3648 1835 eamdem
3673 1780 3879 1838 habere

576 1884 765 1940 corpus
817 1868 1022 1940 affecit,
1077 1878 1134 1923 ut
1196 1869 1363 1939 potior
1412 1885 1534 1939 pars
1581 1885 1712 1925 sana
1762 1879 1890 1926 esset
1940 1868 2161 1943 (Phari.

577 1959 849 2026 Biblioth.,
880 1959 997 2014 cod.
1028 1958 1156 2024 245,
1186 1977 1307 2032 pag.
1338 1959 1474 2016 1087
1496 1962 1535 2031 ).
1562 1960 1750 2017 Nonne
1778 1963 1923 2018 enim
1953 1963 2058 2019 hoc
2076 1978 2171 2033 ge-

579 2055 749 2111 nerali
798 2054 1051 2126 loquendi
1096 2056 1260 2111 modo
1300 2065 1652 2126 spontaneum
1685 2056 1987 2127 designavit
2029 2056 2175 2114 illius

582 2146 911 2213 excitatam,
943 2161 1047 2217 qua
1072 2148 1314 2203 voluerat
1342 2148 1581 2203 animum
1600 2188 1617 2215 ,
1649 2148 1913 2218 potiorem
1942 2148 2025 2204 sui
2052 2165 2176 2219 par-

590 2248 729 2304 tetu,
771 2239 999 2294 sanare?
1039 2236 1171 2295 Utut
1214 2238 1320 2306 sit,
1365 2246 1512 2295 certe
1557 2238 1835 2296 christiani
1874 2239 2174 2295 voluntaria

581 2332 892 2404 huiusmodi
914 2332 1155 2388 eazcitate
1178 2344 1313 2403 opus
1337 2346 1446 2389 non
1472 2330 1763 2400 habebant,
1784 2331 1879 2403 qui
1903 2332 2087 2388 animo
2104 2332 2175 2388 ad

580 2416 1071 2497 concupiscendum
1109 2425 1261 2494 eieci,
1289 2440 1396 2481 non
1436 2427 1612 2482 solum
1658 2426 2026 2497 praescriptam
2056 2426 2176 2497 lege

584 2520 765 2577 divina
791 2521 1095 2577 castitatem
1120 2533 1358 2585 summo,
1385 2517 1564 2575 studio
1591 2518 1860 2585 colebant,
1892 2518 1989 2575 sed
2017 2518 2177 2590 plurb

579 2614 653 2670 nti
705 2612 866 2671 etiam
893 2653 909 2679 ,
962 2609 1416 2681 quemadmodum
1479 2609 1642 2680 paulo
1686 2620 1813 2665 ante
1864 2609 2176 2666 dicebamus

583 2707 605 2777 (
639 2706 802 2775 Supr.
830 2705 924 2758 Itoc
955 2720 1095 2774 cap.,
1119 2713 1220 2758 art.
1249 2702 1346 2773 4).
1374 2711 1487 2758 toto
1514 2703 1637 2758 vita:
1680 2718 1793 2759 suae
1833 2708 2074 2774 tempore
2120 2702 2175 2758 in

580 2796 905 2868 virginitatis
930 2802 1073 2851 statu
1097 2809 1449 2863 perseverare
1476 2803 1888 2853 consueverant.
2022 2854 2025 2859 λ

656 2890 897 2959 Denique
921 2887 1286 2946 Tertullianus
1315 2886 1520 2944 recenti
1546 2885 1725 2942 adhuc
1752 2885 2001 2956 exemplo
2027 2885 2178 2941 evin-

583 2979 658 3036 cit
676 2978 1003 3034 christianos
1029 2977 1099 3035 de
1124 2977 1389 3035 servanda
1425 2978 1674 3033 castitate
1694 2987 1844 3033 tanto
1872 2976 2043 3048 magis
2065 2976 2178 3032 sol-

582 3071 758 3129 licitos
785 3069 973 3137 fuisse,
992 3078 1193 3141 quanto
1216 3060 1580 3141 impudentius
1597 3070 1712 3129 hac
1732 3069 1902 3125 virtus
1922 3069 1992 3125 ab
2010 3068 2179 3126 ethni-

2281 1863 2599 1945 protitendae
2629 1865 2908 1936 religionis
2935 1882 3048 1923 sua:
3078 1868 3408 1926 facultatem.
3443 1871 3557 1926 Cur
3577 1887 3709 1945 ergo
3732 1873 3877 1929 chri-

2276 1949 2459 2025 stiani,
2494 1966 2601 2005 non
2636 1959 2815 2013 autem
2848 1951 3176 2024 philosophi,
3202 1954 3325 2019 diis,
3358 1956 3506 2012 sicut
3536 1955 3675 2012 inira
3700 1957 3873 2029 expli-

2277 2040 2524 2114 eabiturl
2547 2040 2848 2099 Tertullian.
2892 2044 2995 2100 loc.
3017 2046 3104 2100 cit.
3120 2035 3171 2117 ),~
3186 2048 3485 2118 sacriﬁcare
3508 2059 3598 2103 cut
3618 2050 3869 2121 dejerare,

2276 2145 2365 2189 aut
2391 2135 2629 2193 lucernas
2664 2137 2875 2193 meridie
2900 2153 3058 2197 ranas
3084 2144 3314 2211 proferre
3343 2151 3359 2211 (
3387 2141 3650 2214 Rigaltius
3687 2153 3876 2211 contra

2278 2229 2769 2301 manuscriptorum
2802 2239 2857 2287 et
2881 2233 3155 2289 editorum
3185 2235 3433 2293 codicum
3466 2236 3643 2295 tidem
3685 2242 3876 2310 prosti-

2279 2325 2465 2393 tuere)
2516 2322 2937 2393 compelluntur?
2980 2326 3083 2381 Cur
3122 2327 3440 2399 philosophi,
3471 2334 3647 2402 pergit
3684 2344 3879 2388 auctor

2279 2424 2488 2482 noster,
2516 2413 2637 2470 deos
2673 2426 2863 2471 vestros
2891 2417 3068 2488 petam
3099 2419 3383 2489 destruunt,
3415 2430 3465 2476 et
3491 2424 3875 2493 superstitiones

2279 2517 2470 2562 vestras
2502 2510 2880 2565 commentariis
2903 2526 3101 2582 quoque
3125 2522 3369 2568 acuunt
3385 2554 3401 2581 ,
3432 2514 3754 2571 laudantibus
3779 2534 3877 2574 vo-

2281 2600 2373 2656 bis.
2398 2599 2561 2656 Tales
2582 2602 2783 2672 quippe
2810 2602 3024 2659 fuerunt
3056 2605 3330 2676 Diagoras,
3355 2606 3689 2678 Theodorus,
3711 2620 3766 2665 et
3781 2609 3879 2667 Ni-

2279 2706 2523 2763 cagoras,
2548 2693 2617 2749 de
2636 2694 2832 2764 quibus
2853 2695 2984 2751 alibi
3001 2696 3208 2768 egimus
3237 2696 3545 2771 (Dissertat.
3578 2702 3636 2756 in
3660 2701 3873 2768 Minue,

2194 2820 2199 2824 -
2279 2798 2396 2855 cap.
2424 2783 2519 2848 23.
2547 2795 2649 2843 art.
2679 2784 2736 2853 ἓ,
2767 2795 2814 2841 et
2846 2785 3116 2842 Dissertat.
3144 2804 3345 2860 super.,
3374 2806 3495 2862 cap.
3524 2793 3612 2861 14,
3643 2805 3741 2848 art.
3778 2795 3802 2850 i
3831 2794 3874 2868 ).

2279 2874 2389 2932 Sed
2431 2877 2556 2947 quia
2598 2878 2693 2934 ille
2733 2879 2946 2951 adjecit,
2976 2879 3326 2939 Luttdatttibtts
3355 2886 3492 2941 vobis
3516 2885 3876 2957 ('Tertullian.

2281 2969 2579 3043 Apologet.,
2605 2988 2722 3043 cap.
2746 2974 2831 3040 it,
2857 2990 2981 3046 pag.
3002 2974 3176 3045 348),
3200 2979 3369 3049 niagis
3386 2977 3605 3034 forsitan
3632 2980 3883 3039 indicare

2283 3064 2493 3120 videtur
2518 3064 2799 3122 Socratem
2825 3069 2897 3123 ab
2921 3081 2990 3123 eo
3032 3071 3310 3140 proxime,
3339 3080 3392 3128 et
3425 3080 3580 3128 antea
3602 3115 3618 3139 ,
3651 3077 3880 3132 nomine

582 3164 663 3220 eis
709 3161 1024 3219 laedebatur.
1066 3161 1204 3219 Audi
1223 3202 1241 3230 ,
1265 3176 1451 3233 quaeso
1469 3203 1485 3230 ,
1517 3162 1711 3234 quibus
1752 3161 1842 3218 ille
1879 3160 2057 3217 verbis
2079 3160 2179 3218 hos
2205 3186 2253 3250 ρ
2284 3172 2382 3213 suo
2406 3159 2757 3230 appellatum,
2784 3171 2947 3231 atque
2975 3161 3299 3232 Epicurum,
3327 3164 3543 3235 ejusque
3576 3166 3836 3221 asseclam
3860 3208 3879 3235 ,

582 3257 845 3313 castitatis
897 3270 1086 3312 osores
1123 3255 1454 3327 alloquetur,
1485 3263 1541 3310 et
1579 3254 1815 3324 exagitet
1845 3270 1863 3309 :
1911 3252 2176 3321 Proxime,

581 3350 772 3421 inquit,
800 3349 869 3403 ad
889 3350 1122 3404 lenonem
1132 3348 1427 3404 danmando
1449 3348 1807 3415 christianum,
1838 3346 2005 3418 potius
2027 3363 2181 3416 quam

584 3446 653 3500 ad
674 3446 891 3512 leonem,
912 3445 1131 3517 confessi
1153 3445 1275 3499 estis
1299 3444 1465 3499 labent
1484 3443 1744 3513 pudicitia:
1763 3442 1900 3513 apud
1928 3457 2021 3497 nos
2043 3449 2180 3496 atro-

583 3537 770 3591 ciorem
796 3536 936 3589 omni
961 3552 1130 3605 pana,
1153 3544 1199 3589 et
1230 3536 1368 3588 omni
1395 3544 1559 3591 morte
1579 3536 1803 3606 reputari
1828 3533 1848 3607 (
1874 3533 2176 3588 Tertullian.

583 3626 877 3698 Αροιοθει⁸⁸
895 3642 1011 3696 cap.
1033 3625 1122 3691 50,
1145 3641 1267 3696 pag.
1286 3624 1395 3682 530
1413 3626 1454 3696 ).
1475 3626 1790 3697 Quanquam
1811 3631 1989 3680 autem
2026 3625 2182 3682 nobis

587 3718 857 3791 incognita
886 3717 955 3772 sit
985 3718 1073 3772 illa
1101 3718 1290 3772 mulier
1314 3717 1608 3774 christiana
1634 3734 1649 3784 ;
1672 3719 1727 3774 in
1749 3718 1970 3774 dubium
2002 3731 2179 3777 tamen

587 3812 769 3870 nullus
807 3825 1063 3868 revocare
1095 3820 1311 3893 potest,
1335 3812 1464 3882 quin
1490 3826 1586 3882 ea,
1617 3813 1775 3883 paulo
1800 3821 1927 3869 ante
1955 3810 2179 3883 iniquis-

587 3908 731 3964 simo
757 3921 821 3964 ac
847 3906 1161 3976 turpissimo
1195 3905 1404 3977 judicio
1430 3907 1496 3963 ad
1527 3907 1752 3979 lupanar
1772 3947 1788 3974 ,
1814 3906 1903 3963 ubi
1931 3906 2182 3979 pudicitia

586 4000 706 4072 ejus
722 4008 1117 4071 expugnantur
1142 3999 1394 4056 damnata
1426 3999 1606 4055 fuerit.
1635 4002 1709 4057 At
1744 4014 1852 4054 nun
1878 4001 2036 4056 unius
2060 4007 2182 4056 tan-

587 4109 703 4157 tum
733 4096 998 4167 mulieris,
1020 4094 1118 4152 sed
1140 4094 1366 4152 aliarum
1397 4096 1627 4167 plurium
1652 4096 1956 4154 castitatem
1984 4097 2185 4167 impro-

585 4194 795 4263 bissimi
826 4195 1073 4254 homines
1094 4197 1325 4255 ludibrio
1351 4196 1674 4253 habuerunt.
1698 4194 1975 4253 Neminem
2002 4205 2183 4251 autem

587 4303 711 4347 esse
748 4296 1020 4360 putamus,
1050 4292 1140 4362 qui
1171 4290 1224 4346 in
1254 4292 1403 4348 Actis
1443 4298 1736 4363 martyrum
1787 4289 1937 4361 plura
1973 4284 2183 4345 illarum

587 4383 836 4455 exempla
874 4398 982 4440 non
1012 4384 1222 4459 legerit.

1189 4480 1418 4539 CAPUT
1455 4480 1594 4537 XIII.

2283 3260 2340 3307 et
2363 3250 2743 3308 admiratorem
2766 3252 3077 3309 Lucretium
3098 3296 3115 3323 ,
3137 3262 3300 3326 atque
3326 3255 3638 3313 Ciceronem
3659 3298 3675 3326 ,
3703 3272 3735 3313 a
3770 3271 3884 3328 quo

2281 3344 2561 3414 gentilium
2586 3344 2659 3400 dii
2686 3346 2743 3401 in
2768 3347 2886 3401 suis
2910 3345 2981 3403 de
3008 3347 3225 3403 illorum
3248 3357 3439 3404 natura
3465 3348 3614 3404 libris
3640 3347 3883 3406 lhnditus

2285 3438 2566 3517 tolluntpr.

2354 3530 2485 3587 Cum
2528 3545 2661 3587 vero
2704 3539 2894 3587 auctor
2936 3541 3119 3589 noster
3164 3528 3369 3589 addidit
3397 3532 3417 3606 (
3447 3531 3588 3588 Ibid.
3623 3549 3739 3604 cap.
3769 3532 3878 3602 46,

2286 3641 2406 3696 pag.
2427 3621 2560 3695 500)
2589 3640 2602 3677 :
2629 3625 3011 3695 superstitiones
3032 3635 3218 3680 vestras
3237 3635 3497 3693 accusant,
3510 3626 3579 3682 ad
3600 3626 3879 3695 Senecam,

2283 3738 2444 3793 quem
2474 3723 2623 3793 prius
2645 3722 3099 3788 citaverat,'haud
3122 3722 3284 3778 dubie
3304 3722 3561 3793 respexit.
3581 3722 3655 3777 lbi
3685 3723 3884 3793 quippe

2286 3814 2470 3884 iidem,
2504 3814 2712 3888 inquit(
2741 3814 2879 3868 Ibid.
2906 3831 3024 3886 cap.
3054 3815 3140 3882 12,
3174 3832 3295 3891 pag.
3322 3814 3477 3889 557),
3504 3819 3642 3883 estis,
3665 3817 3752 3887 qui
3779 3815 3881 3872 Se-

2285 3925 2464 3964 necam
2511 3910 2731 3980 aliquem
2773 3908 3007 3980 pluribus
3047 3920 3095 3965 et
3137 3910 3472 3965 amarioribus
3509 3909 3573 3965 de
3608 3920 3769 3965 vestra
3794 3926 3885 3966 su-

2287 4006 2580 4075 perstitione
2608 4014 2926 4075 perorantem
2967 4005 3211 4075 probatis.
3245 4002 3378 4073 Qum
3415 4001 3630 4075 quidem
3662 4002 3886 4059 Seneca:

2284 4100 2446 4155 verba
2472 4098 2603 4155 alibi
2634 4098 2917 4154 retulimus
2947 4140 2962 4166 ,
2991 4106 3153 4168 atque
3176 4096 3313 4152 infra
3332 4096 3508 4152 adhuc
3532 4111 3741 4170 suoque
3765 4095 3887 4155 loco

2287 4194 2611 4269 proferenda
2638 4204 2782 4251 sunt.

2357 4290 2499 4360 Quin
2521 4293 2705 4359 etiam,
2739 4291 2884 4363 quod
2920 4291 3168 4363 plerique,
3207 4290 3281 4345 ait
3309 4288 3481 4344 adhuc
3521 4286 3887 4344 Tertullianus

2291 4385 2311 4457 (
2336 4383 2469 4440 Ibid.
2497 4400 2614 4455 cap.
2645 4383 2737 4452 46,
2762 4399 2883 4456 pag.
2915 4381 3068 4454 500),
3105 4381 3400 4453 philosophi
3436 4382 3490 4435 in
3510 4380 3764 4451 principes
3801 4377 3893 4460 ια-¹

2288 4493 2444 4540 trant.
2473 4483 2529 4539 In
2560 4479 2795 4554 quodam
2830 4478 3088 4534 Vaticano
3112 4476 3304 4533 codice
3341 4476 3601 4546 scriptum
3634 4482 3888 4530 notarunt

591 4570 761 4640 Ωααηε
789 4571 1009 4628 ubam“
1030 4573 1541 4645 ethnicijaclaverim
1582 4590 1731 4646 Pares
1753 4589 1860 4629 me
1882 4573 2014 4628 αιὶαε
2066 4571 2178 4643 ΡΙιί·
2205 4589 2262 4651 1)
2288 4579 2537 4635 Lacerant
2561 4592 2580 4630 :
2610 4573 2707 4632 sed
2750 4574 2927 4628 minus
2971 4571 3128 4628 bene.
3153 4569 3282 4625 Nam
3307 4570 3373 4626 de
3394 4568 3654 4624 industria
3684 4567 3889 4623 dixisse

657 4664 989 4735 losopltorttm
1012 4681 1220 4720 suorum
1246 4675 1396 4737 atque
1428 4667 1834 4722 Christianorum
1860 4666 2093 4730 virtues;
2122 4681 2187 4718 ac

657 4756 913 4826 quantodo
928 4748 1272 4814 Tertullianus
1292 4768 1396 4812 tam
1418 4758 1602 4813 borum
1621 4773 1782 4823 veras,
1800 4774 1952 4828 ᾳααηι
1974 4756 2187 4812 illorum

660 4848 822 4918 falsas
847 4866 954 4906 esse
981 4852 1306 4925 demonstret.

1125 4959 1418 5001 ARTICULUS
1454 4957 1667 5001 ριιηωε.

592 5034 762 5102 Quam
806 5036 1073 5092 immitis
1110 5035 1351 5091 laudibus
1372 5077 1386 5101 ,
1414 5036 1618 5103 statuis,
1663 5045 1715 5091 et
1750 5035 1956 5092 salariis
1995 5033 2189 5090 ethnici

661 5137 1049 5183 remuna'arunt
1068 5128 1419 5198 philosOpItos,
1439 5130 1527 5198 qui
1546 5140 1724 5199 sponte
1745 5144 1838 5182 sua
1857 5119 2183 5183 destruebant

663 5222 874 5277 deorum
901 5224 1118 5288 cultum,
1141 5223 1195 5278 in
1211 5224 1468 5293 principes
1497 5222 1772 5285 Intrabunt,
1797 5238 1899 5276 non
1918 5222 2184 5294 ejiciebant
2216 5207 2220 5212 ’

662 5314 917 5370 damoaes
935 5355 949 5379 ,
978 5331 1107 5381 quos
1149 5315 1447 5372 secundum
1488 5316 1619 5372 deos
1647 5332 1755 5370 csse
1780 5314 2180 5380 arbitrabantur,

664 5407 867 5463 tametsi
906 5407 1213 5462 christianos
1258 5419 1437 5463 contra
1469 5410 1561 5481 jus
1590 5418 1637 5463 et
1663 5408 1772 5478 fas,
1803 5410 2012 5481 propter
2037 5423 2188 5461 suum

666 5501 921 5556 duntaxat
949 5516 1131 5555 nomen
1149 5541 1167 5569 ,
1202 5501 1342 5555 omni
1383 5501 1755 5573 suppliciorum
1784 5518 1965 5574 genere
2006 5518 2189 5561 caeca.-

663 5601 794 5649 rent.
1400 5638 1403 5639 ν
1583 5636 1586 5640 .

666 5681 782 5737 Non
812 5681 981 5738 solam
1005 5684 1433 5742 Christianorum
1473 5684 1919 5758 ethuieorumque
1962 5687 2182 5744 castita.

598 5780 707 5825 tem
733 5770 1095 5830 Tertullianus
1115 5782 1320 5843 nostsr,
1347 5776 1447 5833 sed
1469 5789 1657 5835 omines
1698 5785 2053 5848 utrorumque
2081 5780 2188 5835 vir-

2285 4671 2499 4727 videtur
2525 4671 2739 4733 latrant,
2786 4666 2998 4735 hocque
3027 4664 3193 4720 verbo
3242 4660 3605 4733 perstringere
3642 4658 3885 4731 cynicos.

2288 4764 2581 4832 imperator
2628 4755 2892 4828 siquidem
2937 4754 3338 4826 Vespasianus,
3395 4761 3532 4808 teste
3588 4750 3883 4814 Suetonio,

2290 4856 2603 4910 Demetrium
2630 4851 2891 4923 Cynicum,
2920 4850 2974 4903 in
2992 4849 3173 4902 itinere
3191 4846 3391 4902 obvium
3409 4844 3504 4899 sibi
3528 4851 3647 4914 post
3671 4841 3893 4897 damna.

2288 4948 2495 5010 tionem.
2528 4963 2588 5000 ac
2630 4955 2689 4999 ut
2727 4959 2888 5015 neque
2930 4957 3230 5013 assurgere,
3261 4952 3431 5010 neque
3449 4937 3674 4993 salutare
3695 4950 3750 4990 se
3773 4935 3893 5005 dig-

2290 5049 2516 5107 nantem,
2544 5038 2886 5093 oblatrantem
2904 5035 3056 5090 etiam
3078 5034 3247 5087 nescio
3279 5029 3424 5102 quid,
3449 5030 3574 5084 satis
3594 5027 3768 5082 habuit
3795 5041 3892 5081 ca-

2288 5148 2404 5187 nem
2423 5129 2688 5202 appellare
2711 5129 2729 5202 (‘
2758 5128 2970 5185 Sueton.
3002 5127 3093 5181 tib.
3115 5124 3250 5194 Vili,
3273 5125 3327 5179 in
3348 5125 3437 5179 ait.
3462 5121 3698 5194 γει-ραι,
3720 5121 3749 5195 §
3774 5120 3891 5193 15).

2287 5222 2482 5279 Narrat
2510 5236 2639 5278 vero
2681 5219 2985 5290 Xiphilinus
3014 5216 3264 5272 eumdem
3314 5215 3701 5286 Vespasianum
3746 5211 3893 5268 tiar-

2289 5317 2429 5372 ciani
2455 5315 2669 5370 hortatu
2696 5313 2751 5369 in
2774 5313 2994 5369 exilium
3021 5311 3234 5367 misisse
3261 5306 3630 5380 philosophos,
3652 5315 3899 5391 propter-

2292 5423 2352 5466 ea
2390 5408 2533 5480 quod
2568 5422 2673 5464 non
2706 5415 2910 5463 tantum
2943 5405 3245 5462 Demetrius
3285 5403 3377 5461 ille
3397 5402 3654 5476 Cynicus,
3678 5401 3781 5458 sed
3799 5400 3897 5458 alii

2292 5516 2507 5573 quoque
2536 5500 2839 5571 philosophi
2875 5498 3040 5555 multa
3087 5496 3442 5570 ignominiosa
3488 5493 3701 5566 publice
3739 5492 3897 5550 dice-

2291 5604 2414 5653 rent
2440 5597 2458 5667 (
2486 5594 2746 5668 Xiphilin.
2776 5594 3011 5667 epitom.,
3042 5592 3133 5648 lib.
3162 5590 3249 5658 Χ,
3297 5607 3419 5663 pag.
3460 5587 3569 5645 220
3596 5596 3657 5650 et.
3678 5602 3817 5661 seqq.
3848 5588 3891 5661 );
3912 5602 3925 5611 ‘

2292 5688 2547 5745 Privatim
2564 5692 2744 5742 autem
2763 5680 3247 5747 eidem'Demetrio
3270 5699 3375 5738 non
3398 5680 3703 5754 quiescenti
3724 5678 3923 5737 scribi"

2285 5781 2449 5853 jussit
2482 5779 2748 5837 :Etiamsi
2776 5778 2942 5838 multa
2987 5792 3116 5850 agas
3145 5784 3342 5852 ,morte
3369 5772 3529 5847 digna
3549 5815 3566 5841 ,
3594 5787 3660 5835 ac
3694 5766 3925 5845 jubere'
