4198 6260
271 311 384 372 925

1420 300 1872 361 DISSERTATIO
1903 301 1969 360 D.
2008 300 2102 360 LE
2132 297 2437 358 NOURRY.

3472 291 3581 369 .935

273 425 482 497 possim
508 433 564 480 ιθ
591 422 793 480 idcirco
840 419 1012 476 OOCidi
1047 436 1060 474 ἒ
1093 427 1184 492 ἑγὼ
1213 422 1262 474 δὲ
1293 425 1409 473 κύνα.
1462 427 1782 476 ὑὶαιτσιιῧντα
1829 424 1874 474 οὗ

1988 417 2180 475 tendos
2201 415 2498 486 suppliciis.
2519 413 2745 485 Propter
2769 427 2926 469 suum
2951 412 3152 468 etenim
3172 412 3469 482 piissimum
3501 412 3579 468 vi-

272 525 472 590 γνώω.
509 516 620 590 Ego
649 532 762 573 vero
779 531 958 570 canens
979 515 1248 569 latrantem
1269 531 1370 568 non
1397 515 1592 569 occido.

353 613 539 682 Neque
568 614 706 668 satis
726 610 1016 681 gentilibus
1057 609 1153 661 fuit
1193 607 1495 678 hujusmodi
1529 607 1878 677 philosophos

277 713 334 762 et
374 707 516 760 ferre
545 702 846 774 patienter,
889 708 948 755 et
988 697 1208 768 laudare
1227 705 1250 750 ‘:
1301 697 1389 752 sed
1435 698 1672 767 facilius,
1706 697 1879 767 inquit

279 806 466 853 auctor
488 805 672 851 noster
694 835 711 860 ,
743 793 926 848 statuis
945 802 992 846 et
1018 791 1220 846 salariis
1243 792 1692 846 remunerabantur
1715 789 1876 862 (Ter-

277 891 479 945 tullian.
523 888 816 959 Apologet.,
850 903 967 956 cap.
1007 885 1080 941 45
1101 928 1114 951 ,
1153 902 1273 956 pag.
1299 884 1435 950 497;
1466 882 1606 938 Ibid.
1627 901 1747 953 cap.
1773 884 1874 949 16,

280 1001 403 1055 pag.
435 981 592 1054 548).
622 980 811 1038 Nonne
835 989 1014 1036 autem
1045 979 1140 1046 ibi,
1169 981 1332 1034 tacito
1360 979 1598 1035 Socratis
1624 981 1870 1044 nomine,

281 1089 498 1131 auream
523 1075 664 1129 illius
691 1073 938 1144 designat
973 1072 1290 1142 imaginem,
1326 1087 1486 1141 quam
1531 1072 1688 1128 sicuti
1717 1087 1882 1142 supe-

277 1167 394 1222 rius
442 1165 858 1230 animadvertit,
907 1165 1122 1236 ipsimet
1168 1164 1561 1231 Athenienses,
1608 1181 1636 1219 a
1684 1167 1878 1236 quibus

280 1267 455 1314 morte
478 1257 765 1313 mulctatus
797 1257 990 1323 iuerat,
1016 1257 1068 1310 in
1090 1256 1290 1326 templo
1313 1264 1496 1326 postea
1521 1255 1874 1313 collocarunt.

281 1351 525 1406 Aliorum
554 1366 682 1406 vero
715 1348 1158 1426 philoSOphorum
1201 1357 1406 1403 statuas
1435 1349 1481 1403 si
1513 1349 1606 1404 tibi
1651 1349 1873 1405 indicati

280 1446 538 1514 petieris,
569 1444 694 1500 audi
733 1443 1048 1499 Juvenalem
1095 1443 1340 1498 indoctos
1382 1443 1732 1514 eastigautem
1782 1443 1879 1498 ho-

278 1540 484 1601 mines,
509 1537 602 1607 qui
651 1535 838 1592 falsam
882 1536 1276 1601 eruditionem,
1310 1536 1498 1605 positis
1524 1537 1577 1590 in
1617 1551 1712 1591 sua
1748 1552 1880 1605 qua-

277 1643 386 1699 que
434 1629 760 1685 bibliotheca
807 1628 1252 1699 philosopborum
1309 1628 1534 1693 statuis»,
1581 1637 1638 1682 et
1687 1629 1875 1699 imagi-

277 1721 441 1775 nibus
461 1762 478 1788 ,
506 1735 568 1776 se
597 1721 730 1774 satis
758 1720 1013 1791 probasse
1039 1719 1457 1786 arbitrabantur.
1491 1719 1572 1774 Eu
1595 1719 1739 1776 illius
1766 1734 1880 1776 car-

277 1813 421 1867 mina
468 1830 482 1866 :

371 1903 553 1968 indocti
577 1905 809 1968 primum,
825 1917 1102 1968 quanquam
1125 1905 1268 1968 plena
1289 1905 1449 1954 omnia
1463 1917 1644 1968 gypso,

371 1965 623 2029 Chrysippi
651 1965 888 2029 invenias.
909 1965 1031 2029 Nam
1057 1965 1442 2029 perfectissimus
1459 1965 1630 2016 horum

441 2027 556 2090 quis
565 2027 888 2090 Aristotelem
901 2027 1130 2086 similem,
1159 2029 1238 2077 vel
1265 2030 1485 2078 Pittacon
1509 2033 1643 2085 emit,

369 2089 587 2153 Etjubet
607 2089 900 2155 archetypos
921 2090 992 2156 (l)
1023 2091 1245 2156 pluteum
1264 2104 1468 2141 servare
1493 2091 1780 2143 Cleanthus.

879 2197 1129 2259 (Juvenal.
1155 2199 1290 2249 satir.
1311 2199 1359 2260 2,
1385 2213 1430 2248 ν.
1457 2199 1503 2257 Δ,
1529 2205 1574 2248 et
1595 2200 1752 2264 seqq.)

352 2321 540 2378 Plures
579 2336 740 2391 porro
782 2320 1224 2393 philosophorum
1269 2323 1528 2394 imagines
1559 2321 1833 2393 Memgius
1858 2365 1872 2388 ,

281 2413 334 2469 in
367 2429 460 2469 sua
487 2414 767 2470 Laertiana
793 2415 1030 2470 editione
1056 2415 1293 2471 exhibet.

355 2507 590 2562 Dabatur
615 2508 833 2579 insuper
855 2509 1188 2580 philosophis
1213 2509 1490 2574 salarium,
1517 2510 1633 2563 sive
1662 2524 1874 2564 annona

281 2610 336 2655 et
367 2615 606 2666 merces,
631 2616 660 2655 a
692 2603 833 2666 sale,
861 2602 932 2655 uti
963 2610 1146 2656 monet
1174 2601 1377 2655 Plinius
1405 2591 1680 2671 (PliiiJib.
1702 2600 1876 2656 XXXI

282 2703 448 2748 natur.
479 2695 620 2759 bis!"
655 2713 768 2765 cap.
799 2697 853 2762 7,
878 2713 1000 2768 pag.
1035 2696 1201 2765 809),
1234 2695 1310 2749 sic
1342 2695 1736 2765 cognominata.
1771 2694 1873 2750 Te-

281 2795 475 2838 statum
505 2787 781 2842 enimvero
807 2785 1138 2855 Capitolinus
1171 2785 1292 2840 facit
1318 2785 1384 2839 ab
1414 2785 1682 2839 Antonino
1715 2786 1878 2856 impe:

281 2887 460 2933 ratore
507 2879 816 2932 mandatum
839 2921 854 2944 ,
886 2888 942 2932 ut
983 2878 1288 2934 rhetoribus
1319 2887 1371 2932 et
1399 2876 1731 2948 philosophis
1781 2893 1876 2948 per

282 2981 468 3024 omnes
528 2969 836 3039 provincias
889 2969 1081 3024 salaria
1138 2980 1191 3024 et
1247 2968 1479 3023 honores
1534 2967 1874 3023 deferrentur

280 3061 298 3129 (
329 3059 547 3131 Capitol.
579 3062 631 3115 in
659 3063 746 3116 rit.
781 3061 1024 3115 Antoniu.
1052 3061 1142 3116 sub
1190 3062 1282 3128 ﬁn.
1311 3062 1347 3127 ).
1384 3062 1448 3114 At
1475 3059 1740 3115 Lucianus
1764 3075 1875 3115 me-

278 3156 461 3210 moria:
507 3154 790 3227 prodidit(
814 3154 1052 3220 Lucium,
1092 3154 1390 3220 Eunuchus,
1449 3151 1534 3208 seu
1581 3151 1870 3223 Pampliil.,

277 3264 397 3317 pag.
470 3225 619 3316 535)
673 3225 1024 3302 constitutum
1097 3248 1163 3302 ab
1215 3247 1539 3314 imperatore
1608 3225 1948 3316 μισθορορέιο

277 3366 349 3400 τις
399 3345 451 3395 οὗ
510 3346 661 3408 ,πύλη
722 3358 821 3395 non
876 3341 1115 3412 exiguum
1169 3340 1454 3404 salarium,
1512 3345 1636 3394 ἀλλὰ
1680 3351 1872 3409 μυρίαι,

278 3433 444 3488 decies
466 3434 583 3488 mile
611 3452 928 3489 nummorum
947 3477 960 3503 ,
989 3435 1173 3490 stoicis
1197 3477 1209 3499 ,
1240 3434 1521 3504 platonicis
1545 3477 1558 3499 ,
1585 3435 1871 3504 epicureis,

277 3526 673 3596 peripateticis,
703 3528 928 3597 aliisque
957 3527 1290 3598 philosophis
1319 3525 1746 3582 distribuendum
1765 3569 1779 3591 ,
1818 3534 1876 3580 ut

271 3618 607 3688 iuventutem
663 3618 937 3674 docerent.
985 3619 1176 3674 Nonne
1225 3619 1388 3674 etiam
1442 3620 1772 3689 Augustinus
1806 3618 1874 3674 de

277 3713 464 3768 iisdem
495 3713 847 3785 philosophis,
875 3714 1030 3768 sicuti
1075 3724 1128 3769 et
1160 3713 1298 3779 aliis,
1337 3711 1453 3768 haec
1496 3728 1617 3784 qua:
1647 3713 1712 3766 ad
1753 3727 1874 3782 pro-

276 3807 508 3875 positum
543 3815 784 3861 nostrum
820 3822 925 3860 non
958 3822 1140 3878 parum
1182 3805 1509 3872 conducunt,
1543 3805 1703 3858 verba
1750 3804 1875 3860 facit

275 3899 522 3970 (August.
555 3899 645 3954 lib.
668 3899 687 3953 l
723 3900 785 3953 de
813 3901 970 3961 civit.,
997 3916 1110 3969 cap.
1137 3899 1190 3962 '5,
1218 3915 1335 3969 pag.
1356 3897 1391 3952 4
1419 3897 1465 3966 )?
1489 3896 1652 3951 Nobis
1674 3896 1872 3952 ethnici

275 4001 598 4059 succensent,
631 4008 743 4045 cum
772 3992 834 4046 de
858 3991 956 4046 diis
986 4008 1159 4045 eorum
1199 3990 1326 4044 talia
1353 3991 1570 4044 dicimus
1593 4032 1606 4054 ,
1635 4006 1724 4043 nec
1759 4007 1872 4044 suc-

275 4095 474 4138 censent
521 4086 810 4139 auctoribus
839 4086 942 4139 suis
964 4127 976 4148 ,
1011 4101 1139 4155 quos
1169 4095 1221 4136 nt
1251 4083 1564 4150 ediscerent,
1594 4083 1873 4136 mercedem

277 4178 551 4243 dederunt,
582 4179 915 4248 doctoresque
955 4179 1095 4245 ipsos
1131 4179 1340 4248 insuper
1368 4189 1414 4233 et
1455 4178 1644 4232 salario
1670 4177 1872 4248 publica

276 4280 320 4324 et
346 4269 621 4325 honoribus
643 4271 970 4342 dignissimos
997 4270 1302 4324 habuerunt.

340 4363 460 4430 Qua
487 4377 622 4433 ergo
644 4362 698 4416 hi
739 4362 912 4418 fronte
943 4377 1115 4433 quove
1163 4362 1341 4416 furore
1379 4361 1706 4417 christianos
1744 4376 1871 4431 quo-

260 4456 404 4511 libet
430 4455 811 4526 supplicionuu
837 4473 1034 4530 genere
1062 4458 1382 4526 torqucbant
1413 4465 1467 4511 et
1495 4457 1867 4520 trucidabant;

273 4547 624 4617 philosophos
659 4565 788 4604 vero
825 4563 951 4604 suos
981 4549 1195 4617 ἰιιιριιηιι
1238 4547 1512 4609 ferebant,
1548 4547 1868 4612 laudabant,

1906 1829 1958 1892 B

1984 508 2138 564 veudi
2163 523 2331 578 genus
2355 505 2566 571 iisdem,
2590 505 2782 575 quibus
2812 503 3114 574 phi1050phi
3139 503 3575 566 cumulabantur,

1984 600 2218 668 praemiis
2240 607 2292 652 et
2314 597 2548 659 salariis,
2574 611 2639 651 eo
2653 595 2925 666 digniores
2942 603 3116 658 erant,
3136 609 3243 664 quo
3261 595 3457 664 smpius
3477 594 3581 648 dar-

1983 705 2170 744 tuones
2226 703 2292 743 ex
2353 687 2702 743 obsessorum
2757 687 3034 740 hominum
3087 685 3404 754 corporibus
3463 685 3578 741 solo

1982 780 2217 846 Christi,
2249 781 2322 834 uti
2350 779 2688 836 ostendimus
2709 821 2724 846 ,
2765 778 2964 834 nullius
2993 793 3122 835 vero
3151 777 3458 850 philosophi
3485 791 3582 833 uo-

1984 872 2125 925 ntine
2163 869 2467 940 ejiciebaut.

2054 962 2123 1017 Et
2161 974 2307 1019 certe
2348 963 2619 1033 quomodo
2666 963 2941 1018 dtemoues
2986 960 3158 1034 iugari
3207 969 3453 1033 poterant
3479 976 3578 1016 no-

1982 1056 2126 1110 mine
2155 1055 2637 1126 philosophorum,
2668 1056 2759 1126 qui
2803 1055 3202 1110 arbitrabantur
3249 1069 3376 1125 eos,
3409 1064 3465 1108 ut
3507 1055 3582 1110 ait

1982 1145 2156 1200 adhuc
2178 1146 2565 1214 Tertullianus,
2592 1161 2712 1202 esse
2733 1146 3008 1200 secundum
3039 1146 3180 1214 deos,
3208 1147 3260 1200 id
3289 1156 3391 1215 est,
3426 1147 3580 1202 sicuti

1983 1238 2202 1308 quidam
2252 1239 2459 1305 volunt,
2485 1239 2588 1294 diis
2637 1240 2931 1310 proximos,
2979 1249 3071 1293 aut
3111 1247 3171 1294 ut
3215 1240 3337 1294 aliis
3383 1239 3577 1309 placet,

1985 1342 2235 1403 tanquam
2277 1333 2444 1399 deos,
2486 1333 2778 1389 habebant.
2825 1332 2958 1388 Nam
3007 1333 3221 1404 scripsit
3248 1333 3478 1388 Cicero:
3516 1333 3579 1387 de

1983 1425 2184 1478 absente
2209 1425 2487 1478 secundum
2517 1434 2814 1495 prwscntem
2843 1425 3098 1494 judicare.
3131 1423 3422 1480 Suetonius
3451 1439 3580 1479 vero

1983 1516 2050 1574 de
2077 1515 2298 1572 Claudio
2329 1517 2656 1586 lmperatore
2688 1535 2699 1570 :
2733 1517 3033 1571 Absentibus
3063 1519 3340 1571 secundum
3367 1533 3581 1586 prasen-

1984 1618 2056 1662 tes
2086 1608 2239 1662 dabat
2273 1608 2292 1679 (
2332 1607 2548 1663 Sucton.
2582 1608 2671 1662 lib.
2713 1607 2753 1663 γ
2782 1609 2831 1662 in
2874 1609 2958 1661 vit.
2991 1608 3203 1674 Claud.,
3238 1607 3268 1680 ς
3317 1607 3446 1679 15),
3477 1608 3579 1663 hoc

1983 1711 2102 1766 est,
2154 1701 2374 1771 perinde
2419 1716 2482 1755 ae
2531 1712 2781 1770 tanquam
2849 1712 3030 1757 essent
3096 1712 3410 1771 praesentes.
3468 1701 3576 1758 Sed

1985 1801 2206 1861 utraque
2231 1792 2517 1863 explicatio
2545 1791 2596 1845 in
2625 1792 2876 1848 eumdem
2907 1793 3074 1846 lenne
3103 1806 3319 1852 sensum
3362 1793 3572 1862 recidit,

1985 1886 2228 1955 quamvis
2251 1885 2366 1940 haec
2391 1885 2625 1941 secunda
2657 1887 2832 1956 potior
2859 1885 3120 1941 videatur.

2005 1963 2008 1965 Δ
2054 1977 2318 2047 Quidquid
2348 1978 2438 2042 sit,
2463 1977 2828 2033 Tertullianus
2857 1989 3043 2048 aperte
3073 1977 3307 2033 declarat
3335 1977 3582 2050 (Tertul.

1984 2069 2109 2122 lion.
2142 2069 2238 2123 loc.
2267 2071 2352 2122 cit.
2376 2068 2392 2136 )
2429 2069 2783 2140 philosophos
2807 2071 3147 2125 existimasse
3175 2069 3452 2126 daemones
3479 2071 3580 2126 sibi

1981 2176 2102 2218 esse
2132 2164 2437 2234 superiores
2464 2180 2525 2218 ac
2553 2162 2841 2218 dominari.
2879 2165 3061 2234 Itaque
3091 2174 3294 2220 tantum
3343 2165 3498 2220 abest
3524 2175 3581 2221 ut

1983 2265 2201 2324 possent
2241 2254 2360 2308 illos
2408 2253 2610 2325 fugare,
2642 2257 2770 2325 quin
2804 2257 2932 2326 ipsis
2955 2257 3408 2327 obsequebantur.
3444 2257 3579 2312 Nam

1982 2345 2233 2401 Socrates
2251 2387 2264 2410 ,
2285 2347 2359 2400 uti
2381 2357 2569 2402 auctor
2592 2358 2778 2404 noster
2806 2349 3164 2419 prosequitur,
3191 2350 3401 2403 tametsi
3432 2351 3582 2419 apol-

1982 2437 2104 2494 linis
2125 2439 2363 2504 oraculo,
2397 2439 2534 2494 sicut
2557 2441 2681 2494 alibi
2705 2442 3048 2507 observatum
3078 2457 3106 2494 a
3139 2441 3294 2496 nobis
3325 2441 3420 2495 fuit
3445 2440 3580 2512 (Dis-

1978 2542 2153 2586 sertat.
2188 2533 2240 2586 in
2288 2531 2476 2585 Minut.
2507 2531 2714 2597 Oetam,
2752 2549 2866 2603 cap.
2891 2533 2944 2599 5,
2972 2543 3071 2586 art.
3105 2533 3140 2586 2
3173 2542 3218 2586 et
3265 2533 3317 2588 5.
3361 2532 3500 2590 Ibid.
3531 2542 3581 2588 et

1981 2633 2100 2677 tom.
2131 2622 2152 2677 l
2201 2624 2478 2695 Apparat.,
2510 2642 2628 2696 pag.
2665 2626 2797 2680 1115
2828 2624 2846 2694 )
2879 2624 3117 2679 otunium
3147 2626 3580 2694 sapientissimus

1979 2717 2315 2770 renuntiatus
2344 2718 2521 2783 fuerit,
2545 2716 2754 2771 solebat
2788 2718 2988 2782 dicere,
3014 2716 3076 2770 Si
3097 2717 3399 2770 daemonium
3431 2716 3580 2786 (sup-

1983 2808 2066 2878 ple
2095 2808 2284 2878 meum)
2314 2809 2594 2878 permittat,
2629 2819 2685 2861 ut
2717 2808 2820 2862 hoc
2847 2807 2927 2862 vel
2951 2807 3079 2861 illud
3112 2807 3348 2879 faciam(
3378 2807 3578 2863 Tertulo

1980 2902 2105 2955 lian.
2129 2903 2228 2955 loc.
2259 2903 2345 2956 cit.
2375 2911 2422 2956 et
2453 2901 2642 2971 Supra,
2674 2919 2792 2971 cap.
2821 2901 2894 2956 22
2910 2903 2950 2973 ).
2983 2902 3036 2956 ln
3068 2901 3168 2957 hac
3196 2904 3338 2958 enim
3369 2915 3425 2962 et
3449 2904 3569 2959 aliis

1979 2995 2446 3050 dissertationibus
2467 2996 2802 3050 ostendimus
2823 2997 3094 3066 quomodo
3123 3009 3466 3054 asseveraret
3496 3001 3567 3056 si-

1981 3089 2082 3143 bia
2114 3089 2338 3160 pueritia
2390 3089 2627 3144 astitisse
2669 3089 3003 3158 diemoncm,
3044 3105 3150 3160 quo
3188 3106 3286 3146 nec
3333 3092 3578 3148 consulto

1983 3198 2084 3238 uec
2116 3182 2449 3253 approbante
2493 3182 2624 3236 nihil
2666 3199 2898 3253 unquam
2945 3185 3136 3254 agebat
3167 3183 3357 3254 (Idem,
3389 3186 3580 3252 Apolo-

1980 3287 2105 3348 ρει,
2136 3294 2250 3345 cap.
2281 3276 2376 3342 46,
2410 3293 2530 3348 pag.
2567 3275 2722 3345 500).
2752 3280 2823 3330 At
2849 3275 2893 3330 is
2926 3276 3042 3346 ipso
3069 3276 3413 3332 nihilominus
3434 3276 3576 3331 idem

1979 3367 2229 3424 Socrates
2251 3368 2487 3423 moriens
2516 3368 2758 3438 praecipit
2783 3368 2982 3439 gallum
3031 3366 3372 3438 gallinaceum
3393 3364 3579 3420 discu-

1979 3462 2116 3529 lapio
2139 3460 2414 3529 prosecari,
2444 3474 2536 3514 seu
2569 3460 2811 3514 mactari.
2839 3458 2945 3514 Sed
2970 3460 3092 3529 quia
3123 3458 3322 3529 aliquid
3349 3458 3417 3513 de
3440 3459 3578 3513 veri-

1981 3562 2088 3606 tate
2115 3550 2374 3620 sapiebat,
2399 3551 2530 3605 dcos
2551 3565 2673 3606 esse
2703 3551 2937 3621 negavit.
2969 3554 3098 3619 Quae
3125 3551 3340 3621 quidem
3365 3551 3395 3604 ξι
3424 3550 3578 3605 nobis

1977 3644 2082 3698 alia
2108 3644 2159 3698 in
2191 3642 2571 3698 dissertatione
2600 3642 2866 3713 explicata
2883 3653 3007 3698 sunt
3030 3641 3325 3713 (Dissertat.
3358 3645 3410 3696 in
3439 3640 3576 3696 Lac-

1979 3746 2132 3801 tant.,
2165 3752 2277 3805 cap.
2307 3736 2399 3800 5U,
2423 3745 2524 3788 art.
2561 3735 2608 3799 1,
2636 3744 2680 3789 et
2708 3733 2980 3789 Dissertat.
3016 3733 3203 3788 Minut.
3235 3733 3443 3801 (ictam,
3473 3734 3574 3789 loc.

1977 3830 2062 3882 cit.
2097 3836 2140 3899 ).

2049 3923 2118 3975 At
2141 3936 2300 3990 porro
2321 3919 2572 3975 Socrates
2589 3921 2703 3975 sive
2729 3921 2860 3975 deos
2881 3921 3180 3992 agnoverit,
3209 3921 3322 3974 sive
3351 3935 3578 3992 negave-

1979 4014 2082 4080 rit,
2116 4030 2221 4068 non
2273 4025 2482 4082 poterat
2531 4016 2715 4085 utique
2764 4014 3074 4079 dwmones,
3120 4029 3255 4085 quos
3306 4015 3443 4070 sicut
3487 4015 3578 4070 alii

1977 4107 2199 4173 ethnici,
2243 4107 2374 4164 deos
2413 4119 2505 4163 aut
2551 4107 2631 4162 his
2676 4109 2952 4179 proximos
2977 4122 3102 4162 esse
3128 4106 3458 4176 autumabat,
3493 4107 3576 4162 l'tt-

1977 4216 2123 4270 gare,
2153 4211 2244 4255 aut
2273 4217 2338 4256 ex
2369 4202 2711 4256 obsessorum
2741 4201 3015 4272 expellere
3043 4199 3382 4268 corporibus.
3413 4201 3577 4272 Atqui

1977 4291 2022 4346 si
2077 4292 2302 4346 facultas
2356 4303 2560 4346 tantum
2621 4292 2944 4346 beneﬁcium
2995 4289 3228 4346 ethnicis
3286 4290 3576 4361 praestandi

1976 4383 2284 4439 Christianis
2307 4399 2562 4440 concessa
2595 4385 2691 4437 fuit
2713 4426 2730 4450 ,
2771 4384 2814 4438 si
2856 4383 3110 4439 meliores
3139 4393 3295 4439 erant
3323 4384 3537 4438 illorum
3557 4425 3573 4452 ,

1976 4490 2134 4542 quam
2163 4475 2437 4543 gentilium
2473 4490 2652 4528 mores
2681 4489 2745 4529 ac
2774 4475 3018 4540 virtutes,
3051 4490 3157 4528 non
3203 4482 3448 4545 poterant
3472 4473 3577 4527 uti-

1976 4585 2080 4637 que
2109 4568 2268 4622 iidem
2297 4569 2545 4639 gentiles,
2579 4570 2678 4622 nisi
2713 4579 2898 4623 contra
2928 4569 3012 4638 jus
3038 4584 3198 4623 omne
3238 4579 3291 4622 et
3321 4567 3417 4632 fas,
3452 4567 3575 4623 illos

272 4639 587 4712 magnisque
613 4642 1027 4696 remunerabaut
1056 4641 1328 4696 beneﬂciis
1350 4681 1366 4705 ,
1395 4649 1450 4694 et
1491 4641 1724 4707 praemiis
1747 4683 1760 4701 ,
1793 4650 1872 4694 ta-

1981 4661 2146 4730 ptcnis
2176 4661 2564 4730 lOI‘lIlCDli:(]lle
2595 4661 2846 4714 otnnibus
2867 4675 3117 4726 enecare,
3146 4661 3243 4714 hos
3269 4674 3396 4714 vero
3427 4673 3576 4729 mag-

272 4731 430 4786 metsi
464 4730 670 4786 similes
715 4742 1065 4803 utrorumque
1113 4746 1290 4786 mores
1321 4746 1384 4785 ac
1415 4731 1637 4786 virtutes
1659 4731 1867 4787 similes

271 4837 391 4878 esse
434 4822 792 4880 venditarent.
841 4827 907 4880 At
950 4824 1229 4880 christiani
1272 4824 1500 4879 ethnicis
1537 4839 1643 4879 non
1671 4825 1866 4879 virtute

268 4929 426 4984 pares
457 4924 662 4970 tantum
692 4926 866 4983 erant,
893 4915 988 4972 sed
1022 4916 1178 4987 longe
1209 4916 1506 4970 sanctiores
1528 4917 1867 4986 prses-lautio-

268 5021 502 5076 resque,
553 5007 1008 5077 quemadmodum
1063 5007 1411 5063 invictissime
1468 5007 1866 5063 demonstravi.

268 5114 409 5154 mus.

1974 4757 2056 4810 nis
2102 4755 2314 4810 allicere
2359 4754 2605 4809 laudibus
2655 4770 2718 4807 ac
2759 4755 3055 4809 beneﬁciis.
3107 4752 3214 4808 Sed
3287 4767 3575 4824 sequamur

1972 4851 2148 4906 adhuc
2190 4850 2578 4906 Tertullianum
2625 4859 2982 4921 utrorumque
3018 4846 3240 4903 virtutes
3266 4847 3572 4920 singulatim

1971 4949 2393 5011 comparantem.

2586 5073 2887 5118 Αιιτιοῦιυς
2926 5075 2984 5114 ιι.

340 5189 495 5246 Unde
540 5191 701 5262 igitur
743 5201 890 5245 tanta
942 5193 1264 5261 iudiciorum
1304 5191 1862 5262 discrepantia?Quia
1907 5212 1934 5218 -
1975 5197 2142 5262 Quam
2168 5196 2384 5251 absurde
2405 5194 2710 5251 Christianis
2733 5196 2943 5250 scientia
2966 5175 3012 5248 et
3038 5193 3314 5263 disciplina
3342 5192 3571 5262 arquipo-

181 5316 194 5331 .
267 5282 582 5352 philosOpIii,
614 5291 672 5336 ut
717 5292 864 5338 recte
899 5282 1132 5338 advertit
1177 5283 1562 5348 Tertullianus,
1594 5301 1694 5338 non
1720 5285 1861 5338 citri-

265 5376 423 5429 stiani
447 5375 873 5448 cognominantur
912 5375 1241 5446 (Tertullian.
1289 5375 1580 5446 Apologet.,
1616 5392 1729 5444 cap.
1765 5376 1856 5442 46,

267 5484 387 5538 pag.
412 5467 585 5540 500).
616 5467 833 5523 Ethnici
859 5468 1003 5522 enim
1035 5483 1138 5521 non
1184 5481 1388 5519 summa
1432 5467 1549 5520 sine
1591 5467 1866 5537 iniquitate

265 5560 674 5618 conclamabant
703 5560 1026 5616 christianos
1050 5561 1118 5616 ob
1145 5559 1340 5624 solum,
1373 5559 1511 5614 sicut
1531 5558 1730 5614 dictum
1757 5568 1861 5625 est,

262 5667 419 5708 suum
443 5665 638 5711 nomen
657 5653 882 5725 publico
902 5653 1027 5710 odio
1051 5651 1263 5724 dignos,
1283 5665 1346 5706 ac
1365 5651 1697 5726 quibuslibet
1721 5652 1869 5722 plec-

325 5809 403 5873 (1)
434 5808 490 5868 Id
513 5820 608 5873 eat.
634 5809 1004 5875 Bibliotaocmn.

2044 5300 2217 5343 rentur
2239 5289 2528 5359 pltilosOplti
2557 5289 2793 5360 gentiles,
2812 5289 2990 5360 gloria:
3011 5287 3286 5350 libidinosi,
3311 5286 3570 5357 affectan-

2041 5392 2114 5437 tes
2141 5399 2195 5436 se
2221 5383 2403 5436 docere
2448 5382 2730 5446 veritatem,
2754 5397 2907 5451 quam
2933 5381 2984 5433 in
3011 5396 3158 5434 sacra
3197 5380 3455 5449 scriptura
3484 5379 3568 5432 in-

2043 5485 2261 5540 ventam,
2284 5474 2557 5543 captanda:
2577 5461 2840 5542 popularis
2865 5488 3006 5526 aura:
3031 5473 3198 5542 gratia
3214 5477 3568 5541 corruperant,

2043 5580 2088 5624 et
2113 5571 2200 5640 qui
2221 5587 2251 5622 a
2276 5568 2551 5638 Spartiatis
2577 5610 2590 5633 ,
2627 5565 2879 5622 Thebanis
2897 5608 2912 5632 ,
2944 5566 3142 5639 Argivis
3167 5565 3333 5620 solum
3369 5571 3560 5619 vertere

2044 5661 2295 5732 compulsi
2318 5670 2453 5716 sunt.

2046 5799 2237 5868 Mirum
2280 5813 2412 5856 sane
2457 5811 2618 5869 quam
2667 5813 2800 5854 vana
2845 5808 2902 5854 et
2952 5795 3154 5854 insulsa
3203 5795 3572 5854 ostentatione
