4198 6260
635 319 749 378 ⁷9ἳ7

1672 314 1740 373 lN
1776 312 2239 375 TERTULLIANI
2275 311 2806 377 APOLOGETICUM

3842 319 3962 380 ωε

646 433 849 493 ethnici
893 432 1225 506 obiectarent
1263 445 1448 504 parem
1479 443 1600 490 esse
1629 431 2069 504 philosophorum
2116 447 2246 489 suo-
2272 433 2326 494 Α
2354 435 2477 488 tiam
2499 435 2677 506 pangit
2700 435 2840 507 apud
2867 433 3191 492 insectatores
3210 435 3434 493 ueritatis
3453 435 3788 508 (Tertullian.
3813 437 3964 508 Apo—

652 543 794 594 rum,
827 535 990 597 atque
1016 525 1433 582 ehristianorum
1463 525 1741 580 scientiam
1764 567 1780 594 ,
1803 525 2169 596 disciplinam,
2195 534 2251 581 et

634 619 966 689 sapientiam
985 616 1313 690 (Tertullian.
1334 617 1418 672 lib.
1451 617 1495 672 ll
1515 617 1585 670 ad
1606 615 1758 685 Nat.,
1785 635 1904 690 pag.
1935 619 2086 688 585).
2114 618 2248 674 Nam

652 710 834 781 hujus,
869 709 945 765 uti
984 710 1180 766 citatus
1206 724 1234 764 a
1274 709 1608 766 Tertulliano
1649 707 1904 765 Salomon
1949 711 2250 768 reetissime

649 803 841 860 docet:
866 802 1084 858 Initium
1105 785 1370 873 sapientia:
1405 813 1565 858 metus
1589 804 1641 858 in
1663 801 1832 858 Deum
1857 801 2102 876 (Eccles.,
2129 801 2246 875 cap".

651 897 704 959 l.
727 897 761 967 ᾗ
785 937 801 953 .
838 895 956 968 16).
975 896 1045 952 Ει
1070 898 1184 952 haec
1203 897 1415 968 quidem
1440 896 1598 952 verba
1615 896 1893 969 desumpta
1920 906 2125 953 suntex
2143 897 2247 952 Ec-

657 987 946 1044 clesiastici
970 987 1128 1053 libro,
1158 1004 1316 1058 quem
1344 997 1532 1044 auctor
1562 999 1766 1056 noster,
1797 1000 1957 1060 atque
1986 990 2253 1056 alii,sicut

652 1080 778 1136 alibi
831 1080 1164 1136 ostendimus
1211 1083 1227 1139 l
1277 1079 1545 1135 Dissertat.
1596 1082 1649 1136 in
1693 1080 1954 1148 Lactant.,
1997 1100 2114 1154 cap.
2157 1084 2246 1152 ll,

653 1181 752 1227 art.
789 1171 889 1244 ⁸5),
923 1171 1195 1228 Salomoni
1223 1173 1539 1228 nominatim
1589 1175 1847 1230 tribuunt.
1894 1173 2041 1230 Licet
2069 1185 2248 1232 autem

654 1263 702 1318 ci
733 1262 1151 1334 abjudicaretur,
1180 1279 1288 1318 non
1317 1265 1494 1319 minus
1517 1279 1642 1320 vera
1671 1273 1787 1320 crat
1812 1265 1926 1322 haec
1961 1268 2248 1323 sententia.

653 1357 724 1412 At
751 1355 1024 1427 quomodo
1053 1355 1357 1426 philosophi
1387 1357 1618 1426 gentiles
1641 1365 1889 1426 poterant
1919 1358 2125 1413 initium
2157 1359 2252 1414 ha-

653 1448 784 1504 bere
813 1447 1090 1517 sapientia:
1121 1448 1286 1503 Deum
1312 1448 1564 1514 timendo,
1596 1463 1753 1518 quem
1789 1464 2058 1520 nunquam
2086 1465 2252 1521 agno-

649 1542 890 1598 verunt?
913 1541 1206 1598 ChriStiani
1235 1552 1412 1598 autem
1445 1558 1567 1598 cum
1603 1559 1788 1598 revera
1833 1545 2250 1615 cognoscebant,

652 1649 716 1690 ac
757 1635 1037 1701 timebant,
1063 1643 1224 1707 atque
1253 1635 1454 1692 idcirco
1488 1636 1588 1690 hoc
1607 1636 1829 1714 praediti
1859 1647 2015 1694 erant
2042 1643 2254 1711 sapien-

653 1727 740 1782 tiac
767 1726 937 1781 initio.

2351 525 2529 597 loget.,
2555 542 2670 597 cap.
2701 525 2793 593 46,
2823 543 2944 601 pag.
2967 527 3120 599 500).
3151 527 3218 583 Et
3246 527 3362 584 haec
3390 528 3627 600 quidem,
3659 544 3763 587 nec
3793 531 3956 602 plura

2352 615 2404 670 in
2455 616 2699 685 Rigaltii,
2758 626 2812 673 et
2843 618 3144 675 subsecutis
3169 619 3290 676 aliis
3317 620 3664 678 editionibus.
3711 621 3768 678 ln
3810 625 3958 679 anti-

2351 706 2634 778 quioribus
2658 723 2809 771 vero,
2843 723 2944 764 nec
2983 725 3091 764 non
3117 711 3169 765 in
3197 713 3396 768 nostris
3423 711 3700 768 codicibus
3729 728 3958 769 manus-

2351 800 2556 870 criptis,
2580 809 2698 870 post
2717 800 2937 855 verbum
2959 803 3217 858 adulterat
3245 803 3483 859 additum
3510 814 3614 872 est,
3631 813 3683 859 et
3718 804 3958 873 affectat,

2353 908 2418 948 ac
2448 901 2570 964 post
2598 908 2795 951 nomen
2826 895 3073 959 veritatis,
3095 895 3291 967 legitur
3311 940 3325 964 ,
3354 913 3508 968 quant
3535 895 3702 970 (editi
3727 899 3877 971 qua)
3903 900 3966 954 il-

2353 986 2566 1051 lusores,
2595 995 2641 1040 et
2674 999 3001 1058 carruptores
3032 988 3232 1044 inimice
3279 989 3449 1060 (editi
3478 989 3700 1062 mimice)
3722 991 3965 1062 philoso-

2355 1078 2446 1147 phi
2473 1077 2736 1147 affectant.
2767 1080 2876 1135 Cur
2921 1090 3098 1136 autem
3131 1080 3392 1153 Rigaltius
3419 1081 3601 1136 omnia
3649 1082 3766 1139 hinc
3805 1098 3965 1140 rese-

2353 1173 2576 1239 caverit,
2602 1173 2864 1229 rationem
2897 1174 2940 1228 si
2969 1189 3203 1245 quit-ras,
3247 1175 3447 1230 nullam
3473 1174 3544 1230 ab
3567 1191 3634 1230 eo
3659 1177 3845 1232 datam
3878 1177 3964 1232 in-

2355 1268 2558 1322 venies.
2618 1267 2755 1335 Quid
2818 1268 2988 1338 crgo?
3033 1266 3303 1338 Numquid
3355 1267 3671 1324 obscuriora
3716 1284 3779 1324 ea
3831 1285 3961 1326 esse

2355 1360 2578 1430 putavit,
2602 1369 2657 1415 et
2685 1343 3110 1416 ideaslollenda?
3139 1361 3303 1416 Recte
3321 1359 3557 1431 quidem,
3592 1361 3638 1415 si
3657 1361 3826 1432 ipsius
3848 1377 3958 1418 non

2355 1452 2564 1522 antiqui
2596 1451 2843 1506 Auctoris
2865 1450 3026 1507 verba
3053 1461 3254 1517 essent,
3288 1468 3408 1522 quae
3427 1452 3797 1524 supprimendi
3831 1455 3960 1508 nul-

2355 1542 2438 1598 lus
2467 1543 2662 1611 editor,
2690 1543 2794 1599 nisi
2821 1543 3028 1599 reddita
3058 1545 3288 1610 ratione,
3335 1545 3426 1615 jus
3471 1560 3704 1617 unquam
3737 1547 3948 1603 habuit.

2355 1637 2425 1692 At
2448 1653 2628 1693 nonne
2657 1653 2875 1693 sensum
2911 1637 3053 1693 hunc
3078 1639 3343 1709 optimum
3363 1637 3645 1694 efﬁciunt?
3683 1639 3953 1708 Quantum

2355 1729 2554 1786 veritas
2577 1729 2703 1785 odio
2735 1729 2983 1796 habetur,
3016 1740 3218 1786 tantum
3252 1731 3344 1802 qui
3382 1745 3501 1787 eam
3531 1731 3746 1790 sincere
3773 1734 3951 1804 docet,

726 1817 991 1873 Praeterea
1021 1818 1073 1872 hi
1107 1834 1212 1874 non
1242 1820 1413 1874 solum
1463 1835 1532 1876 ex
1581 1821 1704 1886 hoc,
1753 1821 1851 1878 sed
1889 1823 2011 1879 aliis
2039 1838 2252 1896 quoque
2278 1832 2328 1893 B
2357 1823 2403 1878 is
2429 1821 2562 1877 alios
2581 1820 2821 1877 offendit.
2849 1822 2949 1892 Qui
2972 1831 3150 1878 autem
3174 1839 3295 1878 eam
3338 1821 3642 1880 ali‘ecmndo
3661 1825 3955 1895 adulterat,

655 1923 822 1965 sacrae
843 1909 1138 1980 Scripturac
1162 1910 1328 1976 libris,
1351 1922 1602 1982 tanquam
1621 1913 1817 1970 divinis
1845 1908 2251 1987 purissimisque

653 2002 885 2058 fontibus
911 2003 1156 2059 haustam
1188 2005 1467 2062 veritatem
1493 2007 1630 2061 hanc
1659 2009 1974 2078 sapientiam
2001 2023 2253 2065 necessa-

657 2095 760 2162 rio,
789 2097 862 2152 ait
888 2097 1268 2164 Tertullianus,
1313 2108 1715 2162 consectantur,
1747 2109 1805 2154 ut
1845 2109 2062 2156 aeternae
2088 2102 2250 2159 saluti

654 2202 766 2244 suae
810 2190 1093 2245 Consulant
1121 2191 1140 2264 (
1166 2191 1468 2246 Tcrtullian.
1514 2192 1814 2264 Apologet.,
1844 2211 1963 2266 cap.
1989 2196 2061 2251 46
2081 2236 2096 2263 ,
2127 2213 2248 2269 pag.

668 2282 822 2354 500).
849 2282 1089 2340 Gentiles
1133 2298 1261 2340 vero
1313 2285 1613 2355 philosophi
1667 2287 1990 2353 veritatem,
2036 2288 2247 2360 inquit,

653 2373 893 2443 affectant
918 2417 933 2442 ,
966 2385 1012 2430 et
1062 2376 1351 2443 aﬂ'eclando
1394 2389 1762 2450 corrumpunt,
1797 2388 1853 2433 ttt
1896 2381 1982 2450 qui
2031 2381 2251 2454 gloriam

649 2476 856 2538 captant
888 2469 906 2538 (
935 2467 1073 2522 Ibid.
1103 2485 1216 2540 cap.
1247 2469 1338 2536 47,
1383 2487 1502 2542 pag.
1535 2470 1643 2528 515
1666 2472 1706 2544 ).
1738 2470 1882 2526 Nihil
1919 2475 2116 2545 quippe
2166 2476 2249 2532 eis

650 2559 822 2630 magis
863 2561 1013 2616 cordi
1053 2571 1203 2628 erat;
1233 2576 1390 2632 quant
1418 2571 1475 2617 ut
1500 2564 1756 2631 nominis,
1789 2564 1966 2625 famas.
1989 2580 2052 2621 ac
2073 2582 2246 2635 vanae,

650 2651 833 2720 gloria:
857 2652 1220 2707 celebritatem
1245 2669 1460 2726 quoquo
1483 2656 1643 2710 modo
1668 2667 2086 2727 aucuparentur.
2115 2660 2250 2729 Qua-

650 2752 869 2814 propter
889 2743 957 2799 ab
984 2744 1075 2799 illo
1097 2753 1279 2814 postea
1303 2756 1560 2801 vocantur
1577 2748 1756 2818 gloriae
1776 2758 1821 2802 et
1845 2751 2145 2821 eloquentia:
2163 2745 2268 2806 so!

650 2838 749 2892 lius
792 2839 1049 2894 libidinosi
1093 2839 1306 2912 (Idem,
1349 2841 1437 2894 lib.
1501 2840 1566 2895 de
1620 2841 1814 2909 Anim.,
1868 2860 1984 2912 cap.
2036 2843 2142 2914 7),
2193 2844 2246 2901 id

653 2939 756 2994 est,
787 2929 1105 2985 avidissimi.
1133 2931 1255 2986 Alio
1281 2940 1460 2988 autem
1487 2934 1539 2987 in
1563 2933 1739 2988 libro:
1771 2933 2141 3004 PhilosOphus,
2168 2937 2249 2991 in-

611 3075 618 3080 .
655 3023 790 3092 quit,
821 3022 1002 3094 gloria:
1040 3024 1253 3078 animal.
1280 3026 1455 3095 Atque
1485 3025 1600 3082 haec
1625 3029 1860 3084 auctoris
1887 3033 2054 3084 nostri
2082 3030 2247 3086 verba

646 3114 1010 3188 Hieronymus
1058 3116 1200 3172 haud
1239 3116 1401 3174 dubie
1440 3131 1732 3188 mutuatus,
1767 3121 1934 3192 ipsius
1965 3126 2248 3180 sententiae

2354 1914 2448 1970 hoc
2472 1915 2584 1986 ipso
2610 1916 2811 1969 nomine
2834 1915 3076 1971 eamdem
3101 1917 3326 1986 gratiam
3345 1915 3484 1986 apud
3498 1915 3641 1972 illius
3659 1918 3956 1976 insectato-

2355 2023 2443 2064 res
2466 2009 2601 2074 init,
2639 2024 2797 2080 quam
2829 2008 3078 2066 illusores
3106 2019 3162 2066 et
3189 2019 3556 2080 corruptores.
3585 2011 3953 2078 Quamobrem

2353 2089 2582 2174 gentiles
2620 2102 2927 2176 philosophi
2986 2104 3218 2176 agnitam
3253 2104 3538 2162 veritatem
3565 2115 3822 2178 tanquam
3855 2110 3955 2165 mi-

2355 2197 2426 2251 mi
2453 2197 2681 2252 aliorum
2712 2197 2876 2264 dicta,
2926 2197 3093 2265 facta,
3147 2206 3203 2254 et
3245 2211 3529 2268 personas,
3581 2197 3836 2256 affectant
3887 2217 3953 2258 ac

2353 2300 2730 2360 corrumpunt.
2797 2290 3010 2346 Dixisse
3065 2300 3243 2346 autem
3296 2289 3664 2348 Tertullianus
3717 2293 3951 2364 videtur,

2353 2383 2702 2453 philosophos
2717 2381 3002 2438 affectasse
3021 2383 3298 2438 veritatem
3329 2396 3436 2438 non
3466 2382 3679 2452 quidem
3725 2385 3952 2453 inimice,

2353 2484 2414 2531 ut
2440 2476 2494 2530 in
2526 2474 2805 2531 codicibus
2824 2474 3208 2542 manuscriptis
3246 2475 3505 2544 scriptum
3541 2485 3622 2531 est
3649 2477 3956 2534 scribarum

2351 2568 2658 2633 oscitantia,
2688 2551 2877 2638 qui'ex
2911 2567 3080 2636 prima
3104 2567 3280 2622 littera
3311 2583 3361 2620 m
3384 2565 3516 2621 duas
3541 2568 3593 2621 in
3617 2566 3956 2627 effecerunt:

2352 2660 2446 2716 sed
2475 2659 2652 2730 potius
2676 2659 2896 2724 mimice,
2931 2658 3386 2730 quemadmodum
3411 2658 3464 2713 in
3486 2659 3586 2714 alio
3613 2659 3750 2715 libro
3773 2660 3955 2728 dixit,

2350 2751 2559 2807 Mithrae
2581 2751 2805 2807 militent
2831 2766 2954 2808 esse
2983 2751 3135 2822 quasi
3163 2753 3372 2806 mimum
3394 2752 3620 2824 martyrii
3639 2751 3840 2824 (Idem,
3860 2753 3957 2810 lib.

2353 2845 2417 2900 de
2437 2859 2612 2902 coron.
2635 2847 2688 2900 in
2719 2846 2838 2915 ﬁn.,
2868 2863 2988 2917 pag.
3021 2843 3170 2916 151).

2423 2936 2644 2992 Fatetur
2688 2938 2866 3008 itaque
2909 2938 2978 2992 ab
3014 2937 3206 2994 iisdem
3238 2936 3577 3009 philosophis
3625 2938 3826 3010 saepius
3852 2954 3950 2997 co-

2350 3031 2550 3102 gnitam
2590 3031 2868 3087 veritatem
2897 3049 2909 3084 :
2946 3031 3073 3096 Quis
3098 3032 3252 3097 enim,
3296 3033 3488 3102 inquit,
3521 3042 3813 3104 poetarum,
3841 3035 3958 3105 quis

2350 3125 2716 3190 sophistarum,
2747 3123 2833 3192 qui
2855 3139 2956 3186 non
2985 3122 3048 3178 de
3085 3125 3448 3191 prophetarum
3493 3124 3632 3192 fonte
3657 3126 3952 3194 potaverit?

647 3199 1003 3280 subscripsit:
1036 3209 1385 3282 Philosophus
1427 3213 1606 3284 gloria:
1648 3215 1860 3277 animal,
1891 3224 1939 3269 et
1980 3217 2244 3287 papularis
2271 3225 2316 3288 C
2350 3216 2484 3272 Inde
2521 3218 2680 3290 igitur
2705 3225 2750 3271 et
2777 3217 3069 3288 philosophi
3110 3216 3248 3270 sitim
3299 3216 3491 3288 ingenii
3535 3216 3617 3270 sui
3664 3217 3960 3289 rigaverstnt

647 3317 789 3355 aura:
816 3312 966 3372 atque
993 3319 1254 3357 rumorum
1281 3304 1379 3358 vile
1398 3306 1712 3376 mancipium
1731 3308 1750 3376 (
1771 3303 2071 3378 Hierongm.
2098 3308 2246 3378 epist.

647 3391 748 3457 54,
795 3391 864 3447 ad
914 3391 1243 3461 Pammach.,
1289 3411 1409 3467 pag.
1461 3395 1630 3466 585).
1683 3401 1754 3452 At
1798 3397 2098 3467 Lucianus,
2147 3401 2248 3456 etsi

646 3483 930 3550 ethnicus,
959 3485 1061 3541 hos
1105 3485 1456 3557 philosophos
1506 3489 1665 3559 longe
1707 3491 1884 3545 acrius
1934 3491 2245 3547 insectatur.

645 3575 830 3631 Palam
877 3577 1079 3648 quippe
1123 3589 1400 3633 asseverat
1442 3579 1564 3634 illos
1604 3595 1774 3650 genus
1796 3597 1918 3637 esse
1946 3583 2247 3650 hominum,

648 3670 808 3736 ἀργὸν,
867 3671 1140 3736 φιλόνεικιν,
1176 3673 1431 3738 autiaceas,
1453 3677 1692 3739 ὶξῦχὸλον,
1745 3678 2009 3743 ὑπόλιχνεν,
2054 3679 2248 3744 ὑπόμω-

645 3779 744 3826 ρθν,
797 3767 1146 3826 τετυφωμένον,
1196 3763 1362 3830 ὕϐρεώς
1422 3766 1682 3828 ἀνάπλεων,
1734 3769 1814 3817 xei
1861 3770 1936 3817 in
1979 3767 2084 3820 καθ’
2121 3776 2252 3835 Optn-

645 3871 726 3918 ριν
768 3853 905 3912 εἴπω,
947 3856 1090 3919 ἄχθη
1134 3856 1359 3923 ἀριὺρης.
1420 3853 1674 3920 Otiosum,
1721 3857 2103 3923 contentiosttm,
2131 3860 2247 3930 glo-

637 3941 739 3994 ‘ritc
783 3941 1010 4008 avidum,
1054 3944 1398 4012 iracundum,
1451 3946 1586 4017 gula:
1633 3949 1954 4018 studiosum,
2015 3950 2246 4022 stultum,

649 4039 955 4108 fastuosum,
989 4039 1409 4095 contumeliosum
1434 4082 1449 4107 ,
1507 4052 1556 4096 et
1584 4081 1598 4107 ,
1661 4053 1715 4098 ut
1760 4045 1916 4099 verbis
1963 4044 2250 4104 Homericis

649 4131 814 4185 dicam
854 4148 872 4186 :
917 4131 1138 4187 Telluris
1187 4131 1366 4188 inutile
1427 4136 1626 4204 pondus
1698 4135 1951 4207 (Lucian.
2000 4136 2250 4195 Icarome-

650 4224 759 4288 ni.,
795 4241 915 4297 pag.
941 4225 1048 4282 739
1099 4237 1144 4281 et
1196 4243 1334 4300 seqq.
1358 4230 1398 4300 ).
1445 4227 1600 4282 Plura
1651 4229 1826 4285 adhuc
1889 4231 1980 4286 ille
2047 4232 2101 4286 in
2150 4248 2250 4290 suo

649 4316 717 4374 dc
746 4319 907 4374 sectis
936 4318 1149 4392 dialogo
1201 4320 1390 4392 (Idem
1437 4320 1764 4395 Hieronym.,
1799 4341 1918 4397 pag.
1951 4325 2058 4382 284
2083 4327 2126 4397 ),
2159 4329 2246 4385 ubi

649 4419 800 4467 certo
829 4427 888 4467 se
926 4412 994 4467 ab
1048 4415 1299 4470 omnibus
1349 4416 1622 4487 accepisse
1675 4426 1902 4474 testatur
1948 4420 2245 4492 Epicureos

649 4513 932 4575 corruptos
951 4503 1162 4562 deliciis
1182 4522 1244 4562 ac
1272 4508 1673 4579 voluptatibus;
1716 4510 2105 4582 Peripateticos
2153 4531 2248 4586 pa-

647 4601 831 4654 randis
857 4600 1300 4673 eumulandisqnc
1329 4601 1531 4658 divitiis
1563 4605 1823 4662 inservire
1846 4648 1859 4672 ,
1889 4617 1944 4662 et
1985 4607 2246 4680 quosdam
2272 4634 2326 4695 D

650 4708 713 4749 ex
747 4693 852 4750 illis
882 4694 1166 4763 immodice
1195 4697 1598 4764 contentiosos;
1630 4698 1935 4757 Platonicos
1987 4717 2246 4774 arrogan-

651 4796 753 4851 tes,
784 4789 1022 4857 turgidos
1051 4789 1187 4844 lastu
1219 4789 1406 4855 nimio,
1434 4800 1489 4845 et
1525 4792 1712 4862 gloria:
1756 4795 2197 4864 cupientissimos
2231 4815 2245 4853 :

653 4889 697 4934 οἱ
725 4886 1007 4938 «laruam-si
1036 4925 1050 4948 ,
1108 4883 1310 4953 inquit,
1364 4889 1670 4955 τετῦξωνταιι,
1733 4892 1815 4939 καὶ
1851 4892 2094 4956 φιλόδοξοί
2130 4894 2243 4944 εἱσι.

653 4972 783 5043 Quae
811 4973 1026 5045 quidem
1054 4975 1158 5031 huc
1186 4976 1566 5046 etingessimus
1593 4977 1660 5032 ad
1691 4993 1898 5046 eorum,
1950 4997 2070 5050 quae
2122 4998 2246 5038 mox

650 5068 852 5128 Auctor
891 5075 1078 5121 noster
1105 5065 1350 5122 dicturus
1379 5077 1484 5134 est,
1537 5068 1995 5139 anticipationem.
2035 5071 2140 5128 Sed
2181 5072 2249 5130 de

655 5158 740 5216 bis
760 5160 869 5231 jam
888 5160 1088 5232 aliquid
1103 5161 1154 5216 in
1177 5161 1443 5231 superiori
1469 5161 1847 5219 dissertatione
1872 5164 2246 5224 delibavimus.

728 5252 1041 5324 Philosophi
1074 5252 1234 5325 igitur
1263 5253 1605 5311 fraudulenta
1633 5255 1876 5312 veritatis
1927 5261 2248 5315 ostentatio-

650 5359 720 5402 ne
751 5346 928 5415 pravis
971 5346 1314 5417 opinionibus
1359 5347 1506 5402 illam
1550 5346 1946 5416 adulterabant,
1978 5365 2048 5407 ne
2094 5361 2249 5422 pate-

650 5438 788 5494 facta
839 5439 1031 5510 vulgus
1083 5439 1332 5496 insanum
1361 5440 1696 5508 offenderet,
1725 5452 1887 5499 et'ut
1915 5442 2016 5514 ipsi
2057 5444 2244 5502 falsam

649 5531 804 5590 vanzc
826 5533 1144 5590 eruditionis
1169 5535 1393 5606 gloriam
1425 5534 1525 5591 sibi
1557 5544 1831 5605 parerent,
1871 5551 1934 5592 ac
1977 5552 2246 5595 venaren-

653 5639 767 5684 tur.
812 5627 1391 5693 Verumeuimvcro,in
1439 5637 1704 5700 quantum,
1762 5630 1836 5684 ait
1861 5629 2247 5700 Tertullianus,

652 5721 826 5774 odium
855 5722 1040 5792 ﬂagrat
1069 5722 1273 5788 ueritas,
1294 5723 1558 5790 inltantum
1580 5724 1664 5791 qui
1690 5739 1883 5778 eamea:
1904 5724 2007 5791 ﬁde
2021 5733 2250 5795 prteslat,

645 5805 886 5873 olenditi
918 5811 1017 5877 Qui
1039 5822 1207 5866 autem
1237 5815 1510 5881 adulterat,
1538 5815 1633 5869 hoc
1659 5815 1882 5871 niaxime
1900 5818 2101 5873 nomine
2123 5834 2247 5888 gra-

2353 3312 2372 3385 (
2401 3310 2703 3365 Tertullian.
2746 3309 2970 3382 Apolog.
2999 3351 3014 3376 ,
3061 3326 3182 3381 cap.
3205 3311 3296 3378 4‘7,
3327 3327 3448 3382 pag.
3483 3309 3654 3382 515).
3685 3309 3959 3367 Hactenus

2354 3402 2517 3460 editio
2544 3402 2840 3472 Rigaltiana
2870 3415 2992 3456 cum
3034 3400 3154 3455 aliis
3184 3411 3345 3472 atque
3383 3401 3549 3457 etiam
3576 3402 3961 3472 manuscriptis

2354 3493 2554 3550 nostris
2597 3484 2872 3548 codicibus
2906 3510 2919 3546 :
2952 3491 3043 3546 sed
3077 3491 3129 3546 itt
3159 3491 3275 3547 istis
3321 3492 3458 3560 haec,
3503 3503 3777 3564 amputata
3804 3509 3836 3547 a
3863 3494 3963 3550 Ri-

2353 3585 2536 3657 galtio,
2571 3585 2778 3656 adjecta
2827 3592 2996 3639 sunt:
3037 3583 3105 3639 Ut
3155 3600 3269 3655 qua:
3311 3585 3376 3640 de
3426 3585 3611 3642 nostris
3662 3585 3869 3650 habent,
3898 3603 3962 3640 ea

2353 3687 2646 3747 comparent
2681 3677 2803 3732 illis.
2832 3677 3032 3733 Verum
3071 3678 3117 3734 si
3144 3677 3259 3733 haec
3283 3677 3536 3749 Rigaltio,
3581 3687 3677 3734 aut
3721 3680 3964 3735 erranti-

2354 3769 2454 3825 bus
2478 3771 2822 3843 lypographis
2852 3771 3188 3837 exciderunt,
3237 3773 3359 3843 quis
3386 3772 3650 3843 majorem
3680 3773 3798 3843 ejus
3823 3771 3960 3828 dili-

2353 3864 2585 3934 gentiam
2637 3880 2744 3918 non
2786 3863 3154 3920 desiderabit?
3200 3862 3256 3920 Si
3281 3881 3408 3920 vero
3464 3865 3509 3919 is
3555 3865 3705 3920 solus
3737 3865 3961 3936 proprio

2353 3963 2526 4010 marte
2554 3970 2617 4011 ea
2644 3956 2883 4021 abstulit,
2917 3957 3035 4028 quis
3064 3957 3343 4012 audaciam
3375 3957 3520 4014 illius
3546 3958 3742 4028 poterit
3784 3974 3962 4014 excu-

2353 4045 2672 4102 sare?Natn
2723 4050 2837 4104 haec
2875 4049 2942 4104 ad
2996 4047 3318 4105 Tertulliani
3368 4050 3666 4106 institutum
3718 4054 3963 4110 maxime

2351 4141 2575 4197 faciunt.
2650 4142 2998 4198 Probandum‘
3055 4143 3316 4214 siquidem
3371 4152 3682 4215 susceperat
3723 4146 3964 4217 gentiles

2354 4235 2704 4307 philosophos
2745 4235 3054 4292 christianis
3102 4237 3327 4292 scientia
3373 4239 3594 4292 omnino
3621 4248 3965 4310 praepostere

2354 4329 2643 4401 adacquari.
2676 4327 2892 4384 Atillud
2921 4337 3066 4384 recte
3093 4343 3158 4384 eo
3176 4327 3541 4397 demonstrat,
3561 4329 3702 4399 quod
3722 4341 3781 4384 ut
3797 4345 3964 4388 suam

2353 4437 2475 4477 cum
2522 4430 2708 4476 nostra
2746 4419 3047 4475 doctrinam
3077 4430 3491 4489 compararent,
3515 4434 3584 4474 ex
3630 4435 3790 4476 sacro
3827 4436 3968 4491 pro-

2355 4515 2635 4587 phetarum
2683 4512 2829 4581 fonte
2881 4511 3128 4567 hortulos
3151 4526 3310 4578 suos,
3344 4521 3402 4566 ut
3441 4509 3718 4567 Ciceronis
3769 4515 3964 4572 verbis

2355 4619 2587 4673 utamur,
2610 4607 2960 4679 irrigaverant
2979 4604 3171 4678 (Idem,
3194 4605 3293 4660 loc.
3313 4604 3400 4660 cit.
3422 4614 3591 4676 ευριπ,
3619 4622 3735 4675 cap.
3758 4606 3818 4672 4,
3847 4617 3961 4665 art.

2352 4703 2387 4757 4
2406 4703 2446 4773 ).
2477 4701 2664 4771 Neque
2694 4700 2744 4754 id
2789 4698 2946 4755 valde
2975 4698 3193 4754 dillicile
3225 4699 3356 4771 ipsis
3383 4707 3519 4754 erat.
3561 4699 3722 4755 Sacra
3752 4699 3965 4772 quippe

2351 4795 2563 4851 Veteris
2594 4793 2926 4848 Testamenti
2989 4791 3255 4862 scriptura
3314 4792 3564 4848 omnibus
3610 4791 3963 4850 ethnicorum

2351 4886 2930 4952 commentationibus,
2961 4885 3037 4940 uti
3070 4885 3184 4956 ipse
3226 4885 3322 4951 ait,
3370 4893 3426 4940 et
3470 4900 3567 4941 nos
3597 4884 3736 4940 haud
3778 4886 3962 4943 semel

2353 4980 2708 5046 ostendimus,
2761 4988 2845 5035 est
2871 4979 3029 5050 longe
3049 4977 3531 5048 antiquioral’lura
3575 4979 3755 5048 itaque
3780 4977 3964 5035 docu-

2354 5081 2532 5129 menta
2560 5088 2624 5128 ex
2652 5071 2822 5128 Sacris
2844 5071 3043 5126 nostris
3070 5070 3242 5135 libris,
3269 5071 3410 5125 sicut
3432 5070 3557 5126 alibi
3587 5085 3616 5124 a
3644 5071 3802 5125 nobis
3825 5087 3965 5143 pro-

2353 5165 2533 5220 batum
2569 5172 2675 5230 est,
2705 5163 2863 5219 furati
2895 5171 3041 5229 sunt,
3071 5171 3128 5216 ut
3182 5160 3491 5218 christianis
3529 5177 3685 5232 pares
3724 5163 3962 5221 scientia

2353 5257 2702 5315 crederentur
2757 5255 2775 5327 (
2799 5254 2962 5326 Supr.
2993 5271 3108 5325 cap.
3139 5254 3194 5318 6,
3222 5265 3321 5309 art.
3373 5254 3408 5310 4
3448 5262 3498 5309 et
3539 5270 3702 5325 seqq.,
3729 5265 3857 5311 tom.
3915 5257 3962 5316 Ι.

2353 5350 2605 5422 Apparat.
2635 5367 2755 5421 pag.
2785 5349 2913 5414 584,
2940 5349 3065 5416 551,
3094 5346 3201 5404 909
3221 5358 3277 5404 et
3298 5347 3439 5404 1112
3467 5356 3514 5401 ct
3537 5347 3720 5420 seqq.).

2419 5443 2514 5499 Ast
2533 5440 2829 5514 phil030phi
2847 5443 2923 5498 illi
2941 5441 3138 5514 gloriae,
3159 5441 3236 5496 ait
3249 5440 3626 5508 Tertullianus,
3641 5451 3689 5495 et
3704 5440 3964 5512 eloquia"-

2352 5539 2436 5593 tiw
2462 5538 2622 5593 solius
2649 5537 2927 5600 libidinosi,
2967 5537 3012 5591 si
3041 5536 3166 5607 quid
3185 5537 3239 5590 in
3265 5535 3426 5589 sacris
3470 5535 3759 5604 Scripturis
3786 5535 3965 5603 οπω-

2354 5631 2558 5699 dcrunt,
2586 5630 2790 5701 digestis
2815 5645 2879 5683 ea:
2904 5645 2998 5698 pro
3023 5628 3258 5682 instituto
3295 5627 3605 5682 curiositatis
3642 5627 3714 5682 ad
3735 5629 3966 5699 propria

2355 5737 2512 5792 opera
2555 5725 2806 5775 verterunt
2835 5718 3161 5789 (Tertullian.
3207 5717 3501 5790 Apologet.,
3527 5734 3627 5790 cap
3684 5718 3775 5785 η,
3821 5734 3957 5792 pag.

2321 5803 2508 5885 -515).
2539 5814 2644 5876 Sed
2665 5813 2923 5887 Rigaltius
2947 5815 3016 5872 ibi
3045 5813 3426 5873 reluctantibus
3448 5814 3665 5887 scriptis
3683 5811 3966 5885 editisque
