4240 6262
337 301 451 363 929

1473 299 1930 362 DISSERTATIO
1966 300 2032 358 D.
2074 300 2162 359 LE
2200 302 2510 363 NOURRY.

3541 308 3653 368 930

341 423 622 480 codicibus
642 465 657 486 ,
689 419 899 479 delevit.
912 431 1107 477 nomen
1136 418 1438 490 Scriptaris,
1464 427 1624 500 atque
1651 418 1778 474 illud
1803 418 1944 488 dige-
1971 420 2025 478 Α
2049 416 2119 473 do
2145 417 2398 474 etiamad
2428 418 2680 475 Nationes
2713 418 2878 486 libro,
2906 418 2996 475 ubi
3027 419 3204 478 adhuc
3240 420 3431 493 probat
3469 421 3648 495 philo-

343 518 436 573 stis
462 517 852 574 substantivum
881 529 1020 580 esse,
1051 529 1224 586 coque
1246 513 1386 570 idem
1415 527 1478 568 ac
1502 513 1643 567 tibiis
1671 510 1945 583 significa-

347 607 392 663 ri
423 608 725 679 suspicatus
753 616 854 662 est.
897 604 1003 662 Sed
1033 619 1335 676 perperam.
1376 603 1590 659 Etenim
1617 603 1943 674 adjecuvum

347 711 452 766 est,
485 700 626 772 quod
653 701 792 757 idem
825 708 983 755 sonat
1030 714 1094 754 ac
1153 698 1410 768 dispositis
1459 706 1514 753 et
1549 697 1818 761 ordinatis,
1861 697 1946 752 vel

350 794 615 865 explicatis
657 802 712 850 et
767 791 1156 863 interpretatis.
1209 791 1394 847 Primo
1421 790 1620 862 quippe
1636 803 1798 846 sensu
1827 787 1945 844 Vir-

350 885 504 957 gilius
523 884 656 940 dixit
675 884 746 940 de
772 883 975 954 Sibylla
1001 899 1018 939 ε

471 999 804 1062 Quaecumque
825 999 877 1047 in
898 996 1026 1047 foliis
1048 998 1308 1062 descripsit
1329 999 1543 1048 carmina
1559 995 1732 1060 Virgo,

472 1061 671 1124 Digerit
691 1061 739 1111 in
762 1074 1039 1112 numerum.

995 1119 1252 1190 (VirgilJ.
1284 1121 1371 1186 IIl,
1396 1110 1588 1174 £neid.
1608 1136 1655 1172 ν.
1683 1119 1814 1184 iis.)

337 1195 405 1284 .id
431 1236 532 1296 est,
559 1200 981 1301 inqriitSc-rvius,
1004 1227 1240 1296 ordinat,
1263 1237 1314 1283 et
1334 1227 1570 1300 disponit
1595 1228 1767 1298 (Serv.
1791 1226 1941 1297 ibid.,

354 1335 455 1394 pag
479 1319 630 1394 295).
655 1320 795 1377 Alibi
815 1319 974 1376 etiam
1003 1319 1105 1376 hoc
1127 1328 1184 1376 et
1208 1319 1444 1376 secundo
1467 1319 1767 1392 significatu
1797 1338 1810 1375 :

645 1470 662 1485 .
729 1432 800 1483 lta
824 1433 1011 1495 digerit
1042 1435 1204 1484 omnia
1227 1431 1444 1486 Calchas.

1007 1514 1177 1583 (Virg.
1203 1515 1240 1568 ι,
1269 1515 1336 1580 Π,
1364 1513 1578 1580 Αεηεὶάη
1605 1533 1652 1568 v.
1684 1517 1821 1581 182.)

358 1623 496 1689 sive,
523 1623 603 1707 uti
624 1622 798 1680 adhuc
824 1623 1044 1680 Servius
1077 1623 1460 1693 interpretatur
1490 1623 1663 1694 (Serv.
1695 1623 1845 1689 ibid.,
1889 1637 1944 1693 p.

349 1711 504 1783 2'55),
537 1715 773 1770 numinis
804 1715 1243 1778 commotionem,
1278 1712 1362 1768 vel
1392 1711 1576 1780 futuri,
1604 1712 1656 1768 id
1677 1723 1792 1780 est,
1825 1729 1950 1770 ora-

347 1805 590 1862 culorum
618 1805 857 1862 ordinem
882 1805 1084 1876 pandit,
1115 1820 1212 1860 seu
1239 1805 1469 1870 ordinat,
1503 1815 1557 1861 et
1577 1804 1831 1876 disponit.

420 1895 622 1953 Deinde
641 1895 903 1968 Rigaltius
916 1896 1032 1952 haec
1048 1896 1230 1964 verba,
1247 1913 1311 1952 ex
1327 1913 1421 1968 pro
1443 1897 1691 1962 instituto,
1711 1897 1791 1953 sic
1816 1913 1942 1953 cor-

347 1988 446 2060 rigi
474 1989 743 2060 scribique
771 1989 960 2055 voluit,
987 1989 1167 2045 exinde
1191 2001 1439 2061 regestum
1477 2005 1569 2062 pro
1601 1990 1850 2058 instituto,
1881 2007 1945 2047 ac

348 2081 563 2136 tandem
593 2081 776 2136 addito
810 2081 912 2137 hoc
940 2081 1106 2137 verbo
1133 2091 1403 2154 regestum,
1427 2096 1622 2138 nomen
1653 2098 1806 2153 opera
1825 2083 1944 2138 nul-

346 2175 401 2232 lo
419 2177 604 2232 codice
646 2177 829 2242 citato,
869 2176 1081 2246 penitus
1110 2175 1392 2232 resecavit.
1445 2175 1734 2232 Nobiscum
1765 2186 1943 2234 tamen

349 2265 549 2324 faciunt
577 2283 765 2325 omnes
816 2269 1003 2325 inediti
1032 2269 1269 2336 codices,
1328 2280 1382 2326 et
1405 2279 1530 2326 ante
1567 2270 1815 2326 eumdem
1845 2271 1941 2326 lil-

351 2361 573 2433 galtium
601 2361 727 2418 editi
756 2379 770 2428 ;
797 2363 899 2418 nisi
931 2362 1074 2433 quod
1102 2362 1156 2418 in
1186 2362 1270 2416 his
1301 2363 1690 2433 antiquioribus
1716 2363 1944 2434 legimus

349 2457 800 2527 ex‘improstituto.
832 2456 937 2514 Sed
972 2458 1072 2511 hoc
1111 2467 1424 2527 corruptum
1453 2457 1681 2512 videtur.
1711 2457 1767 2511 ln
1816 2457 1946 2512 sub-

346 2549 696 2620 sequentibus
723 2557 900 2605 antem
931 2549 1261 2606 editionibus
1299 2550 1508 2605 sublata
1555 2550 1649 2605 fuit
1687 2551 1945 2622 praeposi-

347 2639 424 2696 tio
449 2656 532 2708 ex,
578 2655 642 2695 ac
685 2640 944 2712 Scriptum
977 2641 1290 2710 simpliciter
1341 2656 1435 2712 pro
1461 2642 1709 2696 instituto.
1755 2641 1943 2696 Melius

347 2732 582 2804 quidem,
614 2732 707 2789 sed
733 2733 960 2788 delinire
992 2748 1098 2788 non
1123 2732 1384 2788 audemus
1413 2749 1533 2803 qua:
1562 2749 1688 2787 vera
1712 2734 1784 2788 sit
1806 2733 1938 2788 Ter-

350 2825 553 2880 tulliani
596 2825 774 2891 lectio,
808 2823 981 2881 donec
1007 2826 1347 2897 incorruptus
1367 2825 1558 2896 aliquis
1586 2825 1756 2882 codex
1782 2841 1938 2898 repe-

348 2916 537 2973 riatur.

418 3011 620 3069 Sensus
649 3021 828 3078 tamen
855 3012 972 3084 ejus
995 3012 1083 3069 hic
1111 3013 1484 3084 proculdubio
1526 3029 1650 3072 esse
1675 3015 1891 3071 videtur
1922 3033 1938 3074 :

348 3105 393 3161 si
425 3105 727 3176 philosophi
758 3123 826 3162 ex
848 3109 1017 3187 sacris
1044 3107 1361 3180 Scripturis,
1398 3121 1545 3166 recte
1593 3110 1854 3166 ordinatis
1889 3119 1945 3166 et

2048 509 2287 581 sephicie
2315 511 2594 580 sapientiae
2617 510 2908 568 vanitatem
2937 512 3464 586 imbecillitatetnque
3487 530 3646 586 aper-

2051 602 2258 658 tissime
2307 602 2672 658 demonstrari
2721 619 2786 659 ex
2833 602 3148 674 opinionum
3197 605 3475 675 varietate,
3523 622 3644 678 qua:

2049 707 2153 749 n0u
2179 693 2415 760 aliunde,
2444 709 2604 765 quam
2633 695 2701 750 de
2728 695 2970 751 veritatis
3016 696 3315 766 ignorantia
3368 699 3603 753 manavit
3628 716 3641 754 :

2049 783 2260 842 Etenim
2279 786 2392 840 licet
2413 803 2502 854 per
2525 789 2887 855 curiositatem,
2918 789 3108 860 inquit,
3129 789 3433 844 omnimodo:
3456 791 3650 846 littera-

2048 884 2176 931 tum
2202 863 2536 948 inspicienda:
2558 879 2746 934 divinis
2769 896 2966 952 quoque
2984 881 3286 952 Scripturis,
3315 894 3369 936 ut
3393 883 3648 954 antiquio-

2048 969 2210 1034 ribus,
2239 971 2616 1039 possintvideri
2641 972 2948 1038 incursasse,
2973 983 3019 1028 et
3045 957 3163 1028 inde
3191 976 3438 1030 nonnulla
3467 976 3648 1048 demp-

2048 1066 2170 1120 sisse
2218 1063 2478 1135 (Tertul.,
2531 1067 2620 1121 tib.
2688 1067 2730 1122 ll
2765 1068 2832 1122 ad
2874 1067 3030 1136 Nut.,
3094 1086 3209 1141 cap.
3270 1070 3388 1139 2);
3443 1072 3650 1143 simpli-

2053 1158 2269 1212 citatem
2303 1168 2479 1214 tamen
2506 1159 2622 1230 ejus
2664 1159 3050 1231 deSpicientes,
3102 1171 3158 1218 et
3199 1163 3385 1234 gloria:
3427 1163 3648 1222 libidine

2047 1249 2269 1320 insuper
2308 1250 2475 1316 ducti,
2534 1253 2806 1307 inventam
2849 1253 2900 1307 in
2932 1253 3099 1309 sacris
3132 1255 3330 1312 nostris
3356 1255 3649 1328 Scripturis

2048 1341 2333 1400 veritatem
2363 1342 2734 1410 immutarunt,
2759 1354 2812 1400 et
2839 1344 3298 1402 adulteraverunt.

2120 1437 2296 1507 Atque
2343 1418 2462 1493 inde
2501 1447 2547 1492 et
2576 1437 2937 1509 aquibusdaut
2985 1456 3205 1510 quoque,
3262 1441 3400 1497 sicut
3453 1441 3546 1498 ille
3590 1442 3645 1498 in

2049 1529 2419 1602 Apologetico,
2475 1531 2590 1598 ait,
2631 1532 2788 1601 ejecta
2827 1532 3176 1604 philosophia,
3226 1550 3257 1587 a
3304 1533 3575 1604 Thebanis,
3615 1553 3648 1591 a

2050 1622 2350 1694 Spartiatis,
2374 1632 2422 1678 et
2470 1624 2692 1696 Argivis,
2729 1624 2848 1685 dum
2889 1627 2957 1679 ad
3011 1636 3189 1681 nostra
3235 1627 3648 1683 contaminamur

2050 1713 2376 1786 (Tertullian.
2397 1714 2688 1788 Apologet.,
2721 1733 2836 1786 cap.
2869 1716 2963 1783 47,
2993 1735 3114 1788 pag.
3146 1718 3302 1788 515).
3327 1718 3404 1773 Ita
3426 1719 3645 1791 quidem

1976 1814 2025 1874 B
2055 1807 2108 1864 in
2156 1807 2371 1879 Rigaltii
2417 1808 2914 1888 posterioribusque
2953 1810 3302 1866 cditionibus.
3357 1814 3427 1868 At
3467 1813 3520 1868 in
3551 1829 3649 1868 no-

2047 1900 2176 1956 stris
2193 1901 2468 1957 codicibus
2502 1902 2884 1972 manuscriptis
2909 1945 2924 1971 ,
2957 1913 3012 1959 et
3035 1903 3417 1961 vetustioribus
3438 1905 3597 1964 editis
3625 1922 3641 1962 :
3734 1931 3739 1935 ι

2051 1991 2202 2060 Inde,
2227 1995 2431 2064 opinor,
2480 2003 2526 2048 et
2552 2011 2584 2048 a
2621 1995 3063 2065 quibusdani......
3089 1996 3492 2067 Spartiacis.....
3523 1999 3645 2054 dum

2047 2086 2118 2140 ad
2161 2096 2333 2140 nostra
2388 2086 2565 2157 (male
2609 2085 2662 2140 in
2691 2087 2962 2143 nonnullis
2987 2087 3334 2155 editionibus,
3365 2106 3397 2142 a
3444 2094 3646 2162 vestra)

2047 2178 2762 2244 conantur,subaudiendum
2808 2180 3057 2234 imitando
3112 2198 3459 2252 corrumpere;
3509 2166 3647 2240 sicut

2048 2269 2180 2324 dixit
2201 2286 2351 2341 poma
2375 2281 2626 2326 conantur
2652 2270 2813 2344 (Ibid.
2846 2289 2964 2342 cap.
2988 2273 3080 2339 d0,
3112 2292 3232 2346 pag.
3260 2274 3418 2346 478),
3449 2278 3640 2348 supple

2047 2373 2248 2420 matura
2273 2363 2402 2430 ﬁeri.
2428 2361 2536 2418 Cur
2567 2372 2769 2430 autem,
2798 2379 2828 2419 a
2858 2381 2987 2437 quo,
3017 2380 3080 2422 ac
3109 2366 3261 2437 cujus
3310 2383 3496 2438 opera,
3551 2379 3645 2424 aut

2049 2452 2367 2523 negligentia
2395 2454 2652 2510 omissum
2679 2453 2841 2511 fuerit
2889 2456 3112 2511 verbum
3152 2463 3355 2528 opinor,
3402 2475 3467 2515 ac
3514 2460 3643 2531 quid

2049 2543 2122 2599 ibi
2150 2553 2358 2613 noceat,
2387 2545 2542 2602 nobis
2563 2548 2700 2602 sicut
2719 2547 2898 2604 nullus
2922 2548 3108 2613 edixit,
3129 2549 3200 2604 ita
3223 2549 3642 2609 Tertullianeum

2047 2652 2168 2694 esse
2193 2638 2348 2695 facile
2368 2640 2486 2695 aliis
2513 2641 2886 2714 persuadebis.
2928 2642 3007 2698 Eo
3055 2643 3254 2714 quippe
3300 2659 3464 2700 sensu
3515 2645 3643 2702 alibi

2048 2729 2212 2786 utitur
2231 2731 2335 2788 hoc
2351 2734 2536 2799 verbo,
2563 2733 2650 2789 ubi
2668 2733 2736 2791 de
2767 2749 2828 2790 re
2848 2733 2950 2790 sibi
2981 2733 3204 2791 minime
3226 2736 3385 2791 dubia
3403 2736 3640 2794 disserit.

2118 2822 2201 2877 Ad
2231 2822 2456 2894 ejectam
2473 2839 2602 2880 vero
2616 2823 2686 2880 ab
2721 2825 2953 2901 ethnicis
2975 2824 3367 2896 philosophiam
3389 2828 3538 2899 quod
3569 2839 3645 2884 at-

2049 2913 2202 2981 tinet,
2244 2916 2534 2972 Athenteus
2553 2923 2736 2971 narrat
2764 2902 2999 2986 (Athen.,
3030 2916 3068 2971 ι.
3094 2915 3187 2985 ΧΙ,
3221 2933 3267 2971 c.
3311 2919 3396 2985 l2,
3431 2937 3486 2991 p.
3515 2919 3639 2987 542,

2049 3017 2096 3060 et
2131 3006 2219 3060 lib.
2247 3006 2386 3076 XIII,
2419 3023 2536 3077 cap.
2564 3007 2619 3072 9,
2649 3025 2702 3078 p.
2733 3006 2858 3080 160)
2880 3007 3166 3077 sephistas,
3191 3023 3254 3065 ac
3285 3009 3420 3066 duos
3444 3011 3644 3082 Epicu.

2049 3113 2174 3155 reos
2190 3099 2540 3170 philosophos
2564 3101 2802 3158 Alcaeum
2827 3110 2882 3156 at
2911 3101 3202 3158 Philiscum
3231 3102 3362 3159 urbe
3379 3119 3474 3160 sua
3491 3119 3520 3159 a
3534 3105 3645 3161 Ro-

348 3199 648 3269 explicatis,
669 3199 870 3270 aliquid
890 3200 999 3256 veri
1012 3200 1320 3270 hauserint,
1344 3202 1473 3258 illud
1490 3218 1584 3274 pro
1597 3203 1941 3272 curiositatis,
1970 3205 2017 3272 ο
2050 3192 2252 3273 manis.
2275 3208 2464 3249 omnes
2485 3193 2724 3264 eiusdem
2744 3203 2906 3250 sectae
2931 3195 3127 3266 oppido
3147 3210 3246 3250 suo
3267 3212 3296 3250 ει
3323 3195 3630 3265 Messeniis

248 3279 252 3283 ’
348 3302 443 3344 seu
473 3289 650 3346 nimia:
680 3305 773 3346 eas
808 3291 948 3346 male
978 3292 1278 3361 explicandi
1337 3308 1480 3348 cura:
1527 3294 1789 3360 instituto,
1819 3308 1943 3350 ver-

350 3389 532 3436 terunt
557 3380 624 3436 ad
649 3383 858 3452 prepria
889 3398 1077 3453 opera,
1103 3384 1207 3438 hoc
1230 3393 1335 3453 est,
1367 3384 1434 3440 ad
1463 3384 1622 3442 falsas
1656 3386 1799 3458 vulgi
1825 3387 1941 3458 opi-

281 3521 283 3523 .
349 3475 540 3530 niones
585 3475 978 3547 popularesque
1006 3491 1246 3532 errores.
1278 3477 1412 3532 Cum
1439 3477 1580 3533 enim
1613 3469 1822 3534 divinas
1851 3495 1943 3535 es-

348 3581 411 3622 se
432 3581 538 3622 non
579 3567 887 3633 crederent,
934 3567 1114 3624 datam
1142 3569 1239 3624 sibi
1273 3577 1595 3638 putaverunt
1624 3570 1742 3626 illas
1772 3571 1942 3626 inter-

348 3658 586 3730 polandi,
617 3668 674 3716 et
699 3674 796 3730 pro
821 3659 974 3715 libito
993 3659 1380 3730 interpretandi
1408 3661 1737 3718 facultatem.
1761 3662 1944 3734 Neque

353 3753 511 3808 etiam
555 3752 914 3824 intelligentes
939 3767 1124 3808 earum
1151 3753 1477 3809 documenta
1509 3753 1856 3823 obscuritate,
1888 3763 1944 3809 ct

349 3843 582 3902 Judaicis
609 3845 813 3902 umbris
841 3845 1075 3914 obvolvi,
1122 3847 1394 3916 aspernati
1441 3856 1566 3902 sunt
1588 3847 1728 3902 illius
1745 3847 1946 3919 simpli-

348 3938 560 3993 citatem
595 3937 923 4011 (Tertullian.
949 3939 1074 3994 ibid.
1105 3956 1227 4010 pag.
1256 3938 1408 4012 5l5).
1435 3939 1772 4012 Quapropter
1793 3943 1936 4013 quod

349 4031 403 4088 in
435 4031 519 4088 his
545 4042 751 4088 certum
800 4042 1140 4105 repererunt,
1191 4031 1502 4088 effecerunt
1549 4034 1833 4100 incertum,
1879 4051 1943 4091 ac

349 4141 474 4181 vera
506 4127 846 4198 rejicientes,
893 4139 987 4184 aut
1037 4128 1184 4183 veris
1233 4126 1365 4182 falsa
1392 4129 1705 4193 miscentes,
1766 4132 1943 4187 inter-

352 4226 643 4274 verterunt.
676 4217 785 4274 Sed
831 4218 900 4274 de
947 4219 1029 4274 his
1057 4218 1206 4289 plura
1237 4218 1485 4275 Clemens
1525 4219 1941 4290 Alexandrinus,

352 4317 411 4364 ut
445 4325 543 4366 suo
571 4311 694 4366 loco
724 4311 1104 4376 adnotavimus
1162 4311 1308 4382 (tom.
1345 4311 1370 4366 1
1403 4311 1655 4383 Apparet.
1685 4331 1805 4386 pag.
1839 4314 1938 4370 871

350 4409 398 4453 et
427 4400 528 4457 H5
550 4410 595 4454 et
616 4403 804 4472 καφ).

2049 3299 2412 3357 quoscumque
2459 3287 2619 3342 ctiam
2661 3301 2828 3358 regno
2853 3301 2950 3341 suo
2976 3287 3044 3342 ab
3061 3288 3353 3357 Antiocho,
3383 3303 3448 3345 ac
3488 3289 3635 3361 Lysi-

2049 3377 2262 3444 macho,
2285 3386 2341 3433 et
2366 3395 2434 3434 ex
2459 3380 2631 3435 Attica
2655 3380 2870 3450 publico
2885 3379 3166 3450 Sophoclis
3190 3381 3366 3436 edicto
3388 3382 3456 3436 ab
3473 3381 3644 3437 Athe-

2050 3470 2326 3527 uiensibus
2371 3473 2643 3542 eiipulsos,
2685 3486 2748 3528 ac
2789 3472 3005 3530 tandem
3039 3473 3453 3546 philos0pbiam,
3483 3483 3645 3546 atque

2051 3559 2402 3631 rhetoricam,
2443 3579 2472 3618 a
2520 3563 2948 3620 Lacedaemoniis
2975 3565 3265 3622 adtnisSam
3302 3583 3408 3623 non
3455 3567 3642 3623 fuisse.

1993 3643 1996 3656 ’
2050 3654 2303 3724 Ejusdem
2333 3669 2460 3710 vero
2481 3656 2886 3713 Atheniensium
2926 3659 3126 3715 decreti
3171 3660 3416 3716 meminit
3461 3658 3638 3715 Julius

2050 3746 2260 3815 Pollux,
2305 3739 2449 3819 quod
2496 3752 2630 3817 νόμος
2659 3755 2848 3810 ait-rma:
2902 3751 2971 3806 ab
3012 3765 3080 3806 eo
3129 3759 3348 3806 vocatur
3396 3749 3640 3823 (Pollux,

2053 3841 2140 3896 lib.
2175 3840 2270 3909 XI,
2289 3859 2409 3915 pag.
2439 3842 2590 3912 427).
2622 3843 2739 3913 Non
2771 3845 2899 3900 dicit
2921 3854 3104 3900 tamen
3133 3844 3261 3899 illud
3289 3860 3320 3900 a
3368 3843 3640 3916 Sophocle

2050 3933 2232 3990 datum
2255 3978 2270 4002 ,
2308 3935 2404 3992 sed
2455 3935 2647 3992 factam
2691 3937 2948 3993 duntaitat
2986 3937 3103 4004 ejus
3158 3939 3508 3995 mentionem.
3542 3938 3645 3996 Ve-

2051 4044 2170 4085 rum
2199 4028 2461 4086 Athenteo
2490 4039 2674 4101 aperte
2701 4030 3024 4102 sull'ragatur
3041 4031 3310 4097 Laertius,
3341 4035 3430 4103 qui
3459 4033 3647 4088 simili-

2053 4129 2135 4178 ter
2163 4121 2680 4179 asseruitconditam
2709 4138 2900 4180 revera
2939 4123 3008 4178 ab
3056 4124 3244 4179 eodem
3280 4122 3546 4193 Sophocle
3573 4124 3649 4180 le-

2050 4233 2172 4288 gem
2200 4234 2302 4289 qua
2321 4218 2544 4274 vetitum
2571 4217 2688 4286 fuit,
2715 4235 2781 4274 ne
2805 4219 2926 4289 quis
2948 4217 3150 4274 scholae
3179 4217 3645 4291 philosophorum,

2053 4314 2155 4370 nisi
2185 4323 2376 4370 senatu
2407 4323 2462 4368 et
2484 4312 2636 4382 plebe
2659 4311 2994 4382 approbante
3023 4319 3299 4380 praeesset,
3327 4325 3485 4368 secus
3504 4314 3650 4383 capi-

2055 4389 2107 4461 te
2130 4406 2456 4476 plecteretur
2475 4403 2697 4477 (Laert.,
2712 4401 2873 4470 tib.V,
2901 4402 2954 4456 in
2991 4399 3090 4457 Vit.
3112 4399 3458 4473 Tlteopltras.,
3477 4402 3637 4473 με).

428 4492 604 4554 Variis
642 4511 805 4564 porro
859 4497 911 4553 id
959 4497 1326 4557 Tertullianus
1353 4500 1544 4571 probat
1593 4497 1942 4570 (Tertullian.
2054 4497 2160 4556 Sed
2185 4500 2254 4554 ad
2286 4497 2614 4568 propositum
2638 4504 2879 4552 nostrum
2924 4503 3018 4552 aut
3052 4493 3184 4551 nihil
3223 4507 3317 4550 aut
3340 4510 3529 4566 parum
3571 4493 3651 4551 fa-

360 4585 656 4657 Apologet.,
682 4604 796 4658 cap.
825 4590 916 4662 47,
933 4607 1052 4663 pag.
1076 4590 1947 4664 5l5)philosophorumjopinioni-
1975 4603 2028 4663 D
2057 4595 2132 4650 cit
2154 4608 2307 4665 aquo
2334 4602 2388 4648 et
2412 4590 2681 4662 quomodo
2732 4605 2796 4647 ea
2825 4591 2914 4648 lex
2957 4589 3173 4646 condita
3223 4588 3424 4646 fuerit:
3446 4586 3650 4645 sufficit

351 4677 454 4733 bus
482 4684 536 4732 et
563 4677 839 4735 erroribus
872 4679 942 4737 de
968 4683 1062 4737 Dei
1115 4692 1300 4739 natura
1319 4725 1336 4751 ,
1364 4682 1622 4764 qualitate
1659 4691 1713 4738 et
1769 4685 1950 4754 provi—
2054 4699 2184 4741 sane
2214 4694 2272 4740 ut
2295 4684 2413 4755 ejus
2433 4683 2590 4755 jussu
2621 4684 2817 4752 rejecta
2847 4683 2918 4738 sit
2963 4682 3323 4754 philosophia.

351 4769 562 4838 dentia;
594 4771 663 4828 de
688 4773 872 4829 mundi
916 4775 1210 4842 creatione,
1241 4785 1296 4832 et
1333 4773 1715 4843 diuturnitate;
1748 4775 1816 4832 de
1844 4775 1950 4831 hu-
2126 4777 2290 4834 Nobis
2312 4785 2489 4833 autem
2517 4779 2588 4831 A.
2640 4775 2846 4832 Gellius
2873 4775 3094 4833 exhibet
3119 4776 3268 4844 illud,
3299 4785 3460 4848 atque
3484 4775 3649 4832 etiam

350 4879 523 4920 manat:
563 4866 757 4922 anima:
787 4876 1192 4939 natura,~quam
1248 4868 1342 4923 alii
1402 4869 1795 4938 incorporeum,
1820 4870 1956 4925 divi-
2058 4870 2202 4927 aliud
2243 4868 2795 4933 senatusconsultum,
2826 4868 3084 4940 additque
3132 4871 3351 4925 tertium
3402 4883 3434 4924 a
3466 4867 3651 4924 Domi-

351 4970 493 5020 nam,
527 4965 583 5015 et
606 4965 892 5026 aeternam,
916 4957 1005 5014 alii
1035 4959 1405 5016 dissolubilcm
1431 4970 1486 5016 et
1507 4975 1826 5032 corpoream
1864 4977 1954 5017 es-
2061 4962 2206 5017 tiano
2234 4962 2532 5032 imperante
2553 4961 2919 5027 constitutum,
2953 4975 3059 5032 quo
3087 4959 3391 5030 philosophi
3426 4975 3533 5015 non
3559 4973 3650 5014 so-

351 5061 411 5103 se
438 5049 853 5118 arbitrabantur,
885 5061 1047 5123 atque
1071 5053 1140 5108 de
1161 5051 1305 5108 illius
1339 5062 1460 5122 post
1487 5035 1738 5124 corporis
1765 5053 1951 5109 interi-
2058 5054 2166 5110 lum
2197 5054 2387 5119 Roma,
2430 5053 2526 5109 sed
2555 5053 2704 5108 Italia
2749 5067 2965 5123 quoque
2995 5052 3266 5108 interdicti
3296 5061 3438 5119 sunt,
3489 5058 3651 5121 atque

353 5147 465 5195 tum
495 5151 656 5207 statu,
683 5143 880 5212 pinnis,
925 5151 982 5200 et
1028 5144 1285 5215 przcmiis.
1321 5142 1525 5200 Omnes
1568 5154 1749 5202 autem
1775 5146 1954 5201 varias
2062 5147 2260 5203 idcirco
2310 5147 2611 5218 Epictetum
2640 5147 2766 5203 inde
2795 5145 3163 5202 Nicomediam
3194 5146 3482 5203 secessisse
3505 5143 3644 5218 (Gel.

352 5229 513 5288 hasce
559 5233 775 5289 illorum
819 5235 1104 5306 epiuioues
1133 5236 1257 5292 alibi
1304 5237 1704 5293 enucleavimus
1737 5253 1802 5295 ac
1834 5238 1950 5293 dis-

352 5324 617 5384 cussimus
650 5327 667 5394 (
698 5325 858 5400 Supr.
889 5345 1005 5399 cap.
1057 5327 1091 5383 5
1117 5371 1132 5395 ,
1182 5337 1285 5384 art.
1314 5329 1369 5397 4,
1399 5338 1445 5384 et
1471 5345 1586 5399 cap.
1609 5329 1640 5384 υ
1664 5371 1680 5396 ,
1707 5338 1807 5384 art.
1852 5331 1876 5384 l
1905 5338 1951 5384 et

351 5431 514 5489 seqq.;
543 5417 813 5476 Dissertat.
865 5421 1203 5490 inLactant.,
1249 5439 1365 5492 cap.
1388 5424 1476 5486 l2,
1505 5431 1603 5476 art.
1639 5424 1665 5477 1
1713 5432 1760 5476 et
1786 5439 1951 5494 seqq.;

350 5525 468 5580 cap.
492 5511 583 5577 M,
611 5523 722 5567 arta
742 5514 770 5570 1
798 5524 842 5568 et
870 5514 906 5568 2
933 5524 981 5569 et
1007 5531 1171 5587 δεψιά
1199 5524 1246 5569 et
1273 5531 1390 5584 cap.
1413 5513 1506 5583 25,
1557 5523 1660 5569 art.
1694 5514 1718 5568 l
1751 5524 1797 5569 et
1820 5530 1951 5585 seq.,°

350 5611 398 5658 et
427 5619 546 5672 cap.
569 5604 663 5673 28,
685 5615 788 5663 art.
820 5608 855 5663 4
877 5617 922 5662 et
952 5606 1032 5680 6).

421 5693 608 5767 Neque
633 5698 687 5755 in
717 5698 823 5756 hoc
851 5711 1055 5757 tantum
1083 5701 1422 5773 apologatieo
1451 5701 1655 5758 Auctor
1675 5709 1859 5758 noster
1879 5701 1951 5758 ita

351 5786 614 5851 adversus
630 5791 980 5867 philosomios
1006 5795 1233 5867 gentiles
1250 5793 1508 5868 disputat,
1541 5794 1642 5853 sed
1670 5795 1724 5854 in
1749 5809 1952 5856 secun-

2060 5240 2149 5295 lib.
2173 5239 2290 5294 XV.
2313 5237 2472 5294 Noct.
2499 5241 2607 5294 Att.
2633 5256 2749 5310 cap.
2775 5240 2886 5311 11).
2909 5239 3232 5295 Μεηιίοηειη
3248 5254 3461 5311 quoque
3490 5237 3650 5308 hujus

2055 5333 2216 5390 edicti
2241 5333 2528 5390 Suetonius
2547 5333 2666 5389 facit
2683 5332 2945 5406 (Sueton.,
2968 5333 3056 5388 lib.
3082 5330 3264 5388 Vlllin
3296 5330 3398 5386 Vit.
3426 5329 3650 5397 Domit.,

2062 5425 2090 5498 §
2121 5426 2234 5497 10).
2267 5425 2373 5483 Sed
2397 5426 2752 5482 Philostratus
2777 5425 2982 5482 addidit
3009 5434 3215 5482 tantum
3241 5433 3504 5482 terrorem
3527 5423 3652 5480 inde

2059 5520 2331 5576 incussum
2360 5519 2728 5591 philosophis,
2771 5527 2829 5574 ut
2867 5528 3071 5576 mutato
3097 5518 3302 5581 habitu.
3324 5518 3415 5574 alii
3443 5518 3495 5572 in
3525 5517 3652 5573 llis-

2055 5613 2290 5683 paniam,
2311 5612 2398 5667 alii
2425 5613 2478 5669 in
2507 5613 2690 5686 Libya:
2717 5621 2773 5669 et
2792 5613 3026 5686 Scythiae
3054 5613 3266 5670 deserta
3284 5612 3644 5684 confugerint,

2055 5692 2146 5760 alii
2173 5705 2472 5760 Domitiano
2515 5720 2635 5762 sese
2662 5704 3002 5776 adju‘nxerint
3026 5705 3290 5762 scelerum
3308 5703 3647 5761 consiliarios

2057 5794 2412 5868 (Philostrat.,
2449 5797 2536 5855 lib.
2557 5795 2670 5868 VII,
2696 5797 2760 5854 de
2788 5797 2886 5856 Vit.
2911 5795 3112 5871 Αμοιιη
3151 5815 3208 5871 p.
3231 5795 3385 5872 877).
3410 5797 3650 5872 Denique
