4240 6262
608 319 708 381 93!

1684 309 1753 366 IN
1789 301 2258 366 TERTULLIANI
2293 295 2823 361 APOIJOGE'I‘ICUII

3721 352 3726 354 .
3802 291 3928 356 932

609 448 668 494 ut
690 437 838 508 plura
871 409 1162 494 taceamus,
1210 427 1337 484 alibi
1387 425 1866 484 animadvertimus
1925 422 2118 478 litteris
2167 437 2196 474 a
2227 423 2281 483 Α
2309 428 2413 473 tem
2440 419 2644 473 Auctor
2673 424 2858 472 noster
2889 411 3087 470 dixerit
3119 411 3402 478 lutulentis,
3438 409 3555 469 sive
3591 413 3906 486 munientis,

607 532 885 588 Clemente
908 523 1270 582 Alexandrino
1300 523 1610 578 mandatum
1641 519 1802 574 toties
1830 533 2059 589 grtecam
2084 515 2202 586 piti-

608 624 906 695 losophiam
941 618 1183 689 periisse,
1210 617 1420 687 quoties
1447 632 1475 670 a
1503 613 1904 686 magistratibus
1934 609 2201 681 prohibita

608 717 703 771 fuit
727 713 900 786 (Tom.
939 710 962 766 Ι
1020 713 1296 782 Αρραναι.,
1328 726 1447 780 pag.
1480 707 1633 778 825).
1689 704 1957 763 Cmtcrum
2009 701 2202 757 merito

608 804 912 877 philoSOphi
973 802 1136 857 hasce
1184 815 1368 870 pinnas
1399 808 1681 870 prepterea
1719 795 2007 857 dederunt,
2057 791 2200 863 quod

607 899 837 971 aguitam
860 896 1136 952 veritatem
1178 893 1621 959 adulteraverint,
1662 905 1724 944 ac
1775 893 1836 942 de
1883 887 2109 951 reritate,
2144 895 2202 940 ut

605 993 680 1045 ait
709 989 1089 1053 Tertulliauus,
1111 985 1500 1055 diSputaverint
1529 992 1705 1037 contra
1743 981 2001 1035 ueritatem
2027 982 2044 1047 (
2069 975 2198 1031 Ter-

607 1084 812 1138 tttllian.
849 1081 1142 1152 Apologet.,
1175 1095 1291 1148 cap.
1339 1077 1430 1144 46,
1461 1093 1578 1147 pag.
1610 1063 1759 1146 500).
1785 1072 1891 1128 Sed
1930 1073 1982 1126 in
2014 1079 2087 1126 tot
2114 1084 2204 1125 er-

606 1192 788 1231 rorum
839 1175 1089 1246 abyssum
1121 1187 1214 1227 eos
1265 1169 1620 1240 prmeipitavit
1648 1181 1786 1222 enica
1815 1165 2063 1219 humana:
2089 1162 2200 1234 glo-

602 1268 698 1324 ri.c
743 1277 796 1322 et
822 1281 968 1320 aurai
997 1263 1270 1335 popularis
1297 1261 1581 1332 cupiditas,
1613 1273 1676 1314 ac
1723 1256 1908 1312 libido.

674 1361 875 1425 Verum
908 1357 1198 1414 ChriSIiani
1218 1400 1231 1421 ,
1259 1356 1458 1426 spretis
1497 1354 1773 1408 hominum
1804 1351 2070 1414 laudibus,
2102 1364 2197 1406 ve-

601 1457 814 1512 ritatem
844 1454 894 1507 in
937 1451 1102 1506 sacris
1131 1448 1423 1518 Scripturis
1455 1445 1724 1508 traditam,
1750 1442 2074 1507 necessuio,
2115 1441 2208 1495 in-.

603 1548 716 1618 quit
743 1543 1126 1606 Tertullianus,
1178 1550 1424 1611 appetunt
1455 1547 1501 1592 et
1532 1542 1722 1608 integre
1749 1544 1967 1601 servant,
2011 1544 2064 1587 ut
2111 1533 2199 1603 qui

601 1639 753 1695 saluti
812 1653 918 1693 sua:
947 1646 1124 1690 curant
1159 1634 1368 1705 (lbid.).
1401 1635 1576 1702 Atque
1607 1630 1730 1685 inde
1762 1629 2024 1684 adversus
2053 1640 2199 1682 com-

603 1731 827 1802 pellatus
871 1748 897 1781 a
921 1744 979 1783 se
1003 1727 1234 1798 gentiles
1260 1727 1358 1780 rite
1386 1723 1657 1779 concludit
1691 1740 1704 1776 :
1733 1719 1914 1790 Neque
1943 1723 2006 1774 de
2040 1720 2199 1774 scien-

2309 521 2420 579 aut,
2465 521 2524 566 ut
2541 511 2616 565 ait
2648 509 3006 580 Hieronymus
3033 548 3050 575 ,
3097 509 3290 572 lutatis,
3345 522 3443 564 seu
3527 509 3643 566 luto
3695 510 3909 570 inluetis

2309 604 2539 676 pedibus,
2607 603 2794 658 audies
2833 617 2902 658 ex
2953 600 3145 660 eodem
3192 599 3404 657 Laertio
3453 601 3646 659 ductos
3691 603 3762 659 ab
3803 605 3908 662 hoc

2312 698 2546 768 Diogene
2585 696 2880 766 discipulos
2930 697 3045 751 sine
3071 695 3265 751 calceis
3292 699 3631 764 ἀνυποδνζτινς,
3663 712 3786 753 cum
3818 698 3910 756 ille

2309 791 2637 864 γυμνοῖῖπισὶ
2670 796 2804 862 χιόνα
2837 798 3006 847 (πέτει
3043 791 3195 845 nudis
3224 791 3432 861 pedibus
3460 792 3622 846 nivem
3643 793 3906 850 calcabas.

2309 884 2564 952 Quamvis
2577 900 2704 956 ergo
2727 892 2928 939 tantam
2948 892 3311 954 paupertatem
3335 882 3511 954 palam
3541 883 3906 955 proﬁteretur,

2307 963 2658 1064 uour‘minus
2705 988 2884 1034 tamen
2921 993 3084 1049 quam
3141 979 3294 1035 dives
3341 977 3493 1036 Plato
3539 982 3806 1052 superbiai
3852 991 3908 1038 et

2307 1071 2625 1141 arrogantiae
2655 1071 2784 1125 vitio
2823 1069 3038 1125 inflatus
3075 1079 3209 1126 erat.

2376 1161 2634 1233 Superbis
2667 1163 2846 1232 itaque
2890 1161 2995 1216 illis
3024 1161 3359 1232 philosophis
3397 1160 3760 1220 Tertullianus
3799 1167 3906 1222 rite

2305 1255 2528 1324 opponit
2566 1251 2952 1319 Christianum,
3005 1253 3095 1324 qui
3133 1270 3224 1308 nec
3280 1255 3333 1310 in
3389 1269 3677 1326 pauperem,
3727 1258 3907 1314 multo

2304 1345 2480 1400 minus
2511 1347 2563 1400 iu
2593 1345 2809 1401 divitem
2838 1345 3060 1416 superbit
3086 1343 3443 1414 (Tertullian.,
3482 1347 3746 1421 Apologet,
3778 1368 3902 1422 cap.

2303 1438 2392 1502 40,
2452 1455 2569 1508 pag.
2605 1436 2729 1492 500.
2772 1435 2908 1492 Ibid.
2937 1454 3053 1508 cap.
3073 1437 3331 1509 25,.pag.
3385 1437 3539 1510 422).
3585 1439 3906 1499 Christianis

2304 1532 2580 1586 enimvero
2605 1573 2632 1616 ,.
2676 1531 3021 1586 fraternitatis
3077 1531 3313 1598 vinculo,
3347 1543 3403 1587 ut
3447 1548 3607 1605 supra
3656 1537 3903 1592 animad-

2304 1625 2582 1693 vertimus,
2647 1634 2702 1680 et
2754 1626 3055 1681 sanctitatis
3101 1627 3294 1697 spiritu
3338 1626 3662 1696 conjunctis,
3719 1632 3904 1687 omnia

2309 1727 2506 1787 prailer
2543 1732 2760 1784 uxores,
2807 1720 3118 1774 communia
3167 1728 3338 1786 erant,
3369 1719 3712 1792 nullaquede
3737 1737 3905 1794 supe-

603 1826 693 1886 tia,
719 1838 878 1891 neque
919 1821 982 1874 de
1012 1819 1308 1887 disciplina,
1351 1827 1404 1870 ut
1445 1817 1656 1887 putatis,
1690 1831 1947 1885 coquantur
1987 1812 2196 1886 (Ibid).
2230 1823 2277 1883 B
2306 1813 2447 1866 riore
2475 1812 2641 1882 gradu
2681 1822 2773 1866 aut
2810 1811 3074 1882 dignitate
3099 1812 3395 1868 contentio.

601 1914 753 1968 Nulla
787 1913 946 1982 igitur
973 1911 1143 1980 magis
1171 1907 1450 1977 inaequalis
1477 1922 1540 1961 ac
1571 1915 1896 1976 praepostera
1926 1919 2198 1974 compara-

604 2006 677 2058 tio
705 2005 772 2057 ah
796 2003 1024 2058 ethnicis
1050 2000 1164 2056 ﬁeri
1191 2001 1393 2071 potuit,
1427 2015 1586 2069 quam
1618 2010 1874 2067 utrosque
1891 1997 2112 2051 scientia
2145 2005 2199 2050 et

601 2096 882 2164 disciplina
908 2093 1264 2163 adaequando.
1296 2091 1478 2162 Neque
1504 2089 1696 2160 potiori
1713 2089 1834 2158 jure
1852 2078 2199 2144 venditabant

601 2187 835 2256 aequales
867 2199 1132 2256 paresque
1162 2197 1286 2239 esse
1337 2183 1474 2236 alias
1515 2183 1726 2235 illorum
1772 2181 2019 2246 virtutes,
2051 2179 2197 2250 quod

595 2281 706 2351 jam
741 2295 863 2335 cum
896 2277 1226 2333 Tertulliauo
1257 2284 1442 2331 nostro
1468 2282 1553 2328 est
1579 2271 2012 2342 expendeudum.

1182 2381 1476 2423 Αιιτιςυιυε
1528 2381 1605 2420 III.

602 2464 768 2530 Quam
789 2471 1096 2534 prwpostere
1135 2460 1348 2532 gentiles
1373 2456 1718 2512 contenderim
1744 2471 1918 2526 parem
1945 2470 2052 2508 esse
2079 2454 2197 2524 pllio

669 2555 996 2625 losophorum
1017 2569 1224 2607 suorum
1255 2564 1406 2620 atque
1423 2548 1461 2604 (Σ
1471 2548 1832 2603 hristianorum
1851 2546 2192 2616 probitatem,

671 2656 846 2701 contra
875 2661 1026 2713 quam
1073 2643 1321 2714 Diogenes
1346 2640 1636 2711 superbiam
1681 2637 1917 2693 Platonis
1961 2639 2066 2691 alia
2105 2653 2192 2690 su-

667 2739 842 2810 perbja
892 2737 1206 2792 conculcavit
1237 2752 1255 2789 :
1292 2751 1542 2790 summanr
1581 2735 1737 2804 fuisse
1789 2731 2193 2786 Christianorum

669 2833 1009 2897 modestiam,
1031 2841 1208 2885 contra
1233 2845 1384 2900 quam
1407 2827 1734 2899 Pythagoras
1758 2835 1804 2881 et
1821 2825 1996 2880 Zenon
2016 2836 2194 2896 tyran-

669 2926 835 2980 nidem
863 2928 1266 2996 affectaverant;
1316 2923 1594 2976 maximam
1645 2921 1801 2992 fuisse
1827 2920 1988 2973 animi
2037 2919 2192 2973 chri-

667 3021 947 3074 stianorunt
973 3017 1301 3086 mquitatetn,
1331 3025 1508 3068 contra
1549 3028 1700 3081 quant
1742 3009 2013 3082 Lycurgus
2059 3026 2192 3079 apa-

666 3110 951 3164 carzeresim
977 3107 1207 3178 optavit;
1252 3114 1505 3160 seruatam
1533 3087 1712 3158 sedulo
1741 3120 1773 3155 a
1803 3102 2094 3156 Christianis
2119 3102 2186 3170 [i-

2375 1904 2577 1960 Dehinc
2610 1920 2736 1960 vero
2758 1906 2804 1959 si
2851 1915 3061 1976 agatur,
3115 1907 3285 1976 inquit
3320 1903 3690 1961 Tertulliauus
3731 1906 3899 1977 (Ibid.

2302 2013 2418 2065 cap.
2451 1997 2542 2063 46,
2588 2014 2708 2068 pag.
2743 1997 2895 2068 500),
2932 1997 2996 2053 de
3020 1996 3287 2064 modestia,
3335 2013 3457 2068 quas
3511 1999 3564 2052 in
3599 1997 3783 2053 animo
3820 2010 3908 2056 est

2301 2087 2587 2142 continens
2614 2088 2910 2144 moderatio
2937 2089 3309 2158 cupiditatum,
3345 2087 3488 2144 nulla
3517 2105 3649 2145 sane
3679 2090 3888 2147 institui

2303 2189 2478 2249 potest
2504 2178 2836 2236 Christianos
2881 2182 3021 2236 inter
3046 2189 3100 2236 et
3123 2181 3349 2251 gentiles
3377 2185 3730 2253 comparatio.
3756 2183 3891 2240 Nam

2302 2270 2648 2344 Pythagoras,
2699 2275 2772 2327 uti
2807 2274 2899 2329 ille
2947 2275 3040 2336 ait,
3088 2275 3228 2344 apud
3258 2272 3496 2343 Thurios,
3536 2273 3712 2330 Zenon
3760 2278 3904 2348 apud

2303 2363 2640 2421 Priennenses
2684 2367 3005 2436 tyrannidem
3048 2365 3312 2435 affectant.
3366 2366 3584 2425 Litteris
3631 2371 3826 2442 quippe
3868 2387 3904 2427 a

2304 2456 2518 2512 Laertio
2569 2459 2836 2528 proditum
2888 2460 3117 2530 legimus
3155 2460 3429 2516 incensam
3489 2461 3518 2515 a
3573 2458 3906 2520 Crotoniatis

2309 2549 2517 2605 Milonis
2543 2551 2784 2617 domum,
2816 2552 2905 2607 ubi
2935 2561 3061 2608 tunc
3077 2561 3194 2608 erat
3220 2552 3552 2625 Pythagoras
3571 2597 3587 2622 ,
3633 2561 3902 2627 τυραννίδες

2303 2649 2504 2696 ἐπίθεσιν
2551 2647 2876 2713 ὦλαεοῦμινοι
2901 2686 2916 2708 ,
2953 2643 3079 2700 Cum
3109 2647 3219 2716 ejus
3265 2647 3587 2718 tyrannidem
3627 2657 3903 2704 meth

2309 2733 2500 2806 (Laert.
2533 2735 2620 2789 lib.
2641 2735 2780 2803 VIII,
2812 2737 2864 2791 in
2887 2738 2973 2791 vit.
3003 2735 3227 2808 Pytltag.
3257 2737 3422 2810 §38).
3451 2739 3680 2794 Excitati
3717 2750 3902 2797 autem

2299 2827 2455 2897 hujus
2509 2828 2761 2896 incendii,
2808 2844 2917 2900 quo
2942 2829 3121 2885 vivum
3151 2829 3509 2901 Pythagoram
3558 2833 3715 2889 exuri
3753 2833 3906 2888 vole-

2299 2920 2447 2984 bant,
2490 2936 2554 2975 ac
2577 2920 2705 2975 belli
2733 2922 2830 2992 ipsi
2863 2920 3249 2994 discipulisque
3273 2923 3388 2993 ejus
3411 2923 3542 2978 illati
3569 2926 3905 2980 mentionem

2297 3010 2518 3067 Tzetzes
2545 3023 2598 3066 et
2626 3012 2911 3068 Iamblicus
2925 3012 3101 3070 fecere
3131 3013 3322 3083 (Tacts.
3342 3015 3549 3070 chiliad.
3584 3017 3672 3070 II.
3707 3032 3758 3070 ν.
3801 3016 3900 3072 67.
3951 3035 3958 3040 ’

2298 3114 2343 3159 et
2372 3121 2506 3176 seqq.
2539 3105 2728 3160 lambl.
2757 3107 2810 3160 in
2833 3108 2918 3160 vit.
2953 3105 3180 3179 Pytltag.
3214 3125 3334 3180 cap.
3361 3109 3447 3176 35,
3477 3120 3598 3164 tom.
3634 3111 3686 3175 I,
3713 3109 3909 3181 Appa-

666 3202 800 3270 dem,
827 3210 1005 3255 contra
1043 3215 1196 3270 quam
1224 3197 1558 3268 Anaxagoras
1587 3195 1783 3266 negauit
1805 3194 2084 3264 hospitibus
2105 3194 2194 3247 de-
2217 3215 2263 3278 ρ
2295 3205 2396 3250 rat.
2427 3213 2544 3268 pag.
2585 3197 2722 3252 1246
2763 3209 2811 3254 et
2849 3201 3034 3270 seqq.).
3057 3202 3326 3267 Quorsum
3364 3214 3490 3273 ergo
3519 3200 3646 3255 illud
3699 3194 3902 3258 incéu-

665 3298 926 3367 positum;
957 3295 1138 3348 miram
1166 3293 1324 3363 fuisse
1364 3291 1758 3345 christianorum
1788 3288 2189 3358 simplicitatem,

665 3400 842 3444 contra
861 3404 1012 3459 quant
1034 3387 1329 3441 Aristoteles
1349 3401 1381 3437 a
1407 3383 1516 3436 loco
1543 3398 1632 3436 suo
1655 3381 1864 3434 dimovit
1895 3377 2188 3445 Hei-mium,

665 3495 712 3539 et
741 3484 980 3537 adulatus
1019 3491 1090 3536 est
1135 3478 1430 3534 Alexandro
1474 3475 1692 3546 Magno,
1724 3485 1876 3546 atque
1901 3475 2193 3544 Aristippus

663 3577 716 3628 in
739 3590 969 3645 purpura
1000 3574 1357 3641 uepotabatur,
1391 3583 1436 3623 et
1475 3568 1698 3639 Hippias
1741 3569 1930 3622 civitati
1977 3569 2193 3621 insidias

665 3667 884 3736 paravit.

667 3759 744 3812 Ad
787 3755 1016 3811 murales
1059 3755 1191 3809 alias
1216 3754 1648 3810 Christianorum
1693 3761 1852 3821 atque
1911 3753 2188 3820 gentilium

596 3850 824 3905 virtutes
853 3847 1106 3900 sinosuo
1127 3861 1248 3899 cum
1285 3844 1620 3901 Tertulliano
1671 3853 2026 3910 transeamus,
2083 3859 2190 3900 non

517 3962 530 3971 ι
594 3944 772 3998 minus
812 3938 1050 4012 proiecto
1102 3937 1398 3992 discrimen
1443 3936 1582 3990 inter
1620 3935 1758 3998 illas,
1815 3949 1974 4004 quam
2027 3949 2190 4006 supra

592 4043 938 4096 memoratas,
986 4028 1392 4101 deprehendere
1420 4035 1524 4084 est.
1547 4025 1603 4082 Si
1629 4026 1692 4079 de
1717 4025 1968 4095 probitate
2011 4027 2190 4080 enim-

592 4143 740 4192 vero,
771 4127 909 4180 sicut
936 4123 1024 4178 ille
1057 4121 1202 4192 loqui
1255 4128 1431 4184 amat,
1487 4134 1582 4173 seu
1623 4132 1832 4171 morum
1863 4115 2187 4187 integritate,

601 4218 680 4272 vel
713 4216 1166 4286 quemadmodum
1201 4213 1362 4283 vulgo
1391 4212 1619 4277 dicitur,
1651 4209 1721 4265 de
1747 4208 2061 4265 humilitatis
2093 4211 2191 4264 vir-

596 4321 707 4368 tute
733 4319 970 4366 ecrtetur
997 4311 1138 4364 inter
1156 4307 1387 4378 gentiles
1417 4315 1471 4362 et
1487 4303 1832 4367 christianos,
1861 4319 1994 4370 ecce,
2015 4303 2191 4374 inquit

590 4408 703 4476 ille,
727 4403 1008 4471 lutulentis,
1037 4404 1118 4458 vel
1148 4403 1288 4457 sicut
1317 4401 1442 4455 alibi
1483 4399 1719 4470 scripsit,
1759 4397 2056 4452 ctenulentis
2099 4413 2191 4466 pe-

588 4503 736 4556 dibus
777 4497 1024 4571 Diogenes
1067 4495 1309 4566 superbos
1342 4493 1573 4549 Platonis
1627 4502 1768 4546 toros
1794 4492 1901 4545 alia
1951 4488 2189 4559 superbia

588 4595 816 4649 deculeat
869 4586 1175 4664 (Tertullian
1206 4631 1220 4655 ,
1258 4589 1544 4659 Apologet.,
1569 4603 1684 4656 cap.
1705 4585 1793 4650 46,
1826 4602 1946 4655 pag.
1982 4583 2107 4649 500,
2142 4591 2189 4638 et

591 4687 677 4742 lib.
704 4686 766 4740 de
796 4684 964 4748 Pall.,
994 4700 1110 4754 cap.
1143 4683 1223 4751 4).
1260 4679 1453 4736 Nonne
1491 4689 1670 4733 autem
1707 4677 2066 4748 Hieronymus
2116 4675 2185 4730 ad

589 4783 732 4835 hunc
770 4777 1086 4837 Tertulliani
1135 4775 1310 4829 locum
1340 4772 1662 4827 collineasse
1698 4769 1929 4835 videtur,
1955 4767 2050 4839 ubi
2076 4766 2186 4821 aie-

531 4917 536 4919 .
588 4872 681 4926 bat
708 4869 998 4940 Diogenem
1043 4866 1226 4922 lutatis
1269 4864 1499 4936 pedibus
1547 4861 1896 4918 ooneulcasse
1947 4857 2188 4914 Platonis

588 4965 767 5021 divitis
785 4961 1312 5035 toros(Hieronym.,
1335 4959 1424 5012 lib.
1459 4957 1524 5021 II,
1551 4957 1670 5010 adv.
1700 4954 1998 5009 Jouianiau.
2021 4996 2034 5020 ,
2057 4970 2181 5024 pag.

586 5058 714 5115 203.
742 5074 756 5124 ;
787 5057 983 5121 Laert.,
1015 5055 1102 5109 lib.
1137 5050 1202 5108 VI
1232 5053 1286 5106 in
1314 5053 1404 5106 vit.
1440 5049 1682 5117 Diogen.,
1716 5046 1743 5118 ᾗ
1769 5045 1901 5118 26)?
1928 5045 2034 5124 Sed
2063 5054 2189 5102 ante

589 5164 876 5221 utrumque
913 5147 1162 5204 Laertius
1204 5153 1387 5199 narrat
1434 5143 1723 5212 Diogenem
1771 5139 1898 5194 dum
1948 5139 2188 5194 Platonis

588 5253 844 5314 στρώμιτι
871 5240 1122 5304 calcaret,
1149 5237 1352 5293 dixisse
1387 5247 1525 5291 πατῶ
1550 5244 1635 5290 riu
1660 5238 1905 5292 mam”
1932 5255 2184 5286 κενοσπου-

589 5341 714 5400 δίει-θ,
757 5326 920 5389 (ἸηΙσό
943 5329 1178 5388 Platonis
1196 5330 1348 5382 inane
1373 5327 1616 5392 studium,
1650 5325 1856 5395 ipsique
1908 5323 2184 5378 Platonem

587 5427 929 5498 respondisse
958 5443 970 5478 ε
995 5413 1119 5480 ὅσω
1155 5429 1238 5479 τιῦ
1266 5426 1412 5491 τΰφου
1437 5424 1718 5490 διαραενιις,
1761 5421 1906 5476 δοκῶν
1931 5426 2002 5485 μὲ
2047 5439 2184 5472 τετυ-

586 5528 784 5591 φοῦσθαι
818 5539 829 5575 :
869 5518 1131 5584 Quantum
1162 5518 1349 5588 fastum
1378 5512 1626 5580 ostendis,
1666 5511 1754 5582 qui
1812 5510 1952 5564 nullo
1997 5519 2188 5564 tumere

586 5615 723 5684 fastu
749 5613 906 5668 uideri
935 5612 1115 5681 cupis!
1144 5618 1236 5665 aut
1259 5618 1316 5664 ut
1345 5607 1434 5663 alii
1461 5607 1656 5670 lerunt,
1697 5603 1831 5659 dixit
1875 5603 2140 5672 Diogenes
2165 5616 2183 5655 :

588 5723 722 5762 πατῶ
759 5713 837 5762 τὸν
873 5711 1118 5762 Πλάτωνος
1169 5706 1328 5773 τύρων,
1357 5699 1506 5754 Caico
1538 5697 1774 5752 Platonis
1821 5699 2053 5767 fastum;
2097 5695 2184 5750 cui

586 5793 739 5849 Plato
759 5793 1033 5862 respondit
1059 5810 1074 5847 :
1103 5799 1240 5860 ετιρῳ
1265 5813 1317 5861 νε
1339 5796 1488 5859 τῦρῳ,
1517 5788 1606 5844 sed
1627 5785 1728 5842 alto
1781 5791 1936 5844 testa.
1964 5785 2063 5843 Cui
2087 5801 2184 5842 au-

2297 3289 2443 3347 dium
2467 3293 2763 3360 etbellum,
2795 3294 2895 3349 nisi
2923 3295 3048 3365 quia
3089 3311 3178 3352 res
3221 3310 3408 3360 novas.
3451 3311 3515 3353 ac
3555 3295 3904 3369 tyrannidem

2299 3400 2559 3455 usurpare
2585 3386 2929 3455 moliebatur,
2960 3398 3071 3454 aut,
3099 3399 3158 3444 ut
3177 3391 3252 3445 ait
3275 3389 3547 3458 Laertius,
3573 3393 3673 3446 hoc
3697 3390 3812 3456 alii,
3831 3404 3904 3446 ne

2298 3474 2389 3530 ille
2417 3485 2664 3544 tentaret,
2712 3493 2898 3534 revera
2944 3479 3243 3536 timebant?
3280 3481 3399 3538 Jam
3433 3481 3902 3538 veroobservavi-

2298 3584 2416 3622 mus
2448 3569 2722 3626 Zenonem
2753 3569 3015 3638 Eleatem,
3044 3587 3164 3628 eum
3192 3588 3221 3628 a
3265 3585 3500 3645 tyranno
3525 3574 3778 3646 Demysio
3799 3587 3900 3628 seu

2295 3657 2544 3716 Nearcho
2571 3662 2636 3716 ad
2670 3677 2922 3718 arcanum
2955 3663 3166 3734 aliquod
3193 3665 3332 3719 haud
3361 3664 3526 3721 dubie
3565 3665 3901 3735 conjuratio—

2297 3751 2380 3805 nis
2399 3751 2742 3821 prodendum
2763 3755 3090 3810 cruciatibus
3114 3765 3467 3826 torqueretur,
3493 3756 3724 3827 linguam
3741 3769 3898 3810 suam

2296 3842 2546 3912 expuisse
2591 3844 2643 3897 in
2696 3854 3005 3915 tyrannum.
3033 3845 3200 3902 Nobis
3224 3845 3438 3917 quidem
3465 3862 3571 3902 non
3599 3847 3729 3903 latet
3757 3846 3901 3902 hanc

2295 3937 2458 3990 animi
2507 3936 2874 3993 fortitudinem
2934 3940 3258 3994 Anaxarcho
3307 3939 3338 3993 is
3387 3937 3730 4010 quibusdam,
3763 3949 3896 4010 puta

2295 4028 2491 4096 Plinio,
2518 4039 2572 4084 et
2597 4029 2807 4085 Valerio
2831 4031 3082 4098 Maximo,
3109 4032 3183 4087 ab
3206 4032 3325 4086 aliis
3349 4032 3687 4088 Diomedonti
3710 4031 3920 4088 tribui.”

2295 4122 2403 4178 Sed
2432 4124 2610 4192 plures
2637 4124 2748 4191 alii,
2786 4140 2818 4179 a
2850 4124 3005 4180 uobis
3023 4125 3143 4180 loco
3171 4126 3418 4195 proxime
3447 4134 3746 4181 memorato
3782 4125 3902 4180 lau-

2295 4215 2427 4281 dati,
2456 4229 2574 4270 eam
2621 4215 2826 4272 Zenoni
2866 4216 3037 4272 Eleati
3085 4217 3414 4274 adscribunt.
3471 4217 3552 4272 Ex
3599 4217 3666 4272 iis
3712 4226 3896 4272 autem

2294 4323 2439 4362 unus
2487 4316 2572 4364 est
2601 4309 2939 4375 Plutarchus,
2987 4313 3078 4380 qui
3133 4309 3444 4367 testiﬁcatur
3469 4309 3744 4367 Zenonem
3770 4310 3898 4366 Par-

2299 4401 2528 4459 menidis
2602 4412 2829 4475 γνώριπον
2878 4404 3184 4476 discipulum
3229 4402 3531 4474 (Plutarch.
3591 4404 3682 4458 lib:
3729 4400 3768 4468 I,
3821 4403 3898 4457 ad

2260 4481 2261 4484 “
2297 4496 2486 4563 (λοισι,
2511 4513 2631 4569 pag.
2668 4496 2851 4569 H26),
2881 4497 2965 4554 vel
2985 4497 3147 4554 sicuti
3177 4497 3317 4565 aliis,
3341 4507 3480 4554 teste
3500 4496 3738 4563 Laertia,
3764 4497 3882 4567 pla-

2213 4617 2269 4678 Β
2295 4591 2424 4654 cuit,
2453 4599 2641 4646 natura
2667 4598 2762 4643 aut
2788 4589 3080 4661 adoptione
3110 4589 3301 4668 ﬁlium,
3332 4590 3494 4646 tatis
3545 4589 3826 4645 tormentis
3854 4602 3888 4644 a

2295 4683 2547 4754 Demysio
2574 4691 2806 4754 tyranno
2853 4685 3244 4752 excruciatum,
3287 4683 3412 4754 quia
3441 4683 3662 4739 insidias
3691 4683 3770 4739 illi
3797 4696 3897 4753 pa-

2289 4783 2521 4828 raverat.
2574 4773 2929 4830 Pbilostratus
2956 4789 3084 4848 vero
3128 4793 3142 4830 :
3189 4783 3350 4838 Ζήνων
3379 4781 3406 4829 ὃ
3429 4782 3659 4842 Exeat-ne,
3695 4774 3890 4845 inquit,

2290 4875 2376 4920 τίν
2401 4872 2624 4935 Νιᾶρχομ
2649 4873 2733 4921 τοῦ
2785 4873 2952 4921 Μύσοῧ
3004 4876 3296 4934 καταϐαλὼν,
3335 4871 3610 4938 stipitibus,
3644 4876 3760 4932 ἥλω,
3807 4870 3894 4921 καὶ

2289 4963 2608 5029 στρεϐλωθεὶς,
2639 4969 2745 5020 τοὺς
2773 4971 2856 5030 μὲν
2885 4969 3056 5019 icui-o3
3083 4967 3351 5032 ξυνωμότας
3380 4965 3734 5026 ἀπεσιώπησεν
3769 4966 3817 5016 οἲ
3839 4966 3893 5018 ἃ

2294 5059 2409 5115 ἦσαν
2428 5068 2492 5124 τῷ
2511 5061 2714 5130 τυράννῳ
2729 5065 2946 5126 βεϐαία,
2977 5059 3245 5112 Badium
3270 5082 3461 5117 τοντους
3489 5065 3550 5118 ὡς
3577 5063 3889 5128 οὖβιϐιίους⁹

2293 5153 2335 5197 οἱ
2362 5155 2446 5213 μὲν
2473 5152 2530 5204 ὡς
2560 5145 2634 5199 ἔπ’
2661 5151 2851 5207 ἀληθέσι
2871 5162 2976 5206 ταῖς
3005 5151 3188 5208 «idm;
3211 5154 3466 5202 ἀπέθανθν·
3485 5152 3511 5201 ὃ
3529 5147 3574 5201 δ’
3590 5153 3802 5218 diem”
3824 5150 3895 5202 τὶ

2291 5243 2464 5290 Μαίων
2513 5248 2672 5308 ἤγαγε,
2722 5249 2812 5293 τὶν
2853 5243 3107 5310 τυραννίδα
3158 5244 3262 5310 περὶ
3305 5247 3450 5310 δαν-τῇ
3496 5247 3698 5309 σρήλις.
3746 5237 3892 5293 Zeno

2292 5326 2492 5382 Eleates
2559 5327 2784 5385 Nearclti
2836 5329 2887 5383 Μ
2893 5331 2992 5401 ysii
3047 5331 3369 5402 tyrannidem
3422 5341 3642 5386 evertet-6
3666 5337 3890 5397 (eum

2293 5418 2732 5491 deprehensusque
2757 5463 2771 5488 ,
2839 5438 2957 5476 cum
3008 5422 3161 5475 variis
3226 5421 3497 5492 suppliciis
3549 5429 3887 5492 torqueretur,

2291 5511 2456 5566 socios
2523 5513 2891 5583 conjurationis
2932 5513 3140 5569 minime
3185 5515 3411 5584 prodidit
3464 5531 3484 5568 :
3523 5515 3614 5569 sed
3661 5530 3785 5585 quos
3805 5523 3892 5585 ες-

2291 5621 2453 5660 ranno
2475 5605 2751 5674 ﬁdissimos
2791 5617 3018 5673 noverat,
3055 5607 3416 5676 calumniatus,
3457 5616 3514 5662 ut
3549 5616 3709 5661 morte
3735 5607 3890 5661 dam-

2290 5707 2531 5752 narentur
2576 5695 2761 5764 e/fecit.
2801 5695 2924 5770 Ipse
2985 5707 3155 5754 autem
3213 5697 3436 5770 Mysiam
3495 5697 3746 5761 liberavit,
3803 5706 3890 5768 ty-

2287 5787 2552 5845 rannidem
2574 5787 2628 5844 in
2649 5803 2706 5846 se
2731 5788 2896 5861 ipsum
2910 5805 3083 5848 errare
3105 5789 3300 5862 faciens
3321 5787 3652 5863 (Philocli-at.
3667 5786 3887 5861 “NII,
