4240 6262
309 289 422 352 933

1429 298 1875 367 DlSSEﬁTATIO
1911 306 1978 369 ί).
2010 308 2105 371 LE
2139 310 2450 375 NOURRY.

3502 318 3617 395 93l

311 413 375 469 de
404 413 507 470 Vit.
536 415 730 488 Apoll.,
764 432 878 487 mp.
912 418 962 486 1,
1135 418 1283 494 380).
1302 418 1466 480 Cives
1487 426 1654 494 enim,
1677 426 1817 483 lacte
1835 442 1901 484 re

2001 430 2458 505 .kquestitutum.
2481 438 2551 494 In
2570 445 2780 513 utroque
2806 441 2929 511 ﬁdei
2954 433 3245 516 ambiguom
3265 447 3382 504 vita
3408 450 3615 523 pericu-
3667 425 3675 433 ’

195 530 211 543 ο
310 510 533 579 pentina
571 510 791 579 impetu,
829 510 970 567 sicut
1018 513 1092 568 ait
1129 512 1398 584 Laertius,
1439 517 1704 587 lapidibus
1760 519 1912 578 illum

311 597 603 655 obruerunt
630 600 824 672 (Laert.
848 601 936 657 lib.
963 601 1057 671 IX,
1085 606 1137 660 iu
1165 606 1265 662 vita
1283 606 1524 676 Zenonis,
1552 609 1580 683 δ
1603 611 1910 683 27).Α‹1(1εο

311 708 434 749 mus
482 695 580 749 hoc
606 695 751 750 latini
781 695 1059 755 Ciceronis
1080 701 1450 759 testimonium
1475 704 1674 760 clauo
1705 704 1912 774 Eleates

310 802 578 856 perpessus
602 798 676 842 est
706 790 877 844 omnia
915 792 1109 862 potius,
1134 810 1291 864 quam
1322 797 1551 853 conscios
1576 798 1806 855 delendae
1827 811 1909 871 ly-

312 879 543 933 rauuidis
566 879 830 936 iudicaret.
873 883 1013 938 Alibi
1044 899 1174 942 vero
1189 886 1342 943 illum
1372 890 1688 960 simpliciter
1725 892 1779 947 in
1799 902 1908 947 toro

314 970 492 1024 utentis
535 982 766 1028 necatum
807 975 1026 1032 tradidit
1062 977 1251 1047 (Cicer.
1280 979 1369 1035 lib.
1408 977 1456 1036 ll
1524 980 1739 1039 Tuscul.
1785 1001 1904 1058 pag.

313 1058 435 1127 illi,
461 1060 556 1116 lin.
584 1064 621 1119 2
639 1074 685 1119 et
703 1064 791 1120 lib.
812 1064 881 1124 Ill
896 1068 960 1124 de
972 1066 1167 1126 Natat.
1198 1071 1350 1129 Deor.
1376 1091 1496 1146 pag.
1518 1074 1643 1143 252,
1674 1078 1767 1132 lin.
1790 1077 1905 1149 28).

381 1152 486 1208 Sed
514 1155 636 1225 quia
683 1156 867 1227 plures
909 1158 1141 1217 Zenonis
1186 1164 1403 1221 nomine
1456 1167 1708 1237 appellati
1757 1180 1905 1238 sunt,

311 1258 418 1299 non
448 1246 667 1303 minuma
709 1247 935 1306 forsitan
984 1251 1263 1310 dubitandi
1323 1257 1463 1312 ratio
1512 1268 1599 1314 est
1637 1268 1811 1315 utrum
1861 1263 1908 1317 is

311 1350 468 1405 quem
500 1337 883 1399 ‘Tcrtullianus
921 1343 1194 1405 Zenonem
1246 1348 1565 1420 simpliciter
1608 1364 1903 1424 nuncupat,

307 1424 425 1496 ipse
450 1430 521 1486 sit
549 1430 732 1489 Zenon
751 1434 988 1505 Eleates,
1014 1439 1102 1508 qui
1123 1439 1339 1510 quidem
1372 1458 1479 1499 non
1506 1444 1702 1502 dicitur
1744 1446 1906 1505 all'ec-

309 1530 475 1593 tasse,
524 1527 619 1581 sed
677 1527 910 1585 voluisse
956 1531 1131 1600 potius
1178 1532 1490 1592 subvertere
1547 1539 1902 1609 tyrannidem.

307 1610 510 1669 Verum
537 1619 855 1688 responderi
882 1623 1081 1691 poterit
1108 1622 1258 1679 illum
1278 1624 1407 1680 dum
1437 1626 1660 1684 insidias
1676 1620 1904 1701 tyranno

305 1706 609 1777 moliretur,
643 1718 752 1764 tum
780 1712 1044 1782 cogitasse
1073 1713 1141 1769 de
1184 1730 1353 1787 regno
1390 1718 1536 1775 illius
1561 1724 1898 1793 occupando.

2015 533 2121 588 lam
2137 544 2209 588 est
2233 532 2517 604 (Antbros,
2549 534 2637 590 lib.
2665 535 2790 590 llde
2808 537 2963 607 omn,
2996 554 3114 611 cap.
3141 539 3231 605 36,
3264 559 3384 614 pag.
3416 544 3521 604 105
3560 546 3609 604 cl

2013 642 2118 696 seq.
2139 626 2309 681 aclib.
2339 616 2390 688 1,
2422 626 2488 681 de
2514 641 2702 682 excess.
2735 626 2913 706 Satyr.
2943 629 3046 702 δι’»,
3085 648 3203 704 pag.
3239 635 3426 706 1114).

2088 718 2376 785 Praeterea,
2408 719 2453 773 si
2477 719 2543 774 de
2566 719 2910 790 simplicitate,
2955 725 3029 777 ait
3059 723 3444 797 Tertullianus,
3489 747 3615 787 con-

2013 811 2209 875 sistam,
2239 818 2387 865 tanto
2437 811 2604 882 magis
2647 812 2701 866 in
2746 827 2865 869 eam
2895 826 3081 884 peccat
3120 818 3359 888 gentilis,
3409 831 3612 892 quanto

2013 903 2183 974 magis
2207 902 2537 959 christianus
2556 904 2705 961 illam
2722 907 2953 987 assequi
2981 921 3229 967 conatur.
3255 912 3385 969 Nam
3415 914 3612 972 Aristo-

2011 993 2131 1047 teles
2159 995 2465 1065 [cautiorem
2491 1011 2639 1053 suum
2671 994 2935 1052 Hermian:
2966 1003 3180 1073 turpiter
3222 1002 3331 1059 loco
3373 1010 3612 1065 excedere

2011 1086 2130 1155 fecit
2181 1084 2513 1154 (Tertullian.
2562 1087 2855 1162 Apologet.,
2909 1107 3024 1163 cup.
3058 1092 3150 1160 46,
3207 1106 3326 1168 pag.
3358 1098 3506 1171 500).
3542 1103 3611 1157 At

2011 1175 2227 1233 Laertio
2252 1178 2295 1231 si
2324 1178 2615 1245 credimus,
2650 1179 2894 1237 Hermias
2943 1182 3032 1238 ille
3070 1187 3349 1243 eunuchus
3385 1190 3506 1256 luit,
3554 1202 3610 1248 et

2010 1271 2390 1328 Atarnensium
2448 1274 2558 1331 Res
2606 1270 2844 1346 ἁταρνξων
2882 1282 3100 1350 τύραννος
3148 1282 3365 1354 (Laert.
3414 1285 3502 1342 lib.
3535 1287 3603 1355 V,

2008 1366 2064 1420 in
2117 1367 2205 1421 cit.
2268 1367 2503 1433 Aristot.,
2556 1368 2586 1439 ᾖ
2635 1370 2718 1440 5),
2748 1370 2814 1425 ad
2841 1386 3002 1442 quem
3029 1389 3150 1428 cum
3179 1376 3494 1435 Aristotcles
3514 1382 3607 1436 ve-

2010 1458 2198 1526 uisset,
2242 1460 2383 1517 illius
2408 1463 2699 1517 amicitiam
2726 1464 2829 1519 sibi
2876 1466 2945 1520 ita
2973 1468 3300 1539 conciliavit,
3343 1481 3401 1527 ut
3438 1473 3610 1545 impc-

2011 1553 2230 1607 traverit
2258 1552 2417 1607 tiliam
2438 1554 2579 1624 ejus,
2608 1555 2728 1611 sive
2771 1558 3148 1627 concubinam,
3190 1576 3350 1632 quam
3389 1563 3606 1621 adama-

2008 1640 2115 1707 bat,
2143 1643 2259 1698 dari
2288 1644 2392 1700 sibi
2423 1632 2664 1712 uxorem,
2708 1648 2848 1703 sicut
2874 1648 3003 1704 alibi
3029 1665 3058 1704 a
3104 1652 3267 1722 nobis
3285 1658 3600 1712 aunotatum

2010 1735 2153 1805 (tom.
2185 1734 2207 1790 l
2239 1734 2510 1806 Apparot.,
2540 1753 2662 1808 pag.
2708 1736 2891 1810 1152).
2920 1739 3157 1797 [aanimi
3172 1752 3351 1799 alitem
3381 1748 3604 1803 omnino

304 1797 594 1866 Praeterea,
621 1810 960 1876 cum‘magna
987 1806 1150 1868 fuerit
1174 1808 1241 1865 de
1270 1810 1429 1881 hujus
1472 1813 1706 1896 Zenonis
1726 1800 1902 1877 morte
1930 1827 1979 1887 Β
2006 1797 2144 1896 grati
2175 1797 2887 1887 testimonium'Aristoteﬁ
2930 1830 3102 1887 fertur
3148 1833 3459 1893 immolasse
3485 1853 3606 1892 mu-

309 1890 618 1961 opiuiouum
653 1895 902 1964 varietas,
922 1898 1045 1966 quid
1071 1899 1269 1957 mirum
1294 1903 1338 1957 si
1366 1894 1748 1979 Tertullianus,
1766 1912 1901 1969 alios

307 1994 540 2054 secutus,
588 1986 858 2058 singulare
893 1991 1093 2063 aliquid
1113 1994 1182 2051 de
1209 1996 1310 2053 hoc
1332 1998 1551 2057 Zenone
1581 2004 1901 2087 tradiderit?

308 2076 570 2135 Cancrum
612 2083 657 2139 si
699 2083 822 2153 quis
847 2084 1010 2141 alium
1040 2088 1195 2145 nobis
1244 2089 1518 2151 Zenonem
1573 2076 1817 2168 indicet;
1845 2111 1903 2159 et

305 2171 504 2227 certius
530 2174 835 2243 probaverit
856 2181 1195 2250 tyrannidem
1239 2184 1307 2240 ab
1340 2187 1433 2243 illo
1478 2189 1643 2247 luisse
1681 2192 1901 2266 adeatu-

308 2272 437 2333 tam,
454 2282 642 2324 manus
673 2270 818 2328 illico
845 2272 1113 2331 dabimus.
1155 2278 1224 2334 At
1251 2279 1321 2336 de
1347 2280 1561 2340 Zenone
1598 2296 1780 2355 postea
1807 2288 1902 2343 ad-

307 2355 412 2412 huc
432 2361 718 2429 agendum.

378 2451 577 2507 Contra
602 2467 781 2511 autem
809 2456 1140 2515 christianos
1188 2462 1257 2516 ab
1299 2462 1388 2519 illa
1428 2467 1710 2538 regnandi,
1742 2479 1797 2526 et
1846 2472 1899 2527 in

305 2540 533 2598 aliorum
562 2559 727 2616 regna
752 2547 1039 2605 invadendi
1068 2551 1361 2622 cupiditate
1380 2570 1477 2627 per
1503 2572 1662 2629 quam
1693 2561 1901 2632 longis-

304 2633 444 2689 sime
470 2636 655 2704 abest;
684 2648 735 2694 ut
766 2649 890 2710 pote
935 2642 1024 2713 qui
1054 2657 1155 2700 nec
1182 2644 1477 2715 edilitatem,
1510 2650 1585 2705 ait
1619 2649 1901 2708 Tertullia-

304 2740 428 2793 nus,
452 2726 556 2784 hoc
579 2739 682 2797 est,
718 2732 920 2789 nullum
946 2736 1338 2806 magistratum,
1374 2742 1577 2798 nullum
1628 2745 1898 2814 publicum

306 2832 499 2875 munus
526 2820 749 2890 affectat.
778 2824 972 2889 jEdilis
995 2840 1196 2899 autem,
1229 2841 1289 2887 ut
1326 2844 1447 2903 post
1477 2822 1771 2893 Varronem
1800 2855 1898 2894 an-

304 2910 682 2991 notatlj‘estus,
710 2916 864 2973 initio
901 2920 1118 2990 quidem
1141 2922 1318 2979 dictus
1345 2935 1450 2992 est,
1481 2928 1570 2996 qui
1596 2928 1898 2987 divinarum

307 3004 741 3080 privatarumque
785 3011 979 3068 mdium
1011 3029 1196 3072 curam
1241 3019 1483 3087 gerebat.
1535 3021 1644 3077 Sed
1674 3023 1776 3080 hoc
1800 3042 1898 3080 no-

304 3112 427 3153 men
452 3099 519 3154 ad
543 3101 678 3158 alios
704 3104 1049 3175 magistratus
1079 3119 1262 3179 postea
1294 3113 1615 3175 translatum
1641 3126 1726 3171 est
1753 3116 1901 3188 (Ter-

2006 1918 2142 1982 lieri,
2173 1934 2236 1974 ac
2257 1920 2307 1973 in
2338 1919 2480 1976 illius
2508 1931 2559 1977 et
2585 1920 2819 1978 Hermia:
2848 1923 3109 1982 honorem
3134 1927 3417 1998 scripsisse
3444 1928 3623 2003 Itym?

2004 2026 2154 2076 nutu,
2177 2020 2395 2081 propter
2417 2029 2577 2084 quem
2622 2016 2912 2087 impietatis
2933 2028 3218 2076 accusatus
3268 2031 3352 2077 est
3391 2023 3599 2096 (Athan.

2003 2100 2094 2155 lib.
2124 2099 2241 2167 XV,
2272 2102 2538 2173 Deipaos..
2565 2121 2683 2176 cap.
2736 2106 2828 2173 16,
2882 2125 3003 2180 pag.
3056 2110 3185 2177 696,
3239 2110 3393 2169 Suid.
3424 2117 3495 2169 ad
3521 2118 3603 2189 v.)

2004 2193 2109 2251 Sed
2127 2208 2235 2268 quo
2256 2196 2370 2253 haec
2388 2198 2629 2268 pluribus
2642 2201 2873 2258 testibus
2899 2204 3316 2277 conﬁrmantur,
3345 2224 3415 2266 eo
3459 2211 3604 2267 dit‘li-

2001 2285 2162 2343 cilius
2192 2289 2418 2358 probatu
2442 2305 2541 2346 cur
2564 2302 2620 2348 et
2638 2294 2914 2364 quomodo
2968 2296 3211 2356 llermias
3266 2302 3337 2357 ab
3391 2318 3458 2359 co
3508 2315 3603 2362 aut

1905 2403 1911 2409 ι
2001 2394 2069 2433 ex
2099 2395 2284 2450 regno,
2308 2382 2392 2437 vel
2419 2397 2484 2438 ex
2516 2383 2616 2440 hac
2639 2386 2743 2442 vita
2770 2388 2979 2457 eiectus
3003 2391 3093 2445 sit.
3115 2392 3409 2451 Aristocles
3433 2396 3599 2464 enim,

2000 2471 2248 2541 ejusdem
2271 2475 2581 2533 Aristotelis
2605 2477 2923 2550 discipulus,
2948 2480 3145 2540 fatetur
3186 2487 3402 2557 quidem
3449 2490 3600 2548 illum

2003 2565 2187 2621 multis
2223 2568 2506 2624 calumniis
2533 2570 2864 2641 lacessitum,
2910 2589 3045 2645 quas
3086 2576 3367 2635 confutare
3402 2580 3602 2640 ibidem
3710 2602 3717 2609 ’

2002 2659 2296 2714 connititur
2342 2662 2606 2731 (Aristocl.
2654 2665 2802 2734 apud
2841 2664 3056 2741 Euseb"
3085 2669 3172 2724 lib.
3205 2669 3322 2725 XIV
3354 2671 3598 2743 Pro-par.

2003 2747 2228 2822 Evaug.,
2261 2769 2381 2824 pag.
2403 2753 2504 2810 ~79!
2546 2765 2595 2810 et
2630 2756 2815 2828 seqq.).
2860 2761 2931 2814 At
2960 2761 3125 2816 nimia
3167 2761 3309 2819 haud
3352 2764 3515 2822 dubie
3547 2767 3602 2823 in

2003 2842 2316 2913 magistrum
2340 2858 2495 2901 suum
2521 2847 2685 2903 animi
2714 2851 3071 2927 propensione
3088 2854 3253 2909 multa
3288 2857 3473 2926 procul
3500 2858 3603 2914 du-

2004 2932 2094 2989 bio
2118 2934 2461 2993 dissimulare
2481 2940 2671 3007 potuit.
2696 2938 2840 3006 Quid
2868 2940 3055 3012 igitur,
3084 2945 3130 3000 si
3174 2944 3292 3003 haec
3320 2950 3601 3009 Aristoclis

2002 3027 2238 3084 adulatio
2275 3044 2343 3085 eo
2390 3032 2561 3103 magis
2594 3031 2924 3090 Tertulliano
2967 3038 3218 3108 suspecta
3268 3039 3450 3110 fuerit,
3494 3048 3607 3115 quo

2002 3123 2203 3177 certius
2228 3122 2443 3180 aliunde
2472 3124 2736 3182 didicerat
2770 3127 2959 3184 ltesum
2999 3130 3069 3186 ab
3094 3133 3383 3191 Aristotele
3436 3138 3599 3194 etiam

304 3188 504 3244 tulliuu.
530 3186 800 3265 Apologet.
829 3211 945 3264 cap.
963 3197 1054 3262 16,
1079 3216 1200 3270 pag.
1234 3200 1366 3266 500;
1408 3200 1588 3270 Varro,
1618 3205 1703 3259 lib.
1722 3186 1812 3273 IV,
1835 3209 1899 3263 de
1920 3215 1970 3280 ρ
2002 3211 2391 3269 amicissimum
2419 3213 2524 3271 sibi
2549 3216 2844 3275 Horatiana.
2876 3219 3013 3276 Nam
3053 3186 3395 3295 illioppouit

303 3277 435 3348 (ing.
462 3281 609 3337 latin.
659 3282 689 3355 §
720 3284 826 3351 id;
868 3285 1012 3343 Fest.
1043 3289 1130 3345 lib.
1179 3290 1299 3361 XX,
1328 3294 1391 3348 de
1425 3296 1643 3367 signiﬁc.
1688 3297 1893 3358 Verbor.

300 3374 373 3429 ad
415 3375 627 3434 Verbum
654 3380 893 3457 Edilis).

374 3492 514 3550 Tum
540 3496 735 3555 deinde
749 3499 1139 3573 Tertullianus,
1167 3507 1210 3561 si
1231 3507 1294 3563 de
1315 3509 1473 3563 animi
1495 3510 1732 3580 aequitate
1752 3510 1899 3584 (nos-

304 3590 372 3644 tri
400 3590 618 3647 codices
642 3609 804 3651 manu
827 3598 1044 3670 antiqua
1062 3602 1289 3667 exarati,
1309 3601 1608 3675 priscrcque
1633 3605 1901 3686 editiones

302 3684 699 3759 mquanimitate)
737 3687 838 3746 hoc
887 3700 988 3757 est,
1042 3708 1195 3764 requa
1234 3695 1403 3751 sedati
1442 3698 1602 3753 animi
1646 3684 1900 3755 constitit?

303 3775 468 3841 tione,
510 3780 833 3851 congrediar,
862 3798 974 3838 ecce
1001 3797 1189 3855 praesto
1218 3787 1361 3842 uobis
1387 3798 1459 3843 est
1484 3784 1771 3861 Lycurgus,
1811 3792 1899 3862 qui

302 3873 693 3938 apocarteresim
744 3878 955 3945 optavit,
984 3879 1123 3948 quod
1154 3880 1287 3952 leges
1331 3883 1440 3952 ejus
1471 3881 1697 3938 Lacones
1723 3902 1897 3939 emen-

302 3959 505 4017 dassent
536 3962 863 4031 (Tertulliau.
893 3970 991 4025 loc.
1017 3972 1153 4043 cit.),
1178 3973 1627 4045 quemadmodum
1651 3978 1899 4047 superius

303 4053 711 4121 explicavimus.
743 4060 1179 4131 Atchristianus,
1212 4066 1287 4120 uti
1336 4066 1412 4120 ait
1458 4078 1646 4123 auctor
1691 4079 1892 4137 noster,

303 4144 451 4198 etiam
473 4146 744 4205 damnatus
765 4152 832 4207 ab
855 4153 1088 4211 ethnicis
1129 4172 1282 4213 suam
1316 4169 1534 4230 propter
1558 4161 1893 4233 religionem,

303 4242 414 4291 tum
444 4250 652 4298 servata
683 4257 900 4315 semper
926 4247 1118 4304 eadem
1140 4250 1308 4305 animi
1351 4252 1682 4323 teqnalitate,
1706 4254 1898 4325 gratias

184 4390 197 4397 _
300 4330 426 4403 agit,
452 4332 594 4389 sicut
611 4345 800 4407 postea
821 4339 1171 4397 ostendemus
1210 4341 1375 4414 (luis.
1403 4360 1520 4415 cap.
1559 4346 1646 4411 16,
1686 4356 1784 4401 art.
1817 4347 1895 4417 5).

372 4423 553 4497 Pergit
582 4428 719 4485 idem
750 4432 866 4499 ipse
891 4442 1078 4491 auctor
1094 4447 1308 4493 noster:
1360 4435 1424 4494 Si
1453 4437 1519 4494 de
1554 4439 1677 4506 ﬁde,
1722 4439 1899 4495 omni-

301 4515 402 4572 bus
431 4535 645 4590 semper
668 4526 952 4595 servanda,
981 4528 1304 4586 christianus
1330 4545 1452 4586 cum
1479 4531 1697 4587 etlmico
1718 4604 1723 4608 '
1744 4546 1897 4588 eom-

2004 3305 2209 3362 tianum
2240 3307 2540 3378 hominem,
2567 3310 2659 3381 qui
2688 3327 2779 3366 nec
2805 3313 3067 3371 inimicam
3107 3331 3254 3372 suum
3274 3318 3418 3374 laedit
3440 3317 3601 3389 (Ter-

2002 3400 2205 3455 tulliau.
2224 3400 2516 3474 Apologet.,
2543 3419 2661 3475 cap.
2682 3402 2776 3472 46,
2808 3422 2930 3478 pag.
2960 3407 3090 3475 500,
3122 3408 3250 3464 ibid.
3274 3426 3392 3482 cap.
3436 3412 3500 3469 81
3550 3422 3602 3469 et

2001 3490 2072 3547 57
2108 3493 2163 3562 ),
2194 3492 2480 3560 utdivinis,
2510 3496 2962 3565 quenadmodum
3006 3500 3206 3570 saepius
3254 3503 3600 3563 obsonatum

2001 3592 2103 3648 est,
2154 3583 2490 3654 obtemperet
2544 3588 2845 3659 praeceptis,
2897 3590 3097 3660 quibus
3135 3591 3354 3662 iubetur
3396 3595 3602 3653 nullum

2000 3676 2201 3742 odisse,
2225 3677 2438 3756 tradenti
2463 3680 2632 3735 vicem
2655 3696 2763 3736 non
2784 3681 3035 3751 reddere,
3065 3684 3289 3756 diligere
3328 3676 3598 3758 inimicos,

2000 3787 2066 3829 ac
2093 3789 2191 3843 pro
2217 3775 2283 3829 iis
2309 3777 2475 3830 Deum
2506 3776 2735 3840 precari.

2077 3867 2253 3938 Pergit
2275 3867 2393 3924 ille:
2423 3867 2571 3923 Idem
2615 3871 2909 3928 Aristoteles
2936 3881 3042 3927 tam
3065 3874 3281 3944 turpiter
3307 3874 3601 3933 Alexandro

1998 3964 2217 4032 regendo
2241 3962 2408 4031 potius
2423 3961 2683 4030 adulatur,
2708 3979 2867 4034 quam
2910 3962 3112 4020 Platon
3137 3964 3393 4039 Dionysio
3420 3968 3597 4023 veridi-

2001 4063 2137 4108 tatur
2153 4053 2284 4126 (lb.,
2302 4055 2448 4118 αθ,
2464 4073 2518 4126 p.
2540 4055 2689 4127 500).
2714 4057 2942 4126 Quidam
2968 4075 3096 4116 vero
3113 4060 3307 4130 quibus
3321 4061 3601 4118 obscurior

2002 4146 2118 4203 hrc
2147 4147 2359 4218 phrasis
2379 4149 2488 4203 visa
2514 4159 2620 4217 est,
2648 4149 2720 4206 ibi
2762 4152 2954 4221 potitus
2985 4166 3081 4221 pro
3105 4153 3273 4223 potius
3301 4152 3587 4225 legendum

2001 4255 2123 4297 esse
2143 4241 2473 4298 existimant.
2507 4243 2927 4309 Sedl'rustra,et
2970 4253 3157 4301 eotttra
3203 4246 3448 4304 codicum
3474 4265 3599 4307 om-

2002 4333 2150 4386 nium
2194 4334 2654 4391 reclamationem.
2700 4335 2840 4402 Quid
2878 4334 3157 4393 enimvero
3191 4341 3237 4393 si
3281 4339 3599 4398 adverbium

2001 4425 2171 4493 potius
2196 4424 2264 4479 ab
2289 4434 2510 4481 auctore
2563 4434 2752 4481 nostro
2794 4435 3050 4482 sumatur
3086 4444 3186 4501 pro
3222 4432 3393 4499 citius,
3432 4433 3596 4503 prius,

2000 4517 2117 4571 sive
2141 4515 2303 4573 etiam
2333 4518 2519 4587 magis,
2552 4516 2625 4573 ita
2648 4526 2712 4573 ut
2750 4518 2895 4574 illius
2936 4534 3127 4577 sensus
3149 4521 3247 4579 sit:
3278 4522 3594 4580 Aristoteles

300 4619 568 4680 ponatur,
624 4616 957 4691 Anaxagoras
1008 4622 1291 4692 depositum
1345 4626 1542 4695 negavit
1596 4607 1894 4697 hospitibus.

2003 4607 2289 4664 Alexandri
2320 4608 2514 4681 Magni,
2538 4610 2695 4666 sicuti
2724 4626 2882 4668 nemo
2933 4613 3126 4681 nescit,
3156 4625 3471 4686 prmeeptor,
3511 4615 3594 4670 ci-

297 4701 490 4761 Nonne
516 4715 691 4764 autem
742 4710 811 4767 ibi
853 4713 1041 4772 alludit
1067 4716 1390 4787 adscriptam
1419 4733 1448 4771 a
1476 4716 1766 4773 Plutarcho
1791 4718 1901 4773 his-

301 4800 492 4857 teriam
525 4803 764 4873 Periclis,
816 4809 905 4881 qui
937 4811 1377 4882 repetundarum,
1408 4812 1708 4884 peculatus,
1737 4823 1899 4885 atque

300 4896 559 4964 pecunias,
616 4914 736 4968 quae
765 4900 905 4972 apud
938 4902 1203 4976 Prytanas
1254 4903 1498 4976 deposita
1556 4905 1746 4973 fuerat,
1798 4920 1897 4962 ex-

300 4998 482 5053 pensas
504 5001 804 5062 accusatus,
841 5003 899 5049 ut
923 5011 983 5050 se
1012 4981 1288 5067 purgaret,
1333 4998 1703 5070 Anaxagoram
1737 4999 1899 5070 trepi-

299 5075 434 5134 dans
457 5079 615 5150 ejecit
640 5098 705 5138 ex
729 5086 880 5152 urbe,
904 5087 1156 5159 misitque
1196 5089 1249 5143 in
1276 5090 1493 5145 exilium
1518 5089 1811 5161 (Plutarch.
1846 5093 1900 5146 in

307 5164 424 5223 Vita
455 5168 692 5241 Periclis,
726 5192 845 5247 pag.
876 5176 1000 5244 169,
1029 5186 1150 5233 tom.
1192 5179 1261 5250 l).
1306 5179 1503 5237 Verum
1548 5181 1896 5252 christianos,

300 5259 376 5314 uti
402 5261 591 5332 adjecit
631 5266 1023 5339 Tertullianus,
1065 5282 1211 5327 extra
1252 5273 1419 5342 ﬁdelis
1450 5285 1655 5329 vocatur
1681 5266 1900 5348 (Tertul-

297 5350 427 5405 liau.
459 5353 630 5427 ibid),
674 5357 858 5428 idest,
906 5376 1015 5417 non
1058 5364 1234 5418 solum
1276 5365 1390 5420 suis
1427 5364 1754 5433 christianis,
1803 5366 1897 5423 scd
1942 5416 1947 5427 ,

295 5443 459 5501 etiam
487 5453 1137 5529 esteris.quibuseunque
1171 5457 1479 5514 hominibus
1505 5459 1685 5514 datam
1736 5458 1894 5516 tidem

296 5550 515 5607 prastat
540 5557 756 5617 setn‘per
778 5548 1064 5606 illibatam.
1087 5550 1247 5606 Plura
1275 5560 1453 5606 autem
1494 5552 1561 5607 de
1587 5551 1831 5624 deposito
1863 5569 1895 5610 a

290 5630 604 5692 christianis
644 5637 874 5698 ﬁdeliter
914 5643 1188 5699 servando
1227 5642 1543 5699 Ambrosius
1573 5644 1626 5699 in
1673 5644 1785 5699 suis
1827 5645 1897 5702 de

294 5718 663 5784 Ministrorum
687 5731 901 5801 ciliciis,
934 5732 1152 5806 alioque
1180 5734 1234 5791 in
1258 5733 1399 5790 libro
1424 5732 1687 5806 disputat,
1718 5735 1896 5808 ibique

293 5808 465 5877 dixit:
526 5812 675 5874 Nihil
700 5820 906 5880 interest
931 5832 1106 5880 utrum
1132 5824 1338 5896 abjum
1366 5821 1675 5898 depositum,
1708 5840 1773 5881 tm
1804 5828 1895 5882 do-

2005 4701 2107 4755 tius
2125 4701 2403 4772 magisque
2430 4702 2658 4773 turpiter
2683 4703 2730 4758 ei
2756 4702 3004 4758 adulatus
3031 4714 3134 4771 est,
3158 4719 3318 4775 quam
3350 4706 3598 4776 nequiter

2002 4790 2155 4846 Plato
2183 4806 2213 4845 a
2246 4792 2501 4865 Dionysio
2528 4802 2757 4865 tyranno
2775 4793 3077 4850 venditatus
3102 4793 3224 4851 fuit.
3258 4794 3336 4851 De
3361 4795 3599 4855 Platonis

2001 4895 2179 4940 autem
2197 4886 2504 4943 venditione
2523 4888 2648 4944 alibi
2664 4887 3058 4961 disseruimus(
3090 4901 3210 4945 tom.
3249 4890 3272 4945 l
3314 4889 3594 4962 Apparat:,

2002 4993 2120 5048 pag.
2148 4977 2277 5045 554,
2309 4976 2435 5045 620,
2465 4979 2625 5045 1114,
2671 4988 2718 5034 et
2743 4978 2961 5036 Dissert.
2987 4981 3043 5036 in
3072 4980 3335 5048 Lactant.)
3356 4999 3474 5054 cap.
3503 4984 3595 5052 39,

2000 5079 2098 5124 art.
2135 5070 2245 5141 10).
2302 5071 2412 5127 Nec
2454 5072 2641 5129 minus
2688 5082 2907 5130 constat
2931 5073 3276 5131 Aristotelem
3322 5075 3596 5134 adulatum

2001 5177 2124 5218 esse
2155 5163 2479 5229 Alexandro,
2530 5164 2683 5235 cujus
2709 5165 3077 5234 ambitionem,
3123 5176 3182 5223 ut
3204 5167 3308 5224 alia
3337 5168 3466 5225 vitia
3511 5177 3596 5225 ta-

2000 5268 2241 5323 ceamus,
2274 5271 2379 5312 non
2419 5258 2580 5313 modo
2610 5273 2716 5315 non
2739 5258 3018 5330 repressit,
3040 5260 3136 5316 sed
3165 5260 3316 5328 fovit,
3342 5270 3395 5317 et
3412 5260 3599 5317 adula-

2002 5347 2162 5403 tionis
2191 5348 2418 5403 artificio
2440 5352 2698 5407 emollivit
2715 5360 2892 5414 norm
2912 5362 2998 5423 μιν
3039 5352 3140 5416 stu.
3162 5352 3238 5408 ait
3261 5352 3593 5421 Plutarchus,

1999 5449 2088 5494 τὶν
2112 5449 2381 5509 φιλοτιμίαν
2434 5429 2580 5500 δῖοι-οῦ
2623 5451 3039 5514 παρειμωοοῢμσνες
3072 5443 3365 5517 (Plutarch.
3398 5446 3455 5500 iu
3494 5444 3596 5502 Vil.

2000 5530 2305 5597 Alexandr.,
2339 5548 2455 5604 pag.
2482 5532 2608 5601 668,
2633 5544 2752 5590 tom.
2789 5536 2875 5607 l).

2070 5644 2206 5701 Tum
2232 5646 2427 5704 dehinc
2441 5649 2798 5708 Tertullianus
2819 5671 2833 5708 :
2853 5651 3142 5726 Aristippus
3169 5654 3222 5709 in
3242 5671 3479 5729 purpura
3500 5656 3594 5712 sub

1999 5755 2184 5811 magna
2206 5740 2466 5814 grauitatis
2495 5742 2657 5815 specie
2673 5753 2958 5817 nepotatur,
3008 5744 3062 5801 id
3091 5754 3197 5815 est,
3224 5745 3499 5806 luxuriose
3540 5758 3597 5807 et

1998 5828 2417 5904 intemperanter
2438 5832 2585 5891 vixit.
2623 5831 2893 5895 Memoriae
2922 5843 3103 5895 autem
3151 5835 3397 5897 Laertius
3434 5854 3590 5897 man-
