4240 6262
989 193 1014 208 ν

617 291 734 351 935

1714 286 1780 342 lN
1808 267 2280 342 TERTULLIANI
2320 277 2854 340 APOLOGETICUM

3817 271 3931 336 936

625 406 774 462 davit
805 406 1111 479 Dionysium
1138 401 1384 472 iussisse,
1415 407 1478 455 ut
1505 398 1736 471 quodam
1770 399 1822 454 in
1849 397 2095 454 convivio
2109 397 2220 453 sin-
2247 400 2299 459 A
2323 397 2449 453 dat:
2479 397 2619 451 Adeo
2646 397 2767 467 quid
2792 387 3059 470 (quaidam
3083 394 3378 452 editiones:
3400 393 3541 464 Quid
3565 394 3715 466 adeo)
3738 395 3929 460 simile,

625 501 734 574 gnli
762 508 909 554 vcstc
939 509 1205 567 purpurea
1237 492 1404 547 induti
1429 491 1687 546 saltarent
1705 489 1922 559 (Laert.,
1955 489 2042 542 lib.
2074 487 2119 543 ll
2167 489 2220 543 in

637 589 741 648 Vit.
771 591 978 658 Arisllp.
1008 587 1034 659 §
1065 586 1182 658 78):
1207 585 1358 654 Quod
1384 586 1598 655 quidem
1627 600 1748 640 cum
1794 584 1944 639 Plato
1971 596 2220 638 recusas-

628 693 732 750 set,
754 682 1056 751 Aristippus
1081 689 1230 735 veste
1262 680 1360 733 hac
1386 685 1626 748 prompte
1645 686 1876 747 sumpta,
1912 676 2072 746 cmpit
2115 674 2222 729 sal-

628 783 764 837 tare,
797 772 1001 843 hosque
1028 761 1165 842 quos
1193 769 1481 840 Gregorius
1510 769 1898 834 Nazianzenus,
1937 776 1990 822 et
2032 766 2224 822 Snidas

628 866 1035 938 Euripidisesse
1078 861 1548 935 al’lirmant(Greg.
1583 861 1721 917 Naz.
1739 878 1900 915 carm.
1935 858 2105 914 Iamb.
2131 859 2220 925 18,

629 976 752 1032 pag.
782 957 909 1027 209,
940 958 1093 1014 Suid.
1125 959 1258 1012 adv.
1298 951 1587 1027 Ᾰρτστιππος
1619 953 1638 1026 )
1688 969 1874 1010 versus
1918 951 2194 1007 recitavit:

1002 1092 1017 1102 .
1050 1093 1060 1103 .
1095 1093 1104 1102 .
1140 1093 1149 1102 .
1185 1065 1259 1102 Kal.
1281 1063 1347 1113 τὰρ
1372 1064 1406 1099 ἰν
1431 1060 1677 1111 pulvinus-tv

1001 1117 1032 1166 ὁ
1055 1131 1136 1173 νοῦς
1161 1125 1181 1163 ό
1205 1127 1342 1176 σόςιρων
1365 1125 1405 1161 οὗ
1429 1119 1725 1174 διαῳθαρήσιται.

758 1233 772 1247 .
841 1236 856 1250 .
927 1235 939 1246 .
1003 1197 1179 1260 Neque
1203 1196 1254 1244 in
1277 1193 1612 1245 sacrisLiberi

755 1261 1042 1325 Sapientum
1066 1254 1242 1323 pudica
1261 1270 1403 1307 mens
1426 1268 1652 1319 umquam
1669 1254 2010 1316 corrumpitur.

632 1345 798 1402 Adire
827 1345 1026 1414 poteris
1051 1341 1365 1412 Gregorium
1389 1338 1805 1402 Nazianzenum,
1851 1336 1940 1405 qui
1981 1334 2049 1388 ib':
2093 1331 2230 1387 alio-

631 1453 753 1495 rum
771 1435 1208 1508 philos0phorum
1228 1433 1351 1487 vitia
1370 1430 1642 1501 componit
1663 1444 1784 1484 cum
1803 1425 2226 1485 Christianorum

634 1530 920 1588 virtutibus
944 1527 1125 1601 (Greg.
1157 1525 1298 1582 Naz.
1328 1526 1425 1579 loc.
1472 1523 1604 1595 cit.).
1633 1525 1802 1578 Porro
1830 1531 2005 1577 autem
2032 1519 2102 1576 de
2138 1535 2233 1575 eo-

633 1628 757 1683 dem
786 1625 1078 1695 Aristippo,
1119 1603 1213 1678 sed
1239 1620 1398 1676 tacito
1426 1620 1545 1688 ejus
1592 1619 1826 1682 nomine,
1875 1615 2236 1674 Tertullianns

636 1728 822 1776 noster
847 1717 970 1773 alibi
991 1733 1012 1776 :_
1035 1715 1220 1782 Audio,
1252 1712 1444 1784 inquit,
1473 1721 1518 1766 et
1548 1712 1598 1765 in
1646 1725 1875 1782 purpura
1902 1706 2236 1778 philosOpIta-

2326 489 2514 559 supple
2560 489 2790 555 habent,
2837 489 3170 559 philosophus
3215 497 3262 540 et
3297 487 3640 542 christianus?
3689 484 3929 554 Gra'ciaz,

2327 580 2416 634 ubi
2450 580 2787 649 potissimum
2821 579 3121 650 philosophi
3151 579 3466 641 ﬂoruerunt,
3497 588 3546 632 et
3575 578 3709 645 cazli,
3741 579 3794 633 id
3821 589 3929 646 est,

2329 671 2442 726 veri
2468 671 2557 726 Dci
2584 681 2640 726 et
2664 670 2867 743 Christi
2898 671 3219 742 discipulus?
3238 670 3376 739 Quid
3399 669 3757 742 pltilOSOphns
3777 675 3934 741 [ante

2329 766 2631 836 negotiator,
2664 767 2776 821 sive
2804 764 2984 836 gloria:
3015 765 3227 829 animal,
3278 774 3336 818 ut
3363 753 3526 836 paulo
3554 773 3682 820 ante
3725 764 3930 821 dictum

2330 868 2435 924 e5t,
2466 865 2522 912 et
2549 857 2882 914 Christianus
2907 858 3020 912 uitw
3049 856 3234 928 (editio
3280 855 3494 926 Rigaltii
3543 869 3597 914 et
3624 856 3745 912 alia:
3779 857 3935 913 dein-

2330 963 2458 1019 ccps
2486 949 2690 1020 salutis)
2735 949 3054 1021 negotiator?
3098 948 3236 1016 Quid
3276 947 3628 1020 phil050phus
3667 948 3936 1004 verborum

2332 1050 2562 1109 tantum,
2592 1049 2646 1096 et
2665 1041 2990 1096 christianus
3019 1044 3268 1113 factorum
3289 1042 3563 1112 aperator?
3586 1039 3724 1108 Quid
3745 1040 3937 1098 Chris-

2335 1137 2510 1190 tianus
2551 1152 2722 1189 rerum
2770 1135 3072 1204 aediﬁcator,
3121 1144 3178 1190 et
3215 1133 3566 1204 philosophus
3600 1134 3936 1190 destructor?

2335 1225 2472 1295 Quid
2524 1224 2889 1296 philosotibus
2917 1227 3129 1292 amicus,
3158 1225 3499 1281 Christianus
3525 1227 3755 1281 inimicus
3791 1240 3940 1280 erro.

2335 1317 2429 1385 ris,
2458 1333 2745 1373 commune
2796 1316 3035 1373 habent?
3065 1318 3131 1372 At
3158 1317 3423 1388 Rigaltius
3453 1318 3661 1388 propria
3691 1318 3942 1373 auctori-

2342 1417 2450 1464 tate
2477 1409 2593 1464 haec
2621 1409 2923 1480 posteriora
2971 1409 3129 1464 verba
3161 1409 3442 1464 resecavit.
3491 1408 3623 1463 Tum
3653 1406 3852 1464 deinde
3882 1408 3940 1463 in

2340 1500 2617 1557 codicibus
2673 1502 2872 1556 nostris
2924 1500 3163 1568 ineditis,
3208 1512 3266 1556 et
3317 1500 3476 1556 editis
3522 1499 3937 1556 vetustioribus:

2340 1592 2478 1660 Quid
2505 1592 2729 1647 veritatis
2748 1593 3100 1662 interpolator,
3145 1602 3194 1648 et
3222 1592 3521 1664 intcgrator,
3559 1601 3606 1646 et
3648 1607 3938 1664 expressor,

2343 1693 2388 1738 et
2413 1686 2610 1756 furator
2629 1685 2739 1754 ejus
2759 1695 2805 1739 et
2825 1696 3016 1740 custos.
3040 1684 3308 1755 Rigaltius
3334 1700 3462 1739 vero
3495 1685 3612 1740 haec
3639 1685 3711 1739 ita
3736 1686 3940 1739 immu-

627 1818 747 1867 tum
785 1809 1023 1882 (Tertull.
1051 1809 1140 1863 lib.
1172 1777 1234 1862 de
1261 1777 1454 1872 Pdllio,
1485 1821 1601 1875 cap.
1646 1777 1686 1858 *4
1710 1819 1726 1871 ;
1748 1777 1916 1870 idem,
1948 1799 2238 1870 Apologet.,

2352 1781 2495 1833 tavit:
2514 1777 2847 1849 interpolator
2862 1779 3070 1846 erroris,
3087 1787 3134 1832 et
3152 1778 3429 1850 intcgrator
3446 1777 3696 1841 veritatis;
3716 1787 3763 1830 et
3791 1781 3945 1848 fura-

635 1923 758 1978 cap.
787 1905 879 1972 46,
909 1920 1030 1976 pag.
1053 1901 1210 1972 500).

716 1998 940 2054 Demum
972 1996 1059 2051 ille
1098 1993 1327 2066 adjecit:
1385 1990 1607 2062 Hippias
1639 1989 1757 2042 dum
1798 1985 1986 2042 civitati
2027 1983 2242 2038 insidias

610 2079 616 2085 ’
640 2091 885 2163 disponit,
913 2087 1194 2156 occiditur:
1220 2087 1316 2140 hoc
1347 2101 1439 2156 pro
1464 2083 1594 2150 suis,
1625 2081 1764 2136 omni
1791 2078 2056 2134 atrocitate
2081 2075 2238 2128 dissi-

645 2185 796 2257 patis,
820 2199 964 2238 nemo
1009 2197 1233 2253 unquam
1263 2178 1471 2234 tentavit
1510 2177 1838 2232 christianus.
1879 2173 2070 2233 Mirum
2113 2183 2244 2225 sane

642 2293 804 2350 quam
825 2287 1136 2347 corruptum
1153 2275 1230 2328 sit
1257 2274 1310 2328 in
1341 2270 1718 2340 manuscriptis
1740 2267 2014 2324 codicibus
2037 2263 2244 2335 Hippice

645 2385 865 2428 nomen.
896 2367 953 2423 ln
979 2367 1190 2423 duobus
1215 2363 1479 2435 siquidem
1507 2362 1706 2418 nostris
1726 2356 2120 2429 antiquioribus
2164 2356 2245 2410 lc-

646 2463 789 2534 gitur
830 2459 1102 2526 lcthidias,
1133 2457 1189 2513 in
1226 2455 1438 2512 duobus
1486 2451 1880 2509 recentioribus
1925 2445 2248 2503 Colbertinis

647 2553 933 2619 lctlticlias,
962 2551 1015 2606 in
1061 2547 1378 2622 quibusdam
1404 2545 1525 2603 aliis
1555 2544 1762 2609 Hidias,
1810 2540 1956 2612 quod
2001 2539 2248 2612 proprius

648 2645 861 2703 accedit
885 2644 953 2701 ad
981 2642 1106 2698 illud
1139 2641 1384 2712 Hippias,
1430 2639 1484 2694 in
1525 2637 1685 2694 editis
1724 2634 2041 2691 exhibitnm.
2088 2636 2157 2686 At
2181 2630 2250 2686 de

649 2739 842 2812 Hippia
864 2746 1104 2794 nostrum
1133 2743 1409 2791 auctorem
1457 2745 1644 2787 revera
1685 2724 2088 2797 intelligendum
2130 2738 2252 2778 esse

645 2831 957 2889 conﬁrmari
985 2844 1116 2887 sane
1137 2836 1314 2900 potest
1339 2826 1421 2880 his
1440 2821 1718 2880 Ciceronis
1751 2819 1932 2875 verbis
1950 2820 1972 2871 ξ
2005 2815 2252 2888 Nefart'us

623 2922 903 2996 'Hippias,
940 2920 1194 2975 Pisistrati
1219 2919 1380 2989 filius,
1399 2921 1483 2987 qui
1500 2915 1554 2970 in
1579 2911 1905 2968 Marathonia
1923 2925 2096 2980 pugna
2124 2907 2254 2961 ccci-

651 3019 749 3082 dit,
777 3033 922 3072 arma
943 3024 1120 3070 contra
1149 3013 1367 3084 patriam
1395 3015 1562 3082 ferens
1588 3007 1742 3079 (Cia,
1774 3006 1862 3060 lib.
1888 3002 1962 3058 IX
1985 3002 2054 3056 ad
2098 3001 2251 3056 Attic.

652 3113 805 3184 epist.
834 3110 923 3176 12,
947 3126 1066 3181 pag.
1101 3106 1254 3176 306).
1301 3104 1458 3161 Plura
1486 3113 1665 3159 autem
1708 3101 1776 3156 de
1806 3100 1900 3155 illo
1930 3097 2252 3163 Herodotus,

2348 1883 2426 1927 tor
2450 1873 2558 1942 ejus
2587 1863 2634 1926 et
2679 1871 2893 1926 custos?
2931 1870 3038 1928 Sed
3079 1871 3202 1941 quia
3252 1869 3559 1925 emendatio
3610 1869 3701 1924 illa
3743 1868 3946 1925 nullius

2345 1962 2546 2019 codicis
2574 1961 2678 2018 lidc
2709 1963 2916 2030 nititur,
2939 1961 3007 2016 ab
3032 1962 3125 2015 illo
3153 1961 3292 2016 haud
3315 1960 3475 2016 dubie
3505 1961 3640 2015 facta
3668 1972 3784 2027 est;
3811 1973 3950 2030 quo-

2349 2058 2491 2111 niam
2524 2055 2613 2109 illa
2641 2053 2805 2110 verba
2829 2053 3161 2120 obscuriora,
3196 2068 3296 2109 nec
3327 2054 3461 2110 satis
3492 2053 3752 2123 elegantia
3793 2049 3949 2106 vide-

2349 2147 2562 2203 bantur.
2605 2145 2744 2214 Quid
2797 2157 2975 2202 tamen
3022 2145 3270 2216 prohibet
3315 2144 3602 2214 quominus
3661 2142 3837 2214 qualia
3894 2143 3951 2197 in

2351 2239 2628 2296 codicibus
2662 2240 2857 2294 nostris
2883 2237 3146 2307 descripta
3175 2245 3321 2301 sunt,
3347 2236 3577 2305 genuina
3606 2250 3729 2290 esse
3757 2235 3952 2289 dican-

2353 2344 2460 2402 tur,
2495 2333 2690 2405 hicque
2716 2333 2784 2387 sit
2812 2346 2997 2387 eorum
3021 2345 3238 2386 sensus:
3263 2329 3623 2400 Philosophus
3643 2339 3728 2384 eSt
3747 2329 3953 2381 verita-

2352 2428 2442 2495 tis,
2475 2428 2524 2482 in
2555 2442 2706 2482 sacra
2739 2434 2921 2482 nostra
2974 2424 3250 2494 Scriptura
3301 2423 3536 2489 traditm,
3588 2422 3952 2489 interpolator,

2353 2520 2477 2591 quia
2528 2534 2741 2574 errores
2789 2533 2915 2573 suos
2946 2516 3360 2588 interponendo,
3391 2530 3587 2571 novam
3632 2514 3681 2570 ei
3723 2513 3957 2568 formam

2353 2611 2530 2666 dedit:
2581 2620 2663 2666 est.
2693 2611 2856 2665 etiam
2890 2612 3108 2681 furator,
3139 2607 3593 2678 quandoquidem,
3641 2616 3697 2660 ut
3748 2607 3963 2675 saipius

2355 2702 2609 2770 diximus,
2637 2702 2790 2773 plura
2820 2717 2884 2758 ex
2919 2702 3004 2756 illa
3035 2701 3324 2772 decerpsit,
3357 2715 3421 2754 ac
3459 2699 3714 2769 corrupit.
3757 2695 3961 2752 Chris-

2357 2798 2536 2852 tianus
2578 2806 2754 2852 autem
2784 2797 3008 2851 veritatis
3038 2807 3120 2851 est
3149 2797 3448 2866 intcgrator,
3495 2804 3542 2848 et
3587 2807 3854 2858 expressor
3911 2802 3964 2845 et

2357 2902 2557 2956 custos;
2603 2891 2727 2962 quia
2774 2891 2920 2945 illam
2978 2891 3237 2960 integram
3293 2888 3528 2952 exhibet,
3575 2887 3852 2957 exprimit,
3903 2893 3962 2940 et

2358 2982 2612 3038 custodit.
2645 2981 2828 3052 Neque
2860 2997 3018 3052 porro
3058 2980 3319 3050 Rigaltius
3361 2979 3429 3034 ibi
3454 2992 3643 3032 manus
3670 2992 3802 3032 suas
3828 2991 3967 3031 con-

2361 3077 2539 3142 tinuit,
2568 3076 2660 3131 sed
2689 3074 2908 3130 abstulit
2951 3073 3128 3129 adhuc
3175 3073 3289 3126 hare
3334 3070 3718 3142 subsequentia
3759 3068 3964 3124 verba:

651 3161 1301 3272 ἕέιῖξειῖιῖέεξέυίιιᾼείθι
1329 3200 1418 3254 alii
1450 3197 1750 3269 (llerodot.,
1798 3195 1884 3249 lib.
1913 3192 2008 3264 I,§
2039 3192 2127 3257 6t,
2161 3161 2250 3245 tib.

2362 3167 2631 3238 Antiquior
2655 3167 2888 3222 omnibus
2907 3167 3111 3233 veritas,
3147 3166 3197 3218 ni
3237 3164 3412 3235 fallor.
3463 3163 3582 3229 Quo
3628 3172 3804 3216 autem
3831 3161 3971 3229 jure

660 3301 724 3370 V,
747 3300 865 3374 §95
893 3310 939 3356 et
965 3315 1103 3371 seqq.
1135 3295 1392 3361 Pausan.,
1421 3293 1509 3348 lib.
1537 3291 1578 3359 Ι,
1632 3307 1751 3362 pag.
1783 3286 1876 3353 20,
1924 3285 2080 3342 Suid.
2111 3284 2179 3338 ad
2199 3297 2251 3337 v.

657 3385 991 3465 inte;).Sed
1023 3406 1127 3447 non
1155 3389 1292 3444 adeo
1318 3396 1524 3443 certum
1550 3392 1636 3439 est
1666 3383 1807 3437 hunc
1834 3381 2009 3452 ipsum
2031 3391 2169 3443 esse,
2189 3374 2257 3430 de

655 3502 766 3558 quo
819 3495 1068 3556 tanquam
1098 3478 1418 3553 philosopho
1446 3476 1813 3532 Tertullianus
1863 3472 2120 3543 loquitur,
2153 3469 2256 3524 nisi

658 3592 784 3632 enm
812 3573 1166 3646 philosophia;
1191 3585 1413 3641 operam
1449 3568 1666 3624 dedisse
1707 3564 2064 3637 probaveris;

655 3709 658 3711 Α
731 3667 882 3722 Alius
909 3666 979 3720 ah
1007 3662 1198 3718 eodem
1227 3660 1389 3715 Suida
1418 3667 1748 3713 memoratur
1765 3654 1985 3724 Hippias
2005 3651 2257 3723 Sophista

663 3767 719 3816 et
745 3756 1118 3830 philosophus,
1153 3749 1495 3808 llehesidami
1527 3747 1843 3817 discipulus,
1890 3746 1980 3815 qui
2020 3746 2258 3799 animum

661 3869 761 3910 sua
786 3860 934 3908 sorte
961 3840 1276 3906 contentum
1299 3859 1419 3900 esse
1447 3843 1691 3897 docebat.
1739 3839 1933 3896 Nonne
1981 3846 2162 3894 autem
2215 3835 2262 3891 is

662 3955 767 4014 est,
798 3945 889 4015 qui
919 3958 950 3997 a
975 3939 1255 4003 Cicerone,
1288 3943 1346 3990 ut
1371 3934 1498 3991 alibi
1525 3931 1759 3988 diximus
1804 3931 1824 4001 (
1855 3941 1977 3984 tom.
2015 3927 2036 3983 l
2089 3928 2264 3998 Appa-

663 4048 789 4104 rat.,
815 4052 935 4108 pag.
973 4030 1158 4102 1222),
1190 4029 1482 4100 plurimum
1512 4023 1779 4090 laudatus,
1810 4020 2138 4093 gloriabatur
2176 4018 2262 4072 ni-

667 4131 741 4186 hil
769 4143 891 4184 esse
918 4126 1024 4182 ulla
1052 4125 1106 4179 in
1133 4131 1252 4178 arte
1279 4118 1420 4192 quod
1452 4118 1567 4189 ipse
1592 4113 1866 4172 nesciret?
1919 4112 2033 4169 Sed
2080 4112 2127 4166 si
2178 4110 2264 4166 hic

661 4219 1020 4293 philosophus
1049 4215 1165 4281 fuit,
1199 4212 1355 4271 nobis
1401 4219 1550 4266 certe
1602 4223 1777 4278 neque
1823 4205 2036 4270 Cicero,
2093 4217 2266 4273 neque

670 4310 886 4377 Suidas,
915 4324 1019 4380 qua
1049 4317 1224 4363 morte
1259 4304 1476 4370 ohierit,
1525 4300 1851 4358 indicarunt.
1901 4297 2041 4354 Vero
2086 4297 2266 4366 itaque

670 4404 902 4462 similius
922 4400 1166 4473 pluribus
1196 4397 1338 4454 haud
1363 4396 1524 4452 dubie
1552 4381 1820 4450 videbitur
1851 4390 2047 4447 factum
2075 4405 2106 4444 a
2127 4389 2264 4444 Ter-
2303 4413 2307 4418 τ

673 4497 892 4554 tulliano
915 4494 985 4550 de
1013 4493 1196 4564 priore
1223 4490 1416 4561 Hippia
1444 4501 1778 4550 sermonem,
1811 4485 1916 4542 nisi
1946 4481 2102 4552 hujus
2148 4481 2268 4552 phi-

671 4588 881 4660 losophi
911 4601 1106 4642 nomen
1134 4584 1188 4640 in
1216 4583 1333 4654 ejus
1365 4590 1514 4638 textu
1542 4579 1610 4635 ah
1650 4576 2005 4634 oscitantibus
2032 4574 2266 4630 librariis
2291 4595 2345 4656 D

671 4680 837 4738 fuerit
851 4689 1189 4751 corruptum.

747 4776 818 4830 At
845 4785 994 4828 certo
1021 4772 1220 4827 certius
1256 4777 1340 4824 est
1365 4766 1508 4839 quod
1533 4765 1622 4821 ille
1641 4762 1847 4821 addidit
1877 4762 2006 4819 nihil
2035 4776 2268 4832 unquam

662 4875 860 4922 contra
906 4864 1134 4936 patriam
1181 4877 1335 4918 suam
1383 4866 1702 4914 attentatum
1751 4873 1780 4909 a
1825 4853 2155 4918 christianis,
2189 4861 2271 4907 ta-

662 4960 832 5015 .metsi
861 4957 998 5011 omni
1015 4955 1280 5010 atrocitate
1299 4951 1703 5022 suppliciorum,
1729 4946 1832 5002 sibi
1861 4946 1931 5001 ob
1952 4944 2266 5016 religionem

674 5066 830 5107 suam
858 5049 1202 5112 inllictorum,
1247 5042 1530 5114 dissipatis,
1554 5055 1650 5096 seu
1677 5037 1921 5095 laceratis
1947 5046 2003 5092 et
2033 5037 2270 5092 enecatis

663 5141 1006 5217 .(Tertullian.
1034 5138 1325 5209 Apologet.,
1358 5151 1476 5205 cap.
1518 5132 1613 5200 46,
1642 5149 1760 5202 pag.
1793 5130 1940 5201 500).
1989 5131 2033 5184 Δ
2060 5129 2275 5184 Christo

672 5249 908 5306 namque
961 5231 1165 5297 edocti,
1220 5227 1587 5284 columbarum
1639 5223 2036 5293 simplicitatem
2090 5222 2270 5276 imita-

683 5326 898 5392 bantur,
920 5323 1298 5393 neminemque
1315 5319 1598 5382 Iacdentes,
1626 5315 1696 5372 de
1711 5317 1963 5386 omnibus
1989 5312 2277 5368 studebant

677 5417 814 5474 bene
843 5415 1060 5481 mereri,
1083 5422 1139 5470 et
1182 5413 1246 5469 iis
1271 5412 1458 5479 etiam,
1487 5408 1581 5481 qui
1607 5407 1730 5464 illos
1775 5414 1924 5461 tanta
1959 5404 2274 5460 crudelitate

679 5509 1034 5566 trucidabant.

748 5604 878 5674 Quis
897 5614 1078 5659 autem
1102 5599 1210 5673 iam
1240 5599 1395 5656 facile
1433 5613 1540 5654 non
1567 5596 1740 5654 cernit
1764 5610 1924 5667 quam
1951 5601 2100 5651 recte
2140 5591 2274 5647 Ter-

677 5697 929 5753 tullianus
950 5692 1001 5764 (1
1011 5693 1140 5765 bid.)
1162 5701 1284 5764 post
1307 5693 1576 5748 institutas
1602 5690 1743 5745 inter
1776 5687 2129 5758 philosophos
2145 5699 2277 5765 gen-

681 5789 802 5844 tiles
827 5798 885 5844 et
907 5763 1243 5843 Christianos
1267 5783 1719 5858 comparationes,
1744 5781 1828 5838 his
1850 5781 2029 5839 verbis
2050 5763 2274 5838 conclu-

2364 3259 2481 3315 haec
2509 3260 2820 3329 dempserit,
2849 3274 2913 3313 ex
2944 3257 3321 3312 audacioribus
3355 3255 3472 3324 aliis
3499 3255 3613 3323 ejus
3653 3252 3969 3307 correctio-

2361 3353 2520 3408 nibus
2553 3355 2682 3408 satis
2734 3352 3062 3423 intelligitur.
3110 3349 3274 3405 Nobis
3321 3363 3481 3420 porro
3529 3346 4012 3406 sulliciatanno-.

2362 3453 2506 3500 tassc
2563 3444 2736 3499 varias
2790 3452 2971 3498 textus
3019 3441 3327 3497 Tertulliani
3377 3438 3656 3506 lectiones,
3688 3453 3753 3492 ac
3800 3452 3969 3507 quam

2362 3548 2511 3592 recte
2539 3547 2743 3592 asserat
2775 3537 2930 3607 longe
2983 3535 3412 3606 praestantiorem
3455 3547 3576 3588 esse
3624 3529 3970 3587 Christiano-

2364 3646 2482 3684 rum
2528 3645 2686 3699 quam
2717 3628 3158 3700 philosOphorum
3189 3627 3511 3693 doctrinam,
3541 3637 3829 3692 moresque
3845 3621 3974 3677 illo-

2365 3738 2506 3789 rum,
2557 3737 2713 3792 quam
2764 3719 3125 3790 quorumlibet
3174 3718 3540 3782 ethnicorum,
3597 3714 3856 3770 castiores
3909 3721 3973 3767 et

2365 3817 2681 3870 sant-tiores.
2708 3812 2826 3868 Jain
2863 3829 2991 3868 vero
3020 3810 3201 3868 dehis
3227 3807 3725 3881 comparationibus
3753 3807 3806 3861 in
3838 3820 3978 3860 nos-

2367 3915 2445 3960 tra
2468 3906 2534 3961 ad
2561 3905 2775 3978 Minucii
2807 3904 3085 3960 Octavium
3137 3903 3520 3958 dissertatione
3564 3899 3774 3972 egimus
3823 3894 3976 3970 (Dis-

2364 4008 2538 4054 sertat.
2570 3999 2624 4052 in
2650 3996 2866 4067 Miuut.,
2885 4015 3000 4070 cap.
3031 3998 3117 4064 l3,
3147 4005 3248 4050 art.
3273 3994 3352 4066 4).

2965 4109 3190 4167 CAPUT
3229 4107 3371 4164 XIV.

2367 4225 2447 4281 De
2470 4224 2876 4282 Christianorum
2902 4224 3138 4296 jejuniis,
3171 4221 3474 4295 prenitentiw
3515 4219 3774 4292 operibus,
3805 4219 3978 4290 preci-

2439 4318 2534 4372 bus
2553 4359 2569 4385 ,
2599 4328 2645 4372 et
2682 4317 2894 4372 solemni
2922 4317 3022 4370 diei
3058 4315 3325 4370 dominica:
3351 4315 3497 4385 festo,
3523 4329 3583 4367 ac
3607 4322 3796 4384 quanta
3828 4313 3881 4366 in
3905 4311 3977 4365 iis

2440 4409 2670 4465 omnibus
2697 4411 2902 4465 illorum
2932 4419 2978 4464 et
3005 4407 3268 4479 gentilium
3293 4405 3601 4474 ili/ferentia.

2903 4537 3199 4579 AliTlCULUS
3238 4535 3451 4577 ιιιιηιυε.

2377 4642 2541 4708 Quam
2567 4641 2723 4712 longa
2749 4650 2794 4693 et
2822 4638 3032 4693 horrida
3069 4636 3259 4709 fuerint
3277 4634 3480 4706 jejunia
3524 4632 3984 4689 Christianorum:

2445 4742 2691 4804 quantum
2729 4730 2791 4784 ab
2821 4731 2916 4783 hac
2953 4728 3266 4782 abstinentia:
3292 4727 3557 4782 severitate
3592 4726 3819 4780 abessent
3850 4738 3983 4775 cono

2447 4825 2577 4878 rivia
2617 4833 2660 4876 et
2689 4837 2847 4876 ctena:
2873 4819 3284 4892 Megarensium,
3310 4818 3564 4883 tribuum,
3598 4817 3886 4882 curiarum,
3914 4829 3981 4867 ac

2449 4917 2793 4978 decuriarunt,
2826 4913 3236 4969 Herculanarum
3263 4914 3591 4977 decimarum,
3612 4909 3980 4982 polluctorum,

2452 5003 2845 5080 Apaturiorum,
2867 5008 3254 5079 Dionysiorum,
3285 5008 3568 5069 Atticorum
3597 5003 3979 5076 mysteriorum,

2451 5106 2817 5177 Serapicarum
2841 5121 3118 5172 uenarum,
3153 5103 3236 5157 ubi
3273 5102 3336 5157 de
3377 5099 3644 5173 sparteolis
3669 5108 3719 5154 et
3745 5080 3982 5167 infami-3

2449 5199 2540 5254 btts
2578 5199 2837 5270 parasitis.

2447 5313 2684 5370 Carteras
2707 5312 2845 5367 inter
2871 5311 3297 5368 Christianorum
3328 5311 3551 5366 virtutes
3578 5295 3812 5364 maxime
3846 5303 3988 5361 etni-

2377 5408 2488 5462 cuit
2521 5417 2624 5460 tant
2650 5403 2872 5469 sedula,
2903 5420 3064 5475 quam
3092 5403 3224 5459 dura
3247 5401 3575 5473 jejuniorum
3602 5394 3981 5456 observando-

2379 5513 2499 5555 rum
2533 5512 2660 5552 cura
2689 5507 2743 5552 et
2770 5495 3074 5550 sollicitudo
3095 5537 3111 5561 ,
3157 5509 3261 5566 qua
3291 5510 3396 5549 non
3430 5493 3639 5556 minus,
3677 5503 3840 5560 quam
3862 5487 3990 5542 aliis

2383 5593 2699 5655 virtutibus,
2752 5591 2821 5646 ab
2872 5591 3102 5646 ethnicis
3150 5588 3548 5659 discrepabunt.
3618 5583 3776 5655 Smpe
3837 5581 3988 5638 enim

2381 5687 2581 5758 sa’pius
2620 5700 2684 5741 ac
2725 5684 2948 5756 publicis
2976 5684 3027 5738 in
3059 5680 3451 5739 calamitatibus
3488 5679 3726 5735 divinam
3767 5673 3994 5732 miseri-

2381 5778 2623 5836 cordiam
2662 5791 2771 5834 non
2807 5792 2912 5850 pro
2946 5791 3007 5834 se
3038 5785 3284 5844 tantum,
3310 5772 3406 5833 sed
3433 5773 3547 5829 suis
3571 5771 3736 5827 etiam
3764 5783 3866 5842 pro
3888 5765 4004 5824 ini-
