4198 6260
311 336 417 395 957

1439 341 1892 403 DlSSERTATIO
1930 345 1996 404 Ι).
2034 347 2125 406 LE
2161 349 2466 410 NOURRY.

3432 391 3437 399 π
3502 369 3610 430 938

310 452 467 508 micis
490 492 506 519 ,
550 465 657 507 non
701 449 1065 524 perfunctoria
1089 495 1105 520 ,
1163 452 1257 510 sed
1308 453 1597 513 durissima
1638 460 1908 531 rigidinris
1931 466 1987 527 Α
2011 466 2231 522 decuriis
2276 468 2590 525 ructantibus
2621 469 2968 543 (Tertullian.
3013 476 3304 552 Apologet.,
3341 498 3457 554 cap.
3495 485 3602 555 59,

304 545 497 616 jejunii
515 546 888 602 observatione
903 561 1128 604 exorare
1148 550 1501 607 conabamur.
1526 552 1724 609 Audias
1745 555 1906 611 velim

310 638 601 710 ipsummet
629 639 1055 695 Tertullianum:
1102 639 1236 709 Nos,
1266 642 1470 714 inquit,
1499 645 1708 715 ieiuniis
1736 647 1904 713 aridi,

311 732 415 791 hoc
462 743 575 800 est,
617 734 846 790 confecti
889 744 946 790 et
981 734 1224 804 arefacti,
1265 738 1461 808 quippe
1506 740 1598 809 qui
1636 754 1743 795 non
1788 741 1939 798 aliis

310 828 443 883 cibis
466 842 625 897 quam
656 826 820 882 aridis
854 836 964 882 tum
992 828 1282 885 vescimur.
1308 829 1443 885 Nam
1475 831 1565 887 ille
1593 832 1718 887 alibi
1743 850 1904 900 seras,

309 921 400 986 ait,
435 918 511 975 vel
528 920 713 974 aridas
739 937 898 988 escas,
933 936 997 978 ac
1022 922 1183 992 paulo
1207 924 1542 993 explicatius,
1569 927 1908 998 aceraplmgias

307 1011 629 1067 observamus
648 1055 663 1079 ,
703 1012 950 1066 siccantes
975 1013 1141 1067 cibum
1174 1016 1237 1068 ab
1263 1016 1402 1069 omni
1427 1031 1613 1084 carne,
1652 1018 1789 1071 onmi
1809 1018 1905 1089 ju-

307 1104 550 1171 rulentia,
582 1113 631 1158 et
660 1104 972 1159 avidioribus
1000 1103 1277 1175 quibusque
1306 1107 1488 1177 pomis,
1520 1124 1584 1162 ne
1609 1108 1732 1179 quid
1758 1109 1906 1164 uino-

307 1195 470 1251 sitatis
508 1196 588 1251 vel
620 1196 850 1261 edamus,
892 1196 969 1250 uel
1012 1206 1260 1267 potemus,
1288 1199 1479 1253 lauacri
1509 1215 1710 1271 quoque
1747 1202 1907 1256 absti‘

317 1290 544 1343 nentiam
588 1299 947 1360 congruentem
984 1287 1133 1342 arido
1170 1290 1321 1343 uictui
1364 1288 1718 1361 (Tertullian.
1761 1294 1903 1365 Apo-

306 1380 483 1452 logct.,
514 1398 631 1453 cap.
661 1380 750 1448 40,
791 1398 910 1453 pag.
941 1380 1049 1438 478
1074 1398 1090 1450 ;
1133 1381 1247 1439 libr.
1283 1383 1347 1437 de
1378 1381 1624 1455 Jejuniis,
1653 1403 1768 1457 cap.
1801 1388 1828 1443 1
1856 1397 1905 1444 et

303 1486 419 1542 cap.
455 1473 571 1543 15).

372 1565 503 1632 Quis
527 1573 705 1621 autem
733 1565 913 1621 aridus
942 1567 1031 1622 ille
1058 1567 1231 1633 cibus,
1255 1576 1309 1624 et
1334 1583 1455 1639 qua:
1479 1583 1603 1624 esca
1630 1568 1780 1626 arida
1810 1570 1900 1639 sit,

304 1656 352 1713 si
383 1657 450 1713 ab
474 1657 781 1730 Epiphanio
812 1660 1069 1731 postules,
1105 1661 1199 1716 tibi
1228 1662 1577 1732 respondebit
1604 1678 1713 1720 non
1739 1664 1900 1719 aliam

296 1764 439 1816 esse,
482 1752 583 1806 nisi
630 1740 823 1822 panem
849 1794 863 1818 ,
910 1753 989 1807 sal
1041 1763 1097 1808 et
1135 1768 1350 1824 aquam.
1391 1755 1497 1811 Per
1538 1765 1683 1812 totos
1722 1767 1899 1813 autem

2011 558 2553 630 pag.l75),videlicet
2580 562 2757 619 cibum
2784 576 3072 639 potumque
3096 571 3345 647 nimium,
3373 576 3462 646 qui
3494 593 3605 635 non

2011 660 2260 722 potuerat
2305 655 2359 709 in
2407 656 2690 713 stomacho
2729 658 2931 730 digeri,
2981 660 3390 731 exhalantibus,
3423 671 3606 725 acescit

2009 759 2116 798 aer.
2142 744 2247 801 Sed
2272 747 2557 818 numquid,
2592 749 2824 820 inquies,
2853 750 2907 806 id
2942 752 3059 809 sine
3089 769 3279 825 magna
3309 754 3607 828 hyperbole

2008 837 2077 893 ab
2113 838 2231 908 ipso
2257 840 2421 895 scribi
2451 842 2662 912 potuit?
2703 843 2844 912 Quid
2874 854 3073 915 autem,
3103 848 3295 904 amabo
3335 859 3419 918 te,
3462 862 3608 910 vetat

2009 932 2297 1000 quominus
2321 933 2373 988 id
2405 934 2511 990 dici
2542 937 2710 1006 possit
2738 936 2806 992 de
2833 938 3058 1008 publicis
3083 943 3364 1011 conviviis,
3397 959 3517 1015 quae
3548 946 3605 1003 in

2008 1023 2217 1094 magnis
2256 1026 2612 1096 quorumdam
2656 1028 2886 1095 dierum,
2919 1047 2982 1087 ac
3023 1034 3321 1103 praesertim
3369 1037 3607 1108 impera-

2008 1126 2185 1173 torum
2211 1118 2642 1177 solemnitatibus
2698 1122 2751 1177 in
2778 1121 2919 1189 foro,
2952 1125 3416 1197 plateiS'pnblicis,
3447 1133 3603 1199 vicis,

2008 1218 2063 1262 et
2092 1209 2302 1265 urbium
2329 1212 2581 1282 compitis
2613 1213 2805 1269 instrui
2829 1215 3115 1272 solebant?
3141 1217 3293 1275 Tunc
3319 1221 3463 1276 enim
3490 1222 3606 1279 sin.

2009 1300 2168 1370 gulae,
2197 1316 2262 1357 ac
2298 1311 2423 1359 tota:
2460 1304 2623 1360 urbes
2648 1306 2994 1374 exhibebant,
3034 1319 3091 1364 ut
3117 1310 3252 1365 infra
3282 1313 3604 1385 videbimus,

2008 1392 2353 1449 tabernarum
2376 1397 2765 1467 etpopinarum
2798 1401 3051 1469 speciem.
3087 1402 3224 1468 Quid
3252 1420 3381 1475 ergo
3409 1407 3605 1473 mirum

2005 1484 2053 1541 si
2100 1494 2244 1541 tanta
2284 1488 2632 1546 multitudine
2685 1490 2989 1561 hominum,
3030 1494 3181 1550 cibos
3224 1497 3519 1569 indigestos
3551 1513 3609 1557 et

2005 1576 2360 1635 immoderate
2387 1591 2631 1652 sumptos
2657 1582 3043 1651 exhalantium,
3061 1589 3302 1644 ructibus
3329 1605 3422 1647 aer
3447 1608 3605 1651 aces-

2004 1669 2189 1725 ceret?
2218 1670 2503 1729 Turnebus
2546 1674 2725 1745 itaque
2770 1677 2989 1734 nomine
3032 1681 3189 1735 curiis
3225 1683 3421 1740 frustra
3450 1686 3605 1743 desi-

2004 1763 2155 1831 gnari
2182 1763 2404 1833 putabat
2423 1780 2486 1820 ea
2509 1766 2773 1834 convivia,
2797 1783 2916 1837 qum
2937 1768 2990 1823 in
3017 1770 3128 1840 ipsa
3150 1774 3296 1828 curia
3325 1789 3353 1828 a
3375 1775 3606 1834 Curiali-

302 1842 423 1898 illos
439 1844 849 1915 jejunationum,
882 1849 957 1903 uti
988 1848 1078 1904 ille
1105 1848 1358 1920 loquitur,
1390 1860 1442 1907 et
1467 1852 1899 1923 xerophagiarum
1928 1864 1977 1926 Β
2005 1853 2106 1909 bus
2154 1855 2421 1912 dabantur
2464 1857 2747 1929 (Turneb.,
2778 1860 2866 1929 lib.
2890 1859 2986 1915 XII
3024 1862 3263 1932 Aduers.,
3307 1882 3425 1939 cap.
3474 1872 3602 1944 l5).

296 1934 412 1991 dies
435 1934 515 1991 las
544 1934 869 1995 Christianis
892 1955 1000 1995 non
1024 1951 1141 1996 erat
1166 1940 1329 1998 hosce
1355 1942 1525 2010 cibos,
1558 1948 1900 2015 quantumvis

295 2044 482 2100 parum
536 2031 845 2097 esculentos
904 2043 958 2088 et
1000 2049 1214 2102 suaves,
1269 2036 1459 2107 quovis
1503 2036 1609 2094 diei
1657 2048 1899 2110 tempore

290 2130 618 2191 praegustare
640 2122 930 2195 (Epipltan.
959 2125 1199 2196 Exposit.
1220 2127 1338 2197 ﬁd.,
1369 2126 1397 2200 §
1424 2127 1517 2197 22,
1548 2146 1668 2201 pag.
1693 2129 1857 2202 1015)
1881 2148 1895 2199 ;

289 2215 389 2269 Sed
419 2215 486 2271 ab
510 2215 688 2284 omni,
712 2217 786 2273 ait
810 2217 985 2274 adhuc
1011 2219 1213 2274 Auctor
1239 2228 1444 2285 noster,
1473 2222 1589 2276 vita
1614 2230 1779 2294 fruge,
1802 2238 1897 2278 seu

289 2322 625 2378 quocumque
646 2308 769 2365 cibo
801 2309 949 2364 dilati
982 2309 1324 2383 (Tertullian.
1342 2311 1637 2385 Apologct.,
1666 2330 1779 2385 cap.
1802 2313 1892 2381 40,

286 2415 409 2469 pag.
438 2398 604 2471 487),
633 2400 776 2457 hunc
814 2402 1030 2457 nonnisi
1070 2418 1192 2458 sero
1228 2418 1292 2458 ac
1339 2404 1439 2459 sub
1472 2404 1646 2459 noctis
1684 2405 1893 2460 initium

286 2492 591 2547 sumebant.
631 2492 813 2566 Neque
852 2494 1044 2551 horum
1090 2496 1376 2552 verborum
1423 2497 1540 2553 ha:c
1586 2508 1767 2554 nostra
1811 2509 1895 2555 est

283 2585 591 2654 explicatio,
641 2587 738 2643 sed
780 2589 982 2659 ipsius,
1027 2589 1121 2660 qui
1166 2588 1293 2645 alibi
1334 2590 1675 2660 apertissime
1722 2589 1890 2647 dixit:

280 2678 600 2736 Abstinentes
643 2681 706 2735 ab
745 2683 834 2750 eis,
869 2699 984 2755 qua:
1025 2693 1228 2751 tamen,
1275 2684 1733 2754 quemadmodum
1772 2685 1888 2743 ha:-

281 2772 433 2827 retici
482 2772 724 2844 quidam,
756 2791 860 2829 non
902 2775 1181 2844 rejicimus,
1226 2775 1313 2830 sed
1361 2775 1643 2844 cli/ierimus
1671 2778 1689 2849 (
1719 2775 1887 2845 Idem,

281 2864 368 2919 lib.
401 2865 465 2920 de
504 2865 708 2938 Jejun.,
752 2884 868 2940 cap.
922 2870 986 2924 l5
1020 2870 1081 2941 ),
1114 2880 1273 2941 atque
1314 2870 1386 2925 ita
1448 2870 1651 2940 jejunia
1704 2881 1889 2927 nostra

282 2956 337 3012 in
365 2973 649 3029 vesperum
700 2960 1069 3030 producimus.
1114 2962 1367 3028 Quinimo
1410 2962 1690 3028 Christus,
1740 2974 1883 3021 teste

283 3051 555 3123 Eusebio,
602 3064 899 3113 sectatores
950 3071 1078 3113 suos
1117 3058 1375 3114 docuerat
1419 3058 1486 3114 ad
1532 3059 1729 3116 multos
1770 3060 1888 3117 dies

282 3144 401 3201 cibo
432 3156 487 3202 et
512 3147 640 3203 vino
666 3148 1042 3205 lubentissime
1077 3150 1351 3207 abstinere
1370 3191 1387 3218 ,
1417 3151 1610 3207 durum
1638 3168 1702 3208 ac
1727 3168 1885 3210 seve-

286 3254 404 3295 rum
434 3255 596 3311 agere
622 3242 834 3298 vivendi
856 3257 1048 3313 genus,
1070 3254 1231 3314 atque
1251 3244 1570 3300 immensam
1590 3260 1696 3300 non
1724 3245 1884 3302 modo
1910 3259 1957 3321 ρ

282 3333 545 3399 virorum,
592 3349 772 3392 verum
816 3337 982 3403 etiam
1026 3336 1311 3392 mulierum
1366 3337 1765 3395 multitudinem
1814 3356 1881 3396 co

283 3424 613 3496 impulerat,
670 3437 730 3483 ut
771 3429 968 3500 spretis
1016 3445 1309 3500 corporum
1370 3430 1673 3499 alimentis,
1744 3432 1883 3488 divi-

280 3533 471 3574 narum
534 3521 713 3590 potius
762 3521 1052 3579 lectionum
1104 3523 1420 3579 rationalem
1480 3524 1656 3580 cibum
1714 3542 1879 3597 appe-

279 3617 456 3664 terent
502 3609 747 3682 (Euseb.,
772 3624 901 3668 orat.
960 3614 1025 3668 de
1048 3614 1194 3668 laud.
1242 3614 1581 3684 Constantini,
1610 3634 1727 3689 cap.
1771 3619 1836 3673 17
1862 3659 1876 3686 ,

280 3716 413 3772 pag.
466 3699 615 3773 661).
679 3703 815 3772 Quid
864 3707 1059 3760 mirum
1104 3706 1309 3777 igitur,
1367 3707 1413 3762 si
1469 3708 1522 3761 hi
1571 3709 1640 3763 ab
1688 3709 1877 3765 eodem

282 3791 610 3850 Tertulliano
637 3808 822 3851 nostro
861 3797 1111 3853 dicuntur
1139 3799 1284 3852 omni
1311 3799 1401 3854 illa
1442 3800 1756 3855 continentia
1782 3817 1875 3856 ex-

281 3886 439 3954 pressi
465 3884 802 3958 (Tertullian.
828 3887 1118 3960 Apologet.,
1139 3907 1255 3961 cap.
1277 3890 1369 3956 40,
1391 3908 1511 3963 pag.
1531 3891 1685 3965 487),
1702 3893 1754 3949 id
1774 3905 1875 3963 est,

279 3977 350 4032 ita
390 3980 632 4034 exhausti
662 3991 719 4035 ut
743 3981 1034 4038 delicerent
1061 3972 1303 4054 corporis
1332 3984 1513 4040 vires?

352 4070 547 4127 Verum
579 4074 648 4129 ab
679 4076 776 4130 hac
803 4075 1227 4131 Christianorum
1260 4076 1596 4148 frugalitate,
1631 4079 1875 4136 ciborum

279 4164 600 4222 abstinentia
654 4176 709 4224 et
752 4169 970 4239 jejuniis
1018 4171 1174 4239 plane
1207 4173 1522 4243 penitusque
1545 4172 1879 4229 dissidebant

279 4274 448 4316 (ante
494 4261 875 4329 ethnicorum,
926 4262 1159 4334 profusis
1209 4264 1513 4334 sumptibus
1562 4277 1872 4335 apparatus,

280 4350 631 4409 immoderata
657 4355 939 4420 convivias
957 4356 1406 4425 computationes,
1429 4356 1871 4421 comessationes,

282 4443 657 4501 helluationes.
712 4447 949 4502 Primum
992 4448 1134 4502 cnim
1181 4446 1569 4516 Megarensium
1617 4447 1876 4516 intempe-

280 4538 485 4601 rantia,
516 4538 589 4591 ait
607 4538 969 4593 Tertullianus
994 4539 1150 4608 plane
1180 4538 1516 4608 redarguitur
1563 4537 1665 4591 hoe
1688 4535 1876 4608 Dioge-

279 4628 363 4682 nis
404 4628 551 4684 dicto
584 4647 598 4684 :
648 4631 974 4702 Megarenses
1015 4636 1297 4698 obsonant,
1338 4630 1483 4700 quasi
1528 4628 1771 4732 crastina.
1794 4629 1877 4732 die
1900 4648 1955 4708 Β

279 4722 553 4786 morituri;
610 4723 869 4791 wdiﬁcaut
919 4740 1067 4790 vero,
1134 4723 1281 4794 quasi
1330 4737 1594 4792 nunquam
1643 4721 1876 4775 morituri

279 4810 444 4880 (Ibid.
463 4828 577 4885 cap;
605 4814 696 4881 59,
724 4833 843 4887 pag.
862 4816 1013 4887 475).
1033 4815 1138 4871 Sed
1166 4816 1210 4870 si
1229 4814 1440 4869 Laertio
1466 4813 1626 4867 tidem
1652 4811 1873 4879 habeas,

277 4904 655 4975 Agrigentinus
696 4907 1047 4977 Empedocles
1096 4905 1323 4978 (Laert.,
1365 4903 1456 4960 lib.
1503 4903 1727 4971 V'lIl,in
1770 4902 1873 4958 Vit.

281 4993 584 5066 Empedoc.,
621 4998 800 5071 §55);
834 5000 879 5054 si
902 4999 1137 5061 :Eliano,
1169 4998 1268 5053 hos
1290 4999 1435 5068 ipsos
1462 4996 1611 5051 Plato
1640 4994 1873 5067 (.Elian,

278 5087 366 5141 lib.
402 5087 496 5144 ΧΠ
534 5089 655 5146 Var.
693 5089 917 5157 Histor.,
941 5109 1055 5163 cap.
1086 5089 1157 5145 28
1189 5088 1246 5162 )°,
1290 5090 1334 5144 si
1389 5088 1695 5155 Plutarcho,
1729 5088 1879 5144 Rho-

278 5178 398 5235 dios
424 5180 762 5239 Stratonicus
806 5184 908 5239 hoc
947 5184 1192 5239 convicio
1221 5180 1533 5237 Verberavit
1561 5180 1873 5251 (Plutarch.

279 5272 341 5327 de
357 5273 581 5347 Cupidit.
604 5276 747 5331 divit.
778 5295 898 5349 pag.
914 5277 1043 5345 525,
1065 5276 1281 5350 tom.ll).
1310 5280 1381 5332 At
1405 5279 1536 5337 illud
1557 5293 1586 5330 a
1610 5276 1873 5347 pluribus,

279 5380 332 5426 et
358 5369 425 5425 de
457 5372 702 5442 pluribus
730 5374 837 5429 dici
873 5389 938 5430 ac
977 5375 1146 5446 repeti
1180 5374 1417 5445 potuisse
1454 5374 1576 5444 quis
1614 5373 1875 5429 inliciabi-

280 5465 404 5518 tur?
447 5466 781 5539 Quicumque
824 5483 987 5537 porro
1029 5467 1228 5524 iuerint
1255 5467 1312 5522 hi
1340 5468 1542 5538 populi,
1570 5483 1598 5521 a
1626 5465 1875 5522 Christia-

279 5548 470 5615 norum
500 5561 792 5621 sobrietate
830 5572 886 5621 et
917 5562 1137 5634 jejuniis
1164 5575 1424 5633 perquam
1454 5561 1686 5619 maxime
1714 5561 1876 5618 alieni

279 5661 453 5705 erant.

350 5747 420 5797 At
445 5761 550 5821 non
582 5747 649 5805 de
675 5750 781 5806 illis
807 5751 994 5822 procul
1029 5749 1192 5806 dubio
1215 5791 1229 5816 ,
1273 5749 1370 5806 sed
1402 5749 1469 5806 de
1499 5749 1738 5821 pluribus
1759 5750 1879 5806 aliis

276 5832 383 5891 hoc
411 5838 609 5896 AuctOr
642 5853 825 5899 noster
858 5844 1169 5915 subjunxit:
1211 5841 1306 5900 Tot
1330 5842 1559 5902 tribubus
1584 5854 1631 5900 ct
1656 5844 1812 5899 curiis
1835 5853 1882 5907 ct

604 5934 1044 6001 TsnxULLtsnt
1087 5938 1142 6001 l.

2004 1947 2138 2005 Nam
2187 1949 2549 2006 Tertullianus
2588 1955 2657 2009 de
2714 1952 2822 2010 illis
2867 1953 3094 2026 publicis
3144 1960 3408 2017 conviviis
3455 1962 3600 2021 haud

2002 2039 2166 2096 duhie
2193 2041 2572 2113 intelligendus
2607 2054 2709 2100 est.

2012 2186 2013 2189 η
2072 2132 2209 2188 Tum
2239 2133 2328 2189 ille
2349 2144 2535 2205 postea
2562 2154 2576 2190 :
2610 2136 2790 2203 Saliis,
2821 2137 3014 2209 inquit,
3044 2140 3113 2197 de
3137 2143 3329 2213 quibus
3351 2159 3450 2201 nos
3472 2147 3601 2204 alibi

2001 2227 2229 2297 egimus,
2262 2229 2536 2284 recitaturis
2555 2231 2776 2285 creditor
2797 2233 2892 2286 erit
2916 2237 3230 2291 necessarius
3257 2237 3601 2308 (Tertullian.

2000 2318 2105 2374 loc.
2134 2319 2281 2392 cit.);
2311 2321 2433 2390 quia
2459 2321 2639 2378 nullus
2666 2338 2762 2393 par
2785 2333 2905 2380 erat
2929 2325 3202 2398 impensas
3243 2330 3457 2388 illorum
3500 2333 3599 2392 de—

1998 2419 2220 2480 repente
2248 2411 2528 2468 solvendo.
2559 2414 2615 2468 Si
2647 2423 2826 2470 tamen
2871 2417 3026 2472 nobis
3072 2433 3178 2474 non
3223 2420 3413 2478 credas
3440 2422 3602 2496 (Dis-

1997 2512 2171 2557 sertat.
2212 2504 2265 2558 in
2294 2503 2489 2560 Minut.
2543 2505 2749 2574 Oetam,
2776 2524 2895 2579 cap.
2932 2508 3025 2577 20,
3064 2523 3165 2568 art.
3193 2513 3250 2585 5)
3273 2557 3287 2579 ,
3323 2516 3484 2587 idque
3508 2518 3606 2575 tibi

1996 2593 2131 2650 velis
2171 2596 2419 2667 probari,
2477 2599 2603 2653 audi
2630 2598 2751 2655 huic
2791 2600 2941 2657 Festi
2993 2604 3193 2661 verba:
3238 2607 3412 2663 Salios
3441 2612 3609 2672 asal-,

1997 2688 2153 2742 tando
2205 2688 2392 2757 dictos,
2433 2689 2612 2761 quibus
2655 2708 2748 2763 per
2776 2709 2950 2748 omnes
2983 2696 3093 2750 dles
3112 2738 3126 2762 ,
3156 2697 3458 2769 ubicumque
3482 2720 3600 2757 ma-

1993 2788 2115 2834 nent
2133 2820 2148 2846 ,
2176 2782 2298 2851 quia
2322 2782 2510 2852 ampla:
2534 2794 2798 2854 ponuntur
2824 2801 3001 2853 coenae,
3031 2789 3076 2841 si
3107 2804 3224 2858 qua:
3250 2789 3370 2845 alia:
3392 2809 3596 2864 magna

1991 2880 2129 2937 sunt,
2176 2872 2389 2929 saliares
2430 2874 2765 2946 appellantur
2802 2874 2973 2947 (Fest.
3019 2878 3091 2932 ad
3130 2895 3178 2936 υ.
3207 2881 3399 2955 Salii).
3443 2884 3593 2955 Quo-

1991 2964 2133 3021 circa
2159 2966 2386 3022 canebat
2414 2966 2673 3024 Horatius
2701 2984 2715 3022 :

2143 3076 2284 3143 gone
2308 3086 2385 3143 est
2404 3079 2692 3143 bibendum,
2709 3092 2841 3131 nunc
2863 3081 2995 3143 pede
3010 3082 3173 3136 libero

2144 3138 2389 3190 Pulsanda
2407 3140 2573 3201 tellus,
2595 3138 2726 3192 nunc
2742 3138 3001 3193 saliaribus

2242 3201 2437 3266 Qruare
2461 3203 2684 3266 pulvinar
2697 3205 2902 3254 deorum

2238 3263 2590 3330 'l‘empus'erat
2610 3266 2833 3331 dapibus,
2856 3267 3071 3319 sodales.

2881 3348 3074 3413 (Horat.
3094 3350 3178 3404 lib.
3197 3358 3233 3415 t,
3252 3352 3335 3406 od.
3359 3355 3465 3422 27.)

1985 3472 2162 3544 Dapes
2190 3475 2387 3547 quippe
2416 3475 2639 3532 saliares
2667 3486 2827 3533 vocat
2850 3478 3078 3548 epimas,
3107 3481 3585 3555 exquisitissimos,

1985 3565 2302 3637 magnisque
2327 3567 2634 3639 sumptibus
2658 3578 3016 3640 comparatas,
3040 3571 3237 3642 quibus
3262 3576 3591 3634 onerabatur

1984 3656 2234 3728 pulvinar
2281 3659 2532 3726 deorum,
2586 3669 2643 3716 et
2678 3661 2923 3731 posthaec
2963 3677 2995 3716 a
3039 3662 3198 3719 Saliis
3241 3667 3587 3725 vorabantur.

1982 3747 2114 3803 Eam
2144 3764 2277 3806 sane
2306 3750 2377 3806 ob
2401 3766 2647 3807 caussam
2672 3750 2928 3808 Claudius
2955 3752 3267 3824 imperator,
3300 3758 3374 3814 uti
3401 3771 3588 3816 narrat

1983 3842 2319 3900 Suetonius:
2372 3843 2529 3911 ,Ictus
2576 3845 2754 3900 nidore
2800 3847 3006 3917 prandii
3053 3850 3188 3918 quod
3249 3851 3303 3905 in
3348 3855 3587 3922 proxima

1983 3934 2168 3990 Martis
2196 3936 2305 4008 a;de
2327 3937 2699 4007 apparabatur,
2731 3939 2927 3993 deserto
2954 3938 3212 4007 tribunali,
3239 3942 3494 3998 descendit
3516 3948 3586 3999 ad

1980 4028 2295 4096 sacerdotes,
2343 4046 2545 4099 unaque
2574 4029 2824 4084 discubuit
2855 4030 3105 4100 (Sueten.
3137 4033 3189 4085 in
3226 4031 3325 4088 Vit.
3358 4034 3584 4106 Claudii,

1981 4119 2009 4193 §
2038 4120 2152 4193 55).
2183 4122 2445 4193 Apuleius
2484 4137 2613 4178 vero
2643 4123 2719 4176 ait
2753 4138 2949 4193 equum
2995 4138 3151 4176 suum
3196 4132 3339 4179 tanta
3390 4127 3583 4186 hordei

1980 4215 2133 4284 cepia
2171 4224 2470 4268 saturatum
2510 4213 2677 4269 fuisse
2702 4255 2717 4279 ,
2752 4224 2804 4267 ut
2843 4213 3053 4267 saliares
3082 4230 3135 4267 se
3161 4231 3384 4272 enarrasse
3410 4221 3584 4275 crede-

1979 4313 2054 4359 ret
2081 4304 2327 4376 (Apuleii,
2358 4303 2701 4374 Melamorp/t.
2724 4302 2812 4357 lib.
2847 4301 2934 4367 IV,
2963 4312 3075 4374 post
3102 4306 3286 4378 med.).

2052 4397 2182 4451 Salii
2207 4410 2386 4452 autem
2414 4405 2568 4451 erant
2594 4396 2901 4450 sacerdotes
2926 4395 3189 4463 Herculis,
3214 4399 3282 4455 de
3311 4418 3417 4470 quo
3447 4404 3490 4458 Τ
3493 4422 3581 4460 er-

1983 4486 2234 4542 tulliauus
2277 4488 2393 4542 haec
2421 4487 2739 4542 subnectit:
2783 4484 3197 4542 Herculanarum
3238 4492 3571 4563 decimarum,

1981 4587 2028 4634 et
2075 4579 2412 4649 polluctorum
2466 4578 2857 4648 (manuscripti
2911 4581 3125 4635 codices
3176 4584 3574 4661 pollinctorum)

2535 4669 2732 4742 (iidem
2771 4670 2932 4734 editi,
2966 4682 3020 4725 et
3048 4670 3137 4725 alii
3169 4688 3274 4727 non
3306 4676 3433 4731 editi
3478 4696 3573 4736 co-

1980 4760 2129 4817 dices
2168 4762 2464 4832 stabularii)
2507 4761 2852 4833 supputabunt
2894 4760 3236 4834 (Tertullian.
3274 4767 3570 4841 Apologet.,

1979 4870 2096 4923 cap.
2141 4853 2233 4923 59,
2276 4870 2395 4925 pag.
2430 4852 2579 4925 ωδ).
2607 4852 2962 4908 Pollinctores
2991 4868 3119 4909 vero
3146 4855 3415 4924 ungebant
3447 4876 3573 4918 cor-

1979 4959 2110 5015 pora
2148 4957 2478 5001 mortuorum
2516 4953 2572 5000 et
2608 4942 2769 5000 funus
2801 4943 3081 5000 curabant.
3124 4943 3319 5002 Verum
3351 4949 3574 5010 Tertul-

1984 5036 2160 5093 lianus
2195 5053 2303 5093 non
2340 5036 2554 5093 videtur
2581 5036 2648 5092 de
2676 5036 2760 5091 his
2789 5037 2980 5092 fecisse
3012 5052 3340 5097 Sermonem.
3383 5043 3571 5105 Melius

1981 5142 2111 5199 ergo
2136 5128 2395 5198 scriptum
2419 5138 2502 5183 est
2527 5127 2866 5198 polluctorum
2886 5168 2901 5195 ,
2934 5127 3011 5182 uti
3040 5127 3350 5187 confirmari
3388 5144 3568 5204 potest

1980 5217 2087 5286 his,
2111 5219 2202 5290 qui
2231 5219 2353 5275 huic
2381 5218 2503 5276 loco
2530 5232 2635 5274 non
2666 5233 2855 5290 parum
2882 5217 3022 5275 lucis
3054 5219 3364 5293 praeferunt,
3394 5224 3570 5285 Plauti

1978 5311 2225 5368 versibus
2250 5328 2264 5366 :

2128 5424 2240 5488 Hoc
2264 5427 2459 5475 venisse
2471 5426 2573 5488 jam
2594 5430 2819 5488 σβυς-ξεί.
2834 5431 3067 5488 quantum
3092 5434 3258 5488 potest

2134 5487 2217 5539 Uti
2236 5485 2489 5538 decumam
2514 5485 2701 5550 partem
2721 5485 2925 5536 Herculi
2950 5485 3237 5550 polluceam.

2480 5547 2666 5612 (Plaut.
2686 5549 2838 5601 Stich.
2864 5547 2964 5600 acti
2981 5557 3031 5611 tt,
3056 5563 3184 5601 scen.
3208 5553 3253 5613 l,
3277 5564 3319 5602 υ.
3341 5552 3446 5619 80.)

1981 5655 2220 5713 Gentiles
2240 5657 2381 5711 enim
2408 5657 2672 5713 decimam
2703 5659 2965 5714 bonorum
2987 5672 3208 5713 suorum
3239 5670 3470 5732 partem,
3500 5666 3582 5723 uti

1980 5749 2184 5805 Auctor
2208 5760 2392 5805 noster
2413 5751 2662 5821 superius
2680 5750 2909 5820 dixerat,
2936 5750 3149 5807 llerculi
3165 5744 3576 5829 consecrabant,

1983 5839 2438 5914 iinpouebantque
2478 5842 2531 5899 in
2569 5841 2687 5913 ejus
2725 5859 2876 5900 aram
2905 5883 2920 5907 ,
2962 5858 3028 5897 ac
3081 5851 3267 5914 postea
3298 5846 3580 5918 splendide

2836 5934 3154 6019 (Tt‘cnte.)
