4240 6262
554 321 658 379 959

1618 318 1685 375 IN
1724 314 2190 375 TERTULLIANI
2224 314 2762 376 APOLOGETICUM
2855 287 2865 297 ’

3749 312 3865 372 940

544 440 914 515 epulabantur.
948 438 1101 497 Unde
1127 437 1267 495 idem
1296 436 1556 492 Plautus:
1618 435 1908 501 Obsonatc,
1937 434 2148 505 inquit,
2177 436 2230 497 Α
2255 444 2452 490 mentas
2476 444 2550 490 est
2572 434 2840 505 (Sueton.,
2868 433 2955 491 tib.
2981 433 3045 499 ll,
3069 433 3120 488 in
3134 430 3237 487 Vit.
3269 433 3487 505 August.
3513 430 3543 505 §
3580 430 3698 503 80).
3726 431 3868 499 Quis

552 534 904 603 pollucibiliter
934 530 1137 603 (Idem,
1175 528 1470 584 blustellar.
1499 538 1598 582 act.
1622 527 1667 582 ll
1677 570 1692 597 ,
1724 543 1861 582 scen.
1884 526 1943 594 ιι,
1970 543 2019 582 υ.
2044 526 2155 598 ll).

555 623 749 680 Festus
779 638 908 677 vero
943 640 955 677 :
1005 621 1276 676 Pollucere
1320 636 1627 677 merces.....
1675 622 1775 689 far,
1809 618 2041 689 polenta,
2079 617 2157 671 vi-

557 733 702 770 num.
724 714 939 770 Herculi
958 724 1125 770 autem
1146 716 1317 786 omnia
1346 715 1604 769 esculenta
1632 712 1969 784 pollucebant
1988 709 2155 784 (Fest.

561 810 631 864 ad
658 824 705 862 υ.
739 806 1039 881 Pollucere)
1064 850 1076 872 ,
1123 808 1235 864 sive
1282 807 1545 863 decimam
1589 814 1795 875 partem
1835 803 2154 861 offerebant.

560 900 639 956 De
668 900 756 954 illa
797 912 978 956 autem
1020 900 1264 956 Herculis
1302 900 1510 957 decima
1532 941 1546 965 ,
1575 898 1863 965 sacriﬁcio,
1904 907 1961 953 et
1995 898 2159 967 epulo

562 992 759 1047 vidcsis
804 992 1138 1060 Varronem,
1191 993 1558 1058 Plutarchum,
1605 991 1952 1057 Macrobium,
1988 991 2077 1061 qui
2107 999 2163 1045 et

562 1082 906 1150 pollucibilent
942 1101 1137 1140 caenam
1178 1085 1406 1155 appellat
1447 1084 1655 1156 (Varr.,
1696 1084 1785 1138 lib.
1811 1084 1878 1152 V,
1917 1084 1980 1136 de
2005 1082 2158 1153 Ling.

564 1177 680 1243 lat.,
715 1195 834 1248 pag.
879 1177 987 1243 58',
1018 1176 1286 1232 Plutarch.
1320 1177 1515 1244 (lutost.
1550 1176 1797 1241 Romam,
1845 1193 1966 1247 pag.
2012 1176 2160 1242 267;

568 1269 824 1335 Macrob.,
855 1271 943 1325 lib.
978 1270 1045 1327 lll
1075 1270 1367 1337 Saturnal.,
1395 1286 1513 1340 cap.
1543 1272 1633 1339 12,
1673 1272 1741 1326 15
1771 1280 1817 1325 τι
1847 1269 1960 1343 l7):
1985 1270 2161 1338 Quan-

569 1366 637 1420 tis
666 1380 827 1436 porro
848 1367 1152 1436 sumptibus
1183 1376 1486 1435 pararetur,
1520 1364 1766 1420 tabularii
1791 1365 2158 1435 supputabunt,

575 1458 668 1528 qui
714 1456 963 1514 videlicet
1039 1457 1317 1512 civitatum
1385 1467 1441 1512 et
1488 1457 1884 1527 provinciarum
1929 1458 2164 1512 rationes

572 1550 982 1620 computabant,
1017 1551 1093 1605 uti
1121 1550 1287 1620 liquet
1315 1565 1381 1604 ex
1411 1548 1601 1605 codice
1639 1548 1681 1603 Τ
1687 1548 2043 1614 heodosiano,
2072 1546 2166 1602 ubi

573 1656 709 1697 unus
748 1651 830 1697 est
868 1642 931 1695 de
971 1641 1239 1695 tabulariis
1284 1640 1487 1695 titulus.
1534 1641 1736 1695 Auctor
1766 1640 1946 1711 itaque
1984 1649 2168 1695 noster

574 1735 841 1806 signiﬁcat
871 1743 1047 1789 tantos
1078 1734 1240 1790 fuisse
1269 1733 1458 1788 harum
1487 1749 1765 1789 ctenarum
1794 1740 2037 1803 sumptus
2057 1773 2072 1798 ,
2109 1741 2168 1788 ut

2263 541 2395 582 vero
2422 526 2579 582 facile
2607 542 2715 582 non
2748 526 3009 598 intelligat
3037 525 3429 582 Tertullianum
3465 525 3536 581 de
3563 524 3649 581 his
3676 539 3867 595 agere,

2265 620 2379 691 qui,
2400 636 2521 674 cum
2562 620 2756 690 plebeii
2802 621 3040 692 vilesque
3070 620 3316 675 homines
3355 627 3558 684 essent,
3590 629 3871 690 noctuque

2267 728 2363 782 per
2404 713 2590 768 urbem
2636 715 3006 778 ambularent,
3048 713 3115 767 ad
3146 713 3350 768 fumum
3398 727 3572 769 cana:
3626 714 3872 784 opiparas

2266 807 2407 862 festo
2454 807 2729 877 Serapidis
2766 807 3042 863 instructa
3083 806 3490 874 excitabantur,
3535 814 3591 862 et
3628 791 3694 862 ad
3740 821 3869 862 eam

2266 900 2669 956 accurrebant?
2716 900 2886 956 Porro
2915 909 3093 956 autem
3127 900 3243 955 haec
3272 900 3401 956 testa
3432 909 3486 955 et
3514 914 3667 955 sacra
3697 899 3868 955 Serao

2268 995 2382 1062 pia,
2413 1008 2507 1048 seu
2535 993 2813 1064 Serapide,
2845 994 2930 1049 vel
2959 993 3231 1065 Serapidis
3272 992 3385 1048 sive
3400 992 3553 1048 Isidis
3570 993 3865 1064 appellata,

2267 1085 2513 1141 solebant
2542 1101 2728 1141 mense
2766 1086 2921 1155 aprili
2951 1082 3236 1141 celebrari.
3270 1084 3378 1140 Sed
3406 1084 3474 1139 de
3504 1084 3586 1139 his
3615 1086 3668 1139 in
3697 1100 3873 1156 supe-

2267 1178 2497 1234 rioribus
2525 1179 2994 1234 dissertationibus
3015 1195 3042 1231 a
3067 1180 3221 1234 nobis
3248 1187 3426 1235 actum
3453 1188 3538 1235 est
3563 1178 3865 1249 (οἰκεῖται.

2268 1272 2322 1325 in
2354 1270 2544 1325 Minut.
2577 1270 2777 1337 Octav.,
2811 1288 2926 1343 cap.
2954 1271 3047 1335 22,
3071 1281 3174 1326 art.
3200 1272 3278 1343 i).

2340 1363 2636 1434 Sparteolis
2665 1366 2876 1436 peiores
2899 1365 3263 1436 proculdubio
3289 1377 3440 1422 erant
3464 1368 3705 1438 parasiti,
3748 1383 3871 1423 om-

2270 1459 2415 1513 nium
2465 1474 2771 1514 mensarum
2805 1460 3100 1531 turpissimi
3148 1462 3399 1527 asseclae,
3449 1463 3535 1531 qui
3574 1462 3866 1535 affectant,

2271 1552 2444 1622 inquit
2474 1552 2673 1608 Auctor
2703 1562 2918 1621 noster,
2947 1554 3017 1607 ad
3044 1554 3261 1625 gloriam
3282 1555 3597 1625 famulantur:
3624 1554 3875 1610 libertatis

2271 1647 2362 1700 sub
2415 1656 2796 1701 auctoramento
2840 1645 3191 1718 (Tcrtullian.
3252 1648 3546 1719 Apologct.,
3594 1663 3710 1719 cap.
3758 1648 3874 1716 59,

2275 1755 2397 1810 pag.
2420 1739 2571 1813 475),
2618 1740 2668 1795 id
2700 1748 2804 1806 est,
2835 1737 3290 1810 quemadmodum
3320 1754 3387 1795 ex
3412 1740 3700 1806 Cicerone,
3734 1739 3880 1796 Suec

575 1832 677 1887 soli
708 1829 903 1900 publici
938 1828 1205 1891 tabularii,
1249 1828 1626 1897 eomputandis
1669 1828 1917 1882 maximis
1960 1841 2165 1896 expen~
2196 1848 2246 1910 Β
2275 1830 2422 1886 ιοηὶο
2463 1830 2688 1901 aliisque
2740 1833 3041 1903 colligitur,
3072 1832 3223 1903 quasi
3254 1833 3551 1903 stipendio,
3587 1834 3761 1902 pretio
3818 1840 3878 1889 et

576 1939 755 1979 sarum
783 1922 1007 1977 summis
1039 1920 1347 1986 assuefacti,
1376 1921 1493 1974 illos
1514 1935 1797 1976 numerare
1816 1919 1905 1974 vix
1928 1928 2167 1989 possent.

577 2018 762 2072 Potior
787 2016 947 2086 igitur
973 2023 1055 2070 est
1079 2016 1193 2070 haec
1219 2014 1397 2080 lectio,
1430 2030 1587 2084 quam
1616 2004 1907 2080 stabularii,
1933 2012 2037 2068 hoc
2064 2022 2169 2081 est,

569 2125 838 2181 caupones
868 2117 925 2164 et
953 2108 1261 2174 tabernarii,
1279 2108 1371 2179 qui
1402 2108 1454 2162 in
1484 2107 1742 2177 cauponis
1766 2108 1877 2161 suis
1902 2116 2170 2176 sumptus,

577 2202 691 2259 sive
712 2215 936 2271 magnos
960 2202 1074 2255 sive
1104 2215 1318 2271 parvos,
1347 2199 1415 2255 ab
1437 2198 1789 2270 epulantibus
1809 2199 2002 2266 iactos,
2024 2213 2175 2254 com-

575 2304 764 2366 putare
784 2294 997 2349 lscilius
1022 2299 1435 2348 consueverant.

644 2388 995 2458 Prosequitur
1041 2385 1403 2441 'l‘ertullianus
1438 2402 1452 2439 :
1504 2384 1768 2455 Apaturiis
1802 2426 1817 2452 ,
1868 2382 2133 2455 Dionysiis
2157 2424 2171 2449 ,

572 2482 819 2553 mysteriis
864 2479 1043 2533 Atticis
1073 2494 1350 2549 coquorum
1389 2476 1612 2531 delectus
1641 2476 1887 2530 indicitur
1934 2473 2175 2545 (Tertul-

570 2574 698 2629 lian.
732 2573 1019 2644 Apologct.,
1051 2588 1167 2642 cap.
1208 2570 1300 2638 59,
1342 2587 1460 2641 pag.
1490 2569 1657 2640 475).
1685 2564 1950 2641 incripta
1995 2580 2173 2625 autem

572 2667 830 2724 solemnis
853 2666 972 2721 dies
1002 2666 1169 2721 festus
1200 2673 1337 2731 erat,
1360 2664 1453 2734 qui
1481 2664 1549 2718 ab
1576 2662 1997 2719 Atheniensibus
2022 2671 2179 2733 quot-

573 2759 730 2814 annis
784 2773 970 2813 mense
1025 2755 1230 2811 octobri
1293 2770 1387 2825 per
1434 2762 1544 2810 tres
1595 2754 1712 2810 dies
1781 2754 2175 2809 celebrabatur.

576 2851 758 2906 Primo
803 2859 981 2904 autem
1022 2848 1135 2916 die,
1171 2847 1392 2903 tribules
1420 2847 1535 2903 sive
1564 2847 1779 2902 sodales
1816 2847 1956 2915 huic
1982 2847 2179 2902 solem-

578 2942 732 2997 nitati
775 2941 1033 3011 adscripti
1076 2940 1239 2994 simul
1287 2940 1512 3010 opipare
1574 2938 1881 2994 emunitam.
1928 2938 2179 2995 Secundo

576 3033 685 3098 die,
708 3032 1082 3089 sacriﬁcabant
1107 3031 1226 3087 Jovi
1251 3040 1307 3087 et
1330 3029 1602 3088 Minervae.
1629 3030 1809 3086 Tertia
1832 3029 2047 3085 tandem
2067 3030 2175 3095 die,

576 3140 774 3196 pueros
809 3134 863 3181 et
893 3124 1099 3196 puellas
1152 3125 1204 3179 in
1252 3122 1421 3179 curiis
1468 3123 1858 3179 inscribebant.
1904 3123 2178 3178 Memoriae

2276 1923 2526 1979 mercede
2565 1926 2752 1980 uentris
2798 1926 2930 1979 inter
2972 1926 3309 1980 contumelias
3347 1926 3624 1997 saginandi
3656 1925 3872 1999 (δίκη,

2277 2018 2365 2073 lib.
2397 2017 2507 2073 ldc
2538 2018 2682 2089 Οπίε.
2716 2035 2833 2091 pag.
2855 2020 2982 2087 572,
3008 2020 3101 2074 lin.
3123 2021 3177 2087 ὃς
3208 2020 3423 2076 Sueten.
3456 2021 3543 2075 lib.
3578 2018 3647 2075 lll
3676 2022 3731 2075 in
3768 2019 3877 2075 Vit.

2281 2112 2474 2177 Tiber.,
2494 2113 2522 2185 §
2545 2112 2622 2185 7).
2646 2114 2765 2168 Alio
2785 2123 2962 2169 autem
2985 2115 3040 2169 in
3068 2115 3210 2170 libro
3237 2130 3333 2171 eos
3360 2124 3517 2170 vocat
3544 2115 3730 2168 ventris
3754 2131 3880 2185 ope-

2277 2210 2462 2277 rarios,
2497 2225 2631 2279 quos
2687 2211 2940 2279 patientia
2980 2227 3011 2266 a
3066 2210 3282 2266 diabolo
3321 2210 3575 2281 inspirata
3615 2220 3877 2265 contume-

2282 2300 2421 2356 liosis
2467 2302 2696 2370 patronis
2741 2302 3048 2374 subjectionc
3088 2302 3337 2357 libertatis
3377 2302 3570 2357 addicit
3623 2301 3643 2376 (
3676 2301 3879 2357 Tertul-

2281 2393 2429 2460 lian.,
2464 2396 2550 2450 lib.
2602 2396 2664 2450 de
2714 2395 2935 2451 Patient.
2981 2398 3072 2451 sub
3101 2398 3218 2467 ﬁn.,
3250 2413 3365 2468 cap.
3414 2397 3481 2453 16
3511 2397 3553 2470 ).
3580 2396 3687 2453 Sed
3740 2396 3878 2453 hanc

2279 2487 2742 2559 ignavissimorum
2784 2488 3063 2542 hominum
3108 2496 3319 2559 gentem
3362 2502 3474 2560 pra:
3515 2488 3725 2545 exteris
3749 2504 3878 2560 gra-

2282 2578 2437 2651 phice
2466 2564 2755 2635 Terentius
2793 2579 3069 2651 depingit,
3112 2597 3270 2652 quem
3307 2582 3353 2638 si
3383 2582 3535 2638 adire
3565 2591 3618 2639 te
3644 2596 3743 2638 non
3784 2583 3874 2653 pi-

2281 2680 2429 2742 geat,
2466 2672 2611 2743 quod
2641 2673 2693 2727 in
2724 2673 3038 2729 Tertulliani
3068 2674 3249 2731 verbis
3293 2675 3585 2731 obscurum
3612 2675 3873 2744 invenies,

2280 2766 2602 2837 explicatum
2626 2766 2850 2822 habebis
2869 2767 2888 2838 (
2909 2766 3110 2824 Terent.
3142 2767 3382 2823 Eunuclt.
3415 2776 3514 2823 act.
3538 2766 3604 2833 ll,
3628 2784 3763 2824 scen.
3792 2767 3877 2842 2).

2354 2860 2437 2914 Ab
2471 2861 2555 2915 his
2595 2861 2779 2932 utique
2812 2862 3064 2918 omnibus
3107 2862 3244 2919 adeo
3273 2864 3639 2934 intemperatis
3669 2879 3734 2919 ac
3761 2863 3882 2919 libi-

2282 2951 2487 3009 dinosis
2514 2954 2851 3009 ethnicorum
2884 2956 3053 3011 caenis
3082 2964 3136 3010 et
3165 2956 3421 3012 conviviis
3447 2957 3655 3027 penitus
3678 2956 3885 3012 abhor-

2284 3045 2474 3100 rebant
2505 3044 2829 3114 Chrisﬁani,
2866 3048 2955 3119 qui
2999 3062 3196 3119 corpus
3233 3064 3386 3104 suum
3430 3056 3533 3103 tam
3562 3048 3732 3119 longis
3771 3049 3881 3104 du-

2282 3137 2486 3206 risque,
2518 3138 2657 3194 sicut
2679 3138 2936 3205 diximus,
2955 3139 3176 3210 jejuniis
3195 3139 3550 3205 macerabant,
3568 3146 3623 3193 et
3646 3154 3880 3209 quorum

578 3227 757 3275 autem
790 3218 1091 3273 llerodotus
1130 3216 1366 3289 prodidit
1407 3214 1734 3284 Homerum,
1782 3215 1849 3273 ad
1889 3216 2030 3273 hanc
2059 3233 2173 3274 coe-

2283 3242 2436 3284 coena
2465 3230 2686 3286 omnino
2706 3229 2925 3304 frugalis
2946 3238 2999 3289 et
3019 3232 3416 3289 modestissime
3434 3238 3567 3301 erat,
3591 3231 3666 3288 uti
3687 3241 3882 3304 postea

577 3330 701 3369 nam
720 3329 750 3368 a
769 3313 1043 3370 sodalibus
1069 3312 1368 3378 invitatum,
1414 3313 1614 3367 mensis
1638 3328 1821 3367 revera
1846 3313 2179 3368 accubuisse.

578 3406 688 3463 Sed
718 3407 841 3462 alibi
886 3406 1026 3463 idem
1058 3405 1344 3460 historicus
1390 3404 1548 3476 hujus
1580 3404 1705 3460 festi
1734 3404 1910 3461 adhuc
1940 3406 2185 3463 meminit

577 3496 857 3568 (Herodot.
879 3500 930 3552 in
946 3496 1047 3552 Vit.
1079 3496 1310 3563 Homer.,
1332 3496 1359 3569 §
1380 3496 1451 3552 ‘29
1472 3507 1517 3551 et
1543 3514 1707 3565 seqq.,
1730 3513 1790 3550 ac
1811 3496 1899 3552 lib.
1920 3494 1961 3563 Ι,
1981 3497 2007 3568 §
2030 3497 2179 3569 147),

594 3591 662 3644 de
690 3606 794 3659 quo
824 3598 1081 3659 pra‘sterea
1111 3588 1322 3654 Pollux,
1355 3587 1571 3656 Suidas,
1603 3589 1795 3643 Petrus
1824 3590 2177 3657 Castellauus,

589 3681 823 3736 Joannes
869 3679 1161 3745 Fasoldus,
1217 3689 1381 3748 atque
1431 3680 1482 3733 in
1529 3680 1714 3749 primis
1737 3678 1974 3736 Joannes
1999 3681 2181 3736 Meur-

583 3773 694 3826 sius
719 3770 896 3843 (Poll.
928 3771 1014 3824 lib.
1044 3768 1133 3835 VI,
1169 3768 1323 3824 Suid.
1375 3769 1649 3824 Castellan.
1678 3769 1895 3826 Fasold.
1939 3771 2002 3828 dc
2034 3770 2178 3827 Fest.

577 3880 757 3935 gruem;
781 3859 1233 3928 Meurs.,Grtccitc
1263 3862 1410 3931 feria,
1445 3862 1512 3914 ad
1539 3878 1586 3915 υ.
1618 3864 1939 3935 ἀπατδῦριοι).

652 3956 928 4027 Dionysia,
958 3968 1049 4009 seu
1079 3956 1290 4009 διοτῦσια.
1333 3951 1467 4008 festa
1488 3964 1643 4008 erant
1664 3953 1732 4008 ab
1761 3956 1969 4024 Atticis,
1996 3973 2184 4015 mense

585 4060 806 4116 octavo,
840 4048 893 4102 in
925 4046 1179 4123 Dionysi,
1222 4061 1315 4102 seu
1344 4044 1561 4111 Bacchi,
1595 4045 1858 4103 honorem
1878 4048 2181 4117 celebrata,

585 4158 706 4213 qua:
748 4151 803 4196 et
847 4139 1199 4195 Bacchanalia
1248 4138 1788 4211 cognominabautur.
1838 4141 1964 4198 llacc
2001 4150 2182 4201 autem

586 4232 841 4304 Dionysia
861 4241 915 4287 et
940 4232 1116 4287 Attica
1147 4232 1399 4304 mysteria
1428 4231 1756 4303 nuncupavit
1776 4231 2180 4302 Tertullianus;

591 4337 650 4385 ut
679 4326 1006 4397 signiﬁcaret
1033 4323 1220 4403 eadem
1249 4338 1372 4379 esse
1400 4322 1535 4378 festa
1583 4325 1775 4394 quibus
1826 4323 2183 4383 Athenienses

585 4434 768 4477 coenas
795 4417 1164 4489 apparabant,
1197 4425 1340 4472 tanta
1374 4416 1527 4487 copia
1567 4415 1811 4473 ciborum
1856 4417 2179 4476 delicatissi-

584 4528 820 4579 morum,
850 4521 907 4567 ut
934 4511 1001 4566 ad
1044 4510 1141 4566 hos
1167 4508 1535 4566 conﬁciendos
1563 4511 1723 4582 coqui
1747 4511 2031 4582 peritiores
2055 4512 2186 4569 selio

586 4612 858 4676 gerentur.

2286 3320 2654 3378 ostendemus.

2881 3469 3176 3511 ARTICULUS
3214 3470 3271 3511 ll.

2289 3571 2458 3638 Quam
2501 3570 2700 3626 diversa
2739 3570 2945 3641 {uerunt
2990 3574 3359 3642 poenitentialia
3392 3572 3796 3629 Christianorum
3825 3589 3888 3627 ac

2358 3663 2626 3734 gentilium
2647 3680 2824 3734 opera,
2848 3664 3026 3733 quibus
3047 3666 3127 3719 illi
3140 3666 3319 3723 (mlum
3359 3667 3552 3721 invidia
3589 3666 3885 3732 undabant,

2359 3756 2412 3809 Iu'
2439 3772 2554 3811 vero
2582 3757 2753 3827 impiis
2788 3758 3237 3829 superstitionibus
3279 3773 3453 3815 verum
3493 3759 3661 3815 Deum
3686 3774 3887 3828 semper

2292 3879 2300 3893 ι
2356 3847 2654 3904 irritabaut.

2359 3962 2502 4019 Satis
2529 3963 2846 4020 Christianis
2875 3979 2981 4034 non
3006 3965 3107 4021 fuit
3132 3981 3237 4021 non
3269 3963 3443 4022 solum
3464 3964 3689 4036 publicis
3714 3965 3768 4018 in
3790 3978 3889 4018 ca-

2286 4053 2632 4120 lamitatibus,
2674 4054 2771 4111 sed
2798 4057 2915 4111 aliis
2938 4057 3100 4112 etiam
3128 4057 3319 4113 diebus
3345 4066 3451 4111 tam
3494 4071 3682 4112 severa
3707 4064 3888 4110 auste-

2285 4161 2453 4216 raque
2468 4147 2794 4218 ieiuniorum
2822 4148 3196 4205 observatione
3224 4152 3357 4203 iram
3385 4149 3477 4204 Dei
3506 4148 3717 4217 placare
3741 4162 3754 4211 ;
3783 4146 3884 4202 sed

2286 4239 2340 4293 in
2379 4254 2527 4293 sacco
2563 4241 2749 4308 etiam,
2795 4241 2873 4297 ait
2913 4241 3296 4305 Tertullianus,
3328 4250 3375 4295 et
3402 4242 3572 4295 cinere
3593 4240 3887 4296 uolutantes

2287 4331 2452 4400 (male
2482 4332 2537 4387 in
2568 4332 2785 4388 duobus
2812 4334 3205 4404 antiquioribus
3232 4331 3509 4389 codicibus
3551 4331 3749 4388 nostris
3776 4332 3891 4384 col-

2285 4423 2521 4491 uitantes,
2549 4424 2725 4481 littera
2765 4422 2783 4479 ἰ
2820 4436 3152 4496 praepostere
3190 4426 3395 4499 addita)
3417 4468 3429 4492 ,
3472 4426 3666 4480 insidia
3701 4425 3890 4479 castum

2288 4516 2547 4571 tundimus
2589 4516 2934 4590 (Tertullian.
2965 4519 3260 4592 Apologet.,
3287 4535 3405 4590 cap.
3448 4519 3542 4586 4-0,
3586 4536 3703 4590 pug.
3732 4517 3885 4587 487).

2295 4608 2435 4664 Tum
2482 4610 2667 4681 itaque
2720 4612 2890 4667 Deum
2930 4613 3243 4679 exmturi,
3291 4626 3415 4676 sese
3477 4611 3786 4666 volutabam.
3830 4610 3887 4663 in

2307 4654 2435 4664 -.....
2483 4654 2666 4681 ..-ηπ
2722 4654 2890 4667 νη...
2932 4654 3243 4679 cum.-.”
3292 4654 3415 4676 νυ-..
3488 4654 3786 4666 .-.ω-η..-

654 4697 738 4751 Ad
769 4694 1042 4750 Romanos
1069 4702 1244 4748 autem
1268 4735 1283 4760 ,
1312 4690 1585 4764 Serapidis
1622 4692 1755 4751 festa
1783 4696 1901 4765 pari
1939 4710 2070 4751 sane
2100 4693 2183 4752 vel
2208 4654 2262 4717 Β
2288 4714 2448 4757 sacco
2472 4712 2531 4759 'et
2557 4703 2737 4759 cinere
2761 4746 2775 4772 ,
2810 4719 2916 4759 non
2957 4719 3118 4760 secus
3159 4712 3318 4774 atque
3355 4704 3469 4771 alii,
3494 4704 3586 4774 qui
3616 4702 3889 4773 publicam

584 4788 776 4860 majori
805 4788 965 4843 etiam
997 4786 1325 4842 ccenantium
1367 4786 1776 4857 intemperantia
1807 4789 2143 4847 celebrantes
2164 4835 2179 4859 ,

582 4883 662 4939 sic
705 4881 990 4936 revertitur
1021 4895 1033 4931 :
1061 4880 1158 4953 ‘Ad
1195 4878 1393 4949 [uinum
1438 4895 1593 4935 coma:
1638 4879 1899 4951 Serapim:
1937 4885 2183 4952 sparteoli

582 4977 935 5032 excitabuntur
960 4972 1287 5043 (Tertullian.
1314 4972 1606 5045 Apologet.,
1623 4990 1738 5044 cap.
1764 4974 1854 5039 59,
1879 4993 2001 5047 pag.
2024 4977 2181 5049 475).

585 5067 852 5140 Sparteoll
896 5075 1073 5122 autem
1113 5064 1381 5131 quoddam
1425 5081 1593 5135 genus
1635 5075 1752 5122 erat
1793 5067 2047 5135 militum,
2088 5072 2180 5141 qui

580 5162 769 5218 Roma:
813 5161 868 5216 in
903 5159 1050 5216 urbis
1075 5160 1316 5226 tutelam,
1349 5166 1407 5213 ut
1434 5159 1508 5214 ait
1532 5167 1686 5217 vetus
1715 5159 1988 5218 Juvenalis
2014 5164 2181 5221 inter-

584 5271 729 5327 pres,
777 5270 898 5311 cum
924 5253 1094 5308 hamis
1119 5261 1172 5307 ct
1192 5268 1348 5322 aqua,
1372 5254 1564 5323 quibus
1591 5253 1740 5324 ignes
1760 5257 2178 5327 restinguerent,

581 5347 792 5419 vigilias
819 5346 1047 5417 agebant
1074 5344 1333 5417 (Juvenal.
1372 5345 1514 5400 satir.
1540 5345 1633 5415 M,
1661 5362 1711 5401 υ.
1734 5347 1898 5421 515).
1928 5348 2018 5405 Sic
2051 5367 2180 5408 vero

579 5438 1097 5512 cognominabantur
1123 5452 1153 5491 a
1173 5436 1364 5492 tunicis
1387 5445 1441 5493 et
1457 5437 1855 5508 calceamentis,
1879 5440 2018 5496 sicut
2042 5458 2180 5499 non-

576 5533 739 5589 nullis
762 5532 956 5598 visum,
979 5530 1065 5585 vel
1088 5530 1261 5599 potius
1285 5545 1314 5583 α
1338 5530 1480 5585 vasis
1496 5531 1744 5601 sparteis,
1765 5531 1959 5601 quibus
1979 5548 2176 5604 aquam

573 5622 838 5680 ferebant.
884 5626 957 5698 At
982 5620 1303 5686 Suetonius,
1334 5621 1381 5677 si
1409 5620 1726 5677 Casaubono
1755 5621 1888 5678 ﬁdes
1908 5662 1924 5690 ,
1956 5624 2077 5680 ilios
2103 5626 2177 5680 ab

573 5716 817 5786 Augusto
846 5714 1166 5783 imperatore
1186 5712 1455 5771 institutos
1477 5713 1623 5769 hisce
1644 5714 1821 5771 verbis
1845 5713 2138 5779 declaravit
2154 5732 2174 5773 :

575 5801 832 5861 Adverm
860 5805 1097 5886 incendia
1121 5803 1358 5863 excubias
1406 5814 1685 5863 nocturnas
1724 5804 1994 5878 uigilesque
2024 5822 2170 5865 com-

2289 4796 2359 4852 ob
2382 4797 2560 4853 scelus
2587 4811 2749 4867 grave
2776 4798 2992 4868 aliquod
3021 4799 3073 4853 in
3097 4798 3354 4855 Eeclesiis
3378 4796 3745 4868 paenitentiam
3764 4810 3892 4867 ege-

2289 4886 2437 4943 bant.
2469 4888 2666 4943 Horum
2697 4889 2975 4945 enimvero
3003 4891 3279 4961 disciplina
3298 4931 3313 4957 ,
3357 4890 3494 4945 sicut
3530 4888 3657 4943 alibi
3683 4889 3891 4943 Auctor

2289 4989 2475 5036 noster
2504 4980 2753 5050 tradidit,
2804 4983 2868 5037 de
2901 4983 3014 5052 ipso
3045 4983 3241 5049 habitu,
3286 4990 3437 5054 atque
3470 4984 3629 5047 uictu,
3663 4981 3882 5035 mandat

2287 5088 2436 5128 sacco
2483 5082 2529 5128 et
2566 5075 2725 5129 cineri
2768 5074 3030 5141 incubare,
3072 5092 3260 5148 corpus
3303 5074 3539 5131 sordibus
3574 5074 3883 5141 obscurare,

2289 5167 2515 5221 animum
2556 5167 2857 5222 umoribus
2885 5169 3106 5239 dejicere
3145 5168 3333 5243 (Idem
3353 5209 3369 5235 ,
3420 5169 3512 5225 lib.
3559 5168 3625 5223 de
3666 5167 3887 5234 Ρωπίι..

2286 5275 2403 5329 cap.
2434 5258 2542 5329 9).
2576 5259 2644 5315 Et
2694 5259 2852 5331 paulo
2894 5269 3053 5330 post:
3083 5259 3249 5316 Extra
3292 5260 3520 5317 lctitimn
3562 5269 3765 5331 oportet
3813 5260 3895 5314 di-

2288 5350 2513 5419 versam“,
2561 5352 2615 5405 in
2680 5353 3028 5423 asperitudlne
3083 5355 3253 5420 sacci,
3318 5362 3365 5408 et
3421 5354 3632 5408 horrore
3675 5352 3888 5419 cineris,

2288 5452 2338 5497 ct
2390 5444 2492 5497 oris
2540 5443 2607 5498 de
2644 5445 2850 5516 jejunio
2901 5446 3124 5501 vanitate
3166 5445 3189 5520 (
3221 5445 3387 5511 Idem,
3416 5447 3569 5513 ibid.,
3596 5462 3714 5517 cap.
3746 5446 3809 5502 11
3844 5443 3887 5516 ).

2289 5534 2361 5591 Ει
2385 5544 2531 5591 certe
2557 5536 2862 5609 Cyprianus
2888 5538 3069 5612 lapsos
3109 5539 3177 5595 ad
3198 5540 3572 5610 pmoitentiain
3602 5538 3687 5595 his
3707 5530 3890 5594 verbis

2284 5626 2604 5683 adhortatur
2633 5648 2647 5686 :
2682 5629 2849 5686 Orare
2874 5640 3073 5702 oportet
3117 5633 3400 5704 impensius
3449 5643 3496 5688 et
3520 5647 3725 5703 rogare,
3756 5630 3899 5685 diem

2284 5717 2427 5777 luctu
2460 5721 2759 5795 transigere,
2794 5725 2982 5796 vigiliis
3003 5734 3179 5782 noctes
3204 5741 3267 5780 ac
3288 5724 3491 5797 ﬂetibus
3516 5724 3723 5787 ducere,
3759 5730 3895 5780 tem-

2284 5824 2383 5886 pus
2406 5830 2557 5875 omne
2578 5814 2881 5890 lacrymosis
2916 5816 3366 5879 lanmdationibus
3410 5830 3679 5888 occupare,
3729 5824 3902 5875 strato
