  <div class='ocr_page' id='page_1' title='image "/cluster/home/n/w/nwhite01/storage/ocr_20150623/1/hvd.32044054128335/492.png"; bbox 0 0 4240 6262; ppageno 0'>
   <div class='ocr_carea' id='block_1_1' title="bbox 379 312 487 374">
    <p class='ocr_par' dir='ltr' id='par_1_1' title="bbox 379 312 487 374">
     <span class='ocr_line' id='line_1_1' title="bbox 379 312 487 374; baseline 0.019 -2"><span class='ocrx_word' id='word_1_1' title='bbox 379 312 487 374; x_wconf 70' lang='lat' dir='ltr'><strong>illi</strong></span> 
     </span>
    </p>
   </div>
   <div class='ocr_carea' id='block_1_2' title="bbox 1514 327 2537 403">
    <p class='ocr_par' dir='ltr' id='par_1_2' title="bbox 1514 327 2537 403">
     <span class='ocr_line' id='line_1_2' title="bbox 1514 327 2537 403; baseline 0.017 -20"><span class='ocrx_word' id='word_1_2' title='bbox 1514 327 1965 395; x_wconf 76' lang='lat' dir='ltr'><strong>DISSERTATIO</strong></span> <span class='ocrx_word' id='word_1_3' title='bbox 2004 336 2066 397; x_wconf 83' lang='grc' dir='ltr'><strong>ι).</strong></span> <span class='ocrx_word' id='word_1_4' title='bbox 2105 336 2194 398; x_wconf 82' lang='lat' dir='ltr'><strong>LE</strong></span> <span class='ocrx_word' id='word_1_5' title='bbox 2230 338 2537 403; x_wconf 76' lang='lat' dir='ltr'><strong>NOURRY.</strong></span> 
     </span>
    </p>
   </div>
   <div class='ocr_carea' id='block_1_3' title="bbox 3579 364 3684 421">
    <p class='ocr_par' dir='ltr' id='par_1_3' title="bbox 3579 364 3684 421">
     <span class='ocr_line' id='line_1_3' title="bbox 3579 364 3684 421; baseline 0.029 -2"><span class='ocrx_word' id='word_1_6' title='bbox 3579 364 3684 421; x_wconf 70' lang='grc'><strong>942</strong></span> 
     </span>
    </p>
   </div>
   <div class='ocr_carea' id='block_1_4' title="bbox 381 434 3681 549">
    <p class='ocr_par' dir='ltr' id='par_1_4' title="bbox 381 434 3681 549">
     <span class='ocr_line' id='line_1_4' title="bbox 381 434 3681 549; baseline 0.015 -61"><span class='ocrx_word' id='word_1_7' title='bbox 381 434 493 489; x_wconf 88' lang='lat' dir='ltr'><strong>solo</strong></span> <span class='ocrx_word' id='word_1_8' title='bbox 513 437 791 505; x_wconf 66' lang='lat' dir='ltr'><strong>adhaerere,</strong></span> <span class='ocrx_word' id='word_1_9' title='bbox 824 438 1002 508; x_wconf 79' lang='lat' dir='ltr'><strong>cineri,</strong></span> <span class='ocrx_word' id='word_1_10' title='bbox 1031 439 1197 497; x_wconf 82' lang='lat' dir='ltr'><strong>cilicio</strong></span> <span class='ocrx_word' id='word_1_11' title='bbox 1228 443 1387 515; x_wconf 88' lang='lat' dir='ltr'><strong>(alias</strong></span> <span class='ocrx_word' id='word_1_12' title='bbox 1415 446 1469 502; x_wconf 88' lang='lat' dir='ltr'><strong>in</strong></span> <span class='ocrx_word' id='word_1_13' title='bbox 1493 449 1664 506; x_wconf 87' lang='lat' dir='ltr'><strong>cinere</strong></span> <span class='ocrx_word' id='word_1_14' title='bbox 1689 460 1735 506; x_wconf 90' lang='lat' dir='ltr'><strong>et</strong></span> <span class='ocrx_word' id='word_1_15' title='bbox 1760 453 1973 526; x_wconf 84' lang='lat' dir='ltr'><strong>cilicio),</strong></span> <span class='ocrx_word' id='word_1_16' title='bbox 2002 460 2059 522; x_wconf 78' lang='grc' dir='ltr'><strong>Α</strong></span> <span class='ocrx_word' id='word_1_17' title='bbox 2082 473 2265 528; x_wconf 86' lang='lat' dir='ltr'><strong>opera,</strong></span> <span class='ocrx_word' id='word_1_18' title='bbox 2296 462 2489 531; x_wconf 87' lang='lat' dir='ltr'><strong>quibus</strong></span> <span class='ocrx_word' id='word_1_19' title='bbox 2516 462 2646 519; x_wconf 84' lang='lat' dir='ltr'><strong>deos</strong></span> <span class='ocrx_word' id='word_1_20' title='bbox 2671 479 2797 522; x_wconf 90' lang='lat' dir='ltr'><strong>suos</strong></span> <span class='ocrx_word' id='word_1_21' title='bbox 2819 466 3052 535; x_wconf 83' lang='lat' dir='ltr'><strong>ﬂectere,</strong></span> <span class='ocrx_word' id='word_1_22' title='bbox 3081 481 3134 527; x_wconf 89' lang='lat' dir='ltr'><strong>et</strong></span> <span class='ocrx_word' id='word_1_23' title='bbox 3157 472 3278 531; x_wconf 87' lang='lat' dir='ltr'><strong>illos</strong></span> <span class='ocrx_word' id='word_1_24' title='bbox 3305 476 3481 533; x_wconf 90' lang='lat' dir='ltr'><strong>sedari</strong></span> <span class='ocrx_word' id='word_1_25' title='bbox 3521 496 3681 549; x_wconf 80' lang='lat' dir='ltr'><strong>posse</strong></span> 
     </span>
    </p>
   </div>
   <div class='ocr_carea' id='block_1_5' title="bbox 381 530 1979 615">
    <p class='ocr_par' dir='ltr' id='par_1_5' title="bbox 381 530 1979 615">
     <span class='ocr_line' id='line_1_5' title="bbox 381 530 1979 615; baseline 0.016 -34"><span class='ocrx_word' id='word_1_26' title='bbox 381 535 429 580; x_wconf 89' lang='lat' dir='ltr'><strong>et</strong></span> <span class='ocrx_word' id='word_1_27' title='bbox 465 530 694 586; x_wconf 73' lang='lat' dir='ltr'><strong>sordibus</strong></span> <span class='ocrx_word' id='word_1_28' title='bbox 738 533 958 609; x_wconf 81' lang='lat' dir='ltr'><strong>uolutari</strong></span> <span class='ocrx_word' id='word_1_29' title='bbox 1014 534 1307 607; x_wconf 69' lang='lat' dir='ltr'><strong>(Cyprium,</strong></span> <span class='ocrx_word' id='word_1_30' title='bbox 1367 540 1454 597; x_wconf 89' lang='lat' dir='ltr'><strong>lib.</strong></span> <span class='ocrx_word' id='word_1_31' title='bbox 1512 543 1575 598; x_wconf 86' lang='lat' dir='ltr'><strong>de</strong></span> <span class='ocrx_word' id='word_1_32' title='bbox 1624 544 1785 614; x_wconf 84' lang='lat' dir='ltr'><strong>Laps.</strong></span> <span class='ocrx_word' id='word_1_33' title='bbox 1813 589 1828 615; x_wconf 93' lang='lat'><strong>,</strong></span> <span class='ocrx_word' id='word_1_34' title='bbox 1885 551 1979 607; x_wconf 88' lang='lat' dir='ltr'><strong>sub</strong></span> 
     </span>
    </p>
   </div>
   <div class='ocr_carea' id='block_1_6' title="bbox 381 619 1975 708">
    <p class='ocr_par' dir='ltr' id='par_1_6' title="bbox 381 619 1975 708">
     <span class='ocr_line' id='line_1_6' title="bbox 381 619 1975 708; baseline 0.017 -35"><span class='ocrx_word' id='word_1_35' title='bbox 381 619 525 695; x_wconf 82' lang='lat' dir='ltr'><strong>ﬁn.).</strong></span> <span class='ocrx_word' id='word_1_36' title='bbox 588 627 656 681; x_wconf 81' lang='lat' dir='ltr'><strong>At</strong></span> <span class='ocrx_word' id='word_1_37' title='bbox 723 641 829 682; x_wconf 90' lang='lat' dir='ltr'><strong>non</strong></span> <span class='ocrx_word' id='word_1_38' title='bbox 896 629 1068 687; x_wconf 87' lang='lat' dir='ltr'><strong>solum</strong></span> <span class='ocrx_word' id='word_1_39' title='bbox 1117 632 1358 691; x_wconf 82' lang='lat' dir='ltr'><strong>criminis</strong></span> <span class='ocrx_word' id='word_1_40' title='bbox 1407 635 1633 707; x_wconf 78' lang='lat' dir='ltr'><strong>alicujus</strong></span> <span class='ocrx_word' id='word_1_41' title='bbox 1684 655 1827 708; x_wconf 88' lang='lat' dir='ltr'><strong>reos,</strong></span> <span class='ocrx_word' id='word_1_42' title='bbox 1879 643 1975 699; x_wconf 81' lang='lat' dir='ltr'><strong>sed</strong></span> 
     </span>
    </p>
   </div>
   <div class='ocr_carea' id='block_1_7' title="bbox 379 711 1974 802">
    <p class='ocr_par' dir='ltr' id='par_1_7' title="bbox 379 711 1974 802">
     <span class='ocr_line' id='line_1_7' title="bbox 379 711 1974 802; baseline 0.014 -33"><span class='ocrx_word' id='word_1_43' title='bbox 379 711 515 769; x_wconf 84' lang='lat' dir='ltr'><strong>alios</strong></span> <span class='ocrx_word' id='word_1_44' title='bbox 560 731 771 787; x_wconf 83' lang='lat' dir='ltr'><strong>quoque</strong></span> <span class='ocrx_word' id='word_1_45' title='bbox 801 717 1174 790; x_wconf 84' lang='lat' dir='ltr'><strong>hujuscemodi</strong></span> <span class='ocrx_word' id='word_1_46' title='bbox 1206 724 1576 794; x_wconf 74' lang='lat' dir='ltr'><strong>pmnitenliani</strong></span> <span class='ocrx_word' id='word_1_47' title='bbox 1607 732 1784 801; x_wconf 77' lang='lat' dir='ltr'><strong>egisse</strong></span> <span class='ocrx_word' id='word_1_48' title='bbox 1826 743 1974 802; x_wconf 88' lang='lat' dir='ltr'><strong>patet</strong></span> 
     </span>
    </p>
   </div>
   <div class='ocr_carea' id='block_1_8' title="bbox 379 809 1973 897">
    <p class='ocr_par' dir='ltr' id='par_1_8' title="bbox 379 809 1973 897">
     <span class='ocr_line' id='line_1_8' title="bbox 379 809 1973 897; baseline 0.013 -34"><span class='ocrx_word' id='word_1_49' title='bbox 379 821 444 871; x_wconf 76' lang='lat' dir='ltr'><strong>ex</strong></span> <span class='ocrx_word' id='word_1_50' title='bbox 476 823 577 863; x_wconf 89' lang='lat' dir='ltr'><strong>una</strong></span> <span class='ocrx_word' id='word_1_51' title='bbox 602 809 835 875; x_wconf 83' lang='lat' dir='ltr'><strong>Celerini</strong></span> <span class='ocrx_word' id='word_1_52' title='bbox 861 812 1006 869; x_wconf 89' lang='lat' dir='ltr'><strong>edita</strong></span> <span class='ocrx_word' id='word_1_53' title='bbox 1038 815 1176 871; x_wconf 89' lang='lat' dir='ltr'><strong>inter</strong></span> <span class='ocrx_word' id='word_1_54' title='bbox 1205 818 1553 890; x_wconf 75' lang='lat' dir='ltr'><strong>Cyprianicas</strong></span> <span class='ocrx_word' id='word_1_55' title='bbox 1580 825 1827 893; x_wconf 89' lang='lat' dir='ltr'><strong>epistola,</strong></span> <span class='ocrx_word' id='word_1_56' title='bbox 1866 842 1973 897; x_wconf 87' lang='lat' dir='ltr'><strong>qua</strong></span> 
     </span>
    </p>
   </div>
   <div class='ocr_carea' id='block_1_9' title="bbox 374 900 1968 976">
    <p class='ocr_par' dir='ltr' id='par_1_9' title="bbox 374 900 1968 976">
     <span class='ocr_line' id='line_1_9' title="bbox 374 900 1968 976; baseline 0.011 -17"><span class='ocrx_word' id='word_1_57' title='bbox 374 900 539 972; x_wconf 61' lang='lat' dir='ltr'><strong>lapsa;</strong></span> <span class='ocrx_word' id='word_1_58' title='bbox 577 907 779 963; x_wconf 79' lang='lat' dir='ltr'><strong>sororis</strong></span> <span class='ocrx_word' id='word_1_59' title='bbox 806 921 918 962; x_wconf 70' lang='lat' dir='ltr'><strong>sum</strong></span> <span class='ocrx_word' id='word_1_60' title='bbox 958 909 1166 966; x_wconf 89' lang='lat' dir='ltr'><strong>crimen</strong></span> <span class='ocrx_word' id='word_1_61' title='bbox 1197 912 1275 969; x_wconf 90' lang='lat' dir='ltr'><strong>sic</strong></span> <span class='ocrx_word' id='word_1_62' title='bbox 1298 928 1359 968; x_wconf 84' lang='lat' dir='ltr'><strong>se</strong></span> <span class='ocrx_word' id='word_1_63' title='bbox 1387 913 1589 971; x_wconf 84' lang='lat' dir='ltr'><strong>deﬂere</strong></span> <span class='ocrx_word' id='word_1_64' title='bbox 1619 918 1968 976; x_wconf 76' lang='lat' dir='ltr'><strong>testificatur:</strong></span> 
     </span>
    </p>
   </div>
   <div class='ocr_carea' id='block_1_10' title="bbox 374 992 1973 1082">
    <p class='ocr_par' dir='ltr' id='par_1_10' title="bbox 374 992 1973 1082">
     <span class='ocr_line' id='line_1_10' title="bbox 374 992 1973 1082; baseline 0.012 -31"><span class='ocrx_word' id='word_1_65' title='bbox 374 992 484 1059; x_wconf 82' lang='lat' dir='ltr'><strong>Pro</strong></span> <span class='ocrx_word' id='word_1_66' title='bbox 520 999 666 1069; x_wconf 75' lang='lat' dir='ltr'><strong>cujus</strong></span> <span class='ocrx_word' id='word_1_67' title='bbox 704 1003 856 1072; x_wconf 80' lang='lat' dir='ltr'><strong>factis</strong></span> <span class='ocrx_word' id='word_1_68' title='bbox 899 1020 1011 1074; x_wconf 54' lang='lat' dir='ltr'><strong>ego,</strong></span> <span class='ocrx_word' id='word_1_69' title='bbox 1035 1006 1087 1060; x_wconf 88' lang='lat' dir='ltr'><strong>in</strong></span> <span class='ocrx_word' id='word_1_70' title='bbox 1127 1007 1308 1064; x_wconf 71' lang='lat' dir='ltr'><strong>(iutilia</strong></span> <span class='ocrx_word' id='word_1_71' title='bbox 1341 1008 1558 1066; x_wconf 74' lang='lat' dir='ltr'><strong>Pascha:</strong></span> <span class='ocrx_word' id='word_1_72' title='bbox 1594 1012 1745 1082; x_wconf 81' lang='lat' dir='ltr'><strong>ﬂens,</strong></span> <span class='ocrx_word' id='word_1_73' title='bbox 1787 1012 1873 1068; x_wconf 78' lang='lat' dir='ltr'><strong>die</strong></span> <span class='ocrx_word' id='word_1_74' title='bbox 1908 1031 1973 1070; x_wconf 83' lang='lat' dir='ltr'><strong>ac</strong></span> 
     </span>
    </p>
   </div>
   <div class='ocr_carea' id='block_1_11' title="bbox 377 1094 1971 1183">
    <p class='ocr_par' dir='ltr' id='par_1_11' title="bbox 377 1094 1971 1183">
     <span class='ocr_line' id='line_1_11' title="bbox 377 1094 1971 1183; baseline 0.014 -37"><span class='ocrx_word' id='word_1_75' title='bbox 377 1102 523 1148; x_wconf 76' lang='lat' dir='ltr'><strong>nocte</strong></span> <span class='ocrx_word' id='word_1_76' title='bbox 551 1094 605 1149; x_wconf 88' lang='lat' dir='ltr'><strong>in</strong></span> <span class='ocrx_word' id='word_1_77' title='bbox 633 1095 804 1151; x_wconf 83' lang='lat' dir='ltr'><strong>cilicio</strong></span> <span class='ocrx_word' id='word_1_78' title='bbox 833 1107 881 1152; x_wconf 87' lang='lat' dir='ltr'><strong>et</strong></span> <span class='ocrx_word' id='word_1_79' title='bbox 910 1101 1077 1155; x_wconf 85' lang='lat' dir='ltr'><strong>cinere</strong></span> <span class='ocrx_word' id='word_1_80' title='bbox 1115 1102 1544 1175; x_wconf 66' lang='lat' dir='ltr'><strong>laciyniabundus</strong></span> <span class='ocrx_word' id='word_1_81' title='bbox 1583 1110 1691 1164; x_wconf 85' lang='lat' dir='ltr'><strong>dies</strong></span> <span class='ocrx_word' id='word_1_82' title='bbox 1719 1111 1880 1183; x_wconf 64' lang='lat' dir='ltr'><strong>exegi,</strong></span> <span class='ocrx_word' id='word_1_83' title='bbox 1922 1122 1971 1168; x_wconf 81' lang='lat' dir='ltr'><strong>et</strong></span> 
     </span>
    </p>
   </div>
   <div class='ocr_carea' id='block_1_12' title="bbox 374 1186 1681 1274">
    <p class='ocr_par' dir='ltr' id='par_1_12' title="bbox 374 1186 1681 1274">
     <span class='ocr_line' id='line_1_12' title="bbox 374 1186 1681 1274; baseline 0.012 -34"><span class='ocrx_word' id='word_1_84' title='bbox 374 1186 521 1257; x_wconf 65' lang='lat' dir='ltr'><strong>exigo</strong></span> <span class='ocrx_word' id='word_1_85' title='bbox 544 1204 700 1260; x_wconf 83' lang='lat' dir='ltr'><strong>usque</strong></span> <span class='ocrx_word' id='word_1_86' title='bbox 722 1192 776 1247; x_wconf 91' lang='lat' dir='ltr'><strong>in</strong></span> <span class='ocrx_word' id='word_1_87' title='bbox 802 1192 1104 1250; x_wconf 79' lang='lat' dir='ltr'><strong>hodiernum</strong></span> <span class='ocrx_word' id='word_1_88' title='bbox 1141 1195 1161 1270; x_wconf 95' lang='lat'><strong>(</strong></span> <span class='ocrx_word' id='word_1_89' title='bbox 1184 1196 1350 1266; x_wconf 86' lang='lat' dir='ltr'><strong>Idem,</strong></span> <span class='ocrx_word' id='word_1_90' title='bbox 1378 1202 1527 1272; x_wconf 86' lang='lat' dir='ltr'><strong>epist.</strong></span> <span class='ocrx_word' id='word_1_91' title='bbox 1569 1202 1681 1274; x_wconf 69' lang='grc'><strong>24).</strong></span> 
     </span>
    </p>
   </div>
   <div class='ocr_carea' id='block_1_13' title="bbox 439 1275 1965 1365">
    <p class='ocr_par' dir='ltr' id='par_1_13' title="bbox 439 1275 1965 1365">
     <span class='ocr_line' id='line_1_13' title="bbox 439 1275 1965 1365; baseline 0.014 -32"><span class='ocrx_word' id='word_1_92' title='bbox 439 1275 635 1335; x_wconf 61' lang='lat' dir='ltr'><strong>Crateri</strong></span> <span class='ocrx_word' id='word_1_93' title='bbox 656 1281 836 1353; x_wconf 86' lang='lat' dir='ltr'><strong>itaque</strong></span> <span class='ocrx_word' id='word_1_94' title='bbox 850 1283 1159 1354; x_wconf 81' lang='lat' dir='ltr'><strong>Christiani,</strong></span> <span class='ocrx_word' id='word_1_95' title='bbox 1178 1291 1277 1346; x_wconf 87' lang='lat' dir='ltr'><strong>etsi</strong></span> <span class='ocrx_word' id='word_1_96' title='bbox 1296 1292 1489 1347; x_wconf 91' lang='lat' dir='ltr'><strong>nullius</strong></span> <span class='ocrx_word' id='word_1_97' title='bbox 1508 1295 1727 1350; x_wconf 84' lang='lat' dir='ltr'><strong>sceleris</strong></span> <span class='ocrx_word' id='word_1_98' title='bbox 1742 1299 1965 1365; x_wconf 86' lang='lat' dir='ltr'><strong>conscii,</strong></span> 
     </span>
    </p>
   </div>
   <div class='ocr_carea' id='block_1_14' title="bbox 372 1369 1968 1459">
    <p class='ocr_par' dir='ltr' id='par_1_14' title="bbox 372 1369 1968 1459">
     <span class='ocr_line' id='line_1_14' title="bbox 372 1369 1968 1459; baseline 0.014 -38"><span class='ocrx_word' id='word_1_99' title='bbox 372 1369 712 1439; x_wconf 82' lang='lat' dir='ltr'><strong>publicorum</strong></span> <span class='ocrx_word' id='word_1_100' title='bbox 762 1383 941 1431; x_wconf 88' lang='lat' dir='ltr'><strong>tamen</strong></span> <span class='ocrx_word' id='word_1_101' title='bbox 992 1380 1366 1447; x_wconf 74' lang='lat' dir='ltr'><strong>pmuitentium</strong></span> <span class='ocrx_word' id='word_1_102' title='bbox 1408 1384 1618 1440; x_wconf 85' lang='lat' dir='ltr'><strong>actibus</strong></span> <span class='ocrx_word' id='word_1_103' title='bbox 1660 1396 1825 1459; x_wconf 80' lang='lat' dir='ltr'><strong>atque</strong></span> <span class='ocrx_word' id='word_1_104' title='bbox 1874 1388 1968 1444; x_wconf 89' lang='lat' dir='ltr'><strong>ha-</strong></span> 
     </span>
    </p>
   </div>
   <div class='ocr_carea' id='block_1_15' title="bbox 370 1460 1968 1551">
    <p class='ocr_par' dir='ltr' id='par_1_15' title="bbox 370 1460 1968 1551">
     <span class='ocr_line' id='line_1_15' title="bbox 370 1460 1968 1551; baseline 0.016 -37"><span class='ocrx_word' id='word_1_105' title='bbox 370 1460 521 1529; x_wconf 82' lang='lat' dir='ltr'><strong>bitu,</strong></span> <span class='ocrx_word' id='word_1_106' title='bbox 565 1465 792 1535; x_wconf 82' lang='lat' dir='ltr'><strong>inuidia,</strong></span> <span class='ocrx_word' id='word_1_107' title='bbox 834 1467 1008 1540; x_wconf 85' lang='lat' dir='ltr'><strong>inquit</strong></span> <span class='ocrx_word' id='word_1_108' title='bbox 1051 1471 1436 1551; x_wconf 82' lang='lat' dir='ltr'><strong>Tertullianus,</strong></span> <span class='ocrx_word' id='word_1_109' title='bbox 1469 1480 1650 1535; x_wconf 74' lang='lat' dir='ltr'><strong>coelum</strong></span> <span class='ocrx_word' id='word_1_110' title='bbox 1690 1482 1968 1539; x_wconf 82' lang='lat' dir='ltr'><strong>tundebant</strong></span> 
     </span>
    </p>
   </div>
   <div class='ocr_carea' id='block_1_16' title="bbox 369 1556 1965 1645">
    <p class='ocr_par' dir='ltr' id='par_1_16' title="bbox 369 1556 1965 1645">
     <span class='ocr_line' id='line_1_16' title="bbox 369 1556 1965 1645; baseline 0.01 -29"><span class='ocrx_word' id='word_1_111' title='bbox 369 1556 617 1628; x_wconf 78' lang='lat' dir='ltr'><strong>(Tertull.</strong></span> <span class='ocrx_word' id='word_1_112' title='bbox 642 1559 913 1633; x_wconf 80' lang='lat' dir='ltr'><strong>Apologet.</strong></span> <span class='ocrx_word' id='word_1_113' title='bbox 943 1581 1060 1635; x_wconf 85' lang='lat' dir='ltr'><strong>cap.</strong></span> <span class='ocrx_word' id='word_1_114' title='bbox 1091 1565 1185 1634; x_wconf 70' lang='grc'><strong>40,</strong></span> <span class='ocrx_word' id='word_1_115' title='bbox 1211 1585 1332 1640; x_wconf 78' lang='lat' dir='ltr'><strong>pag.</strong></span> <span class='ocrx_word' id='word_1_116' title='bbox 1356 1569 1503 1642; x_wconf 69' lang='grc'><strong>487).</strong></span> <span class='ocrx_word' id='word_1_117' title='bbox 1543 1571 1599 1627; x_wconf 80' lang='lat' dir='ltr'><strong>Si</strong></span> <span class='ocrx_word' id='word_1_118' title='bbox 1622 1575 1751 1645; x_wconf 87' lang='lat' dir='ltr'><strong>quid</strong></span> <span class='ocrx_word' id='word_1_119' title='bbox 1788 1585 1965 1633; x_wconf 86' lang='lat' dir='ltr'><strong>autem</strong></span> 
     </span>
    </p>
   </div>
   <div class='ocr_carea' id='block_1_17' title="bbox 376 1653 1965 1728">
    <p class='ocr_par' dir='ltr' id='par_1_17' title="bbox 376 1653 1965 1728">
     <span class='ocr_line' id='line_1_17' title="bbox 376 1653 1965 1728; baseline 0.013 -24"><span class='ocrx_word' id='word_1_120' title='bbox 376 1666 575 1706; x_wconf 85' lang='lat' dir='ltr'><strong>nomen</strong></span> <span class='ocrx_word' id='word_1_121' title='bbox 619 1653 815 1707; x_wconf 82' lang='lat' dir='ltr'><strong>invidia</strong></span> <span class='ocrx_word' id='word_1_122' title='bbox 858 1655 1201 1715; x_wconf 83' lang='lat' dir='ltr'><strong>obscuritatis</strong></span> <span class='ocrx_word' id='word_1_123' title='bbox 1243 1661 1315 1715; x_wconf 87' lang='lat' dir='ltr'><strong>ibi</strong></span> <span class='ocrx_word' id='word_1_124' title='bbox 1361 1661 1575 1728; x_wconf 81' lang='lat' dir='ltr'><strong>habent,</strong></span> <span class='ocrx_word' id='word_1_125' title='bbox 1622 1666 1750 1721; x_wconf 87' lang='lat' dir='ltr'><strong>huic</strong></span> <span class='ocrx_word' id='word_1_126' title='bbox 1792 1668 1965 1724; x_wconf 88' lang='lat' dir='ltr'><strong>lucem</strong></span> 
     </span>
    </p>
   </div>
   <div class='ocr_carea' id='block_1_18' title="bbox 370 1744 1969 1828">
    <p class='ocr_par' dir='ltr' id='par_1_18' title="bbox 370 1744 1969 1828">
     <span class='ocr_line' id='line_1_18' title="bbox 370 1744 1969 1828; baseline 0.009 -25"><span class='ocrx_word' id='word_1_127' title='bbox 370 1744 605 1814; x_wconf 79' lang='lat' dir='ltr'><strong>aliquam</strong></span> <span class='ocrx_word' id='word_1_128' title='bbox 633 1745 828 1804; x_wconf 78' lang='lat' dir='ltr'><strong>afferre</strong></span> <span class='ocrx_word' id='word_1_129' title='bbox 862 1759 1087 1819; x_wconf 88' lang='lat' dir='ltr'><strong>possunt</strong></span> <span class='ocrx_word' id='word_1_130' title='bbox 1114 1766 1198 1819; x_wconf 87' lang='lat' dir='ltr'><strong>ea,</strong></span> <span class='ocrx_word' id='word_1_131' title='bbox 1229 1769 1349 1823; x_wconf 70' lang='lat' dir='ltr'><strong>quae</strong></span> <span class='ocrx_word' id='word_1_132' title='bbox 1377 1756 1444 1809; x_wconf 91' lang='lat' dir='ltr'><strong>de</strong></span> <span class='ocrx_word' id='word_1_133' title='bbox 1473 1756 1714 1828; x_wconf 80' lang='lat' dir='ltr'><strong>ipsismet</strong></span> <span class='ocrx_word' id='word_1_134' title='bbox 1741 1760 1969 1818; x_wconf 89' lang='lat' dir='ltr'><strong>ethnicis</strong></span> 
     </span>
    </p>
   </div>
   <div class='ocr_carea' id='block_1_19' title="bbox 371 1837 2046 1929">
    <p class='ocr_par' dir='ltr' id='par_1_19' title="bbox 371 1837 2046 1929">
     <span class='ocr_line' id='line_1_19' title="bbox 371 1837 2046 1929; baseline 0.01 -36"><span class='ocrx_word' id='word_1_135' title='bbox 371 1837 500 1901; x_wconf 77' lang='lat' dir='ltr'><strong>alibi</strong></span> <span class='ocrx_word' id='word_1_136' title='bbox 530 1838 752 1895; x_wconf 75' lang='lat' dir='ltr'><strong>tradidit</strong></span> <span class='ocrx_word' id='word_1_137' title='bbox 776 1859 790 1895; x_wconf 89' lang='lat'><strong>:</strong></span> <span class='ocrx_word' id='word_1_138' title='bbox 820 1842 976 1913; x_wconf 82' lang='lat' dir='ltr'><strong>Apud</strong></span> <span class='ocrx_word' id='word_1_139' title='bbox 1002 1846 1252 1915; x_wconf 87' lang='lat' dir='ltr'><strong>quasdam</strong></span> <span class='ocrx_word' id='word_1_140' title='bbox 1272 1848 1498 1904; x_wconf 89' lang='lat' dir='ltr'><strong>colonias</strong></span> <span class='ocrx_word' id='word_1_141' title='bbox 1523 1868 1694 1907; x_wconf 86' lang='lat' dir='ltr'><strong>annuo</strong></span> <span class='ocrx_word' id='word_1_142' title='bbox 1724 1855 1827 1909; x_wconf 87' lang='lat' dir='ltr'><strong>ritu</strong></span> <span class='ocrx_word' id='word_1_143' title='bbox 1853 1864 2046 1929; x_wconf 76' lang='lat' dir='ltr'><strong>sac-B</strong></span> 
     </span>
    </p>
   </div>
   <div class='ocr_carea' id='block_1_20' title="bbox 368 1929 1968 2019">
    <p class='ocr_par' dir='ltr' id='par_1_20' title="bbox 368 1929 1968 2019">
     <span class='ocr_line' id='line_1_20' title="bbox 368 1929 1968 2019; baseline 0.011 -36"><span class='ocrx_word' id='word_1_144' title='bbox 368 1929 440 1989; x_wconf 79' lang='lat' dir='ltr'><strong>cis</strong></span> <span class='ocrx_word' id='word_1_145' title='bbox 468 1929 619 1987; x_wconf 79' lang='lat' dir='ltr'><strong>velati</strong></span> <span class='ocrx_word' id='word_1_146' title='bbox 636 1973 652 1997; x_wconf 93' lang='lat'><strong>,</strong></span> <span class='ocrx_word' id='word_1_147' title='bbox 681 1940 727 1986; x_wconf 87' lang='lat' dir='ltr'><strong>et</strong></span> <span class='ocrx_word' id='word_1_148' title='bbox 756 1933 922 1988; x_wconf 88' lang='lat' dir='ltr'><strong>cinere</strong></span> <span class='ocrx_word' id='word_1_149' title='bbox 939 1939 1221 2007; x_wconf 71' lang='lat' dir='ltr'><strong>conspersi,</strong></span> <span class='ocrx_word' id='word_1_150' title='bbox 1249 1939 1404 1996; x_wconf 80' lang='lat' dir='ltr'><strong>idolis</strong></span> <span class='ocrx_word' id='word_1_151' title='bbox 1432 1944 1537 1997; x_wconf 84' lang='lat' dir='ltr'><strong>suis</strong></span> <span class='ocrx_word' id='word_1_152' title='bbox 1563 1945 1812 2007; x_wconf 82' lang='lat' dir='ltr'><strong>inuidiam</strong></span> <span class='ocrx_word' id='word_1_153' title='bbox 1839 1964 1968 2019; x_wconf 79' lang='lat' dir='ltr'><strong>sup-</strong></span> 
     </span>
    </p>
   </div>
   <div class='ocr_carea' id='block_1_21' title="bbox 363 2024 1967 2107">
    <p class='ocr_par' dir='ltr' id='par_1_21' title="bbox 363 2024 1967 2107">
     <span class='ocr_line' id='line_1_21' title="bbox 363 2024 1967 2107; baseline 0.012 -30"><span class='ocrx_word' id='word_1_154' title='bbox 363 2024 539 2095; x_wconf 87' lang='lat' dir='ltr'><strong>plicem</strong></span> <span class='ocrx_word' id='word_1_155' title='bbox 568 2024 879 2096; x_wconf 73' lang='lat' dir='ltr'><strong>objiciunt...</strong></span> <span class='ocrx_word' id='word_1_156' title='bbox 907 2027 1240 2087; x_wconf 82' lang='lat' dir='ltr'><strong>Niniviticum</strong></span> <span class='ocrx_word' id='word_1_157' title='bbox 1262 2035 1413 2089; x_wconf 80' lang='lat' dir='ltr'><strong>credo</strong></span> <span class='ocrx_word' id='word_1_158' title='bbox 1429 2036 1708 2107; x_wconf 82' lang='lat' dir='ltr'><strong>justitiam.</strong></span> <span class='ocrx_word' id='word_1_159' title='bbox 1743 2040 1821 2095; x_wconf 87' lang='lat' dir='ltr'><strong>De</strong></span> <span class='ocrx_word' id='word_1_160' title='bbox 1840 2056 1967 2096; x_wconf 86' lang='lat' dir='ltr'><strong>san-</strong></span> 
     </span>
    </p>
   </div>
   <div class='ocr_carea' id='block_1_22' title="bbox 365 2116 1967 2193">
    <p class='ocr_par' dir='ltr' id='par_1_22' title="bbox 365 2116 1967 2193">
     <span class='ocr_line' id='line_1_22' title="bbox 365 2116 1967 2193; baseline 0.013 -23"><span class='ocrx_word' id='word_1_161' title='bbox 365 2116 466 2177; x_wconf 81' lang='lat' dir='ltr'><strong>ctis</strong></span> <span class='ocrx_word' id='word_1_162' title='bbox 514 2133 642 2174; x_wconf 81' lang='lat' dir='ltr'><strong>vero</strong></span> <span class='ocrx_word' id='word_1_163' title='bbox 700 2122 1026 2193; x_wconf 86' lang='lat' dir='ltr'><strong>martyribus</strong></span> <span class='ocrx_word' id='word_1_164' title='bbox 1056 2127 1255 2182; x_wconf 79' lang='lat' dir='ltr'><strong>nostris</strong></span> <span class='ocrx_word' id='word_1_165' title='bbox 1286 2145 1299 2185; x_wconf 87' lang='lat'>:</span> <span class='ocrx_word' id='word_1_166' title='bbox 1332 2127 1566 2185; x_wconf 87' lang='lat' dir='ltr'><strong>Clamant</strong></span> <span class='ocrx_word' id='word_1_167' title='bbox 1588 2134 1657 2187; x_wconf 83' lang='lat' dir='ltr'><strong>ad</strong></span> <span class='ocrx_word' id='word_1_168' title='bbox 1687 2132 1967 2193; x_wconf 82' lang='lat' dir='ltr'><strong>Dominum</strong></span> 
     </span>
    </p>
   </div>
   <div class='ocr_carea' id='block_1_23' title="bbox 363 2206 1968 2297">
    <p class='ocr_par' dir='ltr' id='par_1_23' title="bbox 363 2206 1968 2297">
     <span class='ocr_line' id='line_1_23' title="bbox 363 2206 1968 2297; baseline 0.014 -37"><span class='ocrx_word' id='word_1_169' title='bbox 363 2206 553 2263; x_wconf 86' lang='lat' dir='ltr'><strong>inuidia</strong></span> <span class='ocrx_word' id='word_1_170' title='bbox 599 2212 787 2267; x_wconf 74' lang='lat' dir='ltr'><strong>anima:</strong></span> <span class='ocrx_word' id='word_1_171' title='bbox 826 2225 1108 2287; x_wconf 82' lang='lat' dir='ltr'><strong>martyrum</strong></span> <span class='ocrx_word' id='word_1_172' title='bbox 1151 2219 1241 2273; x_wconf 85' lang='lat' dir='ltr'><strong>sub</strong></span> <span class='ocrx_word' id='word_1_173' title='bbox 1271 2221 1423 2276; x_wconf 84' lang='lat' dir='ltr'><strong>altari</strong></span> <span class='ocrx_word' id='word_1_174' title='bbox 1463 2238 1482 2276; x_wconf 91' lang='lat'><strong><em>:</em></strong></span> <span class='ocrx_word' id='word_1_175' title='bbox 1525 2224 1760 2290; x_wconf 82' lang='lat' dir='ltr'><strong>Quonam</strong></span> <span class='ocrx_word' id='word_1_176' title='bbox 1810 2243 1968 2297; x_wconf 81' lang='lat' dir='ltr'><strong>usque</strong></span> 
     </span>
    </p>
   </div>
   <div class='ocr_carea' id='block_1_24' title="bbox 364 2302 1966 2384">
    <p class='ocr_par' dir='ltr' id='par_1_24' title="bbox 364 2302 1966 2384">
     <span class='ocr_line' id='line_1_24' title="bbox 364 2302 1966 2384; baseline 0.014 -29"><span class='ocrx_word' id='word_1_177' title='bbox 364 2316 465 2355; x_wconf 81' lang='lat' dir='ltr'><strong>non</strong></span> <span class='ocrx_word' id='word_1_178' title='bbox 509 2302 784 2369; x_wconf 72' lang='lat' dir='ltr'><strong>ulcisceris,</strong></span> <span class='ocrx_word' id='word_1_179' title='bbox 812 2304 1034 2364; x_wconf 84' lang='lat' dir='ltr'><strong>Domine</strong></span> <span class='ocrx_word' id='word_1_180' title='bbox 1052 2351 1067 2377; x_wconf 92' lang='lat'><strong>,</strong></span> <span class='ocrx_word' id='word_1_181' title='bbox 1099 2315 1398 2384; x_wconf 80' lang='lat' dir='ltr'><strong>sanguinem</strong></span> <span class='ocrx_word' id='word_1_182' title='bbox 1428 2326 1655 2372; x_wconf 87' lang='lat' dir='ltr'><strong>nostrum</strong></span> <span class='ocrx_word' id='word_1_183' title='bbox 1683 2320 1748 2375; x_wconf 89' lang='lat' dir='ltr'><strong>de</strong></span> <span class='ocrx_word' id='word_1_184' title='bbox 1785 2321 1966 2379; x_wconf 82' lang='lat' dir='ltr'><strong>incolis</strong></span> 
     </span>
    </p>
   </div>
   <div class='ocr_carea' id='block_1_25' title="bbox 365 2393 1962 2481">
    <p class='ocr_par' dir='ltr' id='par_1_25' title="bbox 365 2393 1962 2481">
     <span class='ocr_line' id='line_1_25' title="bbox 365 2393 1962 2481; baseline 0.015 -35"><span class='ocrx_word' id='word_1_185' title='bbox 365 2395 549 2447; x_wconf 68' lang='lat' dir='ltr'><strong>terrm?</strong></span> <span class='ocrx_word' id='word_1_186' title='bbox 588 2393 789 2467; x_wconf 84' lang='lat' dir='ltr'><strong>_(Idem,</strong></span> <span class='ocrx_word' id='word_1_187' title='bbox 833 2399 920 2455; x_wconf 86' lang='lat' dir='ltr'><strong>lib.</strong></span> <span class='ocrx_word' id='word_1_188' title='bbox 949 2401 1013 2455; x_wconf 87' lang='lat' dir='ltr'><strong>de</strong></span> <span class='ocrx_word' id='word_1_189' title='bbox 1043 2401 1212 2471; x_wconf 87' lang='lat' dir='ltr'><strong>0rat.,</strong></span> <span class='ocrx_word' id='word_1_190' title='bbox 1246 2422 1362 2478; x_wconf 88' lang='lat' dir='ltr'><strong>cap.</strong></span> <span class='ocrx_word' id='word_1_191' title='bbox 1385 2408 1440 2465; x_wconf 80' lang='lat'><strong>5.</strong></span> <span class='ocrx_word' id='word_1_192' title='bbox 1470 2407 1491 2481; x_wconf 89' lang='lat'>)</span> <span class='ocrx_word' id='word_1_193' title='bbox 1538 2410 1752 2467; x_wconf 90' lang='lat' dir='ltr'><strong>Illorum</strong></span> <span class='ocrx_word' id='word_1_194' title='bbox 1802 2414 1962 2470; x_wconf 87' lang='lat' dir='ltr'><strong>etiam</strong></span> 
     </span>
    </p>
   </div>
   <div class='ocr_carea' id='block_1_26' title="bbox 363 2486 1964 2577">
    <p class='ocr_par' dir='ltr' id='par_1_26' title="bbox 363 2486 1964 2577">
     <span class='ocr_line' id='line_1_26' title="bbox 363 2486 1964 2577; baseline 0.014 -38"><span class='ocrx_word' id='word_1_195' title='bbox 363 2486 639 2543; x_wconf 81' lang='lat' dir='ltr'><strong>cicatrices</strong></span> <span class='ocrx_word' id='word_1_196' title='bbox 702 2501 852 2546; x_wconf 87' lang='lat' dir='ltr'><strong>vocat</strong></span> <span class='ocrx_word' id='word_1_197' title='bbox 917 2494 1201 2551; x_wconf 75' lang='lat' dir='ltr'><strong>invidiosus</strong></span> <span class='ocrx_word' id='word_1_198' title='bbox 1269 2500 1409 2569; x_wconf 88' lang='lat' dir='ltr'><strong>apud</strong></span> <span class='ocrx_word' id='word_1_199' title='bbox 1475 2500 1733 2557; x_wconf 79' lang='lat' dir='ltr'><strong>Christum</strong></span> <span class='ocrx_word' id='word_1_200' title='bbox 1770 2547 1787 2571; x_wconf 93' lang='lat'><strong>,</strong></span> <span class='ocrx_word' id='word_1_201' title='bbox 1843 2508 1964 2577; x_wconf 90' lang='lat' dir='ltr'><strong>quia</strong></span> 
     </span>
    </p>
   </div>
   <div class='ocr_carea' id='block_1_27' title="bbox 361 2577 1958 2671">
    <p class='ocr_par' dir='ltr' id='par_1_27' title="bbox 361 2577 1958 2671">
     <span class='ocr_line' id='line_1_27' title="bbox 361 2577 1958 2671; baseline 0.014 -40"><span class='ocrx_word' id='word_1_202' title='bbox 361 2577 537 2632; x_wconf 79' lang='lat' dir='ltr'><strong>vicisse</strong></span> <span class='ocrx_word' id='word_1_203' title='bbox 585 2582 851 2650; x_wconf 83' lang='lat' dir='ltr'><strong>cupierunt</strong></span> <span class='ocrx_word' id='word_1_204' title='bbox 905 2584 1098 2657; x_wconf 87' lang='lat' dir='ltr'><strong>(Idem,</strong></span> <span class='ocrx_word' id='word_1_205' title='bbox 1155 2587 1241 2643; x_wconf 90' lang='lat' dir='ltr'><strong>lib.</strong></span> <span class='ocrx_word' id='word_1_206' title='bbox 1293 2590 1358 2645; x_wconf 89' lang='lat' dir='ltr'><strong>de</strong></span> <span class='ocrx_word' id='word_1_207' title='bbox 1397 2590 1653 2662; x_wconf 88' lang='lat' dir='ltr'><strong>Pudicit.,</strong></span> <span class='ocrx_word' id='word_1_208' title='bbox 1708 2596 1760 2651; x_wconf 87' lang='lat' dir='ltr'><strong>in</strong></span> <span class='ocrx_word' id='word_1_209' title='bbox 1817 2598 1958 2671; x_wconf 52' lang='grc' dir='ltr'><strong>βω).</strong></span> 
     </span>
    </p>
   </div>
   <div class='ocr_carea' id='block_1_28' title="bbox 358 2669 1962 2752">
    <p class='ocr_par' dir='ltr' id='par_1_28' title="bbox 358 2669 1962 2752">
     <span class='ocr_line' id='line_1_28' title="bbox 358 2669 1962 2752; baseline 0.014 -28"><span class='ocrx_word' id='word_1_210' title='bbox 358 2669 496 2738; x_wconf 85' lang='lat' dir='ltr'><strong>Quin</strong></span> <span class='ocrx_word' id='word_1_211' title='bbox 559 2674 720 2731; x_wconf 89' lang='lat' dir='ltr'><strong>etiam</strong></span> <span class='ocrx_word' id='word_1_212' title='bbox 792 2675 860 2733; x_wconf 91' lang='lat' dir='ltr'><strong>de</strong></span> <span class='ocrx_word' id='word_1_213' title='bbox 923 2682 1215 2752; x_wconf 87' lang='lat' dir='ltr'><strong>semetipso</strong></span> <span class='ocrx_word' id='word_1_214' title='bbox 1289 2684 1536 2742; x_wconf 77' lang='lat' dir='ltr'><strong>similiter</strong></span> <span class='ocrx_word' id='word_1_215' title='bbox 1586 2688 1773 2746; x_wconf 85' lang='lat' dir='ltr'><strong>dixit:</strong></span> <span class='ocrx_word' id='word_1_216' title='bbox 1820 2669 1962 2747; x_wconf 72' lang='lat' dir='ltr'><strong>Malo</strong></span> 
     </span>
    </p>
   </div>
   <div class='ocr_carea' id='block_1_29' title="bbox 358 2761 1960 2853">
    <p class='ocr_par' dir='ltr' id='par_1_29' title="bbox 358 2761 1960 2853">
     <span class='ocr_line' id='line_1_29' title="bbox 358 2761 1960 2853; baseline 0.016 -37"><span class='ocrx_word' id='word_1_217' title='bbox 358 2761 601 2819; x_wconf 84' lang='lat' dir='ltr'><strong>inuidiam</strong></span> <span class='ocrx_word' id='word_1_218' title='bbox 656 2770 702 2822; x_wconf 87' lang='lat' dir='ltr'><strong>ei</strong></span> <span class='ocrx_word' id='word_1_219' title='bbox 729 2811 746 2837; x_wconf 93' lang='lat'><strong>,</strong></span> <span class='ocrx_word' id='word_1_220' title='bbox 823 2770 933 2831; x_wconf 89' lang='lat' dir='ltr'><strong>Deo</strong></span> <span class='ocrx_word' id='word_1_221' title='bbox 993 2773 1295 2843; x_wconf 84' lang='lat' dir='ltr'><strong>videlicet,</strong></span> <span class='ocrx_word' id='word_1_222' title='bbox 1356 2782 1524 2849; x_wconf 77' lang='lat' dir='ltr'><strong>facere</strong></span> <span class='ocrx_word' id='word_1_223' title='bbox 1572 2799 1661 2853; x_wconf 87' lang='lat' dir='ltr'><strong>per</strong></span> <span class='ocrx_word' id='word_1_224' title='bbox 1718 2783 1960 2847; x_wconf 76' lang='lat' dir='ltr'><strong>volunta-</strong></span> 
     </span>
    </p>
   </div>
   <div class='ocr_carea' id='block_1_30' title="bbox 365 2858 1960 2941">
    <p class='ocr_par' dir='ltr' id='par_1_30' title="bbox 365 2858 1960 2941">
     <span class='ocr_line' id='line_1_30' title="bbox 365 2858 1960 2941; baseline 0.014 -32"><span class='ocrx_word' id='word_1_225' title='bbox 365 2864 463 2912; x_wconf 83' lang='lat' dir='ltr'><strong>tem</strong></span> <span class='ocrx_word' id='word_1_226' title='bbox 490 2858 650 2927; x_wconf 83' lang='lat' dir='ltr'><strong>ipsius</strong></span> <span class='ocrx_word' id='word_1_227' title='bbox 676 2862 934 2930; x_wconf 86' lang='lat' dir='ltr'><strong>pereundo</strong></span> <span class='ocrx_word' id='word_1_228' title='bbox 957 2905 970 2928; x_wconf 94' lang='lat'><strong>,</strong></span> <span class='ocrx_word' id='word_1_229' title='bbox 1001 2881 1152 2931; x_wconf 88' lang='lat' dir='ltr'><strong>quam</strong></span> <span class='ocrx_word' id='word_1_230' title='bbox 1180 2868 1331 2922; x_wconf 87' lang='lat' dir='ltr'><strong>bilem</strong></span> <span class='ocrx_word' id='word_1_231' title='bbox 1350 2910 1366 2935; x_wconf 95' lang='lat'><strong>,</strong></span> <span class='ocrx_word' id='word_1_232' title='bbox 1392 2887 1483 2941; x_wconf 87' lang='lat' dir='ltr'><strong>per</strong></span> <span class='ocrx_word' id='word_1_233' title='bbox 1510 2888 1675 2928; x_wconf 86' lang='lat' dir='ltr'><strong>meum</strong></span> <span class='ocrx_word' id='word_1_234' title='bbox 1703 2877 1960 2932; x_wconf 80' lang='lat' dir='ltr'><strong>eradenda</strong></span> 
     </span>
    </p>
   </div>
   <div class='ocr_carea' id='block_1_31' title="bbox 362 2946 1960 3039">
    <p class='ocr_par' dir='ltr' id='par_1_31' title="bbox 362 2946 1960 3039">
     <span class='ocr_line' id='line_1_31' title="bbox 362 2946 1960 3039; baseline 0.018 -39"><span class='ocrx_word' id='word_1_235' title='bbox 362 2946 592 3022; x_wconf 82' lang='lat' dir='ltr'><strong>(Idem,</strong></span> <span class='ocrx_word' id='word_1_236' title='bbox 649 2953 740 3010; x_wconf 91' lang='lat' dir='ltr'><strong>lib.</strong></span> <span class='ocrx_word' id='word_1_237' title='bbox 787 2957 849 3009; x_wconf 87' lang='lat' dir='ltr'><strong>de</strong></span> <span class='ocrx_word' id='word_1_238' title='bbox 893 2955 1032 3029; x_wconf 84' lang='lat' dir='ltr'><strong>Fug.</strong></span> <span class='ocrx_word' id='word_1_239' title='bbox 1088 2960 1142 3014; x_wconf 87' lang='lat' dir='ltr'><strong>in</strong></span> <span class='ocrx_word' id='word_1_240' title='bbox 1200 2978 1426 3031; x_wconf 85' lang='lat' dir='ltr'><strong>persec.,</strong></span> <span class='ocrx_word' id='word_1_241' title='bbox 1475 2983 1591 3034; x_wconf 85' lang='lat' dir='ltr'><strong>cap.</strong></span> <span class='ocrx_word' id='word_1_242' title='bbox 1642 2968 1777 3039; x_wconf 85' lang='lat' dir='ltr'><strong>I0).</strong></span> <span class='ocrx_word' id='word_1_243' title='bbox 1819 2971 1960 3039; x_wconf 85' lang='lat' dir='ltr'><strong>Quid</strong></span> 
     </span>
    </p>
   </div>
   <div class='ocr_carea' id='block_1_32' title="bbox 359 3042 1959 3130">
    <p class='ocr_par' dir='ltr' id='par_1_32' title="bbox 359 3042 1959 3130">
     <span class='ocr_line' id='line_1_32' title="bbox 359 3042 1959 3130; baseline 0.014 -33"><span class='ocrx_word' id='word_1_244' title='bbox 359 3042 550 3114; x_wconf 84' lang='lat' dir='ltr'><strong>plura?</strong></span> <span class='ocrx_word' id='word_1_245' title='bbox 591 3044 793 3105; x_wconf 79' lang='lat' dir='ltr'><strong>Statius</strong></span> <span class='ocrx_word' id='word_1_246' title='bbox 819 3048 912 3105; x_wconf 89' lang='lat' dir='ltr'><strong>ubi</strong></span> <span class='ocrx_word' id='word_1_247' title='bbox 940 3060 1173 3108; x_wconf 89' lang='lat' dir='ltr'><strong>mortem</strong></span> <span class='ocrx_word' id='word_1_248' title='bbox 1200 3055 1369 3126; x_wconf 87' lang='lat' dir='ltr'><strong>patris</strong></span> <span class='ocrx_word' id='word_1_249' title='bbox 1397 3055 1674 3130; x_wconf 84' lang='lat' dir='ltr'><strong>deplorat,</strong></span> <span class='ocrx_word' id='word_1_250' title='bbox 1713 3059 1839 3118; x_wconf 65' lang='lat' dir='ltr'><strong>haec</strong></span> <span class='ocrx_word' id='word_1_251' title='bbox 1865 3076 1959 3119; x_wconf 87' lang='lat' dir='ltr'><strong>ce-</strong></span> 
     </span>
    </p>
   </div>
   <div class='ocr_carea' id='block_1_33' title="bbox 357 3134 589 3191">
    <p class='ocr_par' dir='ltr' id='par_1_33' title="bbox 357 3134 589 3191">
     <span class='ocr_line' id='line_1_33' title="bbox 357 3134 589 3191; baseline 0.004 0"><span class='ocrx_word' id='word_1_252' title='bbox 357 3134 518 3191; x_wconf 91' lang='lat' dir='ltr'><strong>cinit:</strong></span> <span class='ocrx_word' id='word_1_253' title='bbox 586 3140 589 3141; x_wconf 64' lang='grc'><strong><em>⁷</em></strong></span> 
     </span>
    </p>
   </div>
   <div class='ocr_carea' id='block_1_34' title="bbox 479 3251 1669 3365">
    <p class='ocr_par' dir='ltr' id='par_1_34' title="bbox 479 3251 1669 3365">
     <span class='ocr_line' id='line_1_34' title="bbox 479 3251 1669 3365; baseline 0.013 -63"><span class='ocrx_word' id='word_1_254' title='bbox 479 3251 795 3365; x_wconf 61' lang='lat' dir='ltr'><strong>:erte</strong></span> <span class='ocrx_word' id='word_1_255' title='bbox 816 3256 940 3308; x_wconf 85' lang='lat' dir='ltr'><strong>alios</strong></span> <span class='ocrx_word' id='word_1_256' title='bbox 961 3272 1171 3324; x_wconf 82' lang='lat' dir='ltr'><strong>superos</strong></span> <span class='ocrx_word' id='word_1_257' title='bbox 1194 3268 1248 3313; x_wconf 88' lang='lat' dir='ltr'><strong>et</strong></span> <span class='ocrx_word' id='word_1_258' title='bbox 1270 3270 1457 3315; x_wconf 82' lang='lat' dir='ltr'><strong>tartara</strong></span> <span class='ocrx_word' id='word_1_259' title='bbox 1477 3264 1669 3330; x_wconf 88' lang='lat' dir='ltr'><strong>pulsem</strong></span> 
     </span>
     <span class='ocr_line' id='line_1_35' title="bbox 510 3329 690 3365; baseline 0.006 -1"><span class='ocrx_word' id='word_1_260' title='bbox 510 3329 589 3365; x_wconf 79' lang='lat' dir='ltr'><strong>mn</strong></span> <span class='ocrx_word' id='word_1_261' title='bbox 628 3331 640 3365; x_wconf 93' lang='lat' dir='ltr'><strong>I</strong></span> <span class='ocrx_word' id='word_1_262' title='bbox 679 3355 690 3365; x_wconf 91' lang='lat'><strong>.</strong></span> 
     </span>
    </p>
   </div>
   <div class='ocr_carea' id='block_1_35' title="bbox 510 3329 1838 3457">
    <p class='ocr_par' dir='ltr' id='par_1_35' title="bbox 510 3329 1838 3457">
     <span class='ocr_line' id='line_1_36' title="bbox 510 3329 1838 3457; baseline 0.061 -55"><span class='ocrx_word' id='word_1_263' title='bbox 510 3329 690 3375; x_wconf 55' lang='lat' dir='ltr'><strong>“Y&#39;u&#39;a&#39;</strong></span> <span class='ocrx_word' id='word_1_264' title='bbox 793 3381 940 3445; x_wconf 78' lang='lat' dir='ltr'><strong>(Stat.</strong></span> <span class='ocrx_word' id='word_1_265' title='bbox 967 3381 1053 3435; x_wconf 83' lang='lat' dir='ltr'><strong>tib.</strong></span> <span class='ocrx_word' id='word_1_266' title='bbox 1079 3393 1137 3437; x_wconf 81' lang='lat' dir='ltr'><strong>ix</strong></span> <span class='ocrx_word' id='word_1_267' title='bbox 1154 3386 1349 3452; x_wconf 74' lang='lat' dir='ltr'><strong>Sytvar.</strong></span> <span class='ocrx_word' id='word_1_268' title='bbox 1363 3387 1415 3443; x_wconf 67' lang='lat' dir='ltr'><strong>in</strong></span> <span class='ocrx_word' id='word_1_269' title='bbox 1435 3389 1589 3457; x_wconf 73' lang='grc' dir='ltr'><strong>Ραινί³</strong></span> <span class='ocrx_word' id='word_1_270' title='bbox 1612 3389 1838 3457; x_wconf 56' lang='grc' dir='ltr'><strong>ΕΡίθεάδ</strong></span> 
     </span>
    </p>
   </div>
   <div class='ocr_carea' id='block_1_36' title="bbox 362 3500 1326 3585">
    <p class='ocr_par' dir='ltr' id='par_1_36' title="bbox 362 3500 1326 3585">
     <span class='ocr_line' id='line_1_37' title="bbox 362 3500 1326 3585; baseline 0.01 -24"><span class='ocrx_word' id='word_1_271' title='bbox 362 3500 600 3565; x_wconf 78' lang='lat' dir='ltr'><strong>Rursum</strong></span> <span class='ocrx_word' id='word_1_272' title='bbox 629 3515 805 3564; x_wconf 86' lang='lat' dir='ltr'><strong>autem</strong></span> <span class='ocrx_word' id='word_1_273' title='bbox 834 3508 889 3567; x_wconf 90' lang='lat' dir='ltr'><strong>in</strong></span> <span class='ocrx_word' id='word_1_274' title='bbox 915 3509 1012 3569; x_wconf 84' lang='lat' dir='ltr'><strong>lilii</strong></span> <span class='ocrx_word' id='word_1_275' title='bbox 1031 3511 1326 3585; x_wconf 87' lang='lat' dir='ltr'><strong>Epicedio:</strong></span> 
     </span>
    </p>
   </div>
   <div class='ocr_carea' id='block_1_37' title="bbox 484 3646 1456 3716">
    <p class='ocr_par' dir='ltr' id='par_1_37' title="bbox 484 3646 1456 3716">
     <span class='ocr_line' id='line_1_38' title="bbox 484 3646 1456 3716; baseline 0.014 -25"><span class='ocrx_word' id='word_1_276' title='bbox 484 3680 505 3716; x_wconf 46' lang='lat'><strong>.‘</strong></span> <span class='ocrx_word' id='word_1_277' title='bbox 561 3674 658 3716; x_wconf 38' lang='grc' dir='ltr'><strong>τ’..</strong></span> <span class='ocrx_word' id='word_1_278' title='bbox 728 3680 739 3694; x_wconf 96' lang='grc'><strong>.</strong></span> <span class='ocrx_word' id='word_1_279' title='bbox 813 3685 822 3695; x_wconf 94' lang='grc'><strong>.</strong></span> <span class='ocrx_word' id='word_1_280' title='bbox 888 3646 1306 3716; x_wconf 80' lang='lat' dir='ltr'><strong>Nonnehorridus</strong></span> <span class='ocrx_word' id='word_1_281' title='bbox 1325 3655 1456 3716; x_wconf 87' lang='lat' dir='ltr'><strong>ipsos</strong></span> 
     </span>
    </p>
   </div>
   <div class='ocr_carea' id='block_1_38' title="bbox 478 3701 1654 3782">
    <p class='ocr_par' dir='ltr' id='par_1_38' title="bbox 478 3701 1654 3782">
     <span class='ocr_line' id='line_1_39' title="bbox 478 3701 1654 3782; baseline 0.014 -29"><span class='ocrx_word' id='word_1_282' title='bbox 478 3701 665 3782; x_wconf 50' lang='lat' dir='ltr'><strong>Invidia</strong></span> <span class='ocrx_word' id='word_1_283' title='bbox 687 3720 903 3782; x_wconf 76' lang='lat' dir='ltr'><strong>superos</strong></span> <span class='ocrx_word' id='word_1_284' title='bbox 926 3701 1211 3782; x_wconf 74' lang='lat' dir='ltr'><strong>injustaque</strong></span> <span class='ocrx_word' id='word_1_285' title='bbox 1223 3701 1654 3782; x_wconf 57' lang='lat' dir='ltr'><strong>tartari-apulsem?</strong></span> 
     </span>
    </p>
   </div>
   <div class='ocr_carea' id='block_1_39' title="bbox 476 3766 1829 3911">
    <p class='ocr_par' dir='ltr' id='par_1_39' title="bbox 476 3766 1829 3911">
     <span class='ocr_line' id='line_1_40' title="bbox 476 3766 1829 3911; baseline 0.031 -99"><span class='ocrx_word' id='word_1_286' title='bbox 476 3766 650 3819; x_wconf 80' lang='lat' dir='ltr'><strong>Nonne</strong></span> <span class='ocrx_word' id='word_1_287' title='bbox 669 3766 868 3834; x_wconf 77' lang='lat' dir='ltr'><strong>gemam</strong></span> <span class='ocrx_word' id='word_1_288' title='bbox 893 3766 1139 3836; x_wconf 48' lang='lat' dir='ltr'><strong>te,&#39;cllal&#39;é</strong></span> <span class='ocrx_word' id='word_1_289' title='bbox 1162 3766 1369 3844; x_wconf 8' lang='lat' dir='ltr'><strong>puerili</strong></span> <span class='ocrx_word' id='word_1_290' title='bbox 1386 3766 1409 3768; x_wconf 33' lang='lat' dir='ltr'><strong>ﬂ</strong></span> <span class='ocrx_word' id='word_1_291' title='bbox 1428 3766 1451 3782; x_wconf 37' lang='grc' dir='ltr'><strong>Γ</strong></span> <span class='ocrx_word' id='word_1_292' title='bbox 1468 3766 1491 3768; x_wconf 35' lang='grc'><em>1</em></span> <span class='ocrx_word' id='word_1_293' title='bbox 1518 3766 1619 3770; x_wconf 37' lang='grc' dir='ltr'><strong>Π-</strong></span> <span class='ocrx_word' id='word_1_294' title='bbox 1635 3766 1829 3911; x_wconf 25' lang='lat' dir='ltr'><strong>ium)</strong></span> 
     </span>
    </p>
   </div>
   <div class='ocr_carea' id='block_1_40' title="bbox 356 3936 1955 4025">
    <p class='ocr_par' dir='ltr' id='par_1_40' title="bbox 356 3936 1955 4025">
     <span class='ocr_line' id='line_1_41' title="bbox 356 3936 1955 4025; baseline 0.013 -34"><span class='ocrx_word' id='word_1_295' title='bbox 356 3936 426 3991; x_wconf 80' lang='lat' dir='ltr'><strong>At</strong></span> <span class='ocrx_word' id='word_1_296' title='bbox 453 3950 587 3995; x_wconf 82' lang='lat' dir='ltr'><strong>sane</strong></span> <span class='ocrx_word' id='word_1_297' title='bbox 618 3949 832 4000; x_wconf 89' lang='lat' dir='ltr'><strong>constat</strong></span> <span class='ocrx_word' id='word_1_298' title='bbox 871 3958 1066 4003; x_wconf 89' lang='lat' dir='ltr'><strong>nomen</strong></span> <span class='ocrx_word' id='word_1_299' title='bbox 1095 3946 1308 4006; x_wconf 68' lang='lat' dir='ltr'><strong>invidia:</strong></span> <span class='ocrx_word' id='word_1_300' title='bbox 1354 3950 1421 4006; x_wconf 90' lang='lat' dir='ltr'><strong>iis</strong></span> <span class='ocrx_word' id='word_1_301' title='bbox 1463 3951 1713 4009; x_wconf 90' lang='lat' dir='ltr'><strong>omnibus</strong></span> <span class='ocrx_word' id='word_1_302' title='bbox 1739 3954 1794 4008; x_wconf 91' lang='lat' dir='ltr'><strong>in</strong></span> <span class='ocrx_word' id='word_1_303' title='bbox 1822 3953 1955 4025; x_wconf 82' lang='lat' dir='ltr'><strong>locis</strong></span> 
     </span>
    </p>
   </div>
   <div class='ocr_carea' id='block_1_41' title="bbox 370 4036 1957 4118">
    <p class='ocr_par' dir='ltr' id='par_1_41' title="bbox 370 4036 1957 4118">
     <span class='ocr_line' id='line_1_42' title="bbox 370 4036 1957 4118; baseline 0.013 -33"><span class='ocrx_word' id='word_1_304' title='bbox 370 4045 477 4085; x_wconf 88' lang='lat' dir='ltr'><strong>non</strong></span> <span class='ocrx_word' id='word_1_305' title='bbox 507 4036 779 4089; x_wconf 88' lang='lat' dir='ltr'><strong>communi</strong></span> <span class='ocrx_word' id='word_1_306' title='bbox 826 4036 971 4092; x_wconf 89' lang='lat' dir='ltr'><strong>illius</strong></span> <span class='ocrx_word' id='word_1_307' title='bbox 1013 4039 1314 4111; x_wconf 80' lang='lat' dir='ltr'><strong>signiﬁcatu</strong></span> <span class='ocrx_word' id='word_1_308' title='bbox 1358 4045 1527 4116; x_wconf 86' lang='lat' dir='ltr'><strong>accipi</strong></span> <span class='ocrx_word' id='word_1_309' title='bbox 1573 4062 1672 4118; x_wconf 90' lang='lat' dir='ltr'><strong>pro</strong></span> <span class='ocrx_word' id='word_1_310' title='bbox 1724 4046 1850 4103; x_wconf 91' lang='lat' dir='ltr'><strong>odio</strong></span> <span class='ocrx_word' id='word_1_311' title='bbox 1901 4056 1957 4113; x_wconf 80' lang='lat' dir='ltr'><strong>et</strong></span> 
     </span>
    </p>
   </div>
   <div class='ocr_carea' id='block_1_42' title="bbox 362 4119 1959 4208">
    <p class='ocr_par' dir='ltr' id='par_1_42' title="bbox 362 4119 1959 4208">
     <span class='ocr_line' id='line_1_43' title="bbox 362 4119 1959 4208; baseline 0.013 -33"><span class='ocrx_word' id='word_1_312' title='bbox 362 4119 736 4180; x_wconf 84' lang='lat' dir='ltr'><strong>malevolentia</strong></span> <span class='ocrx_word' id='word_1_313' title='bbox 758 4167 771 4191; x_wconf 92' lang='lat'><strong>,</strong></span> <span class='ocrx_word' id='word_1_314' title='bbox 805 4137 894 4182; x_wconf 89' lang='lat' dir='ltr'><strong>aut</strong></span> <span class='ocrx_word' id='word_1_315' title='bbox 922 4126 988 4183; x_wconf 90' lang='lat' dir='ltr'><strong>de</strong></span> <span class='ocrx_word' id='word_1_316' title='bbox 1020 4132 1291 4202; x_wconf 87' lang='lat' dir='ltr'><strong>prosperis</strong></span> <span class='ocrx_word' id='word_1_317' title='bbox 1328 4130 1625 4208; x_wconf 82' lang='lat' dir='ltr'><strong>enjuspiam</strong></span> <span class='ocrx_word' id='word_1_318' title='bbox 1669 4138 1831 4201; x_wconf 84' lang='lat' dir='ltr'><strong>rebus</strong></span> <span class='ocrx_word' id='word_1_319' title='bbox 1860 4137 1959 4199; x_wconf 86' lang='lat' dir='ltr'><strong>do-</strong></span> 
     </span>
    </p>
   </div>
   <div class='ocr_carea' id='block_1_43' title="bbox 362 4212 1953 4303">
    <p class='ocr_par' dir='ltr' id='par_1_43' title="bbox 362 4212 1953 4303">
     <span class='ocr_line' id='line_1_44' title="bbox 362 4212 1953 4303; baseline 0.013 -35"><span class='ocrx_word' id='word_1_320' title='bbox 362 4212 498 4271; x_wconf 88' lang='lat' dir='ltr'><strong>lore.</strong></span> <span class='ocrx_word' id='word_1_321' title='bbox 526 4215 659 4271; x_wconf 88' lang='lat' dir='ltr'><strong>Nam</strong></span> <span class='ocrx_word' id='word_1_322' title='bbox 692 4219 794 4274; x_wconf 86' lang='lat' dir='ltr'><strong>ista</strong></span> <span class='ocrx_word' id='word_1_323' title='bbox 826 4222 878 4275; x_wconf 90' lang='lat' dir='ltr'><strong>in</strong></span> <span class='ocrx_word' id='word_1_324' title='bbox 907 4221 1076 4278; x_wconf 90' lang='lat' dir='ltr'><strong>Deum</strong></span> <span class='ocrx_word' id='word_1_325' title='bbox 1102 4240 1200 4280; x_wconf 91' lang='lat' dir='ltr'><strong>nec</strong></span> <span class='ocrx_word' id='word_1_326' title='bbox 1228 4226 1448 4295; x_wconf 89' lang='lat' dir='ltr'><strong>cadunt,</strong></span> <span class='ocrx_word' id='word_1_327' title='bbox 1484 4244 1582 4284; x_wconf 89' lang='lat' dir='ltr'><strong>nec</strong></span> <span class='ocrx_word' id='word_1_328' title='bbox 1609 4228 1670 4287; x_wconf 91' lang='lat' dir='ltr'><strong>iis</strong></span> <span class='ocrx_word' id='word_1_329' title='bbox 1701 4231 1953 4303; x_wconf 74' lang='lat' dir='ltr'><strong>tangitur,</strong></span> 
     </span>
    </p>
   </div>
   <div class='ocr_carea' id='block_1_44' title="bbox 356 4311 1954 4383">
    <p class='ocr_par' dir='ltr' id='par_1_44' title="bbox 356 4311 1954 4383">
     <span class='ocr_line' id='line_1_45' title="bbox 356 4311 1954 4383; baseline 0.012 -23"><span class='ocrx_word' id='word_1_330' title='bbox 356 4315 446 4361; x_wconf 89' lang='lat' dir='ltr'><strong>aut</strong></span> <span class='ocrx_word' id='word_1_331' title='bbox 473 4311 737 4366; x_wconf 79' lang='lat' dir='ltr'><strong>excitatur</strong></span> <span class='ocrx_word' id='word_1_332' title='bbox 765 4311 831 4366; x_wconf 86' lang='lat' dir='ltr'><strong>ad</strong></span> <span class='ocrx_word' id='word_1_333' title='bbox 874 4313 1329 4374; x_wconf 88' lang='lat' dir='ltr'><strong>misericordiam.</strong></span> <span class='ocrx_word' id='word_1_334' title='bbox 1363 4320 1429 4374; x_wconf 81' lang='lat' dir='ltr'><strong>Et</strong></span> <span class='ocrx_word' id='word_1_335' title='bbox 1460 4331 1606 4378; x_wconf 85' lang='lat' dir='ltr'><strong>certe</strong></span> <span class='ocrx_word' id='word_1_336' title='bbox 1647 4322 1839 4383; x_wconf 85' lang='lat' dir='ltr'><strong>Cicero</strong></span> <span class='ocrx_word' id='word_1_337' title='bbox 1871 4323 1954 4379; x_wconf 83' lang='lat' dir='ltr'><strong>la-</strong></span> 
     </span>
    </p>
   </div>
   <div class='ocr_carea' id='block_1_45' title="bbox 360 4402 1951 4485">
    <p class='ocr_par' dir='ltr' id='par_1_45' title="bbox 360 4402 1951 4485">
     <span class='ocr_line' id='line_1_46' title="bbox 360 4402 1951 4485; baseline 0.01 -32"><span class='ocrx_word' id='word_1_338' title='bbox 360 4406 501 4454; x_wconf 86' lang='lat' dir='ltr'><strong>tetur</strong></span> <span class='ocrx_word' id='word_1_339' title='bbox 525 4402 832 4474; x_wconf 83' lang='lat' dir='ltr'><strong>ambiguum</strong></span> <span class='ocrx_word' id='word_1_340' title='bbox 861 4419 985 4460; x_wconf 88' lang='lat' dir='ltr'><strong>esse</strong></span> <span class='ocrx_word' id='word_1_341' title='bbox 1014 4423 1209 4464; x_wconf 90' lang='lat' dir='ltr'><strong>nomen</strong></span> <span class='ocrx_word' id='word_1_342' title='bbox 1240 4410 1461 4466; x_wconf 72' lang='lat' dir='ltr'><strong>invidia:</strong></span> <span class='ocrx_word' id='word_1_343' title='bbox 1487 4428 1500 4465; x_wconf 91' lang='lat'><strong>:</strong></span> <span class='ocrx_word' id='word_1_344' title='bbox 1534 4412 1685 4478; x_wconf 82' lang='lat' dir='ltr'><strong>Quod</strong></span> <span class='ocrx_word' id='word_1_345' title='bbox 1711 4415 1913 4471; x_wconf 85' lang='lat' dir='ltr'><strong>verbum</strong></span> <span class='ocrx_word' id='word_1_346' title='bbox 1934 4456 1951 4485; x_wconf 87' lang='lat'><strong>,</strong></span> 
     </span>
    </p>
   </div>
   <div class='ocr_carea' id='block_1_46' title="bbox 354 4488 1951 4582">
    <p class='ocr_par' dir='ltr' id='par_1_46' title="bbox 354 4488 1951 4582">
     <span class='ocr_line' id='line_1_47' title="bbox 354 4488 1951 4582; baseline 0.016 -39"><span class='ocrx_word' id='word_1_347' title='bbox 354 4488 551 4560; x_wconf 83' lang='lat' dir='ltr'><strong>inquit,</strong></span> <span class='ocrx_word' id='word_1_348' title='bbox 582 4493 787 4549; x_wconf 89' lang='lat' dir='ltr'><strong>ductum</strong></span> <span class='ocrx_word' id='word_1_349' title='bbox 810 4507 881 4552; x_wconf 87' lang='lat' dir='ltr'><strong>est</strong></span> <span class='ocrx_word' id='word_1_350' title='bbox 911 4515 943 4551; x_wconf 91' lang='lat' dir='ltr'><strong>a</strong></span> <span class='ocrx_word' id='word_1_351' title='bbox 967 4500 1117 4555; x_wconf 81' lang='lat' dir='ltr'><strong>nimis</strong></span> <span class='ocrx_word' id='word_1_352' title='bbox 1138 4502 1387 4557; x_wconf 86' lang='lat' dir='ltr'><strong>intuendo</strong></span> <span class='ocrx_word' id='word_1_353' title='bbox 1415 4508 1678 4574; x_wconf 80' lang='lat' dir='ltr'><strong>fortunam</strong></span> <span class='ocrx_word' id='word_1_354' title='bbox 1718 4506 1951 4582; x_wconf 57' lang='lat' dir='ltr'><strong>alterius,</strong></span> 
     </span>
    </p>
   </div>
   <div class='ocr_carea' id='block_1_47' title="bbox 354 4583 952 4661">
    <p class='ocr_par' dir='ltr' id='par_1_47' title="bbox 354 4583 952 4661">
     <span class='ocr_line' id='line_1_48' title="bbox 354 4583 952 4661; baseline 0.012 -24"><span class='ocrx_word' id='word_1_355' title='bbox 354 4590 412 4637; x_wconf 82' lang='lat' dir='ltr'><strong>ut</strong></span> <span class='ocrx_word' id='word_1_356' title='bbox 434 4593 506 4637; x_wconf 87' lang='lat' dir='ltr'><strong>est</strong></span> <span class='ocrx_word' id='word_1_357' title='bbox 529 4583 581 4638; x_wconf 83' lang='lat' dir='ltr'><strong>in</strong></span> <span class='ocrx_word' id='word_1_358' title='bbox 611 4583 909 4661; x_wconf 80' lang='lat' dir='ltr'><strong>Menalippo</strong></span> <span class='ocrx_word' id='word_1_359' title='bbox 933 4606 952 4644; x_wconf 89' lang='lat'><strong><em>:</em></strong></span> 
     </span>
    </p>
   </div>
   <div class='ocr_carea' id='block_1_48' title="bbox 483 4688 1572 4763">
    <p class='ocr_par' dir='ltr' id='par_1_48' title="bbox 483 4688 1572 4763">
     <span class='ocr_line' id='line_1_49' title="bbox 483 4688 1572 4763; baseline 0.017 -18"><span class='ocrx_word' id='word_1_360' title='bbox 483 4688 921 4763; x_wconf 80' lang='lat' dir='ltr'><strong>Floremquisnam</strong></span> <span class='ocrx_word' id='word_1_361' title='bbox 941 4704 1156 4757; x_wconf 88' lang='lat' dir='ltr'><strong>liberum</strong></span> <span class='ocrx_word' id='word_1_362' title='bbox 1177 4709 1351 4761; x_wconf 85' lang='lat' dir='ltr'><strong>invidit</strong></span> <span class='ocrx_word' id='word_1_363' title='bbox 1370 4713 1572 4762; x_wconf 81' lang='lat' dir='ltr'><strong>meum?</strong></span> 
     </span>
    </p>
   </div>
   <div class='ocr_carea' id='block_1_49' title="bbox 355 4812 1958 4912">
    <p class='ocr_par' dir='ltr' id='par_1_49' title="bbox 355 4812 1958 4912">
     <span class='ocr_line' id='line_1_50' title="bbox 355 4812 1958 4912; baseline 0.017 -39"><span class='ocrx_word' id='word_1_364' title='bbox 355 4817 500 4876; x_wconf 77' lang='lat' dir='ltr'><strong>Male</strong></span> <span class='ocrx_word' id='word_1_365' title='bbox 517 4812 675 4881; x_wconf 81' lang='lat' dir='ltr'><strong>latine</strong></span> <span class='ocrx_word' id='word_1_366' title='bbox 693 4827 911 4897; x_wconf 78' lang='lat' dir='ltr'><strong>videtur,</strong></span> <span class='ocrx_word' id='word_1_367' title='bbox 933 4834 1024 4888; x_wconf 85' lang='lat' dir='ltr'><strong>sed</strong></span> <span class='ocrx_word' id='word_1_368' title='bbox 1044 4836 1294 4905; x_wconf 66' lang='lat' dir='ltr'><strong>praeclare</strong></span> <span class='ocrx_word' id='word_1_369' title='bbox 1313 4836 1489 4894; x_wconf 79' lang='lat' dir='ltr'><strong>Actius</strong></span> <span class='ocrx_word' id='word_1_370' title='bbox 1503 4854 1523 4894; x_wconf 68' lang='grc' dir='ltr'><em>τ</em></span> <span class='ocrx_word' id='word_1_371' title='bbox 1542 4847 1598 4897; x_wconf 79' lang='lat' dir='ltr'><strong>ut</strong></span> <span class='ocrx_word' id='word_1_372' title='bbox 1617 4841 1751 4897; x_wconf 75' lang='lat' dir='ltr'><strong>enim</strong></span> <span class='ocrx_word' id='word_1_373' title='bbox 1769 4840 1958 4912; x_wconf 70' lang='lat' dir='ltr'><strong>videre,</strong></span> 
     </span>
    </p>
   </div>
   <div class='ocr_carea' id='block_1_50' title="bbox 354 4917 1961 5003">
    <p class='ocr_par' dir='ltr' id='par_1_50' title="bbox 354 4917 1961 5003">
     <span class='ocr_line' id='line_1_51' title="bbox 354 4917 1961 5003; baseline 0.016 -35"><span class='ocrx_word' id='word_1_374' title='bbox 354 4917 428 4969; x_wconf 88' lang='lat' dir='ltr'><strong>sic</strong></span> <span class='ocrx_word' id='word_1_375' title='bbox 456 4917 684 4974; x_wconf 86' lang='lat' dir='ltr'><strong>invidere</strong></span> <span class='ocrx_word' id='word_1_376' title='bbox 697 4920 885 5003; x_wconf 80' lang='lat' dir='ltr'><strong>ﬂorem</strong></span> <span class='ocrx_word' id='word_1_377' title='bbox 908 4928 1114 4994; x_wconf 88' lang='lat' dir='ltr'><strong>rectius,</strong></span> <span class='ocrx_word' id='word_1_378' title='bbox 1145 4946 1297 5003; x_wconf 85' lang='lat' dir='ltr'><strong>quam</strong></span> <span class='ocrx_word' id='word_1_379' title='bbox 1318 4930 1439 4987; x_wconf 84' lang='lat' dir='ltr'><strong>ﬂori</strong></span> <span class='ocrx_word' id='word_1_380' title='bbox 1462 4932 1672 4990; x_wconf 87' lang='lat' dir='ltr'><strong>dicitur.</strong></span> <span class='ocrx_word' id='word_1_381' title='bbox 1702 4934 1818 4992; x_wconf 86' lang='lat' dir='ltr'><strong>Nos</strong></span> <span class='ocrx_word' id='word_1_382' title='bbox 1837 4954 1961 4993; x_wconf 84' lang='lat' dir='ltr'><strong>con-</strong></span> 
     </span>
    </p>
   </div>
   <div class='ocr_carea' id='block_1_51' title="bbox 357 5001 1958 5096">
    <p class='ocr_par' dir='ltr' id='par_1_51' title="bbox 357 5001 1958 5096">
     <span class='ocr_line' id='line_1_52' title="bbox 357 5001 1958 5096; baseline 0.015 -33"><span class='ocrx_word' id='word_1_383' title='bbox 357 5012 623 5068; x_wconf 84' lang='lat' dir='ltr'><strong>suetudine</strong></span> <span class='ocrx_word' id='word_1_384' title='bbox 642 5001 974 5086; x_wconf 81' lang='lat' dir='ltr'><strong>prohibemur</strong></span> <span class='ocrx_word' id='word_1_385' title='bbox 1000 5038 1020 5075; x_wconf 90' lang='lat'><strong><em>:</em></strong></span> <span class='ocrx_word' id='word_1_386' title='bbox 1059 5001 1207 5093; x_wconf 85' lang='lat' dir='ltr'><strong>poeta</strong></span> <span class='ocrx_word' id='word_1_387' title='bbox 1235 5025 1328 5095; x_wconf 86' lang='lat' dir='ltr'><strong>jus</strong></span> <span class='ocrx_word' id='word_1_388' title='bbox 1366 5042 1517 5081; x_wconf 85' lang='lat' dir='ltr'><strong>suum</strong></span> <span class='ocrx_word' id='word_1_389' title='bbox 1543 5030 1722 5096; x_wconf 88' lang='lat' dir='ltr'><strong>tenuit,</strong></span> <span class='ocrx_word' id='word_1_390' title='bbox 1751 5041 1798 5086; x_wconf 88' lang='lat' dir='ltr'><strong>et</strong></span> <span class='ocrx_word' id='word_1_391' title='bbox 1827 5032 1958 5088; x_wconf 78' lang='lat' dir='ltr'><strong>dixit</strong></span> 
     </span>
    </p>
   </div>
   <div class='ocr_carea' id='block_1_52' title="bbox 354 5103 1953 5198">
    <p class='ocr_par' dir='ltr' id='par_1_52' title="bbox 354 5103 1953 5198">
     <span class='ocr_line' id='line_1_53' title="bbox 354 5103 1953 5198; baseline 0.018 -43"><span class='ocrx_word' id='word_1_392' title='bbox 354 5103 603 5161; x_wconf 80' lang='lat' dir='ltr'><strong>audacius</strong></span> <span class='ocrx_word' id='word_1_393' title='bbox 631 5107 845 5179; x_wconf 86' lang='lat' dir='ltr'><strong>(Cicer.,</strong></span> <span class='ocrx_word' id='word_1_394' title='bbox 880 5112 970 5167; x_wconf 83' lang='lat' dir='ltr'><strong>lib.</strong></span> <span class='ocrx_word' id='word_1_395' title='bbox 999 5114 1065 5170; x_wconf 89' lang='lat' dir='ltr'><strong>Ill</strong></span> <span class='ocrx_word' id='word_1_396' title='bbox 1116 5115 1351 5186; x_wconf 87' lang='lat' dir='ltr'><strong>Tuscul.,</strong></span> <span class='ocrx_word' id='word_1_397' title='bbox 1380 5137 1500 5194; x_wconf 85' lang='lat' dir='ltr'><strong>pag.</strong></span> <span class='ocrx_word' id='word_1_398' title='bbox 1533 5122 1659 5191; x_wconf 76' lang='grc'><strong>151,</strong></span> <span class='ocrx_word' id='word_1_399' title='bbox 1690 5124 1781 5182; x_wconf 89' lang='lat' dir='ltr'><strong>lin.</strong></span> <span class='ocrx_word' id='word_1_400' title='bbox 1816 5126 1953 5198; x_wconf 82' lang='grc'><strong>10).</strong></span> 
     </span>
    </p>
   </div>
   <div class='ocr_carea' id='block_1_53' title="bbox 358 5191 1950 5289">
    <p class='ocr_par' dir='ltr' id='par_1_53' title="bbox 358 5191 1950 5289">
     <span class='ocr_line' id='line_1_54' title="bbox 358 5191 1950 5289; baseline 0.016 -40"><span class='ocrx_word' id='word_1_401' title='bbox 358 5191 494 5261; x_wconf 83' lang='lat' dir='ltr'><strong>Quid</strong></span> <span class='ocrx_word' id='word_1_402' title='bbox 538 5212 669 5268; x_wconf 77' lang='lat' dir='ltr'><strong>ergo</strong></span> <span class='ocrx_word' id='word_1_403' title='bbox 713 5201 758 5256; x_wconf 88' lang='lat' dir='ltr'><strong>si</strong></span> <span class='ocrx_word' id='word_1_404' title='bbox 800 5201 1168 5263; x_wconf 83' lang='lat' dir='ltr'><strong>Tertullianus</strong></span> <span class='ocrx_word' id='word_1_405' title='bbox 1214 5225 1411 5267; x_wconf 89' lang='lat' dir='ltr'><strong>nomen</strong></span> <span class='ocrx_word' id='word_1_406' title='bbox 1449 5191 1676 5271; x_wconf 82' lang='lat' dir='ltr'><strong>invidiae</strong></span> <span class='ocrx_word' id='word_1_407' title='bbox 1720 5191 1950 5289; x_wconf 41' lang='lat' dir='ltr'><strong>eodem&#39;,</strong></span> 
     </span>
    </p>
   </div>
   <div class='ocr_carea' id='block_1_54' title="bbox 353 5289 1956 5375">
    <p class='ocr_par' dir='ltr' id='par_1_54' title="bbox 353 5289 1956 5375">
     <span class='ocr_line' id='line_1_55' title="bbox 353 5289 1956 5375; baseline 0.016 -34"><span class='ocrx_word' id='word_1_408' title='bbox 353 5292 515 5356; x_wconf 79' lang='lat' dir='ltr'><strong>atque</strong></span> <span class='ocrx_word' id='word_1_409' title='bbox 552 5289 773 5359; x_wconf 82' lang='lat' dir='ltr'><strong>Actius,</strong></span> <span class='ocrx_word' id='word_1_410' title='bbox 821 5310 983 5353; x_wconf 87' lang='lat' dir='ltr'><strong>sensu</strong></span> <span class='ocrx_word' id='word_1_411' title='bbox 1012 5303 1311 5373; x_wconf 88' lang='lat' dir='ltr'><strong>acceperit,</strong></span> <span class='ocrx_word' id='word_1_412' title='bbox 1340 5318 1438 5375; x_wconf 89' lang='lat' dir='ltr'><strong>pro</strong></span> <span class='ocrx_word' id='word_1_413' title='bbox 1466 5305 1686 5375; x_wconf 88' lang='lat' dir='ltr'><strong>intuitu,</strong></span> <span class='ocrx_word' id='word_1_414' title='bbox 1731 5309 1847 5365; x_wconf 88' lang='lat' dir='ltr'><strong>visu</strong></span> <span class='ocrx_word' id='word_1_415' title='bbox 1899 5320 1956 5367; x_wconf 86' lang='lat' dir='ltr'><strong>et</strong></span> 
     </span>
    </p>
   </div>
   <div class='ocr_carea' id='block_1_55' title="bbox 353 5385 1958 5469">
    <p class='ocr_par' dir='ltr' id='par_1_55' title="bbox 353 5385 1958 5469">
     <span class='ocr_line' id='line_1_56' title="bbox 353 5385 1958 5469; baseline 0.017 -37"><span class='ocrx_word' id='word_1_416' title='bbox 353 5389 576 5449; x_wconf 86' lang='lat' dir='ltr'><strong>aspectu</strong></span> <span class='ocrx_word' id='word_1_417' title='bbox 613 5385 797 5442; x_wconf 84' lang='lat' dir='ltr'><strong>miseri</strong></span> <span class='ocrx_word' id='word_1_418' title='bbox 836 5399 1010 5448; x_wconf 84' lang='lat' dir='ltr'><strong>status</strong></span> <span class='ocrx_word' id='word_1_419' title='bbox 1047 5401 1104 5450; x_wconf 89' lang='lat' dir='ltr'><strong>et</strong></span> <span class='ocrx_word' id='word_1_420' title='bbox 1155 5395 1369 5453; x_wconf 88' lang='lat' dir='ltr'><strong>habitus</strong></span> <span class='ocrx_word' id='word_1_421' title='bbox 1398 5402 1776 5469; x_wconf 83' lang='lat' dir='ltr'><strong>paenitentiam</strong></span> <span class='ocrx_word' id='word_1_422' title='bbox 1808 5404 1958 5460; x_wconf 82' lang='lat' dir='ltr'><strong>chri-</strong></span> 
     </span>
    </p>
   </div>
   <div class='ocr_carea' id='block_1_56' title="bbox 352 5471 1957 5565">
    <p class='ocr_par' dir='ltr' id='par_1_56' title="bbox 352 5471 1957 5565">
     <span class='ocr_line' id='line_1_57' title="bbox 352 5471 1957 5565; baseline 0.014 -36"><span class='ocrx_word' id='word_1_423' title='bbox 352 5471 676 5545; x_wconf 84' lang='lat' dir='ltr'><strong>stianorum,</strong></span> <span class='ocrx_word' id='word_1_424' title='bbox 703 5480 793 5550; x_wconf 90' lang='lat' dir='ltr'><strong>qui</strong></span> <span class='ocrx_word' id='word_1_425' title='bbox 813 5496 879 5538; x_wconf 90' lang='lat' dir='ltr'><strong>eo</strong></span> <span class='ocrx_word' id='word_1_426' title='bbox 906 5484 1139 5541; x_wconf 82' lang='lat' dir='ltr'><strong>divinam</strong></span> <span class='ocrx_word' id='word_1_427' title='bbox 1165 5488 1589 5547; x_wconf 89' lang='lat' dir='ltr'><strong>misericordiam</strong></span> <span class='ocrx_word' id='word_1_428' title='bbox 1622 5502 1861 5565; x_wconf 80' lang='lat' dir='ltr'><strong>tangere,</strong></span> <span class='ocrx_word' id='word_1_429' title='bbox 1891 5511 1957 5554; x_wconf 84' lang='lat' dir='ltr'><strong>ac</strong></span> 
     </span>
    </p>
   </div>
   <div class='ocr_carea' id='block_1_57' title="bbox 351 5576 1953 5661">
    <p class='ocr_par' dir='ltr' id='par_1_57' title="bbox 351 5576 1953 5661">
     <span class='ocr_line' id='line_1_58' title="bbox 351 5576 1953 5661; baseline 0.018 -44"><span class='ocrx_word' id='word_1_430' title='bbox 351 5577 697 5627; x_wconf 85' lang='lat' dir='ltr'><strong>commovere</strong></span> <span class='ocrx_word' id='word_1_431' title='bbox 745 5576 1158 5637; x_wconf 86' lang='lat' dir='ltr'><strong>connitehantur</strong></span> <span class='ocrx_word' id='word_1_432' title='bbox 1237 5578 1588 5655; x_wconf 80' lang='lat' dir='ltr'><strong>(Tcrtullian.</strong></span> <span class='ocrx_word' id='word_1_433' title='bbox 1637 5587 1953 5661; x_wconf 80' lang='lat' dir='ltr'><strong>Apologet.,</strong></span> 
     </span>
    </p>
   </div>
   <div class='ocr_carea' id='block_1_58' title="bbox 238 5648 928 5741">
    <p class='ocr_par' dir='ltr' id='par_1_58' title="bbox 238 5648 928 5741">
     <span class='ocr_line' id='line_1_59' title="bbox 238 5648 928 5741; baseline 0.028 -35"><span class='ocrx_word' id='word_1_434' title='bbox 238 5648 246 5655; x_wconf 84' lang='grc'><em>’</em></span> <span class='ocrx_word' id='word_1_435' title='bbox 314 5730 323 5741; x_wconf 18' lang='grc' dir='ltr'>ἢ</span> <span class='ocrx_word' id='word_1_436' title='bbox 350 5670 469 5729; x_wconf 87' lang='lat' dir='ltr'><strong>cap.</strong></span> <span class='ocrx_word' id='word_1_437' title='bbox 490 5659 582 5727; x_wconf 75' lang='grc' dir='ltr'><strong>ιο,</strong></span> <span class='ocrx_word' id='word_1_438' title='bbox 610 5680 730 5736; x_wconf 93' lang='lat' dir='ltr'><strong>pag.</strong></span> <span class='ocrx_word' id='word_1_439' title='bbox 754 5666 928 5739; x_wconf 71' lang='lat' dir='ltr'><strong>I87)?</strong></span> 
     </span>
    </p>
   </div>
   <div class='ocr_carea' id='block_1_59' title="bbox 425 5747 1965 5848">
    <p class='ocr_par' dir='ltr' id='par_1_59' title="bbox 425 5747 1965 5848">
     <span class='ocr_line' id='line_1_60' title="bbox 425 5747 1965 5848; baseline 0.018 -44"><span class='ocrx_word' id='word_1_440' title='bbox 425 5747 634 5821; x_wconf 69' lang='lat' dir='ltr'><strong>Negare</strong></span> <span class='ocrx_word' id='word_1_441' title='bbox 680 5767 858 5817; x_wconf 89' lang='lat' dir='ltr'><strong>autem</strong></span> <span class='ocrx_word' id='word_1_442' title='bbox 902 5778 1008 5819; x_wconf 92' lang='lat' dir='ltr'><strong>non</strong></span> <span class='ocrx_word' id='word_1_443' title='bbox 1054 5780 1348 5837; x_wconf 81' lang='lat' dir='ltr'><strong>possumus</strong></span> <span class='ocrx_word' id='word_1_444' title='bbox 1376 5768 1445 5825; x_wconf 87' lang='lat' dir='ltr'><strong>ab</strong></span> <span class='ocrx_word' id='word_1_445' title='bbox 1482 5769 1714 5828; x_wconf 88' lang='lat' dir='ltr'><strong>ethnicis</strong></span> <span class='ocrx_word' id='word_1_446' title='bbox 1745 5789 1965 5848; x_wconf 84' lang='lat' dir='ltr'><strong>quoque</strong></span> 
     </span>
    </p>
   </div>
   <div class='ocr_carea' id='block_1_60' title="bbox 350 5847 1968 5940">
    <p class='ocr_par' dir='ltr' id='par_1_60' title="bbox 350 5847 1968 5940">
     <span class='ocr_line' id='line_1_61' title="bbox 350 5847 1968 5940; baseline 0.019 -41"><span class='ocrx_word' id='word_1_447' title='bbox 350 5848 471 5901; x_wconf 85' lang='lat' dir='ltr'><strong>acta</strong></span> <span class='ocrx_word' id='word_1_448' title='bbox 519 5847 764 5919; x_wconf 74' lang='lat' dir='ltr'><strong>quaedam</strong></span> <span class='ocrx_word' id='word_1_449' title='bbox 820 5853 874 5912; x_wconf 85' lang='lat' dir='ltr'><strong>in</strong></span> <span class='ocrx_word' id='word_1_450' title='bbox 921 5858 1149 5929; x_wconf 82' lang='lat' dir='ltr'><strong>publicis</strong></span> <span class='ocrx_word' id='word_1_451' title='bbox 1193 5862 1591 5926; x_wconf 83' lang='lat' dir='ltr'><strong>calamitatibus</strong></span> <span class='ocrx_word' id='word_1_452' title='bbox 1631 5847 1968 5940; x_wconf 76' lang='lat' dir='ltr'><strong>poenitentia:</strong></span> 
     </span>
    </p>
   </div>
   <div class='ocr_carea' id='block_1_61' title="bbox 2085 552 3681 646">
    <p class='ocr_par' dir='ltr' id='par_1_61' title="bbox 2085 552 3681 646">
     <span class='ocr_line' id='line_1_62' title="bbox 2085 552 3681 646; baseline 0.018 -41"><span class='ocrx_word' id='word_1_453' title='bbox 2085 552 2504 612; x_wconf 84' lang='lat' dir='ltr'><strong>arbitrabantur.</strong></span> <span class='ocrx_word' id='word_1_454' title='bbox 2538 557 2672 613; x_wconf 86' lang='lat' dir='ltr'><strong>Tum</strong></span> <span class='ocrx_word' id='word_1_455' title='bbox 2703 562 2845 616; x_wconf 89' lang='lat' dir='ltr'><strong>enim</strong></span> <span class='ocrx_word' id='word_1_456' title='bbox 2877 566 3146 633; x_wconf 87' lang='lat' dir='ltr'><strong>aquilicia,</strong></span> <span class='ocrx_word' id='word_1_457' title='bbox 3181 570 3542 641; x_wconf 88' lang='lat' dir='ltr'><strong>nudipedalia,</strong></span> <span class='ocrx_word' id='word_1_458' title='bbox 3572 592 3681 646; x_wconf 75' lang='lat' dir='ltr'><strong>po~</strong></span> 
     </span>
    </p>
   </div>
   <div class='ocr_carea' id='block_1_62' title="bbox 2082 644 3674 739">
    <p class='ocr_par' dir='ltr' id='par_1_62' title="bbox 2082 644 3674 739">
     <span class='ocr_line' id='line_1_63' title="bbox 2082 644 3674 739; baseline 0.017 -42"><span class='ocrx_word' id='word_1_459' title='bbox 2082 644 2213 713; x_wconf 87' lang='lat' dir='ltr'><strong>pulo</strong></span> <span class='ocrx_word' id='word_1_460' title='bbox 2238 645 2645 716; x_wconf 78' lang='lat' dir='ltr'><strong>denuntiabant,</strong></span> <span class='ocrx_word' id='word_1_461' title='bbox 2678 652 3020 723; x_wconf 87' lang='lat' dir='ltr'><strong>deponebant</strong></span> <span class='ocrx_word' id='word_1_462' title='bbox 3045 661 3395 730; x_wconf 86' lang='lat' dir='ltr'><strong>magistratus</strong></span> <span class='ocrx_word' id='word_1_463' title='bbox 3419 674 3472 721; x_wconf 91' lang='lat' dir='ltr'><strong>et</strong></span> <span class='ocrx_word' id='word_1_464' title='bbox 3494 644 3674 739; x_wconf 72' lang='lat' dir='ltr'><strong>digni-</strong></span> 
     </span>
    </p>
   </div>
   <div class='ocr_carea' id='block_1_63' title="bbox 2082 743 3670 830">
    <p class='ocr_par' dir='ltr' id='par_1_63' title="bbox 2082 743 3670 830">
     <span class='ocr_line' id='line_1_64' title="bbox 2082 743 3670 830; baseline 0.018 -39"><span class='ocrx_word' id='word_1_465' title='bbox 2082 743 2249 793; x_wconf 84' lang='lat' dir='ltr'><strong>talum</strong></span> <span class='ocrx_word' id='word_1_466' title='bbox 2289 753 2506 797; x_wconf 87' lang='lat' dir='ltr'><strong>suarum</strong></span> <span class='ocrx_word' id='word_1_467' title='bbox 2553 743 2800 816; x_wconf 88' lang='lat' dir='ltr'><strong>insignia,</strong></span> <span class='ocrx_word' id='word_1_468' title='bbox 2841 749 3053 819; x_wconf 83' lang='lat' dir='ltr'><strong>aliaque</strong></span> <span class='ocrx_word' id='word_1_469' title='bbox 3100 756 3350 824; x_wconf 86' lang='lat' dir='ltr'><strong>agebant,</strong></span> <span class='ocrx_word' id='word_1_470' title='bbox 3380 758 3447 815; x_wconf 91' lang='lat' dir='ltr'><strong>de</strong></span> <span class='ocrx_word' id='word_1_471' title='bbox 3473 764 3670 830; x_wconf 89' lang='lat' dir='ltr'><strong>quibus</strong></span> 
     </span>
    </p>
   </div>
   <div class='ocr_carea' id='block_1_64' title="bbox 2079 831 3674 924">
    <p class='ocr_par' dir='ltr' id='par_1_64' title="bbox 2079 831 3674 924">
     <span class='ocr_line' id='line_1_65' title="bbox 2079 831 3674 924; baseline 0.016 -39"><span class='ocrx_word' id='word_1_472' title='bbox 2079 831 2327 887; x_wconf 87' lang='lat' dir='ltr'><strong>omnibus</strong></span> <span class='ocrx_word' id='word_1_473' title='bbox 2376 834 2513 890; x_wconf 82' lang='lat' dir='ltr'><strong>inira</strong></span> <span class='ocrx_word' id='word_1_474' title='bbox 2554 851 2776 908; x_wconf 85' lang='lat' dir='ltr'><strong>agemus</strong></span> <span class='ocrx_word' id='word_1_475' title='bbox 2825 840 2845 911; x_wconf 89' lang='lat'>(</span> <span class='ocrx_word' id='word_1_476' title='bbox 2862 840 3025 915; x_wconf 78' lang='lat' dir='ltr'><strong>Infr.,</strong></span> <span class='ocrx_word' id='word_1_477' title='bbox 3058 861 3175 917; x_wconf 89' lang='lat' dir='ltr'><strong>cap.</strong></span> <span class='ocrx_word' id='word_1_478' title='bbox 3206 848 3299 915; x_wconf 69' lang='lat'><strong>23,</strong></span> <span class='ocrx_word' id='word_1_479' title='bbox 3331 861 3433 907; x_wconf 88' lang='lat' dir='ltr'><strong>art.</strong></span> <span class='ocrx_word' id='word_1_480' title='bbox 3461 853 3540 924; x_wconf 70' lang='grc'><strong>6).</strong></span> <span class='ocrx_word' id='word_1_481' title='bbox 3566 853 3674 911; x_wconf 89' lang='lat' dir='ltr'><strong>Sed</strong></span> 
     </span>
    </p>
   </div>
   <div class='ocr_carea' id='block_1_65' title="bbox 2076 919 3677 1019">
    <p class='ocr_par' dir='ltr' id='par_1_65' title="bbox 2076 919 3677 1019">
     <span class='ocr_line' id='line_1_66' title="bbox 2076 919 3677 1019; baseline 0.018 -45"><span class='ocrx_word' id='word_1_482' title='bbox 2076 919 2335 979; x_wconf 78' lang='lat' dir='ltr'><strong>laetitiam</strong></span> <span class='ocrx_word' id='word_1_483' title='bbox 2367 925 2577 995; x_wconf 76' lang='lat' dir='ltr'><strong>Jovem,</strong></span> <span class='ocrx_word' id='word_1_484' title='bbox 2611 930 2852 1002; x_wconf 83' lang='lat' dir='ltr'><strong>aliosque</strong></span> <span class='ocrx_word' id='word_1_485' title='bbox 2901 937 2991 1006; x_wconf 88' lang='lat' dir='ltr'><strong>qui</strong></span> <span class='ocrx_word' id='word_1_486' title='bbox 3039 938 3109 993; x_wconf 90' lang='lat' dir='ltr'><strong>dii</strong></span> <span class='ocrx_word' id='word_1_487' title='bbox 3143 955 3248 995; x_wconf 93' lang='lat' dir='ltr'><strong>non</strong></span> <span class='ocrx_word' id='word_1_488' title='bbox 3277 953 3450 1009; x_wconf 84' lang='lat' dir='ltr'><strong>erant,</strong></span> <span class='ocrx_word' id='word_1_489' title='bbox 3483 919 3677 1019; x_wconf 65' lang='lat' dir='ltr'><strong>perpe«</strong></span> 
     </span>
    </p>
   </div>
   <div class='ocr_carea' id='block_1_66' title="bbox 2075 1015 3668 1095">
    <p class='ocr_par' dir='ltr' id='par_1_66' title="bbox 2075 1015 3668 1095">
     <span class='ocr_line' id='line_1_67' title="bbox 2075 1015 3668 1095; baseline 0.018 -29"><span class='ocrx_word' id='word_1_490' title='bbox 2075 1025 2189 1068; x_wconf 84' lang='lat' dir='ltr'><strong>ram</strong></span> <span class='ocrx_word' id='word_1_491' title='bbox 2217 1015 2535 1075; x_wconf 82' lang='lat' dir='ltr'><strong>invocabant</strong></span> <span class='ocrx_word' id='word_1_492' title='bbox 2560 1030 2613 1076; x_wconf 88' lang='lat' dir='ltr'><strong>et</strong></span> <span class='ocrx_word' id='word_1_493' title='bbox 2641 1025 3016 1092; x_wconf 84' lang='lat' dir='ltr'><strong>precabantur.</strong></span> <span class='ocrx_word' id='word_1_494' title='bbox 3042 1029 3242 1087; x_wconf 76' lang='lat' dir='ltr'><strong>Verum</strong></span> <span class='ocrx_word' id='word_1_495' title='bbox 3270 1036 3466 1092; x_wconf 89' lang='lat' dir='ltr'><strong>etenim</strong></span> <span class='ocrx_word' id='word_1_496' title='bbox 3499 1015 3668 1095; x_wconf 79' lang='lat' dir='ltr'><strong>Deum</strong></span> 
     </span>
    </p>
   </div>
   <div class='ocr_carea' id='block_1_67' title="bbox 2074 1103 3668 1194">
    <p class='ocr_par' dir='ltr' id='par_1_67' title="bbox 2074 1103 3668 1194">
     <span class='ocr_line' id='line_1_68' title="bbox 2074 1103 3668 1194; baseline 0.018 -36"><span class='ocrx_word' id='word_1_497' title='bbox 2074 1103 2252 1175; x_wconf 86' lang='lat' dir='ltr'><strong>impiis</strong></span> <span class='ocrx_word' id='word_1_498' title='bbox 2278 1108 2383 1165; x_wconf 87' lang='lat' dir='ltr'><strong>illis</strong></span> <span class='ocrx_word' id='word_1_499' title='bbox 2408 1112 2616 1171; x_wconf 86' lang='lat' dir='ltr'><strong>actibus</strong></span> <span class='ocrx_word' id='word_1_500' title='bbox 2644 1124 2696 1169; x_wconf 89' lang='lat' dir='ltr'><strong>et</strong></span> <span class='ocrx_word' id='word_1_501' title='bbox 2718 1120 3192 1187; x_wconf 87' lang='lat' dir='ltr'><strong>superstitionibus</strong></span> <span class='ocrx_word' id='word_1_502' title='bbox 3214 1124 3511 1194; x_wconf 86' lang='lat' dir='ltr'><strong>irritantes,</strong></span> <span class='ocrx_word' id='word_1_503' title='bbox 3534 1130 3668 1187; x_wconf 88' lang='lat' dir='ltr'><strong>nihil</strong></span> 
     </span>
    </p>
   </div>
   <div class='ocr_carea' id='block_1_68' title="bbox 2072 1200 3673 1293">
    <p class='ocr_par' dir='ltr' id='par_1_68' title="bbox 2072 1200 3673 1293">
     <span class='ocr_line' id='line_1_69' title="bbox 2072 1200 3673 1293; baseline 0.014 -41"><span class='ocrx_word' id='word_1_504' title='bbox 2072 1201 2260 1268; x_wconf 81' lang='lat' dir='ltr'><strong>procul</strong></span> <span class='ocrx_word' id='word_1_505' title='bbox 2297 1200 2460 1258; x_wconf 84' lang='lat' dir='ltr'><strong>ilubio</strong></span> <span class='ocrx_word' id='word_1_506' title='bbox 2483 1205 2552 1261; x_wconf 90' lang='lat' dir='ltr'><strong>ab</strong></span> <span class='ocrx_word' id='word_1_507' title='bbox 2579 1221 2667 1275; x_wconf 90' lang='lat' dir='ltr'><strong>eo,</strong></span> <span class='ocrx_word' id='word_1_508' title='bbox 2697 1209 2835 1266; x_wconf 89' lang='lat' dir='ltr'><strong>sicut</strong></span> <span class='ocrx_word' id='word_1_509' title='bbox 2862 1226 2960 1268; x_wconf 89' lang='lat' dir='ltr'><strong>nec</strong></span> <span class='ocrx_word' id='word_1_510' title='bbox 2990 1228 3020 1268; x_wconf 85' lang='lat' dir='ltr'><strong>a</strong></span> <span class='ocrx_word' id='word_1_511' title='bbox 3051 1213 3200 1272; x_wconf 78' lang='lat' dir='ltr'><strong>falsis</strong></span> <span class='ocrx_word' id='word_1_512' title='bbox 3227 1217 3328 1275; x_wconf 82' lang='lat' dir='ltr'><strong>iliis</strong></span> <span class='ocrx_word' id='word_1_513' title='bbox 3348 1220 3482 1288; x_wconf 84' lang='lat' dir='ltr'><strong>suis,</strong></span> <span class='ocrx_word' id='word_1_514' title='bbox 3515 1232 3673 1293; x_wconf 65' lang='lat' dir='ltr'><strong>pote.</strong></span> 
     </span>
    </p>
   </div>
   <div class='ocr_carea' id='block_1_69' title="bbox 2072 1294 2525 1365">
    <p class='ocr_par' dir='ltr' id='par_1_69' title="bbox 2072 1294 2525 1365">
     <span class='ocr_line' id='line_1_70' title="bbox 2072 1294 2525 1365; baseline 0.013 -19"><span class='ocrx_word' id='word_1_515' title='bbox 2072 1299 2193 1348; x_wconf 88' lang='lat' dir='ltr'><strong>rant</strong></span> <span class='ocrx_word' id='word_1_516' title='bbox 2219 1294 2525 1365; x_wconf 84' lang='lat' dir='ltr'><strong>impetrare.</strong></span> 
     </span>
    </p>
   </div>
   <div class='ocr_carea' id='block_1_70' title="bbox 2670 1432 3074 1477">
    <p class='ocr_par' dir='ltr' id='par_1_70' title="bbox 2670 1432 3074 1477">
     <span class='ocr_line' id='line_1_71' title="bbox 2670 1432 3074 1477; baseline 0.015 -6"><span class='ocrx_word' id='word_1_517' title='bbox 2670 1432 2960 1477; x_wconf 78' lang='lat' dir='ltr'><strong>ARTlCULUS</strong></span> <span class='ocrx_word' id='word_1_518' title='bbox 2997 1436 3074 1477; x_wconf 85' lang='lat' dir='ltr'>III.</span> 
     </span>
    </p>
   </div>
   <div class='ocr_carea' id='block_1_71' title="bbox 2078 1519 3671 1616">
    <p class='ocr_par' dir='ltr' id='par_1_71' title="bbox 2078 1519 3671 1616">
     <span class='ocr_line' id='line_1_72' title="bbox 2078 1519 3671 1616; baseline 0.019 -43"><span class='ocrx_word' id='word_1_519' title='bbox 2078 1519 2189 1589; x_wconf 80' lang='lat' dir='ltr'><strong>Quo</strong></span> <span class='ocrx_word' id='word_1_520' title='bbox 2214 1519 2492 1579; x_wconf 68' lang='lat' dir='ltr'><strong>Christiani</strong></span> <span class='ocrx_word' id='word_1_521' title='bbox 2520 1529 2670 1583; x_wconf 84' lang='lat' dir='ltr'><strong>modo</strong></span> <span class='ocrx_word' id='word_1_522' title='bbox 2702 1530 2865 1587; x_wconf 89' lang='lat' dir='ltr'><strong>Deum</strong></span> <span class='ocrx_word' id='word_1_523' title='bbox 2907 1547 3235 1605; x_wconf 78' lang='lat' dir='ltr'><strong>precarentur</strong></span> <span class='ocrx_word' id='word_1_524' title='bbox 3260 1541 3369 1598; x_wconf 83' lang='lat' dir='ltr'><strong>sine</strong></span> <span class='ocrx_word' id='word_1_525' title='bbox 3404 1547 3671 1616; x_wconf 84' lang='lat' dir='ltr'><strong>monitore,</strong></span> 
     </span>
    </p>
   </div>
   <div class='ocr_carea' id='block_1_72' title="bbox 2147 1619 3666 1703">
    <p class='ocr_par' dir='ltr' id='par_1_72' title="bbox 2147 1619 3666 1703">
     <span class='ocr_line' id='line_1_73' title="bbox 2147 1619 3666 1703; baseline 0.02 -36"><span class='ocrx_word' id='word_1_526' title='bbox 2147 1619 2383 1686; x_wconf 79' lang='lat' dir='ltr'><strong>expansis</strong></span> <span class='ocrx_word' id='word_1_527' title='bbox 2410 1620 2480 1672; x_wconf 89' lang='lat' dir='ltr'><strong>ad</strong></span> <span class='ocrx_word' id='word_1_528' title='bbox 2507 1622 2687 1676; x_wconf 63' lang='lat' dir='ltr'><strong>caelum</strong></span> <span class='ocrx_word' id='word_1_529' title='bbox 2719 1627 2972 1696; x_wconf 86' lang='lat' dir='ltr'><strong>manibus,</strong></span> <span class='ocrx_word' id='word_1_530' title='bbox 3002 1632 3168 1702; x_wconf 84' lang='lat' dir='ltr'><strong>capite</strong></span> <span class='ocrx_word' id='word_1_531' title='bbox 3193 1634 3351 1703; x_wconf 88' lang='lat' dir='ltr'><strong>nudo,</strong></span> <span class='ocrx_word' id='word_1_532' title='bbox 3377 1637 3551 1693; x_wconf 89' lang='lat' dir='ltr'><strong>anima</strong></span> <span class='ocrx_word' id='word_1_533' title='bbox 3580 1642 3666 1696; x_wconf 88' lang='lat' dir='ltr'><strong>in-</strong></span> 
     </span>
    </p>
   </div>
   <div class='ocr_carea' id='block_1_73' title="bbox 2147 1709 3671 1799">
    <p class='ocr_par' dir='ltr' id='par_1_73' title="bbox 2147 1709 3671 1799">
     <span class='ocr_line' id='line_1_74' title="bbox 2147 1709 3671 1799; baseline 0.019 -40"><span class='ocrx_word' id='word_1_534' title='bbox 2147 1709 2353 1763; x_wconf 78' lang='lat' dir='ltr'><strong>nocente</strong></span> <span class='ocrx_word' id='word_1_535' title='bbox 2372 1752 2386 1778; x_wconf 96' lang='lat'><strong>,</strong></span> <span class='ocrx_word' id='word_1_536' title='bbox 2417 1721 2567 1783; x_wconf 88' lang='lat' dir='ltr'><strong>atque</strong></span> <span class='ocrx_word' id='word_1_537' title='bbox 2591 1714 2659 1767; x_wconf 84' lang='lat' dir='ltr'><strong>ad</strong></span> <span class='ocrx_word' id='word_1_538' title='bbox 2688 1717 2932 1773; x_wconf 89' lang='lat' dir='ltr'><strong>orientem</strong></span> <span class='ocrx_word' id='word_1_539' title='bbox 2963 1725 3208 1788; x_wconf 84' lang='lat' dir='ltr'><strong>conversi,</strong></span> <span class='ocrx_word' id='word_1_540' title='bbox 3240 1742 3490 1799; x_wconf 84' lang='lat' dir='ltr'><strong>quamque</strong></span> <span class='ocrx_word' id='word_1_541' title='bbox 3514 1731 3671 1789; x_wconf 81' lang='lat' dir='ltr'><strong>dissi-</strong></span> 
     </span>
    </p>
   </div>
   <div class='ocr_carea' id='block_1_74' title="bbox 2148 1802 3671 1881">
    <p class='ocr_par' dir='ltr' id='par_1_74' title="bbox 2148 1802 3671 1881">
     <span class='ocr_line' id='line_1_75' title="bbox 2148 1802 3671 1881; baseline 0.018 -27"><span class='ocrx_word' id='word_1_542' title='bbox 2148 1802 2256 1857; x_wconf 86' lang='lat' dir='ltr'><strong>mili</strong></span> <span class='ocrx_word' id='word_1_543' title='bbox 2282 1805 2477 1864; x_wconf 85' lang='lat' dir='ltr'><strong>ratioue</strong></span> <span class='ocrx_word' id='word_1_544' title='bbox 2497 1808 2681 1864; x_wconf 78' lang='lat' dir='ltr'><strong>ethnici</strong></span> <span class='ocrx_word' id='word_1_545' title='bbox 2709 1810 2830 1867; x_wconf 88' lang='lat' dir='ltr'><strong>deos</strong></span> <span class='ocrx_word' id='word_1_546' title='bbox 2857 1830 2996 1881; x_wconf 86' lang='lat' dir='ltr'><strong>suos,</strong></span> <span class='ocrx_word' id='word_1_547' title='bbox 3024 1833 3084 1870; x_wconf 87' lang='lat' dir='ltr'><strong>ac</strong></span> <span class='ocrx_word' id='word_1_548' title='bbox 3099 1815 3278 1873; x_wconf 74' lang='lat' dir='ltr'><strong>Persa:</strong></span> <span class='ocrx_word' id='word_1_549' title='bbox 3298 1822 3456 1878; x_wconf 89' lang='lat' dir='ltr'><strong>solem</strong></span> <span class='ocrx_word' id='word_1_550' title='bbox 3481 1825 3671 1881; x_wconf 89' lang='lat' dir='ltr'><strong>adora-</strong></span> 
     </span>
    </p>
   </div>
   <div class='ocr_carea' id='block_1_75' title="bbox 2146 1904 2277 1950">
    <p class='ocr_par' dir='ltr' id='par_1_75' title="bbox 2146 1904 2277 1950">
     <span class='ocr_line' id='line_1_76' title="bbox 2146 1904 2277 1950; baseline 0 -2"><span class='ocrx_word' id='word_1_551' title='bbox 2146 1904 2277 1950; x_wconf 88' lang='lat' dir='ltr'><strong>rent.</strong></span> 
     </span>
    </p>
   </div>
   <div class='ocr_carea' id='block_1_76' title="bbox 2144 2029 3671 2120">
    <p class='ocr_par' dir='ltr' id='par_1_76' title="bbox 2144 2029 3671 2120">
     <span class='ocr_line' id='line_1_77' title="bbox 2144 2029 3671 2120; baseline 0.019 -37"><span class='ocrx_word' id='word_1_552' title='bbox 2144 2029 2434 2088; x_wconf 89' lang='lat' dir='ltr'><strong>Christiani</strong></span> <span class='ocrx_word' id='word_1_553' title='bbox 2467 2034 2569 2101; x_wconf 89' lang='lat' dir='ltr'><strong>his,</strong></span> <span class='ocrx_word' id='word_1_554' title='bbox 2600 2054 2721 2109; x_wconf 64' lang='lat' dir='ltr'><strong>qua:</strong></span> <span class='ocrx_word' id='word_1_555' title='bbox 2748 2042 3053 2110; x_wconf 86' lang='lat' dir='ltr'><strong>retulimus,</strong></span> <span class='ocrx_word' id='word_1_556' title='bbox 3080 2045 3313 2105; x_wconf 79' lang='lat' dir='ltr'><strong>horridis</strong></span> <span class='ocrx_word' id='word_1_557' title='bbox 3342 2053 3671 2120; x_wconf 72' lang='lat' dir='ltr'><strong>pmnitentia:</strong></span> 
     </span>
    </p>
   </div>
   <div class='ocr_carea' id='block_1_77' title="bbox 2072 2122 3671 2204">
    <p class='ocr_par' dir='ltr' id='par_1_77' title="bbox 2072 2122 3671 2204">
     <span class='ocr_line' id='line_1_78' title="bbox 2072 2122 3671 2204; baseline 0.014 -25"><span class='ocrx_word' id='word_1_558' title='bbox 2072 2122 2364 2191; x_wconf 81' lang='lat' dir='ltr'><strong>laboribus,</strong></span> <span class='ocrx_word' id='word_1_559' title='bbox 2398 2142 2503 2185; x_wconf 92' lang='lat' dir='ltr'><strong>non</strong></span> <span class='ocrx_word' id='word_1_560' title='bbox 2533 2131 2706 2188; x_wconf 87' lang='lat' dir='ltr'><strong>solum</strong></span> <span class='ocrx_word' id='word_1_561' title='bbox 2752 2136 3084 2204; x_wconf 87' lang='lat' dir='ltr'><strong>publicarum</strong></span> <span class='ocrx_word' id='word_1_562' title='bbox 3124 2141 3486 2203; x_wconf 85' lang='lat' dir='ltr'><strong>calamitatum</strong></span> <span class='ocrx_word' id='word_1_563' title='bbox 3530 2156 3671 2203; x_wconf 78' lang='lat' dir='ltr'><strong>tein-</strong></span> 
     </span>
    </p>
   </div>
   <div class='ocr_carea' id='block_1_78' title="bbox 2071 2220 3667 2308">
    <p class='ocr_par' dir='ltr' id='par_1_78' title="bbox 2071 2220 3667 2308">
     <span class='ocr_line' id='line_1_79' title="bbox 2071 2220 3667 2308; baseline 0.016 -37"><span class='ocrx_word' id='word_1_564' title='bbox 2071 2231 2224 2287; x_wconf 89' lang='lat' dir='ltr'><strong>pore,</strong></span> <span class='ocrx_word' id='word_1_565' title='bbox 2258 2220 2351 2275; x_wconf 86' lang='lat' dir='ltr'><strong>sed</strong></span> <span class='ocrx_word' id='word_1_566' title='bbox 2381 2220 2608 2293; x_wconf 83' lang='lat' dir='ltr'><strong>singulis</strong></span> <span class='ocrx_word' id='word_1_567' title='bbox 2637 2227 2822 2296; x_wconf 86' lang='lat' dir='ltr'><strong>etiam,</strong></span> <span class='ocrx_word' id='word_1_568' title='bbox 2853 2240 2910 2285; x_wconf 90' lang='lat' dir='ltr'><strong>et</strong></span> <span class='ocrx_word' id='word_1_569' title='bbox 2938 2232 3091 2287; x_wconf 85' lang='lat' dir='ltr'><strong>statis</strong></span> <span class='ocrx_word' id='word_1_570' title='bbox 3120 2237 3419 2304; x_wconf 60' lang='lat' dir='ltr'><strong>praesertim</strong></span> <span class='ocrx_word' id='word_1_571' title='bbox 3446 2238 3667 2308; x_wconf 87' lang='lat' dir='ltr'><strong>diebus,</strong></span> 
     </span>
    </p>
   </div>
   <div class='ocr_carea' id='block_1_79' title="bbox 2072 2307 3669 2397">
    <p class='ocr_par' dir='ltr' id='par_1_79' title="bbox 2072 2307 3669 2397">
     <span class='ocr_line' id='line_1_80' title="bbox 2072 2307 3669 2397; baseline 0.016 -34"><span class='ocrx_word' id='word_1_572' title='bbox 2072 2307 2245 2367; x_wconf 90' lang='lat' dir='ltr'><strong>Deum</strong></span> <span class='ocrx_word' id='word_1_573' title='bbox 2284 2322 2339 2369; x_wconf 87' lang='lat' dir='ltr'><strong>et</strong></span> <span class='ocrx_word' id='word_1_574' title='bbox 2379 2328 2477 2379; x_wconf 83' lang='lat' dir='ltr'><strong>pro</strong></span> <span class='ocrx_word' id='word_1_575' title='bbox 2507 2329 2568 2371; x_wconf 91' lang='lat' dir='ltr'><strong>se</strong></span> <span class='ocrx_word' id='word_1_576' title='bbox 2600 2325 2657 2372; x_wconf 90' lang='lat' dir='ltr'><strong>et</strong></span> <span class='ocrx_word' id='word_1_577' title='bbox 2691 2332 2790 2388; x_wconf 87' lang='lat' dir='ltr'><strong>pro</strong></span> <span class='ocrx_word' id='word_1_578' title='bbox 2830 2321 2955 2377; x_wconf 85' lang='lat' dir='ltr'><strong>aliis</strong></span> <span class='ocrx_word' id='word_1_579' title='bbox 2974 2324 3221 2393; x_wconf 86' lang='lat' dir='ltr'><strong>orabant,</strong></span> <span class='ocrx_word' id='word_1_580' title='bbox 3260 2328 3373 2383; x_wconf 84' lang='lat' dir='ltr'><strong>sine</strong></span> <span class='ocrx_word' id='word_1_581' title='bbox 3398 2307 3669 2397; x_wconf 82' lang='lat' dir='ltr'><strong>monitore,</strong></span> 
     </span>
    </p>
   </div>
   <div class='ocr_carea' id='block_1_80' title="bbox 2069 2401 3669 2496">
    <p class='ocr_par' dir='ltr' id='par_1_80' title="bbox 2069 2401 3669 2496">
     <span class='ocr_line' id='line_1_81' title="bbox 2069 2401 3669 2496; baseline 0.016 -40"><span class='ocrx_word' id='word_1_582' title='bbox 2069 2401 2147 2459; x_wconf 89' lang='lat' dir='ltr'><strong>uti</strong></span> <span class='ocrx_word' id='word_1_583' title='bbox 2173 2403 2248 2457; x_wconf 86' lang='lat' dir='ltr'><strong>ait</strong></span> <span class='ocrx_word' id='word_1_584' title='bbox 2276 2405 2480 2462; x_wconf 88' lang='lat' dir='ltr'><strong>Auctor</strong></span> <span class='ocrx_word' id='word_1_585' title='bbox 2510 2417 2727 2476; x_wconf 83' lang='lat' dir='ltr'><strong>noster,</strong></span> <span class='ocrx_word' id='word_1_586' title='bbox 2758 2413 2853 2468; x_wconf 82' lang='lat' dir='ltr'><strong>sed</strong></span> <span class='ocrx_word' id='word_1_587' title='bbox 2884 2414 2952 2470; x_wconf 90' lang='lat' dir='ltr'><strong>de</strong></span> <span class='ocrx_word' id='word_1_588' title='bbox 2980 2428 3182 2487; x_wconf 82' lang='lat' dir='ltr'><strong>pectore</strong></span> <span class='ocrx_word' id='word_1_589' title='bbox 3219 2420 3408 2478; x_wconf 88' lang='lat' dir='ltr'><strong>intimo</strong></span> <span class='ocrx_word' id='word_1_590' title='bbox 3439 2423 3669 2496; x_wconf 81' lang='lat' dir='ltr'><strong>(Tertul-</strong></span> 
     </span>
    </p>
   </div>
   <div class='ocr_carea' id='block_1_81' title="bbox 2068 2492 3669 2588">
    <p class='ocr_par' dir='ltr' id='par_1_81' title="bbox 2068 2492 3669 2588">
     <span class='ocr_line' id='line_1_82' title="bbox 2068 2492 3669 2588; baseline 0.019 -43"><span class='ocrx_word' id='word_1_591' title='bbox 2068 2492 2196 2547; x_wconf 86' lang='lat' dir='ltr'><strong>lian.</strong></span> <span class='ocrx_word' id='word_1_592' title='bbox 2228 2495 2763 2572; x_wconf 76' lang='lat' dir='ltr'><strong>Apologet.,cap.50,</strong></span> <span class='ocrx_word' id='word_1_593' title='bbox 2791 2522 2914 2578; x_wconf 86' lang='lat' dir='ltr'><strong>pag.</strong></span> <span class='ocrx_word' id='word_1_594' title='bbox 2946 2507 3098 2580; x_wconf 72' lang='grc'><strong>445).</strong></span> <span class='ocrx_word' id='word_1_595' title='bbox 3132 2510 3260 2566; x_wconf 84' lang='lat' dir='ltr'><strong>Data</strong></span> <span class='ocrx_word' id='word_1_596' title='bbox 3296 2492 3473 2573; x_wconf 82' lang='lat' dir='ltr'><strong>autem</strong></span> <span class='ocrx_word' id='word_1_597' title='bbox 3502 2532 3669 2588; x_wconf 80' lang='lat' dir='ltr'><strong>opera</strong></span> 
     </span>
    </p>
   </div>
   <div class='ocr_carea' id='block_1_82' title="bbox 2067 2584 3671 2675">
    <p class='ocr_par' dir='ltr' id='par_1_82' title="bbox 2067 2584 3671 2675">
     <span class='ocr_line' id='line_1_83' title="bbox 2067 2584 3671 2675; baseline 0.016 -37"><span class='ocrx_word' id='word_1_598' title='bbox 2067 2584 2228 2653; x_wconf 79' lang='lat' dir='ltr'><strong>dixit,</strong></span> <span class='ocrx_word' id='word_1_599' title='bbox 2257 2589 2366 2645; x_wconf 84' lang='lat' dir='ltr'><strong>sine</strong></span> <span class='ocrx_word' id='word_1_600' title='bbox 2394 2593 2679 2661; x_wconf 86' lang='lat' dir='ltr'><strong>monitore;</strong></span> <span class='ocrx_word' id='word_1_601' title='bbox 2726 2598 2852 2667; x_wconf 82' lang='lat' dir='ltr'><strong>quia</strong></span> <span class='ocrx_word' id='word_1_602' title='bbox 2901 2615 3020 2659; x_wconf 89' lang='lat' dir='ltr'><strong>mos</strong></span> <span class='ocrx_word' id='word_1_603' title='bbox 3064 2602 3406 2663; x_wconf 89' lang='lat' dir='ltr'><strong>ethnicorum</strong></span> <span class='ocrx_word' id='word_1_604' title='bbox 3442 2584 3580 2675; x_wconf 75' lang='lat' dir='ltr'><strong>crai,</strong></span> <span class='ocrx_word' id='word_1_605' title='bbox 3612 2618 3671 2666; x_wconf 90' lang='lat' dir='ltr'><strong>ut</strong></span> 
     </span>
    </p>
   </div>
   <div class='ocr_carea' id='block_1_83' title="bbox 2065 2679 3669 2767">
    <p class='ocr_par' dir='ltr' id='par_1_83' title="bbox 2065 2679 3669 2767">
     <span class='ocr_line' id='line_1_84' title="bbox 2065 2679 3669 2767; baseline 0.015 -33"><span class='ocrx_word' id='word_1_606' title='bbox 2065 2679 2260 2752; x_wconf 89' lang='lat' dir='ltr'><strong>aliquis</strong></span> <span class='ocrx_word' id='word_1_607' title='bbox 2287 2686 2538 2741; x_wconf 82' lang='lat' dir='ltr'><strong>omnibus</strong></span> <span class='ocrx_word' id='word_1_608' title='bbox 2581 2689 2673 2760; x_wconf 84' lang='lat' dir='ltr'><strong>qui</strong></span> <span class='ocrx_word' id='word_1_609' title='bbox 2728 2691 3091 2762; x_wconf 80' lang='lat' dir='ltr'><strong>precabantur</strong></span> <span class='ocrx_word' id='word_1_610' title='bbox 3121 2698 3334 2766; x_wconf 66' lang='lat' dir='ltr'><strong>praeiret</strong></span> <span class='ocrx_word' id='word_1_611' title='bbox 3360 2714 3514 2767; x_wconf 77' lang='lat' dir='ltr'><strong>voce,</strong></span> <span class='ocrx_word' id='word_1_612' title='bbox 3542 2717 3669 2758; x_wconf 88' lang='lat' dir='ltr'><strong>eos-</strong></span> 
     </span>
    </p>
   </div>
   <div class='ocr_carea' id='block_1_84' title="bbox 2065 2782 3666 2861">
    <p class='ocr_par' dir='ltr' id='par_1_84' title="bbox 2065 2782 3666 2861">
     <span class='ocr_line' id='line_1_85' title="bbox 2065 2782 3666 2861; baseline 0.016 -34"><span class='ocrx_word' id='word_1_613' title='bbox 2065 2790 2170 2845; x_wconf 89' lang='lat' dir='ltr'><strong>que</strong></span> <span class='ocrx_word' id='word_1_614' title='bbox 2204 2788 2585 2845; x_wconf 77' lang='lat' dir='ltr'><strong>prznmoneret.</strong></span> <span class='ocrx_word' id='word_1_615' title='bbox 2634 2782 2712 2836; x_wconf 88' lang='lat' dir='ltr'><strong>Ad</strong></span> <span class='ocrx_word' id='word_1_616' title='bbox 2744 2783 2883 2842; x_wconf 90' lang='lat' dir='ltr'><strong>hunc</strong></span> <span class='ocrx_word' id='word_1_617' title='bbox 2915 2798 3043 2841; x_wconf 74' lang='lat' dir='ltr'><strong>vero</strong></span> <span class='ocrx_word' id='word_1_618' title='bbox 3069 2803 3274 2849; x_wconf 87' lang='lat' dir='ltr'><strong>morem</strong></span> <span class='ocrx_word' id='word_1_619' title='bbox 3315 2791 3535 2861; x_wconf 84' lang='lat' dir='ltr'><strong>quidam</strong></span> <span class='ocrx_word' id='word_1_620' title='bbox 3567 2783 3666 2851; x_wconf 30' lang='lat' dir='ltr'><strong>re-I</strong></span> 
     </span>
    </p>
   </div>
   <div class='ocr_carea' id='block_1_85' title="bbox 2064 2865 3123 2935">
    <p class='ocr_par' dir='ltr' id='par_1_85' title="bbox 2064 2865 3123 2935">
     <span class='ocr_line' id='line_1_86' title="bbox 2064 2865 3123 2935; baseline 0.013 -14"><span class='ocrx_word' id='word_1_621' title='bbox 2064 2865 2316 2925; x_wconf 78' lang='lat' dir='ltr'><strong>ferendos</strong></span> <span class='ocrx_word' id='word_1_622' title='bbox 2342 2882 2567 2928; x_wconf 87' lang='lat' dir='ltr'><strong>censent</strong></span> <span class='ocrx_word' id='word_1_623' title='bbox 2593 2873 2692 2930; x_wconf 90' lang='lat' dir='ltr'><strong>hos</strong></span> <span class='ocrx_word' id='word_1_624' title='bbox 2712 2873 2864 2931; x_wconf 86' lang='lat' dir='ltr'><strong>Statii</strong></span> <span class='ocrx_word' id='word_1_625' title='bbox 2895 2893 3083 2935; x_wconf 85' lang='lat' dir='ltr'><strong>versus</strong></span> <span class='ocrx_word' id='word_1_626' title='bbox 3109 2896 3123 2934; x_wconf 77' lang='grc' dir='ltr'><em>ι</em></span> 
     </span>
    </p>
   </div>
   <div class='ocr_carea' id='block_1_86' title="bbox 2187 2987 3515 3066">
    <p class='ocr_par' dir='ltr' id='par_1_86' title="bbox 2187 2987 3515 3066">
     <span class='ocr_line' id='line_1_87' title="bbox 2187 2987 3515 3066; baseline 0.014 -30"><span class='ocrx_word' id='word_1_627' title='bbox 2187 2987 2326 3066; x_wconf 58' lang='grc' dir='ltr'><strong>Ξξὶος</strong></span> <span class='ocrx_word' id='word_1_628' title='bbox 2342 2990 2435 3066; x_wconf 75' lang='lat' dir='ltr'><strong>tibi</strong></span> <span class='ocrx_word' id='word_1_629' title='bbox 2451 2998 2562 3041; x_wconf 80' lang='lat' dir='ltr'><strong>vota</strong></span> <span class='ocrx_word' id='word_1_630' title='bbox 2585 3000 2777 3066; x_wconf 76' lang='lat' dir='ltr'><strong>patrum</strong></span> <span class='ocrx_word' id='word_1_631' title='bbox 2801 2996 3328 3066; x_wconf 80' lang='lat' dir='ltr'><strong>credi,_generosaque</strong></span> <span class='ocrx_word' id='word_1_632' title='bbox 3354 3002 3515 3066; x_wconf 82' lang='lat' dir='ltr'><strong>pubes</strong></span> 
     </span>
    </p>
   </div>
   <div class='ocr_carea' id='block_1_87' title="bbox 2186 3049 3313 3164">
    <p class='ocr_par' dir='ltr' id='par_1_87' title="bbox 2186 3049 3313 3164">
     <span class='ocr_line' id='line_1_88' title="bbox 2186 3049 3313 3160; baseline 0.009 -57"><span class='ocrx_word' id='word_1_633' title='bbox 2186 3049 2263 3160; x_wconf 48' lang='grc' dir='ltr'><strong>ἕρ</strong></span> <span class='ocrx_word' id='word_1_634' title='bbox 2286 3053 2531 3105; x_wconf 70' lang='grc' dir='ltr'><strong>ωοιιίιοιθ</strong></span> <span class='ocrx_word' id='word_1_635' title='bbox 2553 3049 2684 3117; x_wconf 73' lang='lat' dir='ltr'><strong>regi,</strong></span> <span class='ocrx_word' id='word_1_636' title='bbox 2701 3070 2867 3108; x_wconf 87' lang='lat' dir='ltr'><strong>mores</strong></span> <span class='ocrx_word' id='word_1_637' title='bbox 2887 3049 3079 3111; x_wconf 54' lang='lat' dir='ltr'><strong>et&#39;fa&#39;cta</strong></span> <span class='ocrx_word' id='word_1_638' title='bbox 3101 3049 3313 3127; x_wconf 69' lang='lat' dir='ltr'><strong>prioriim</strong></span> 
     </span>
     <span class='ocr_line' id='line_1_89' title="bbox 2235 3125 2389 3164; baseline 0 -3"><span class='ocrx_word' id='word_1_639' title='bbox 2235 3125 2389 3164; x_wconf 85' lang='lat' dir='ltr'><strong>icere.</strong></span> 
     </span>
    </p>
   </div>
   <div class='ocr_carea' id='block_1_88' title="bbox 2817 3180 3554 3254">
    <p class='ocr_par' dir='ltr' id='par_1_88' title="bbox 2817 3180 3554 3254">
     <span class='ocr_line' id='line_1_90' title="bbox 2817 3180 3554 3254; baseline 0.012 -22"><span class='ocrx_word' id='word_1_640' title='bbox 2817 3180 2985 3246; x_wconf 82' lang='lat' dir='ltr'><strong>(Stat.,</strong></span> <span class='ocrx_word' id='word_1_641' title='bbox 3009 3182 3093 3235; x_wconf 87' lang='lat' dir='ltr'><strong>lib.</strong></span> <span class='ocrx_word' id='word_1_642' title='bbox 3120 3193 3153 3235; x_wconf 88' lang='lat' dir='ltr'><strong>v</strong></span> <span class='ocrx_word' id='word_1_643' title='bbox 3174 3183 3330 3250; x_wconf 79' lang='lat' dir='ltr'><strong>Sylv.,</strong></span> <span class='ocrx_word' id='word_1_644' title='bbox 3348 3202 3394 3240; x_wconf 82' lang='grc' dir='ltr'><strong>υ.</strong></span> <span class='ocrx_word' id='word_1_645' title='bbox 3419 3190 3554 3254; x_wconf 70' lang='grc'><strong>488.)</strong></span> 
     </span>
    </p>
   </div>
   <div class='ocr_carea' id='block_1_89' title="bbox 1991 3263 3664 3371">
    <p class='ocr_par' dir='ltr' id='par_1_89' title="bbox 1991 3263 3664 3371">
     <span class='ocr_line' id='line_1_91' title="bbox 1991 3263 3664 3371; baseline 0.014 -43"><span class='ocrx_word' id='word_1_646' title='bbox 1991 3263 2036 3326; x_wconf 89' lang='lat' dir='ltr'><strong>C</strong></span> <span class='ocrx_word' id='word_1_647' title='bbox 2071 3272 2179 3331; x_wconf 88' lang='lat' dir='ltr'><strong>Sed</strong></span> <span class='ocrx_word' id='word_1_648' title='bbox 2211 3276 2282 3332; x_wconf 87' lang='lat' dir='ltr'><strong>ibi</strong></span> <span class='ocrx_word' id='word_1_649' title='bbox 2311 3294 2417 3335; x_wconf 89' lang='lat' dir='ltr'><strong>non</strong></span> <span class='ocrx_word' id='word_1_650' title='bbox 2448 3282 2622 3353; x_wconf 83' lang='lat' dir='ltr'><strong>agitur</strong></span> <span class='ocrx_word' id='word_1_651' title='bbox 2646 3283 2714 3340; x_wconf 89' lang='lat' dir='ltr'><strong>de</strong></span> <span class='ocrx_word' id='word_1_652' title='bbox 2741 3285 2863 3341; x_wconf 90' lang='lat' dir='ltr'><strong>ullis</strong></span> <span class='ocrx_word' id='word_1_653' title='bbox 2891 3289 3140 3358; x_wconf 86' lang='lat' dir='ltr'><strong>precibus</strong></span> <span class='ocrx_word' id='word_1_654' title='bbox 3192 3293 3457 3349; x_wconf 89' lang='lat' dir='ltr'><strong>monitore</strong></span> <span class='ocrx_word' id='word_1_655' title='bbox 3478 3296 3664 3371; x_wconf 87' lang='lat' dir='ltr'><strong>aliquo</strong></span> 
     </span>
    </p>
   </div>
   <div class='ocr_carea' id='block_1_90' title="bbox 2070 3377 3666 3454">
    <p class='ocr_par' dir='ltr' id='par_1_90' title="bbox 2070 3377 3666 3454">
     <span class='ocr_line' id='line_1_92' title="bbox 2070 3377 3666 3454; baseline 0.014 -30"><span class='ocrx_word' id='word_1_656' title='bbox 2070 3382 2347 3441; x_wconf 57' lang='lat' dir='ltr'><strong>praeeunte</strong></span> <span class='ocrx_word' id='word_1_657' title='bbox 2372 3377 2635 3432; x_wconf 87' lang='lat' dir='ltr'><strong>recitatis.</strong></span> <span class='ocrx_word' id='word_1_658' title='bbox 2664 3378 2745 3434; x_wconf 83' lang='lat' dir='ltr'><strong>Ad</strong></span> <span class='ocrx_word' id='word_1_659' title='bbox 2776 3395 2866 3436; x_wconf 84' lang='lat' dir='ltr'><strong>eas</strong></span> <span class='ocrx_word' id='word_1_660' title='bbox 2896 3388 3075 3437; x_wconf 88' lang='lat' dir='ltr'><strong>autem</strong></span> <span class='ocrx_word' id='word_1_661' title='bbox 3100 3385 3318 3454; x_wconf 88' lang='lat' dir='ltr'><strong>propius</strong></span> <span class='ocrx_word' id='word_1_662' title='bbox 3347 3388 3553 3445; x_wconf 90' lang='lat' dir='ltr'><strong>accedit</strong></span> <span class='ocrx_word' id='word_1_663' title='bbox 3581 3389 3666 3447; x_wconf 89' lang='lat' dir='ltr'><strong>his</strong></span> 
     </span>
    </p>
   </div>
   <div class='ocr_carea' id='block_1_91' title="bbox 2067 3463 3667 3547">
    <p class='ocr_par' dir='ltr' id='par_1_91' title="bbox 2067 3463 3667 3547">
     <span class='ocr_line' id='line_1_93' title="bbox 2067 3463 3667 3547; baseline 0.013 -29"><span class='ocrx_word' id='word_1_664' title='bbox 2067 3463 2278 3522; x_wconf 87' lang='lat' dir='ltr'><strong>Plinius</strong></span> <span class='ocrx_word' id='word_1_665' title='bbox 2307 3468 2487 3525; x_wconf 88' lang='lat' dir='ltr'><strong>verbis</strong></span> <span class='ocrx_word' id='word_1_666' title='bbox 2511 3486 2523 3522; x_wconf 89' lang='lat'><strong>:</strong></span> <span class='ocrx_word' id='word_1_667' title='bbox 2563 3468 2797 3527; x_wconf 81' lang='lat' dir='ltr'><strong>Vidimus</strong></span> <span class='ocrx_word' id='word_1_668' title='bbox 2816 3477 2965 3528; x_wconf 80' lang='lat' dir='ltr'><strong>certis</strong></span> <span class='ocrx_word' id='word_1_669' title='bbox 2984 3478 3357 3547; x_wconf 83' lang='lat' dir='ltr'><strong>precationibus</strong></span> <span class='ocrx_word' id='word_1_670' title='bbox 3381 3481 3667 3539; x_wconf 84' lang='lat' dir='ltr'><strong>obsecrasse</strong></span> 
     </span>
    </p>
   </div>
   <div class='ocr_carea' id='block_1_92' title="bbox 2077 3562 3668 3646">
    <p class='ocr_par' dir='ltr' id='par_1_92' title="bbox 2077 3562 3668 3646">
     <span class='ocr_line' id='line_1_94' title="bbox 2077 3562 3668 3646; baseline 0.011 -33"><span class='ocrx_word' id='word_1_671' title='bbox 2077 3574 2300 3615; x_wconf 85' lang='lat' dir='ltr'><strong>summos</strong></span> <span class='ocrx_word' id='word_1_672' title='bbox 2322 3562 2647 3633; x_wconf 86' lang='lat' dir='ltr'><strong>magistratus</strong></span> <span class='ocrx_word' id='word_1_673' title='bbox 2668 3582 2686 3617; x_wconf 90' lang='lat'><em>:</em></span> <span class='ocrx_word' id='word_1_674' title='bbox 2717 3573 2763 3619; x_wconf 86' lang='lat' dir='ltr'><strong>et</strong></span> <span class='ocrx_word' id='word_1_675' title='bbox 2791 3583 2852 3621; x_wconf 91' lang='lat' dir='ltr'><strong>ne</strong></span> <span class='ocrx_word' id='word_1_676' title='bbox 2880 3568 3003 3637; x_wconf 88' lang='lat' dir='ltr'><strong>quid</strong></span> <span class='ocrx_word' id='word_1_677' title='bbox 3022 3569 3284 3625; x_wconf 83' lang='lat' dir='ltr'><strong>uerborum</strong></span> <span class='ocrx_word' id='word_1_678' title='bbox 3312 3583 3668 3646; x_wconf 72' lang='lat' dir='ltr'><strong>prwlereatur,</strong></span> 
     </span>
    </p>
   </div>
   <div class='ocr_carea' id='block_1_93' title="bbox 2068 3655 3659 3736">
    <p class='ocr_par' dir='ltr' id='par_1_93' title="bbox 2068 3655 3659 3736">
     <span class='ocr_line' id='line_1_95' title="bbox 2068 3655 3659 3736; baseline 0.011 -32"><span class='ocrx_word' id='word_1_679' title='bbox 2068 3661 2156 3705; x_wconf 88' lang='lat' dir='ltr'><strong>aut</strong></span> <span class='ocrx_word' id='word_1_680' title='bbox 2194 3664 2564 3723; x_wconf 59' lang='lat' dir='ltr'><strong>praeposterum</strong></span> <span class='ocrx_word' id='word_1_681' title='bbox 2600 3655 2821 3723; x_wconf 86' lang='lat' dir='ltr'><strong>dicatur,</strong></span> <span class='ocrx_word' id='word_1_682' title='bbox 2861 3658 2926 3712; x_wconf 90' lang='lat' dir='ltr'><strong>de</strong></span> <span class='ocrx_word' id='word_1_683' title='bbox 2967 3661 3158 3733; x_wconf 86' lang='lat' dir='ltr'><strong>scripto</strong></span> <span class='ocrx_word' id='word_1_684' title='bbox 3197 3663 3381 3732; x_wconf 77' lang='lat' dir='ltr'><strong>prwire</strong></span> <span class='ocrx_word' id='word_1_685' title='bbox 3408 3665 3659 3736; x_wconf 82' lang='lat' dir='ltr'><strong>aliquem,</strong></span> 
     </span>
    </p>
   </div>
   <div class='ocr_carea' id='block_1_94' title="bbox 2064 3749 3667 3827">
    <p class='ocr_par' dir='ltr' id='par_1_94' title="bbox 2064 3749 3667 3827">
     <span class='ocr_line' id='line_1_96' title="bbox 2064 3749 3667 3827; baseline 0.009 -27"><span class='ocrx_word' id='word_1_686' title='bbox 2064 3761 2339 3817; x_wconf 85' lang='lat' dir='ltr'><strong>rursusque</strong></span> <span class='ocrx_word' id='word_1_687' title='bbox 2380 3749 2537 3802; x_wconf 88' lang='lat' dir='ltr'><strong>alium</strong></span> <span class='ocrx_word' id='word_1_688' title='bbox 2578 3752 2835 3805; x_wconf 85' lang='lat' dir='ltr'><strong>custodem</strong></span> <span class='ocrx_word' id='word_1_689' title='bbox 2878 3753 2994 3807; x_wconf 84' lang='lat' dir='ltr'><strong>dari</strong></span> <span class='ocrx_word' id='word_1_690' title='bbox 3061 3756 3149 3824; x_wconf 89' lang='lat' dir='ltr'><strong>qui</strong></span> <span class='ocrx_word' id='word_1_691' title='bbox 3192 3758 3451 3827; x_wconf 87' lang='lat' dir='ltr'><strong>atlendat,</strong></span> <span class='ocrx_word' id='word_1_692' title='bbox 3508 3760 3667 3815; x_wconf 87' lang='lat' dir='ltr'><strong>alium</strong></span> 
     </span>
    </p>
   </div>
   <div class='ocr_carea' id='block_1_95' title="bbox 2063 3842 3670 3922">
    <p class='ocr_par' dir='ltr' id='par_1_95' title="bbox 2063 3842 3670 3922">
     <span class='ocr_line' id='line_1_97' title="bbox 2063 3842 3670 3922; baseline 0.009 -29"><span class='ocrx_word' id='word_1_693' title='bbox 2063 3854 2179 3894; x_wconf 78' lang='lat' dir='ltr'><strong>vero</strong></span> <span class='ocrx_word' id='word_1_694' title='bbox 2212 3842 2441 3911; x_wconf 63' lang='lat' dir='ltr'><strong>praeponi</strong></span> <span class='ocrx_word' id='word_1_695' title='bbox 2476 3843 2564 3913; x_wconf 88' lang='lat' dir='ltr'><strong>qui</strong></span> <span class='ocrx_word' id='word_1_696' title='bbox 2594 3845 2755 3916; x_wconf 75' lang='lat' dir='ltr'><strong>foveri</strong></span> <span class='ocrx_word' id='word_1_697' title='bbox 2793 3845 2999 3914; x_wconf 83' lang='lat' dir='ltr'><strong>linguis,</strong></span> <span class='ocrx_word' id='word_1_698' title='bbox 3033 3847 3084 3901; x_wconf 91' lang='lat' dir='ltr'><strong>id</strong></span> <span class='ocrx_word' id='word_1_699' title='bbox 3114 3858 3195 3902; x_wconf 90' lang='lat' dir='ltr'><strong>est</strong></span> <span class='ocrx_word' id='word_1_700' title='bbox 3242 3861 3439 3916; x_wconf 88' lang='lat' dir='ltr'><strong>tacere,</strong></span> <span class='ocrx_word' id='word_1_701' title='bbox 3482 3851 3670 3922; x_wconf 86' lang='lat' dir='ltr'><strong>jubeat</strong></span> 
     </span>
    </p>
   </div>
   <div class='ocr_carea' id='block_1_96' title="bbox 2063 3933 3669 4016">
    <p class='ocr_par' dir='ltr' id='par_1_96' title="bbox 2063 3933 3669 4016">
     <span class='ocr_line' id='line_1_98' title="bbox 2063 3933 3669 4016; baseline 0.009 -28"><span class='ocrx_word' id='word_1_702' title='bbox 2063 3933 2258 4004; x_wconf 57' lang='grc' dir='ltr'><strong>(νυνι,</strong></span> <span class='ocrx_word' id='word_1_703' title='bbox 2275 3933 2360 3990; x_wconf 84' lang='lat' dir='ltr'><strong>lib.</strong></span> <span class='ocrx_word' id='word_1_704' title='bbox 2379 3934 2597 3993; x_wconf 80' lang='lat' dir='ltr'><strong>XXVIII</strong></span> <span class='ocrx_word' id='word_1_705' title='bbox 2611 3947 2781 3993; x_wconf 86' lang='lat' dir='ltr'><strong>natur.</strong></span> <span class='ocrx_word' id='word_1_706' title='bbox 2801 3938 2963 4006; x_wconf 83' lang='lat' dir='ltr'><strong>Hist.,</strong></span> <span class='ocrx_word' id='word_1_707' title='bbox 2983 3957 3097 4012; x_wconf 89' lang='lat' dir='ltr'><strong>cap.</strong></span> <span class='ocrx_word' id='word_1_708' title='bbox 3116 3941 3170 4005; x_wconf 73' lang='lat'><strong>2,</strong></span> <span class='ocrx_word' id='word_1_709' title='bbox 3186 3959 3307 4015; x_wconf 87' lang='lat' dir='ltr'><strong>pag.</strong></span> <span class='ocrx_word' id='word_1_710' title='bbox 3323 3943 3530 4016; x_wconf 79' lang='lat' dir='ltr'><strong>556).Si</strong></span> <span class='ocrx_word' id='word_1_711' title='bbox 3549 3945 3669 4015; x_wconf 86' lang='lat' dir='ltr'><strong>quis</strong></span> 
     </span>
    </p>
   </div>
   <div class='ocr_carea' id='block_1_97' title="bbox 2063 4028 3667 4106">
    <p class='ocr_par' dir='ltr' id='par_1_97' title="bbox 2063 4028 3667 4106">
     <span class='ocr_line' id='line_1_99' title="bbox 2063 4028 3667 4106; baseline 0.005 -22"><span class='ocrx_word' id='word_1_712' title='bbox 2063 4036 2245 4085; x_wconf 86' lang='lat' dir='ltr'><strong>tamen</strong></span> <span class='ocrx_word' id='word_1_713' title='bbox 2297 4028 2514 4099; x_wconf 87' lang='lat' dir='ltr'><strong>ohjiciat</strong></span> <span class='ocrx_word' id='word_1_714' title='bbox 2555 4029 2645 4086; x_wconf 93' lang='lat' dir='ltr'><strong>hic</strong></span> <span class='ocrx_word' id='word_1_715' title='bbox 2683 4031 2751 4087; x_wconf 90' lang='lat' dir='ltr'><strong>de</strong></span> <span class='ocrx_word' id='word_1_716' title='bbox 2800 4034 3108 4104; x_wconf 56' lang='lat' dir='ltr'><strong>praestigiis,</strong></span> <span class='ocrx_word' id='word_1_717' title='bbox 3151 4044 3369 4105; x_wconf 89' lang='lat' dir='ltr'><strong>tumque</strong></span> <span class='ocrx_word' id='word_1_718' title='bbox 3412 4051 3667 4106; x_wconf 86' lang='lat' dir='ltr'><strong>praenun-</strong></span> 
     </span>
    </p>
   </div>
   <div class='ocr_carea' id='block_1_98' title="bbox 2066 4122 3663 4201">
    <p class='ocr_par' dir='ltr' id='par_1_98' title="bbox 2066 4122 3663 4201">
     <span class='ocr_line' id='line_1_100' title="bbox 2066 4122 3663 4201; baseline 0.007 -24"><span class='ocrx_word' id='word_1_719' title='bbox 2066 4123 2214 4178; x_wconf 88' lang='lat' dir='ltr'><strong>tiatis</strong></span> <span class='ocrx_word' id='word_1_720' title='bbox 2239 4122 2465 4179; x_wconf 82' lang='lat' dir='ltr'><strong>vocibus</strong></span> <span class='ocrx_word' id='word_1_721' title='bbox 2496 4139 2801 4181; x_wconf 88' lang='lat' dir='ltr'><strong>sermonem</strong></span> <span class='ocrx_word' id='word_1_722' title='bbox 2835 4127 3059 4193; x_wconf 89' lang='lat' dir='ltr'><strong>institui,</strong></span> <span class='ocrx_word' id='word_1_723' title='bbox 3085 4126 3131 4181; x_wconf 85' lang='lat' dir='ltr'><strong>is</strong></span> <span class='ocrx_word' id='word_1_724' title='bbox 3160 4135 3305 4182; x_wconf 87' lang='lat' dir='ltr'><strong>certe</strong></span> <span class='ocrx_word' id='word_1_725' title='bbox 3334 4142 3533 4201; x_wconf 84' lang='lat' dir='ltr'><strong>negare</strong></span> <span class='ocrx_word' id='word_1_726' title='bbox 3563 4146 3663 4188; x_wconf 80' lang='lat' dir='ltr'><strong>ne-</strong></span> 
     </span>
    </p>
   </div>
   <div class='ocr_carea' id='block_1_99' title="bbox 2064 4216 3658 4292">
    <p class='ocr_par' dir='ltr' id='par_1_99' title="bbox 2064 4216 3658 4292">
     <span class='ocr_line' id='line_1_101' title="bbox 2064 4216 3658 4292; baseline 0.004 -22"><span class='ocrx_word' id='word_1_727' title='bbox 2064 4216 2237 4286; x_wconf 88' lang='lat' dir='ltr'><strong>quibit</strong></span> <span class='ocrx_word' id='word_1_728' title='bbox 2267 4216 2614 4271; x_wconf 89' lang='lat' dir='ltr'><strong>Plutarchum</strong></span> <span class='ocrx_word' id='word_1_729' title='bbox 2664 4217 2731 4272; x_wconf 90' lang='lat' dir='ltr'><strong>de</strong></span> <span class='ocrx_word' id='word_1_730' title='bbox 2774 4218 3106 4273; x_wconf 89' lang='lat' dir='ltr'><strong>solemnibus</strong></span> <span class='ocrx_word' id='word_1_731' title='bbox 3149 4219 3426 4289; x_wconf 85' lang='lat' dir='ltr'><strong>gentilium</strong></span> <span class='ocrx_word' id='word_1_732' title='bbox 3469 4238 3658 4292; x_wconf 82' lang='lat' dir='ltr'><strong>preca-</strong></span> 
     </span>
    </p>
   </div>
   <div class='ocr_carea' id='block_1_100' title="bbox 2065 4310 3663 4391">
    <p class='ocr_par' dir='ltr' id='par_1_100' title="bbox 2065 4310 3663 4391">
     <span class='ocr_line' id='line_1_102' title="bbox 2065 4310 3663 4391; baseline 0.007 -27"><span class='ocrx_word' id='word_1_733' title='bbox 2065 4310 2303 4365; x_wconf 89' lang='lat' dir='ltr'><strong>tionibus</strong></span> <span class='ocrx_word' id='word_1_734' title='bbox 2330 4310 2498 4380; x_wconf 87' lang='lat' dir='ltr'><strong>loqui,</strong></span> <span class='ocrx_word' id='word_1_735' title='bbox 2530 4312 2617 4365; x_wconf 88' lang='lat' dir='ltr'><strong>uhi</strong></span> <span class='ocrx_word' id='word_1_736' title='bbox 2648 4312 2882 4366; x_wconf 88' lang='lat' dir='ltr'><strong>monitos</strong></span> <span class='ocrx_word' id='word_1_737' title='bbox 2910 4327 3008 4366; x_wconf 91' lang='lat' dir='ltr'><strong>nos</strong></span> <span class='ocrx_word' id='word_1_738' title='bbox 3036 4312 3164 4391; x_wconf 66' lang='lat' dir='ltr'><strong>facit</strong></span> <span class='ocrx_word' id='word_1_739' title='bbox 3187 4330 3216 4369; x_wconf 91' lang='lat' dir='ltr'><strong>a</strong></span> <span class='ocrx_word' id='word_1_740' title='bbox 3245 4314 3416 4371; x_wconf 85' lang='lat' dir='ltr'><strong>Numa</strong></span> <span class='ocrx_word' id='word_1_741' title='bbox 3447 4318 3663 4391; x_wconf 85' lang='lat' dir='ltr'><strong>Pompi-</strong></span> 
     </span>
    </p>
   </div>
   <div class='ocr_carea' id='block_1_101' title="bbox 2063 4390 3662 4476">
    <p class='ocr_par' dir='ltr' id='par_1_101' title="bbox 2063 4390 3662 4476">
     <span class='ocr_line' id='line_1_103' title="bbox 2063 4390 3662 4476; baseline 0.006 -20"><span class='ocrx_word' id='word_1_742' title='bbox 2063 4399 2137 4456; x_wconf 87' lang='lat' dir='ltr'><strong>lio</strong></span> <span class='ocrx_word' id='word_1_743' title='bbox 2174 4410 2502 4471; x_wconf 77' lang='lat' dir='ltr'><strong>przeceptum</strong></span> <span class='ocrx_word' id='word_1_744' title='bbox 2547 4400 2737 4469; x_wconf 83' lang='lat' dir='ltr'><strong>fuisse,</strong></span> <span class='ocrx_word' id='word_1_745' title='bbox 2778 4410 2837 4456; x_wconf 90' lang='lat' dir='ltr'><strong>ut</strong></span> <span class='ocrx_word' id='word_1_746' title='bbox 2874 4417 2993 4457; x_wconf 90' lang='lat' dir='ltr'><strong>cum</strong></span> <span class='ocrx_word' id='word_1_747' title='bbox 3024 4390 3365 4476; x_wconf 80' lang='lat' dir='ltr'><strong>magistratus</strong></span> <span class='ocrx_word' id='word_1_748' title='bbox 3393 4417 3448 4463; x_wconf 91' lang='lat' dir='ltr'><strong>et</strong></span> <span class='ocrx_word' id='word_1_749' title='bbox 3477 4424 3662 4465; x_wconf 89' lang='lat' dir='ltr'><strong>sacer-</strong></span> 
     </span>
    </p>
   </div>
   <div class='ocr_carea' id='block_1_102' title="bbox 2068 4491 3664 4568">
    <p class='ocr_par' dir='ltr' id='par_1_102' title="bbox 2068 4491 3664 4568">
     <span class='ocr_line' id='line_1_104' title="bbox 2068 4491 3664 4568; baseline 0.008 -21"><span class='ocrx_word' id='word_1_750' title='bbox 2068 4491 2223 4547; x_wconf 88' lang='lat' dir='ltr'><strong>dotes</strong></span> <span class='ocrx_word' id='word_1_751' title='bbox 2261 4492 2461 4562; x_wconf 89' lang='lat' dir='ltr'><strong>aliquid</strong></span> <span class='ocrx_word' id='word_1_752' title='bbox 2489 4492 2568 4547; x_wconf 86' lang='lat' dir='ltr'><strong>rei</strong></span> <span class='ocrx_word' id='word_1_753' title='bbox 2599 4491 2792 4547; x_wconf 67' lang='lat' dir='ltr'><strong>divina:</strong></span> <span class='ocrx_word' id='word_1_754' title='bbox 2814 4492 3037 4563; x_wconf 78' lang='lat' dir='ltr'><strong>faciunt,</strong></span> <span class='ocrx_word' id='word_1_755' title='bbox 3061 4498 3343 4553; x_wconf 87' lang='lat' dir='ltr'><strong>antecedat</strong></span> <span class='ocrx_word' id='word_1_756' title='bbox 3373 4514 3571 4568; x_wconf 78' lang='lat' dir='ltr'><strong>pra-co,</strong></span> <span class='ocrx_word' id='word_1_757' title='bbox 3598 4515 3664 4559; x_wconf 86' lang='lat' dir='ltr'><strong>ac</strong></span> 
     </span>
    </p>
   </div>
   <div class='ocr_carea' id='block_1_103' title="bbox 2063 4584 3665 4668">
    <p class='ocr_par' dir='ltr' id='par_1_103' title="bbox 2063 4584 3665 4668">
     <span class='ocr_line' id='line_1_105' title="bbox 2063 4584 3665 4668; baseline 0.006 -29"><span class='ocrx_word' id='word_1_758' title='bbox 2063 4599 2257 4656; x_wconf 85' lang='lat' dir='ltr'><strong>magna</strong></span> <span class='ocrx_word' id='word_1_759' title='bbox 2287 4600 2420 4640; x_wconf 86' lang='lat' dir='ltr'><strong>voce</strong></span> <span class='ocrx_word' id='word_1_760' title='bbox 2448 4586 2644 4653; x_wconf 85' lang='lat' dir='ltr'><strong>clamet</strong></span> <span class='ocrx_word' id='word_1_761' title='bbox 2671 4603 2684 4638; x_wconf 88' lang='lat'>:</span> <span class='ocrx_word' id='word_1_762' title='bbox 2716 4584 2831 4641; x_wconf 84' lang='lat' dir='ltr'><strong>Hoc</strong></span> <span class='ocrx_word' id='word_1_763' title='bbox 2856 4604 2952 4659; x_wconf 87' lang='lat' dir='ltr'><strong>age</strong></span> <span class='ocrx_word' id='word_1_764' title='bbox 2993 4604 3012 4642; x_wconf 90' lang='lat'><strong><em>:</em></strong></span> <span class='ocrx_word' id='word_1_765' title='bbox 3039 4596 3063 4643; x_wconf 83' lang='grc' dir='ltr'><strong><em>ὁ</em></strong></span> <span class='ocrx_word' id='word_1_766' title='bbox 3094 4602 3242 4663; x_wconf 58' lang='grc' dir='ltr'><strong>κῆρυξ</strong></span> <span class='ocrx_word' id='word_1_767' title='bbox 3275 4601 3457 4664; x_wconf 61' lang='lat' dir='ltr'><strong>«pi-eiei</strong></span> <span class='ocrx_word' id='word_1_768' title='bbox 3479 4603 3665 4668; x_wconf 60' lang='grc' dir='ltr'><strong>μεγάλῃ</strong></span> 
     </span>
    </p>
   </div>
   <div class='ocr_carea' id='block_1_104' title="bbox 1983 4669 3668 4758">
    <p class='ocr_par' dir='ltr' id='par_1_104' title="bbox 1983 4669 3668 4758">
     <span class='ocr_line' id='line_1_106' title="bbox 1983 4669 3668 4758; baseline 0.005 -24"><span class='ocrx_word' id='word_1_769' title='bbox 1983 4669 2040 4734; x_wconf 78' lang='grc' dir='ltr'><strong>Ι)</strong></span> <span class='ocrx_word' id='word_1_770' title='bbox 2067 4692 2211 4753; x_wconf 68' lang='grc' dir='ltr'><strong>φωνῇ,</strong></span> <span class='ocrx_word' id='word_1_771' title='bbox 2243 4685 2296 4734; x_wconf 61' lang='lat' dir='ltr'><strong>ex</strong></span> <span class='ocrx_word' id='word_1_772' title='bbox 2319 4684 2402 4751; x_wconf 51' lang='lat' dir='ltr'><strong>ay:</strong></span> <span class='ocrx_word' id='word_1_773' title='bbox 2426 4677 2762 4751; x_wconf 86' lang='lat' dir='ltr'><strong>(Plutarch.,</strong></span> <span class='ocrx_word' id='word_1_774' title='bbox 2792 4688 2913 4735; x_wconf 90' lang='lat' dir='ltr'><strong>tom.</strong></span> <span class='ocrx_word' id='word_1_775' title='bbox 2940 4679 2981 4743; x_wconf 93' lang='lat' dir='ltr'><strong>l,</strong></span> <span class='ocrx_word' id='word_1_776' title='bbox 3017 4681 3071 4735; x_wconf 89' lang='lat' dir='ltr'><strong>in</strong></span> <span class='ocrx_word' id='word_1_777' title='bbox 3107 4680 3222 4735; x_wconf 85' lang='lat' dir='ltr'><strong>Vita</strong></span> <span class='ocrx_word' id='word_1_778' title='bbox 3249 4683 3441 4740; x_wconf 87' lang='lat' dir='ltr'><strong>Coriol.</strong></span> <span class='ocrx_word' id='word_1_779' title='bbox 3472 4727 3489 4754; x_wconf 94' lang='lat'><strong>,</strong></span> <span class='ocrx_word' id='word_1_780' title='bbox 3541 4703 3668 4758; x_wconf 85' lang='lat' dir='ltr'><strong>pag.</strong></span> 
     </span>
    </p>
   </div>
   <div class='ocr_carea' id='block_1_105' title="bbox 2064 4768 3667 4846">
    <p class='ocr_par' dir='ltr' id='par_1_105' title="bbox 2064 4768 3667 4846">
     <span class='ocr_line' id='line_1_107' title="bbox 2064 4768 3667 4846; baseline 0.006 -21"><span class='ocrx_word' id='word_1_781' title='bbox 2064 4768 2219 4843; x_wconf 73' lang='lat'><strong>225).</strong></span> <span class='ocrx_word' id='word_1_782' title='bbox 2270 4769 2499 4827; x_wconf 87' lang='lat' dir='ltr'><strong>Jubebat</strong></span> <span class='ocrx_word' id='word_1_783' title='bbox 2548 4779 2727 4826; x_wconf 90' lang='lat' dir='ltr'><strong>autem</strong></span> <span class='ocrx_word' id='word_1_784' title='bbox 2783 4787 2845 4828; x_wconf 91' lang='lat' dir='ltr'><strong>ea</strong></span> <span class='ocrx_word' id='word_1_785' title='bbox 2895 4786 3048 4842; x_wconf 85' lang='lat' dir='ltr'><strong>voce,</strong></span> <span class='ocrx_word' id='word_1_786' title='bbox 3105 4774 3295 4846; x_wconf 87' lang='lat' dir='ltr'><strong>inquit,</strong></span> <span class='ocrx_word' id='word_1_787' title='bbox 3354 4791 3544 4835; x_wconf 89' lang='lat' dir='ltr'><strong>omnes</strong></span> <span class='ocrx_word' id='word_1_788' title='bbox 3579 4793 3667 4835; x_wconf 82' lang='lat' dir='ltr'><strong>re-</strong></span> 
     </span>
    </p>
   </div>
   <div class='ocr_carea' id='block_1_106' title="bbox 2066 4862 3669 4944">
    <p class='ocr_par' dir='ltr' id='par_1_106' title="bbox 2066 4862 3669 4944">
     <span class='ocr_line' id='line_1_108' title="bbox 2066 4862 3669 4944; baseline 0.007 -26"><span class='ocrx_word' id='word_1_789' title='bbox 2066 4862 2170 4919; x_wconf 89' lang='lat' dir='ltr'><strong>bus</strong></span> <span class='ocrx_word' id='word_1_790' title='bbox 2210 4863 2410 4920; x_wconf 86' lang='lat' dir='ltr'><strong>divinis</strong></span> <span class='ocrx_word' id='word_1_791' title='bbox 2438 4879 2560 4920; x_wconf 91' lang='lat' dir='ltr'><strong>essc</strong></span> <span class='ocrx_word' id='word_1_792' title='bbox 2602 4864 2859 4934; x_wconf 88' lang='lat' dir='ltr'><strong>intentos,</strong></span> <span class='ocrx_word' id='word_1_793' title='bbox 2893 4881 2992 4921; x_wconf 88' lang='lat' dir='ltr'><strong>nec</strong></span> <span class='ocrx_word' id='word_1_794' title='bbox 3037 4866 3145 4922; x_wconf 89' lang='lat' dir='ltr'><strong>ullo</strong></span> <span class='ocrx_word' id='word_1_795' title='bbox 3182 4883 3346 4939; x_wconf 90' lang='lat' dir='ltr'><strong>opere</strong></span> <span class='ocrx_word' id='word_1_796' title='bbox 3386 4880 3476 4926; x_wconf 89' lang='lat' dir='ltr'><strong>aut</strong></span> <span class='ocrx_word' id='word_1_797' title='bbox 3502 4887 3669 4944; x_wconf 87' lang='lat' dir='ltr'><strong>nego-</strong></span> 
     </span>
    </p>
   </div>
   <div class='ocr_carea' id='block_1_107' title="bbox 2065 4958 3666 5034">
    <p class='ocr_par' dir='ltr' id='par_1_107' title="bbox 2065 4958 3666 5034">
     <span class='ocr_line' id='line_1_109' title="bbox 2065 4958 3666 5034; baseline 0.004 -20"><span class='ocrx_word' id='word_1_798' title='bbox 2065 4958 2144 5014; x_wconf 88' lang='lat' dir='ltr'><strong>tio</strong></span> <span class='ocrx_word' id='word_1_799' title='bbox 2173 4958 2519 5031; x_wconf 86' lang='lat' dir='ltr'><strong>interpellari.</strong></span> <span class='ocrx_word' id='word_1_800' title='bbox 2543 4959 2656 5015; x_wconf 87' lang='lat' dir='ltr'><strong>lluc</strong></span> <span class='ocrx_word' id='word_1_801' title='bbox 2680 4958 2886 5015; x_wconf 81' lang='lat' dir='ltr'><strong>accedit</strong></span> <span class='ocrx_word' id='word_1_802' title='bbox 2905 4958 3181 5017; x_wconf 86' lang='lat' dir='ltr'><strong>Juvenalis</strong></span> <span class='ocrx_word' id='word_1_803' title='bbox 3205 4962 3293 5034; x_wconf 90' lang='lat' dir='ltr'><strong>qui</strong></span> <span class='ocrx_word' id='word_1_804' title='bbox 3322 4961 3388 5018; x_wconf 91' lang='lat' dir='ltr'><strong>de</strong></span> <span class='ocrx_word' id='word_1_805' title='bbox 3445 4962 3666 5021; x_wconf 65' lang='lat' dir='ltr'><strong>flemina</strong></span> 
     </span>
    </p>
   </div>
   <div class='ocr_carea' id='block_1_108' title="bbox 2065 5050 3666 5128">
    <p class='ocr_par' dir='ltr' id='par_1_108' title="bbox 2065 5050 3666 5128">
     <span class='ocr_line' id='line_1_110' title="bbox 2065 5050 3666 5128; baseline 0.002 -20"><span class='ocrx_word' id='word_1_806' title='bbox 2065 5050 2261 5108; x_wconf 85' lang='lat' dir='ltr'><strong>Janum</strong></span> <span class='ocrx_word' id='word_1_807' title='bbox 2298 5051 2644 5126; x_wconf 80' lang='lat' dir='ltr'><strong>Vestamque,</strong></span> <span class='ocrx_word' id='word_1_808' title='bbox 2674 5059 2733 5108; x_wconf 91' lang='lat' dir='ltr'><strong>ut</strong></span> <span class='ocrx_word' id='word_1_809' title='bbox 2779 5050 2949 5110; x_wconf 86' lang='lat' dir='ltr'><strong>Pollio</strong></span> <span class='ocrx_word' id='word_1_810' title='bbox 2980 5052 3251 5122; x_wconf 82' lang='lat' dir='ltr'><strong>vinceret,</strong></span> <span class='ocrx_word' id='word_1_811' title='bbox 3279 5062 3501 5128; x_wconf 81' lang='lat' dir='ltr'><strong>rogante</strong></span> <span class='ocrx_word' id='word_1_812' title='bbox 3548 5055 3666 5111; x_wconf 80' lang='lat' dir='ltr'><strong>haec</strong></span> 
     </span>
    </p>
   </div>
   <div class='ocr_carea' id='block_1_109' title="bbox 2067 5143 2304 5200">
    <p class='ocr_par' dir='ltr' id='par_1_109' title="bbox 2067 5143 2304 5200">
     <span class='ocr_line' id='line_1_111' title="bbox 2067 5143 2304 5200; baseline -0.004 0"><span class='ocrx_word' id='word_1_813' title='bbox 2067 5143 2267 5200; x_wconf 87' lang='lat' dir='ltr'><strong>cecinit</strong></span> <span class='ocrx_word' id='word_1_814' title='bbox 2290 5161 2304 5199; x_wconf 88' lang='lat'><strong>:</strong></span> 
     </span>
    </p>
   </div>
   <div class='ocr_carea' id='block_1_110' title="bbox 2227 5277 3422 5343">
    <p class='ocr_par' dir='ltr' id='par_1_110' title="bbox 2227 5277 3422 5343">
     <span class='ocr_line' id='line_1_112' title="bbox 2227 5277 3422 5343; baseline 0.001 -14"><span class='ocrx_word' id='word_1_815' title='bbox 2227 5316 2256 5343; x_wconf 39' lang='grc' dir='ltr'><strong>ι</strong></span> <span class='ocrx_word' id='word_1_816' title='bbox 2312 5315 2324 5331; x_wconf 92' lang='grc'><em>,</em></span> <span class='ocrx_word' id='word_1_817' title='bbox 2393 5315 2423 5343; x_wconf 21' lang='grc' dir='ltr'><strong>.Α</strong></span> <span class='ocrx_word' id='word_1_818' title='bbox 2471 5277 2752 5343; x_wconf 80' lang='lat' dir='ltr'><strong>Stetitante</strong></span> <span class='ocrx_word' id='word_1_819' title='bbox 2770 5290 2921 5339; x_wconf 84' lang='lat' dir='ltr'><strong>aram,</strong></span> <span class='ocrx_word' id='word_1_820' title='bbox 2945 5291 3041 5343; x_wconf 81' lang='lat' dir='ltr'><strong>nec</strong></span> <span class='ocrx_word' id='word_1_821' title='bbox 3065 5283 3210 5342; x_wconf 85' lang='lat' dir='ltr'><strong>turpe</strong></span> <span class='ocrx_word' id='word_1_822' title='bbox 3232 5281 3422 5343; x_wconf 86' lang='lat' dir='ltr'><strong>putavit</strong></span> 
     </span>
    </p>
   </div>
   <div class='ocr_carea' id='block_1_111' title="bbox 2223 5340 3393 5405">
    <p class='ocr_par' dir='ltr' id='par_1_111' title="bbox 2223 5340 3393 5405">
     <span class='ocr_line' id='line_1_113' title="bbox 2223 5340 3393 5405; baseline 0.002 -15"><span class='ocrx_word' id='word_1_823' title='bbox 2223 5340 2323 5405; x_wconf 83' lang='lat' dir='ltr'><strong>Pro</strong></span> <span class='ocrx_word' id='word_1_824' title='bbox 2345 5341 2531 5392; x_wconf 83' lang='lat' dir='ltr'><strong>cithara</strong></span> <span class='ocrx_word' id='word_1_825' title='bbox 2558 5340 2727 5390; x_wconf 83' lang='lat' dir='ltr'><strong>velare</strong></span> <span class='ocrx_word' id='word_1_826' title='bbox 2750 5350 2911 5405; x_wconf 87' lang='lat' dir='ltr'><strong>caput,</strong></span> <span class='ocrx_word' id='word_1_827' title='bbox 2935 5340 3211 5405; x_wconf 83' lang='lat' dir='ltr'><strong>dictataque</strong></span> <span class='ocrx_word' id='word_1_828' title='bbox 3236 5340 3393 5393; x_wconf 71' lang='lat' dir='ltr'><strong>verba</strong></span> 
     </span>
    </p>
   </div>
   <div class='ocr_carea' id='block_1_112' title="bbox 2224 5404 3126 5476">
    <p class='ocr_par' dir='ltr' id='par_1_112' title="bbox 2224 5404 3126 5476">
     <span class='ocr_line' id='line_1_114' title="bbox 2224 5404 3126 5476; baseline 0.009 -21"><span class='ocrx_word' id='word_1_829' title='bbox 2224 5404 2649 5467; x_wconf 82' lang='lat' dir='ltr'><strong>Protulit,utmos</strong></span> <span class='ocrx_word' id='word_1_830' title='bbox 2673 5404 2819 5476; x_wconf 22' lang='lat' dir='ltr'><strong>est?</strong></span> <span class='ocrx_word' id='word_1_831' title='bbox 2967 5464 2978 5476; x_wconf 83' lang='lat'>_</span> <span class='ocrx_word' id='word_1_832' title='bbox 3029 5468 3058 5476; x_wconf 86' lang='lat'>_</span> <span class='ocrx_word' id='word_1_833' title='bbox 3098 5467 3126 5476; x_wconf 25' lang='grc' dir='ltr'><strong>Δ,</strong></span> 
     </span>
    </p>
   </div>
   <div class='ocr_carea' id='block_1_113' title="bbox 2747 5464 3549 5533">
    <p class='ocr_par' dir='ltr' id='par_1_113' title="bbox 2747 5464 3549 5533">
     <span class='ocr_line' id='line_1_115' title="bbox 2747 5464 3549 5533; baseline 0.001 -16"><span class='ocrx_word' id='word_1_834' title='bbox 2747 5464 2995 5529; x_wconf 80' lang='lat' dir='ltr'><strong>(Juvenal.</strong></span> <span class='ocrx_word' id='word_1_835' title='bbox 3020 5467 3170 5521; x_wconf 88' lang='lat' dir='ltr'><strong>Satir.</strong></span> <span class='ocrx_word' id='word_1_836' title='bbox 3194 5469 3244 5529; x_wconf 87' lang='lat'><strong>6,</strong></span> <span class='ocrx_word' id='word_1_837' title='bbox 3267 5472 3373 5533; x_wconf 80' lang='lat' dir='ltr'><strong>post</strong></span> <span class='ocrx_word' id='word_1_838' title='bbox 3392 5466 3549 5530; x_wconf 86' lang='lat' dir='ltr'><strong>med.)</strong></span> 
     </span>
    </p>
   </div>
   <div class='ocr_carea' id='block_1_114' title="bbox 2076 5590 3674 5660">
    <p class='ocr_par' dir='ltr' id='par_1_114' title="bbox 2076 5590 3674 5660">
     <span class='ocr_line' id='line_1_116' title="bbox 2076 5590 3674 5660; baseline -0.003 -11"><span class='ocrx_word' id='word_1_839' title='bbox 2076 5591 2200 5659; x_wconf 85' lang='lat' dir='ltr'><strong>Adi,</strong></span> <span class='ocrx_word' id='word_1_840' title='bbox 2231 5592 2276 5649; x_wconf 86' lang='lat' dir='ltr'><strong>si</strong></span> <span class='ocrx_word' id='word_1_841' title='bbox 2304 5602 2459 5649; x_wconf 84' lang='lat' dir='ltr'><strong>vacat</strong></span> <span class='ocrx_word' id='word_1_842' title='bbox 2484 5600 2540 5650; x_wconf 88' lang='lat' dir='ltr'><strong>et</strong></span> <span class='ocrx_word' id='word_1_843' title='bbox 2562 5592 3078 5660; x_wconf 84' lang='lat' dir='ltr'><strong>lubet,Brissonium</strong></span> <span class='ocrx_word' id='word_1_844' title='bbox 3111 5593 3163 5647; x_wconf 88' lang='lat' dir='ltr'><strong>in</strong></span> <span class='ocrx_word' id='word_1_845' title='bbox 3194 5606 3294 5648; x_wconf 88' lang='lat' dir='ltr'><strong>suo</strong></span> <span class='ocrx_word' id='word_1_846' title='bbox 3322 5592 3388 5648; x_wconf 92' lang='lat' dir='ltr'><strong>de</strong></span> <span class='ocrx_word' id='word_1_847' title='bbox 3405 5590 3674 5647; x_wconf 86' lang='lat' dir='ltr'><strong>Formulis</strong></span> 
     </span>
    </p>
   </div>
   <div class='ocr_carea' id='block_1_115' title="bbox 2070 5682 3678 5757">
    <p class='ocr_par' dir='ltr' id='par_1_115' title="bbox 2070 5682 3678 5757">
     <span class='ocr_line' id='line_1_117' title="bbox 2070 5682 3678 5757; baseline -0.001 -17"><span class='ocrx_word' id='word_1_848' title='bbox 2070 5682 2211 5741; x_wconf 85' lang='lat' dir='ltr'><strong>libro</strong></span> <span class='ocrx_word' id='word_1_849' title='bbox 2256 5685 2544 5757; x_wconf 84' lang='lat' dir='ltr'><strong>(Brisson.,</strong></span> <span class='ocrx_word' id='word_1_850' title='bbox 2578 5685 2666 5740; x_wconf 90' lang='lat' dir='ltr'><strong>lib.</strong></span> <span class='ocrx_word' id='word_1_851' title='bbox 2715 5684 2759 5740; x_wconf 73' lang='grc' dir='ltr'><strong>ιε</strong></span> <span class='ocrx_word' id='word_1_852' title='bbox 2792 5686 2856 5740; x_wconf 88' lang='lat' dir='ltr'><strong>de</strong></span> <span class='ocrx_word' id='word_1_853' title='bbox 2880 5684 3086 5752; x_wconf 84' lang='lat' dir='ltr'><strong>Form.,</strong></span> <span class='ocrx_word' id='word_1_854' title='bbox 3126 5702 3250 5756; x_wconf 86' lang='lat' dir='ltr'><strong>pag.</strong></span> <span class='ocrx_word' id='word_1_855' title='bbox 3295 5685 3429 5756; x_wconf 84' lang='lat'><strong>68).</strong></span> <span class='ocrx_word' id='word_1_856' title='bbox 3476 5683 3678 5740; x_wconf 76' lang='lat' dir='ltr'><strong>Verum</strong></span> 
     </span>
    </p>
   </div>
   <div class='ocr_carea' id='block_1_116' title="bbox 2076 5776 3681 5849">
    <p class='ocr_par' dir='ltr' id='par_1_116' title="bbox 2076 5776 3681 5849">
     <span class='ocr_line' id='line_1_118' title="bbox 2076 5776 3681 5849; baseline -0.001 -15"><span class='ocrx_word' id='word_1_857' title='bbox 2076 5777 2362 5834; x_wconf 84' lang='lat' dir='ltr'><strong>Christiani</strong></span> <span class='ocrx_word' id='word_1_858' title='bbox 2395 5778 2556 5834; x_wconf 88' lang='lat' dir='ltr'><strong>talem</strong></span> <span class='ocrx_word' id='word_1_859' title='bbox 2587 5792 2695 5833; x_wconf 89' lang='lat' dir='ltr'><strong>non</strong></span> <span class='ocrx_word' id='word_1_860' title='bbox 2726 5776 3080 5835; x_wconf 86' lang='lat' dir='ltr'><strong>admittebant</strong></span> <span class='ocrx_word' id='word_1_861' title='bbox 3110 5780 3431 5834; x_wconf 89' lang='lat' dir='ltr'><strong>monitorem</strong></span> <span class='ocrx_word' id='word_1_862' title='bbox 3457 5792 3472 5843; x_wconf 88' lang='lat'><strong>;</strong></span> <span class='ocrx_word' id='word_1_863' title='bbox 3512 5792 3681 5849; x_wconf 85' lang='lat' dir='ltr'><strong>quan-</strong></span> 
     </span>
    </p>
   </div>
   <div class='ocr_carea' id='block_1_117' title="bbox 2081 5868 3679 5944">
    <p class='ocr_par' dir='ltr' id='par_1_117' title="bbox 2081 5868 3679 5944">
     <span class='ocr_line' id='line_1_119' title="bbox 2081 5868 3679 5944; baseline -0.002 -16"><span class='ocrx_word' id='word_1_864' title='bbox 2081 5868 2369 5944; x_wconf 84' lang='lat' dir='ltr'><strong>doquidem</strong></span> <span class='ocrx_word' id='word_1_865' title='bbox 2414 5884 2523 5929; x_wconf 90' lang='lat' dir='ltr'><strong>non</strong></span> <span class='ocrx_word' id='word_1_866' title='bbox 2560 5884 2654 5930; x_wconf 88' lang='lat' dir='ltr'><strong>ore</strong></span> <span class='ocrx_word' id='word_1_867' title='bbox 2684 5878 2890 5930; x_wconf 84' lang='lat' dir='ltr'><strong>tantum</strong></span> <span class='ocrx_word' id='word_1_868' title='bbox 2945 5878 3001 5929; x_wconf 87' lang='lat' dir='ltr'><strong>et</strong></span> <span class='ocrx_word' id='word_1_869' title='bbox 3038 5869 3213 5940; x_wconf 89' lang='lat' dir='ltr'><strong>labiis,</strong></span> <span class='ocrx_word' id='word_1_870' title='bbox 3243 5869 3337 5929; x_wconf 88' lang='lat' dir='ltr'><strong>sed</strong></span> <span class='ocrx_word' id='word_1_871' title='bbox 3369 5868 3433 5927; x_wconf 85' lang='lat' dir='ltr'><strong>de</strong></span> <span class='ocrx_word' id='word_1_872' title='bbox 3456 5879 3679 5943; x_wconf 80' lang='lat' dir='ltr'><strong>pectore,</strong></span> 
     </span>
    </p>
   </div>
  </div>
