4240 6262
551 234 661 300 945

1624 239 1687 294 ΙΝ
1727 236 2195 298 TEllTULLiANl
2232 237 2765 301 APOLOGETICUM

3746 248 3856 310 914

550 360 733 428 atque;
750 355 940 413 intimo
967 353 1286 425 sinceroque
1313 353 1492 412 cordis
1522 354 1717 413 affectu
1749 356 1918 413 Deum
1953 372 2144 429 preca-
2171 359 2222 419 A
2256 355 2418 430 (Tert.
2437 358 2558 431 ib.),
2583 358 2854 430 quomodo
2881 374 2909 414 a
2931 359 3084 416 nobis
3107 360 3159 414 in
3189 361 3559 431 superioribus
3586 362 3854 420 disserui-

553 451 774 508 bantur.

623 544 893 600 Praeterea
918 540 1147 596 orabant
1173 540 1370 597 coelum
1403 539 1759 612 suspicientes
1806 549 1860 598 et
1889 541 2144 610 manibus,

549 639 723 708 inquit
740 635 1121 702 Tertullianus,
1155 635 1418 706 expansis,
1447 635 1529 690 vel
1557 633 2008 705 quemadmodum
2040 634 2148 690 alio

543 734 600 789 in
632 733 771 788 libro
797 732 1076 802 loquitur:
1133 728 1246 786 Nos
1292 747 1409 785 vero
1453 746 1556 783 non
1592 729 1879 784 attollimus
1925 737 2144 802 tantum,

549 826 641 882 sed
668 827 819 881 etiam
847 827 1186 897 expendimus
1211 841 1238 880 e
1265 823 1536 878 Dominica
1559 823 1796 893 passione
1828 794 2146 876 modulatum

545 919 897 992 {Tertulliam
949 919 1239 992 Apologet.,
1288 934 1406 988 cap.
1463 916 1568 983 '50,
1620 933 1740 986 pag.
1785 915 1935 980 44-1;
1987 915 2142 977 idem,

545 1013 637 1068 lib.
675 1011 738 1067 de
792 1009 965 1078 Orat.,
1007 1028 1123 1082 cap.
1158 1009 1311 1081 11),
1357 1010 1458 1064 hoc
1509 1016 1622 1074 est,
1672 1007 1724 1060 in
1761 1004 1960 1061 Christi
1997 1003 2146 1061 cruci

544 1107 696 1163 afﬁxi
734 1105 954 1162 modum
995 1120 1058 1160 ac
1099 1103 1350 1159 formam.
1403 1102 1478 1158 De
1526 1101 1628 1157 hoc
1665 1109 1842 1154 autem
1889 1098 2147 1168 precandi

545 1214 699 1256 more
725 1198 851 1254 alibi
882 1197 1235 1253 disseruimus
1269 1193 1564 1267 (Dissertat.
1610 1194 1664 1246 in
1710 1191 1900 1245 Minut.
1938 1189 2141 1256 0ctav.,

543 1309 658 1363 cap.
706 1291 795 1358 l2,
827 1299 925 1345 art.
961 1289 1041 1361 '5).
1089 1289 1158 1344 At
1193 1288 1317 1358 quia
1348 1285 1552 1342 ethnici
1579 1285 1740 1340 etiam
1768 1285 1961 1340 eodem
1984 1283 2145 1339 modo

541 1384 675 1442 deos
701 1398 848 1450 suos,
873 1383 1010 1438 sicut
1034 1381 1209 1438 adhuc
1235 1380 1594 1445 ostendimus,
1621 1377 1830 1448 precari
1853 1376 2139 1441 solebant;

551 1479 676 1536 ideo
697 1480 896 1535 Auctor
922 1485 1106 1534 noster
1131 1484 1248 1546 post
1273 1475 1388 1530 haec
1412 1473 1597 1539 verba,
1619 1472 1858 1542 expansis
1887 1470 2140 1536 manibus,

541 1570 764 1641 adjecit,
795 1570 914 1640 quia
938 1569 1168 1622 innocuis
1200 1565 1363 1638 (Tert.
1389 1562 1682 1636 Apologet.,
1705 1566 1803 1618 loc.
1838 1562 1974 1633 cit.).
2000 1561 2144 1618 Gen-

543 1661 669 1717 tiles
689 1661 831 1716 enim
863 1674 1054 1714 manus
1081 1657 1390 1726 impietatis,
1416 1655 1753 1720 idololatriae,
1785 1654 2012 1724 aliisque
2039 1653 2143 1708 cri-

2251 451 2487 508 tionibus
2513 450 2684 508 fusius
2711 451 3040 522 explicatum
3075 452 3175 508 fuit
3216 450 3526 524 (Dissertat.
3558 457 3611 510 in
3651 455 3849 513 Minul.

2254 541 2457 612 0ctav.,
2481 558 2596 615 cap.
2630 543 2721 613 l2,
2746 553 2844 598 art.
2867 543 2925 612 2,
2949 553 2994 598 et
3015 544 3068 598 in
3088 541 3349 612 Lactant.,
3372 561 3488 614 cap.
3513 546 3605 612 53,
3636 556 3734 600 art.
3768 548 3843 618 1).

2249 633 2479 690 Tantum
2531 637 2709 707 itaque
2751 635 2905 692 abest
2955 645 3017 691 ut
3066 635 3360 692 Christiani
3403 637 3482 693 sic
3508 637 3676 692 Deum
3721 656 3850 710 pre-

2248 736 2434 783 cantes
2483 727 2902 794 erubescerent;
2947 728 3233 798 quinimo:
3291 726 3406 782 Nos
3451 728 3520 782 ad
3545 727 3714 784 Deum
3759 747 3851 786 ea.-

2249 836 2458 890 pansos,
2485 820 2563 874 ait
2587 821 2793 876 Auctor
2821 828 3024 888 noster,
3051 820 3257 892 ungqu
3284 821 3505 890 fodiant,
3538 839 3710 878 cruces
3733 812 3848 879 sus;

2249 911 2494 982 pendant,
2556 912 2700 982 ignes
2745 912 3007 977 lambant,
3057 913 3221 982 gladii
3261 920 3467 983 guttura
3507 914 3840 984 detruncent,

2249 1001 2418 1056 bestice
2434 1003 2663 1056 insiliant
2683 1019 2702 1056 :
2720 1011 2931 1072 paratus
2950 1012 3021 1057 est
3041 1001 3109 1056 ad
3124 1019 3272 1057 omne
3291 1005 3602 1073 supplicium
3619 1006 3726 1076 ipse
3746 1007 3846 1061 Ita-

2249 1096 2380 1150 bitus
2405 1097 2598 1149 orantis
2617 1095 2886 1150 christiani
2911 1094 3247 1163 (Tertullian.
3276 1097 3544 1170 Apologet.
3571 1098 3668 1154 loc.
3691 1100 3840 1172 cit.);

2246 1187 2338 1257 qui
2368 1201 2466 1242 nec
2495 1187 2806 1258 religionem
2833 1203 2982 1242 suam
3017 1189 3282 1257 protiteri,
3319 1205 3420 1246 nec
3443 1191 3602 1247 Deum
3627 1193 3841 1263 precari

2246 1281 2617 1337 erubescebat.
2643 1283 2713 1337 At
2730 1299 2833 1337 non
2860 1291 3064 1339 tantum
3092 1287 3258 1356 capite
3275 1287 3434 1353 nudo,
3457 1287 3546 1342 sed
3569 1296 3842 1357 prostrato

2245 1374 2408 1429 etiam
2434 1389 2682 1445 corpore,
2711 1376 2848 1431 sicut
2874 1377 2976 1431 alia
3007 1377 3061 1431 in
3088 1376 3467 1434 dissertatione
3506 1380 3839 1438 ostendimus

2248 1465 2544 1538 (Dissertat.
2573 1469 2626 1522 in
2650 1467 2869 1538 Arnob.,
2893 1487 3010 1541 cap.
3033 1470 3089 1538 8,
3112 1482 3214 1528 art.
3236 1471 3315 1544 2),
3338 1474 3514 1543 palam
3540 1484 3594 1531 et
3620 1476 3846 1546 publicis

2246 1557 2301 1612 in
2323 1559 2621 1630 synaxibus
2649 1575 2837 1630 preces
2865 1577 2991 1618 suas
3033 1562 3344 1620 fundebant.

2316 1654 2400 1709 Ad
2429 1655 2544 1710 hate
2575 1671 2705 1712 vero
2751 1656 2804 1711 hi
2844 1657 2912 1712 ad
2955 1657 3245 1725 orientem,
3274 1671 3366 1715 aut
3393 1662 3846 1732 quemadmodum

541 1754 776 1810 minibus
815 1752 1074 1823 pollutas;
1114 1749 1398 1806 Christiani
1443 1765 1572 1804 vero
1612 1762 1736 1803 suas
1772 1763 1878 1802 non
1918 1746 2095 1800 minus
2117 1786 2132 1810 ,
2171 1759 2219 1817 Β
2250 1745 2614 1803 Tertullianus
2645 1748 2917 1819 loquitur,
2953 1753 3023 1802 ad
3050 1751 3259 1806 orientis
3285 1753 3539 1822 regionem
3562 1756 3843 1823 cenversi,

541 1861 704 1917 quam
734 1855 921 1916 pectus
941 1853 996 1898 et
1021 1843 1282 1907 animum,
1314 1841 1542 1896 mundas
1577 1840 1739 1912 plane
1771 1849 1825 1894 et
1857 1852 2019 1909 puras
2071 1836 2139 1892 ad

540 1939 739 1994 caelum
768 1935 1036 2006 precando
1069 1934 1349 1991 tollebant.
2143 2003 2148 2010 .

616 2028 919 2096 Quinetiam
951 2028 1049 2098 ipsi
1102 2027 1321 2097 insuper
1375 2025 1603 2081 orabant
1638 2025 1808 2094 capite
1855 2022 2011 2088 nudo,
2066 2022 2142 2076 ait

537 2123 714 2179 adhuc
743 2121 1125 2188 Tertullianus,
1176 2121 1419 2189 quianon
1449 2118 1786 2173 erubescimus
1812 2115 2026 2189 (fbid.).
2063 2115 2140 2170 lbi

443 2229 453 2238 “
539 2228 722 2275 autem
771 2217 892 2272 illos
929 2216 1153 2287 opponit
1186 2213 1362 2268 adhuc
1390 2211 1703 2283 gentilibus,
1736 2210 1933 2282 quibus
1961 2208 2140 2265 velato

539 2313 717 2384 capite
759 2325 916 2367 orare
958 2324 1022 2365 ac
1059 2307 1372 2364 sacrificare
1407 2321 1524 2361 mos
1552 2316 1692 2361 erat.
1737 2303 1895 2371 Audi,
1929 2318 2136 2374 quaeso,

541 2402 610 2459 de
634 2403 737 2459 hoc
762 2403 866 2458 ritu
897 2399 1105 2472 Virgilii
1133 2399 1372 2455 carmina
1399 2417 1412 2452 z

691 2516 822 2576 Quin
842 2516 927 2564 ubi
950 2515 1242 2564 transmissae
1265 2511 1450 2576 fuerint
1473 2520 1606 2562 trans
1621 2523 1819 2574 aequora
1841 2510 2042 2570 classes,

690 2575 755 2630 Et
781 2578 951 2640 positis
971 2579 1087 2640 aris,
1102 2577 1200 2639 jam
1218 2583 1328 2624 vota
1349 2576 1400 2640 in
1426 2575 1591 2625 littore
1613 2576 1792 2640 solves,

652 2653 654 2656 '
689 2637 950 2703 Burpureo
965 2637 1133 2688 velare
1149 2650 1313 2703 comas
1335 2637 1601 2703 adopertus
1624 2639 1822 2703 amictu,

687 2702 766 2766 lie
782 2699 877 2766 qua
898 2702 1029 2766 inter
1052 2707 1245 2749 sanctos
1262 2702 1404 2762 ignes
1430 2704 1477 2748 in
1499 2699 1688 2766 honore
1710 2700 1918 2766 deorum

687 2761 894 2814 Host'ilis
913 2762 1068 2812 facies
1090 2761 1328 2822 occurrat,
1368 2767 1421 2810 et
1447 2763 1606 2810 omnia
1631 2761 1813 2810 turbet.

689 2827 834 2875 Hunc
866 2826 983 2875 socii
1003 2837 1192 2874 morem
1211 2837 1477 2884 sacrorum,
1503 2824 1634 2872 hunc
1652 2824 1758 2886 ipse
1782 2829 1973 2884 teneto,

689 2887 797 2938 Hac
815 2889 932 2939 casti
954 2894 1184 2948 maneant
1205 2887 1255 2948 in
1279 2886 1548 2948 relligione
1566 2892 1798 2948 nepotes.

969 2900 1184 2935 naneant
1205 2900 1255 2934 In
1279 2900 1390 2935 1⁸8111
1433 2900 1543 2934 Ione
1566 2900 1798 2948 DBPOLBS.

969 2945 1175 3015 (Virgil.
1196 2946 1280 2998 lib.
1301 2955 1354 2996 ιιι
1372 2900 1588 3010 gnem”
1609 2947 1759 2997 υ.ιοῦ
1783 2953 1828 2997 et
1847 2946 2005 3012 seqq.)

538 3052 684 3121 Quos
709 3052 924 3125 quidem
953 3053 1008 3108 in
1033 3067 1223 3109 versus
1252 3051 1369 3107 [nec
1398 3051 1619 3107 Servius
1647 3051 1901 3107 observat
1929 3067 1944 3104 :
1993 3049 2136 3105 Sane

532 3145 796 3212 sciendum
829 3145 1174 3215 sacriﬁcantes
1213 3143 1311 3198 diis
1351 3144 1581 3200 omnibus
1611 3144 1781 3214 capita
1816 3145 1984 3199 velare
2005 3160 2125 3198 con-
2154 3151 2201 3214 ρ

531 3248 700 3293 suetos
724 3240 786 3293 ob
811 3242 924 3306 hac,
952 3255 1016 3293 ne
1037 3254 1090 3293 se
1117 3239 1247 3292 inter
1270 3239 1565 3310 religionem
1585 3237 1780 3308 aliquid
1807 3237 1949 3308 vagis
1977 3237 2135 3304 v/fer-

534 3342 612 3388 ret
638 3333 914 3401 obtutibus,
939 3343 1148 3404 excepto
1169 3343 1365 3386 tantum
1385 3331 1633 3398 Saturno,
1667 3348 1730 3387 ne
1755 3333 1979 3387 numinis
2008 3333 2130 3386 imi-

533 3428 658 3481 tatio
678 3444 786 3483 esse
806 3428 1076 3494 videretur,
1105 3436 1151 3481 et
1183 3426 1422 3482 Herculis
1459 3427 1514 3481 in
1553 3427 1739 3498 templo
1770 3443 1882 3494 suo,
1927 3427 2053 3497 quia
2086 3437 2132 3482 et

530 3519 642 3590 ipse
669 3521 835 3588 capite
863 3529 1037 3590 operto
1077 3530 1149 3575 est
1167 3563 1182 3585 ,
1215 3521 1293 3575 vel
1317 3522 1436 3590 quia
1463 3522 1542 3574 hae
1567 3537 1672 3574 ara:
1707 3532 1828 3577 ante
1856 3521 2132 3577 adventum

531 3608 722 3664 Αῐηεω
745 3627 776 3664 a
801 3609 834 3664 .1
843 3627 1008 3664 unone
1035 3622 1082 3664 et
1113 3610 1353 3665 Evandro
1383 3623 1689 3666 consecrata:
1718 3624 1836 3667 sunt
1873 3614 2045 3686 (Serv.
2079 3617 2134 3671 in

530 3704 619 3757 cit.
656 3717 807 3768 vers.,
841 3720 962 3773 pag.
1003 3701 1158 3771 292).
1197 3701 1271 3756 Ea
1300 3713 1479 3758 autem
1508 3706 1752 3774 exceptio
1781 3706 1914 3760 satis
1943 3707 2134 3777 probat

531 3793 678 3850 hunc
707 3795 868 3850 fuisse
895 3795 1172 3865 gentilium
1204 3797 1361 3850 ritum
1392 3805 1446 3850 et
1483 3811 1711 3861 morem,
1757 3812 1921 3866 quem
1964 3800 2131 3855 etiam

532 3887 664 3943 deos
712 3887 992 3943 salutando
1038 3896 1093 3942 et
1135 3888 1340 3942 orando
1387 3884 1765 3944 observabant.
1813 3894 1883 3945 At
1924 3891 1992 3947 de
2039 3893 2132 3948 illo

531 3977 688 4049 plura
710 3978 1038 4044 Brissonius,
1069 3995 1228 4049 quem
1254 3980 1402 4035 adire
1431 3982 1629 4050 puteris
1663 3981 1950 4052 (Brisson.,
1981 3985 2069 4040 lib.
2110 3987 2131 4042 1

535 4069 600 4122 de
623 4067 829 4135 Form.,
863 4088 982 4142 pag.
1015 4069 1119 4127 MO
1148 4081 1192 4126 et
1223 4072 1406 4144 seqq)

607 4159 897 4214 Christiani
929 4163 1105 4232 itaque
1143 4179 1174 4219 e
1213 4164 1481 4219 contrario
1522 4165 1750 4222 orabant
1779 4170 1916 4223 nudo
1944 4173 2129 4240 capite,

537 4251 665 4321 quia
705 4252 904 4306 dictum
935 4253 1002 4310 ab
1027 4254 1581 4324 Aposwlo-novcraut
1610 4275 1624 4312 :
1673 4257 1852 4314 Omnis
1881 4262 1957 4314 vir
1982 4278 2134 4316 orans

539 4351 631 4396 aut
677 4344 986 4413 propltetans
1035 4345 1196 4401 velato
1247 4350 1448 4417 capite,
1495 4351 1732 4422 deturpat
1779 4363 1932 4422 caput
1985 4371 2132 4410 suum

539 4433 723 4503 (Paul.
755 4436 777 4490 1
819 4437 888 4492 ad
923 4437 1176 4507 Corintlt.,
1206 4457 1322 4509 cap.
1355 4442 1453 4507 11,
1487 4457 1534 4495 υ.
1557 4443 1591 4497 4
1695 4446 1763 4500 At
1804 4460 1900 4501 cur
1924 4445 2136 4502 Tertul-

2245 1835 2415 1893 Deum
2462 1840 2815 1908 precabantur
2861 1840 3209 1913 (Tertullian.
3245 1845 3537 1914 Apologet.,
3580 1863 3698 1917 cap.
3739 1846 3844 1915 16,

2246 1945 2366 2000 pag.
2397 1928 2547 2001 569).
2572 1929 2759 2000 Neque
2787 1946 2904 1987 mos
2933 1933 3044 1998 ille,
3076 1933 3144 1989 de
3171 1949 3278 2004 quo
3303 1935 3431 1990 alibi
3456 1937 3848 2006 disputavimus

2246 2019 2414 2093 (tant.
2460 2021 2480 2074 1
2514 2023 2790 2093 Apparat.,
2838 2023 2925 2078 lib.
2967 2023 3056 2089 111,
3111 2026 3311 2081 dissert.
3344 2026 3399 2095 2,
3433 2045 3547 2099 cap.
3575 2029 3630 2095 8,
3656 2039 3755 2084 art.
3787 2032 3842 2098 7,

2254 2128 2374 2184 pag.
2419 2112 2604 2185 1040),
2647 2115 2948 2185 incognitus
2994 2115 3093 2171 fuit
3137 2117 3402 2184 ethnicis,
3453 2120 3547 2189 qui
3599 2119 3846 2177 solebant

2243 2206 2434 2261 eodem
2466 2222 2683 2278 quoque
2712 2209 2894 2276 modo,
2929 2209 3023 2265 sed
3054 2211 3211 2280 plane
3246 2212 3564 2283 penitusque
3587 2229 3844 2284 perverso

2246 2297 2474 2368 precari.
2507 2297 2866 2366 Quamobrem
2910 2301 3113 2356 Auctor
3141 2312 3328 2358 uoster
3355 2303 3474 2358 illos
3510 2304 3654 2373 ipsos
3694 2303 3843 2360 hisce

2243 2389 2420 2446 verbis
2451 2391 2781 2460 compellat:
2828 2391 3073 2464 Plerique
3112 2404 3334 2450 vestrum
3379 2399 3710 2467 affectatione
3735 2399 3841 2452 ali-

2245 2481 2449 2552 quando
2477 2491 2524 2535 et
2548 2480 2770 2536 coelestia
2799 2483 3052 2538 adorandi
3070 2526 3085 2551 ,
3131 2485 3201 2539 ad
3241 2487 3364 2541 solis
3401 2498 3569 2542 ortum
3595 2487 3726 2542 labia
3756 2489 3838 2542 uio

2244 2574 2399 2628 brutis
2424 2571 2767 2644 (Tertullian.
2815 2576 2915 2630 loc.
2963 2577 3098 2648 cit.).
3131 2577 3331 2634 Eadem
3364 2579 3453 2634 ille
3493 2580 3543 2634 in
3573 2581 3741 2650 primo
3763 2579 3838 2635 ad

2242 2666 2497 2722 Nationes
2553 2667 2693 2722 libro
2750 2669 2946 2736 repetit
2976 2671 2995 2740 (
3025 2669 3112 2723 lib.
3138 2668 3179 2737 1,
3224 2688 3339 2740 cap.
3374 2673 3462 2738 15,
3499 2689 3620 2744 pag.
3660 2672 3841 2745 579).

2242 2757 2458 2813 Testem
2485 2757 2643 2828 hujus
2671 2760 2837 2814 moris
2866 2760 2911 2814 si
2933 2761 3197 2831 requiras,
3228 2761 3507 2832 Virgilium
3529 2763 3714 2820 audire
3744 2781 3843 2835 po-

2243 2847 2392 2917 teris,
2428 2847 2543 2902 hinc
2569 2848 2636 2904 de
2659 2848 2831 2904 AEnea
2853 2861 3134 2907 canentem
3161 2871 3175 2907 :

2394 2962 2583 3026 Surgit,
2609 2962 2896 3026 etaetherei
2920 2970 3149 3026 spectans
3171 2966 3375 3016 orientia
3397 2966 3522 3016 Solis

2394 3022 2616 3090 Lumina,
2641 3025 2738 3072 rite
2760 3027 2889 3090 cavis
2909 3022 3088 3090 undam
3112 3028 3176 3076 de
3195 3028 3392 3078 flumine
3415 3029 3580 3090 palmis

2400 3083 2625 3142 Sustulit,
2647 3091 2699 3134 et
2721 3085 2846 3136 tales
2869 3086 3077 3137 effundit
3102 3089 3159 3136 ad
3184 3091 3367 3139 aethera
3391 3083 3548 3139 voces.

2605 3147 2812 3214 (Virgil.
2833 3146 2918 3199 lib.
2939 3155 3028 3198 vui
3051 3151 3267 3214 £neid.,
3293 3165 3339 3202 v.
3363 3143 3423 3200 68
3445 3158 3488 3202 et
3519 3153 3671 3218 seqq.)

2237 3251 2434 3308 Etalio
2466 3253 2516 3308 in
2547 3252 2684 3308 libro
2709 3252 2778 3310 de
2818 3254 2939 3310 aliis
2971 3255 3234 3311 sacrificia
3263 3256 3573 3314 facientibus
3599 3276 3613 3312 :

2391 3383 2464 3448 [lli
2488 3383 2546 3432 ad
2571 3393 2860 3448 surgentem
2877 3389 3100 3436 conversi
3127 3387 3305 3437 lumina
3332 3387 3517 3448 Solem,

2395 3446 2526 3514 pani
2562 3445 2736 3508 fruges
2757 3448 2983 3514 manibus
3005 3449 3172 3509 salsas,
3200 3460 3252 3500 et
3276 3445 3652 3514 temporaferro

2393 3507 2592 3558 Summa
2616 3507 2786 3560 nutant
2806 3511 3066 3576 pecudum,
3095 3507 3394 3576 paterisque
3411 3515 3578 3563 altaria
3603 3515 3770 3566 libant.

2929 3571 3196 3636 (Ibidflib.
3217 3571 3314 3636 XII,
3332 3588 3374 3624 v.
3401 3577 3462 3624 72
3487 3583 3532 3627 et
3553 3579 3708 3640 seqq.)

2244 3692 2473 3751 Servius
2513 3707 2690 3753 autem
2746 3699 2798 3752 in
2838 3697 2937 3753 hos
2967 3699 3182 3755 ultimos
3219 3715 3408 3754 versus
3436 3702 3562 3756 illud
3593 3702 3840 3758 animad-

2237 3789 2398 3843 vertit
2425 3806 2438 3843 :
2489 3789 2610 3844 Non
2633 3791 2806 3862 utique
2839 3808 2975 3846 nunc
3003 3804 3289 3864 surgentem
3318 3794 3474 3849 solent
3503 3795 3670 3862 dixit;
3690 3797 3839 3865 jam-

2237 3879 2431 3934 dudum
2459 3883 2591 3935 enim
2618 3883 2726 3938 dies
2752 3894 2860 3938 erat
2889 3900 2908 3938 :
2953 3886 3041 3939 sed
3071 3886 3396 3957 disciplinam
3423 3890 3838 3944 ceuremoniarunt

2235 3983 2434 4028 secutus
2456 3985 2548 4041 est,
2575 3987 2631 4030 ut
2659 3978 2899 4032 orientem
2921 3988 3152 4048 spectare
3192 3981 3377 4036 diceret
3425 3997 3538 4036 eum
3576 3983 3666 4051 qui
3708 3993 3838 4037 esset

2235 4075 2533 4134 precaturus
2557 4065 2757 4139 (Serm,
2786 4087 2909 4141 pag.
2943 4072 3092 4144 676).
3112 4072 3470 4139 Quamobrem
3499 4075 3718 4130 Latinus
3744 4075 3841 4130 Pa-

2237 4167 2389 4212 catus
2421 4160 2573 4214 initio
2603 4163 2929 4234 panegyrici,
2961 4181 3119 4235 quem
3151 4165 3476 4234 Theodosio,
3510 4184 3683 4238 eoque
3710 4183 3840 4238 pra:-

2237 4260 2409 4316 sente,
2437 4255 2803 4321 pronuntiavit
2830 4275 2842 4310 :
2891 4255 3090 4311 Divinis
3136 4258 3283 4313 rebus
3309 4271 3580 4330 operantes
3599 4303 3612 4325 ,
3643 4263 3695 4313 in
3721 4277 3837 4315 eam

2238 4343 2350 4398 caeli
2379 4345 2586 4416 plagam
2610 4365 2702 4402 ora
2737 4350 3075 4404 convertimus
3095 4392 3108 4417 ,
3141 4369 3173 4405 a
3199 4369 3297 4422 qua
3325 4352 3450 4407 lucis
3474 4355 3734 4407 exordium
3758 4363 3838 4408 est

2242 4436 2452 4508 (Pacat.
2500 4441 2761 4513 Paneggr.
2811 4441 3088 4512 Tlteodos.,
3131 4462 3253 4515 pag.
3294 4445 3448 4515 246).
3497 4447 3732 4517 Denique
3773 4454 3836 4501 ut

535 4526 736 4598 lianus,
770 4528 972 4600 inquiet
994 4530 1217 4600 aliquis,
1251 4547 1356 4586 non
1385 4534 1522 4588 hanc
1549 4536 1790 4604 Apostoli
1822 4537 1999 4592 attulit
2046 4554 2134 4591 ra-
2160 4563 2214 4623 D
2243 4530 2422 4601 plures
2472 4533 2666 4590 missos
2712 4533 2972 4592 faciamus
2993 4579 3006 4605 ,
3061 4536 3281 4595 Ovidius
3334 4538 3400 4594 de
3449 4538 3547 4595 dea
3586 4540 3713 4597 Pale
3753 4555 3838 4596 ca-

540 4619 764 4687 tionem,
789 4621 878 4676 sed
896 4623 1034 4692 quia,
1065 4624 1138 4676 uti
1168 4624 1265 4692 ait,
1291 4641 1392 4679 non
1414 4625 1749 4681 erubescimus
1770 4627 1796 4680 ?
1819 4627 1929 4684 Nos
1953 4629 2135 4699 itaque

542 4709 670 4766 huic
705 4713 1156 4782 respondebimus
1188 4715 1326 4771 hanc
1364 4718 1433 4772 ab
1473 4733 1539 4774 co
1566 4719 1744 4774 datam
1775 4721 1980 4790 videri,
2010 4724 2134 4794 quia

541 4799 610 4855 ad
633 4804 963 4872 propositum
985 4820 1139 4861 suum
1164 4808 1396 4864 maxime
1423 4811 1774 4867 conducebat.
1801 4812 2134 4872 Christianos

537 4893 818 4951 enimvero
847 4899 1135 4968 gentilibus
1161 4900 1272 4967 ibi,
1304 4912 1362 4956 ut
1389 4902 1644 4972 diximus,
1672 4909 1913 4978 opponit.
1954 4911 2023 4965 At
2043 4910 2128 4978 hi,

539 4983 678 5041 sicut
711 4987 911 5044 ibidem
955 4990 1203 5060 subjecit,
1234 4992 1382 5048 falsis
1409 4994 1510 5050 diis
1537 4998 1916 5068 sacriﬁcando,
1946 5018 2134 5073 quem-

536 5075 824 5134 admodum
854 5082 1156 5151 precando,
1198 5083 1497 5141 aflerebaut
1539 5098 1653 5159 post
1702 5092 1874 5146 omnia
1899 5093 2133 5165 inquina-

536 5181 709 5225 menta
728 5173 880 5226 etiam
910 5176 1271 5230 conscientiam
1297 5195 1532 5248 spurcam
1562 5180 1800 5251 (Tertull.
1834 5185 2127 5259 Apologet.,

535 5276 652 5331 cap.
668 5263 755 5332 50,
781 5282 901 5336 pag.
923 5267 1050 5334 145,
1066 5267 1216 5342 445),
1231 5279 1286 5324 et
1307 5271 1451 5326 omni
1477 5273 1743 5330 scelerum
1765 5292 1962 5346 genere
1979 5279 2132 5335 coin-

531 5357 831 5427 quinatam,
859 5361 930 5416 ob
955 5377 1116 5432 quam
1144 5363 1190 5418 si
1211 5363 1335 5435 quid
1361 5365 1577 5436 pudoris
1604 5369 1866 5440 reliquum
1892 5372 1972 5428 eis
1996 5371 2128 5431 fuis-

529 5457 635 5517 set,
665 5461 925 5520 perpetuo
949 5451 1220 5511 debebant
1257 5456 1456 5514 rubore
1483 5458 1737 5518 sulfundi.
1767 5461 1968 5521 Contra
1997 5482 2127 5525 vero

533 5541 824 5601 Christiani
850 5546 962 5602 Deo
1002 5564 1103 5604 suo
1132 5551 1486 5622 omnipotenti
1538 5553 1819 5620 offerebant
1843 5561 2126 5618 orationem

531 5636 595 5688 de
613 5650 766 5688 carne
786 5637 1138 5706 pudica,sicut
1158 5643 1315 5712 paulo
1332 5653 1455 5700 ante
1468 5646 1786 5705 notabamus
1809 5648 1933 5723 (art.
1957 5653 2123 5727 sup.),

523 5722 590 5777 de
641 5726 811 5782 anima
865 5729 1139 5798 innocenti,
1192 5733 1255 5789 de
1307 5734 1506 5803 Spiritu
1577 5737 1771 5794 Sancto
1822 5722 2126 5814 profectam

2239 4622 2399 4679 nebat
2422 4642 2436 4678 :

2363 4737 2458 4804 His
2475 4739 2571 4804 dea
2595 4740 2820 4804 placanda
2847 4751 2942 4804 est,
2961 4745 3067 4795 haec
3089 4753 3142 4796 tu
3167 4759 3435 4797 conversus
3458 4748 3518 4797 ad
3541 4755 3677 4800 ortus

2424 4799 2516 4852 Dic
2536 4799 2730 4866 quater,
2757 4812 2810 4855 et
2826 4799 2940 4856 vivo
2961 4808 3137 4870 perlue
3154 4822 3268 4859 rore
3283 4823 3472 4859 manus.

2923 4907 3089 4974 (Ovid.
3115 4910 3200 4964 lib.
3227 4920 3278 4962 tv
3305 4915 3520 4976 Fastor.,
3542 4914 3740 4979 v.565.)

2239 5007 2309 5062 At
2338 5011 2549 5067 tametsi
2582 5011 2746 5071 fuerit
2771 5019 3074 5075 communis
3117 5021 3208 5076 ille
3244 5020 3661 5078 cbristianorum
3703 5036 3838 5093 gen-

2238 5097 2520 5174 tiliumque
2548 5104 2681 5160 ritus
2703 5147 2719 5174 ,
2747 5107 2868 5162 aliis
2893 5118 3070 5166 tamen
3099 5113 3399 5169 rationibus
3429 5113 3483 5168 bi
3511 5113 3642 5170 deos
3681 5127 3833 5183 suos,

2235 5189 2313 5246 illi
2339 5209 2469 5249 vero
2501 5195 2665 5252 Deum
2696 5215 2860 5255 unum
2891 5211 2948 5258 et
2972 5218 3160 5259 verum
3189 5206 3255 5261 ad
3282 5207 3548 5262 orientem
3577 5208 3835 5264 conversi

2233 5284 2502 5354 orabant;
2533 5291 2760 5359 gentiles
2790 5293 2933 5348 enim
2959 5335 2976 5362 ,
3025 5307 3083 5352 ut
3125 5306 3280 5353 notat
3321 5298 3704 5367 Tertullianus,
3743 5303 3838 5372 af.

2233 5379 2502 5449 fectatione
2542 5383 2785 5452 profecto
2823 5389 3061 5457 pessima
3105 5391 3386 5462 aliquando
3418 5393 3571 5446 etiam
3609 5392 3838 5447 caelestia

2231 5471 2485 5530 adorandi
2511 5473 2852 5547 (Tertullian.
2879 5481 3174 5554 Apologet.,
3203 5501 3321 5556 cap.
3365 5486 3457 5551 16,
3484 5503 3607 5559 pag.
3635 5486 3758 5554 571.
3786 5495 3839 5542 ετ

2233 5564 2368 5622 lib.l
2397 5569 2466 5623 ad
2507 5570 2747 5642 Nation.,
2793 5591 2911 5647 cap.
2945 5576 3036 5644 15,
3059 5595 3182 5651 pag.
3209 5579 3359 5652 579).
3400 5580 3510 5636 Res
3535 5581 3697 5651 igitur
3725 5594 3839 5636 ca:-

2228 5654 2418 5728 lestes,
2447 5662 2654 5734 stellas,
2683 5665 2960 5738 nimirum,
2994 5683 3060 5726 ac
3081 5669 3324 5741 planetas
3348 5686 3473 5728 cum
3500 5671 3830 5740 adorarent,

2231 5749 2472 5825 deosque
2511 5773 2632 5820 esse
2657 5759 3031 5836 cpinarentur,
3059 5763 3277 5828 idcirco
3297 5765 3368 5825 ad
3388 5766 3583 5837 solem,
3609 5765 3832 5826 illorum
