4240 6262
385 334 493 393 945

386 543 688 599 vertebant.

455 637 525 691 At
558 634 854 692 Christiani
907 633 1066 700 longe
1113 632 1344 688 diversis
1394 632 1694 688 rationibus
1741 633 1884 688 hunc
1928 635 1980 690 in

382 728 600 784 modum
633 727 1027 797 precabantur;
1074 740 1136 781 ac
1165 725 1502 795 potissimum
1531 727 1654 796 quia
1680 726 1747 781 ad
1777 727 1981 797 paradi-

384 833 522 883 sum,
552 818 694 872 unde
730 817 889 887 ejecti
930 816 1168 882 fuerunt,
1210 827 1264 871 et
1295 817 1360 871 ad
1392 817 1558 873 solem
1582 817 1806 887 justitia:
1829 819 1982 874 (ibri-

381 919 522 966 stum
551 909 839 965 l)ominum
863 909 1133 980 respicere
1157 908 1447 967 debebant.
1480 909 1626 964 Alias
1648 926 1776 966 vero
1801 911 1982 981 plures

380 1017 446 1058 ex
468 1003 630 1058 variis
655 1001 1011 1073 scriptoribus
1042 1001 1336 1057 cardiualis
1363 1003 1510 1058 Bona
1537 1004 1744 1072 retulit,
1769 1019 1903 1075 quas
1927 1005 1977 1060 in

385 1093 502 1164 ejus
533 1094 685 1150 libris
726 1095 904 1165 legere
933 1103 1236 1164 promptum
1270 1103 1372 1157 est.
1420 1109 1520 1149 nec
1556 1094 1660 1150 huc
1686 1110 1980 1166 congerere

378 1185 743 1241 necessarium
796 1184 986 1256 (Bona,
1017 1186 1080 1238 de
1129 1185 1289 1238 divin.
1323 1183 1524 1240 Psalm.
1576 1202 1693 1256 cap.
1739 1186 1867 1259 6,§
1908 1188 1977 1252 5.

378 1293 496 1348 pag.
528 1277 674 1348 177).
706 1275 1092 1332 Verumtamen
1123 1275 1383 1348 Origenes
1408 1319 1423 1342 ,
1453 1277 1609 1332 sicuti
1641 1278 1766 1332 alibi
1793 1279 1978 1334 obser-

375 1370 620 1423 Vavimus
648 1369 666 1440 (
700 1379 826 1424 tom.
855 1369 876 1423 Ι
907 1369 1184 1440 Apparat.,
1218 1387 1335 1441 pag.
1368 1370 1556 1439 1040),
1589 1370 1818 1442 ingenue
1847 1373 1978 1428 fate-

380 1471 465 1516 tur
497 1462 658 1532 hujus
679 1463 816 1517 ritus
838 1464 968 1517 satis
991 1463 1220 1518 validam
1245 1466 1507 1519 rationem
1537 1481 1640 1520 non
1666 1481 1825 1536 posse
1855 1482 1978 1537 pro-

381 1555 538 1611 ferri.
591 1555 803 1612 Nemini
854 1568 1028 1610 tamen
1080 1556 1234 1611 facile
1289 1557 1700 1626 persuadebitur
1747 1560 1895 1613 illum
1945 1576 1974 1614 a

373 1648 694 1703 Christianis
740 1648 940 1702 nullam
984 1647 1055 1701 ob
1079 1662 1294 1702 causam
1332 1658 1630 1719 receptum,
1665 1651 1753 1720 qui
1784 1651 1852 1704 ita
1879 1667 1976 1721 pu-

373 1741 517 1794 blico
555 1751 610 1795 et
644 1741 881 1795 unanimi
912 1740 1149 1794 omnium
1182 1755 1447 1795 consensu
1475 1742 1883 1810 observabatur,
1917 1753 1976 1799 ut

1517 331 1964 392 DlSSERTATlO
2001 335 2063 391 D.
2105 334 2192 392 LE
2229 335 2540 394 NOURRY.

382 449 624 505 omnium
668 447 955 504 maximum
982 454 1036 502 et
1062 446 1402 518 primarium,
1437 457 1654 505 orantes
1688 463 1808 505 sese
1856 465 1987 506 con-
2013 452 2065 512 Α

3588 347 3697 404 916

2674 469 2968 513 Αιιτιευωε
3005 472 3083 514 ιν.

2091 587 2194 644 Cur
2219 589 2497 644 Christiani
2526 589 2660 645 diem
2687 591 3020 660 dominicum,
3049 593 3113 647 ab
3150 594 3363 651 ethnicis
3392 596 3507 652 Soli
3547 598 3691 654 dica-

2163 691 2290 749 tum,
2329 683 2433 737 [αξιί
2460 683 2644 751 festum
2688 694 2916 756 agerent,
2948 687 3116 756 sicque
3141 703 3245 741 uno
3292 697 3488 742 tantum
3529 690 3692 746 locoa

2161 775 2432 846 gentilibus
2462 784 2507 829 et
2530 775 2731 832 Iudaeis
2753 777 2886 832 diem
2913 776 3111 832 sabbati
3129 777 3405 834 solemnem
3428 779 3687 838 celebran-

2161 868 2291 920 tibus
2318 867 2684 937 discreparent.

2159 1000 2312 1056 Alius
2338 1016 2468 1056 sane
2523 1017 2624 1057 nec
2666 1002 2844 1058 minor
2885 1002 3129 1074 profecto
3172 1018 3326 1060 error
3355 1014 3474 1062 erat
3514 1008 3691 1078 genti-

2086 1093 2238 1161 lium,
2269 1095 2358 1165 qui
2387 1093 2566 1150 adhuc
2592 1095 2948 1166 opinabantur
2993 1096 3165 1152 solem
3196 1097 3317 1152 ideo
3345 1112 3376 1151 a
3423 1097 3690 1154 Christia-

2085 1187 2170 1241 nis
2197 1195 2447 1257 tanquam
2496 1187 2662 1241 Deum
2711 1187 2846 1253 coli,
2891 1189 3014 1260 quia
3042 1189 3372 1246 dominicum
3409 1189 3574 1258 diem,
3620 1193 3690 1248 ab

2085 1277 2190 1332 illis
2245 1277 2355 1334 Soli
2409 1279 2669 1346 dicatum,
2701 1279 2752 1333 hi
2782 1295 2903 1335 cum
2934 1281 3115 1336 lmtitia
3145 1292 3386 1353 agerent.
3417 1283 3690 1352 Quamob-

2081 1385 2198 1426 rem
2236 1371 2599 1427 Tertullianus
2632 1388 2728 1428 eos
2775 1375 2852 1428 sic
2896 1374 3093 1429 refellit
3137 1383 3192 1429 et
3215 1377 3485 1447 exagitat:
3512 1375 3688 1449 Αῖᾳιιε

2082 1467 2125 1515 si
2153 1463 2286 1516 diem
2310 1465 2451 1528 solis,
2483 1464 2534 1518 id
2561 1474 2664 1530 est,
2708 1465 3060 1533 dominicum,
3106 1467 3296 1522 ltetitiw
3342 1467 3685 1538 indulgemus,

2081 1557 2187 1612 alia
2242 1558 2392 1630 longe
2435 1560 2668 1625 ratione,
2722 1576 2873 1628 quam
2925 1561 3173 1631 religione
3218 1561 3322 1616 sive
3373 1560 3514 1614 cultu
3542 1561 3689 1617 Solis

2081 1649 2414 1721 (Tertullian.
2443 1652 2734 1723 Apologet,
2777 1669 2893 1719 cap.
2925 1652 3012 1716 16,
3037 1669 3158 1722 pag.
3193 1652 3341 1723 571).
3372 1652 3539 1708 Tacet
3567 1653 3686 1724 qui-

2079 1741 2201 1798 dem
2229 1742 2340 1807 ille,
2367 1758 2485 1814 qua:
2513 1758 2576 1798 ea
2605 1743 2674 1797 sit
2701 1743 2800 1797 alia
2830 1743 2968 1797 ratio
2994 1757 3088 1797 cur
3111 1758 3235 1798 eum
3266 1742 3409 1798 diem
3455 1743 3564 1798 laeti
3597 1753 3683 1799 at-

374 1847 473 1886 nec
517 1832 763 1901 ipsismet
807 1831 1040 1887 ethnicis
1072 1831 1441 1901 incompertus
1468 1832 1644 1886 fuerit.
1692 1833 1823 1888 Nam
1854 1834 1976 1892 hinc
2007 1848 2054 1908 Β
2083 1849 2189 1905 que
2216 1835 2352 1890 adeo
2384 1836 2580 1890 festum
2607 1834 2966 1889 celebrarent.
2994 1832 3101 1888 Sed
3144 1833 3287 1887 illam
3325 1833 3482 1889 nobis
3509 1833 3683 1890 reddi-

380 1926 597 1997 quidam
621 1940 688 1980 ex
720 1926 824 1980 illis
846 1925 1258 1995 suSpicabantur
1277 1940 1597 1996 corporeum
1621 1926 1813 1991 solem,
1838 1928 1978 1983 sicut

374 2022 447 2076 ait
478 2023 678 2076 Auctor
718 2029 908 2075 noster
931 2061 946 2084 ,
982 2019 1412 2074 Christianorum
1446 2019 1612 2074 Deum
1651 2033 1792 2085 esse,
1827 2019 1976 2075 etab

373 2115 478 2168 illis
503 2113 738 2168 adorari.
769 2112 873 2169 Sed
903 2113 1133 2167 absurda
1163 2112 1276 2167 bmc
1303 2113 1572 2168 calumnia
1603 2114 1791 2184 paucis
1821 2113 1972 2170 hisce

381 2206 560 2261 verbis
586 2206 654 2260 ab
681 2220 748 2260 eo
778 2205 1124 2259 contunditur
1149 2223 1162 2259 :
1197 2205 1277 2258 Ad
1313 2205 1499 2259 Persas
1520 2206 1564 2260 si
1593 2205 1724 2274 forte
1749 2193 1970 2277 deputa-

374 2297 557 2360 bimur,
591 2298 703 2352 licet
729 2298 885 2352 solem
905 2339 919 2359 ,
952 2313 1054 2350 non
1098 2299 1148 2350 in
1178 2297 1332 2350 linteo
1361 2298 1641 2366 depictum,
1675 2299 1967 2364 adoremus,

372 2389 612 2443 Imbentes
674 2390 843 2460 ipsum
892 2389 1074 2459 ubique
1125 2389 1177 2441 in
1226 2405 1320 2442 suo
1380 2391 1559 2460 clypeo
1616 2389 1962 2460 (Tertullian.

369 2482 664 2552 Apologet.,
697 2498 809 2552 cap.
836 2480 926 2544 16,
953 2498 1074 2552 pag.
1109 2480 1270 2548 569).
1301 2479 1523 2536 Constat
1563 2491 1742 2537 autem
1770 2483 1968 2539 Persas

368 2573 603 2628 coluisse
629 2573 820 2636 solem,
850 2588 1008 2643 quem
1042 2589 1138 2642 pro
1163 2587 1290 2626 vero
1323 2574 1433 2627 Deo
1456 2573 1748 2629 habebant.
1777 2575 1967 2630 Testes

367 2666 643 2721 enimvero
686 2665 845 2736 hujus
889 2665 1178 2733 impietatis
1209 2675 1336 2720 sunt
1377 2666 1702 2732 llerodotus,
1745 2667 1962 2734 Strabo,

366 2756 609 2812 Justinus
637 2757 920 2812 historicus
941 2800 956 2824 ,
987 2768 1038 2812 et
1067 2759 1155 2813 alii
1185 2760 1493 2829 complures
1513 2801 1528 2826 ,
1557 2775 1694 2831 quos
1722 2762 1962 2830 quidem,

367 2866 435 2906 ne
459 2852 526 2904 ab
546 2851 664 2905 aliis
691 2851 889 2921 smpius
916 2859 1090 2905 actum
1113 2866 1355 2921 agamus,
1381 2867 1485 2905 non
1513 2853 1821 2909 censuimus
1847 2869 1966 2911 esse

365 2944 715 3016 appellandos
762 2944 1074 3017 (llerodot.,
1108 2947 1196 3000 lib.
1224 2947 1262 3011 l,
1297 2946 1324 3018 ᾗ
1353 2948 1473 3011 131;
1501 2948 1700 3015 Strab.,
1725 2951 1812 3004 lib.
1867 2949 1963 3005 XV

367 3036 576 3108 Geogr.,
619 3055 739 3107 pag.
787 3037 926 3102 752;
958 3036 1176 3101 Justin..
1215 3039 1302 3094 lib.
1349 3038 1365 3092 Ι
1411 3039 1634 3105 Histor.,
1675 3057 1790 3111 cap.
1819 3042 1887 3096 10
1919 3043 1964 3111 ).

363 3129 553 3184 Mirum
599 3127 777 3200 itaque
807 3131 937 3184 nulli
969 3131 1140 3186 videri
1167 3131 1327 3186 debet
1374 3131 1421 3185 si
1463 3131 1514 3186 hi
1555 3133 1685 3188 solis
1728 3133 1965 3188 cultores

2085 1927 2166 1981 dit
2191 1927 2501 1982 Barnabas:
2532 1925 2738 1981 Idcirco
2765 1927 2897 1981 diem
2938 1937 3193 1994 octavum,
3239 1925 3433 1997 inquit,
3478 1927 3532 1981 id
3574 1937 3680 1993 est,

2087 2017 2420 2072 dominicum
2445 2019 2499 2072 in
2529 2019 2704 2073 lwtitia
2725 2020 2946 2088 agimus,
2975 2018 3027 2070 in
3044 2033 3142 2087 quo
3169 2026 3216 2070 et
3235 2014 3388 2071 Iesus
3409 2019 3686 2073 resurrexit

2079 2127 2111 2164 a
2137 2112 2369 2176 mortuis,
2399 2122 2446 2165 et
2467 2129 2581 2166 cum
2607 2113 2946 2184 apparuisset,
2977 2112 3203 2166 ascendit
3233 2112 3302 2166 ad
3343 2113 3498 2168 cwlos
3538 2111 3690 2177 (Bar-

2079 2203 2194 2256 nab.
2226 2203 2394 2272 epist.,
2417 2201 2444 2273 §
2471 2204 2554 2267 l5,
2584 2203 2983 2276 pag.16).Quod
3012 2203 3227 2274 quidem
3247 2203 3471 2274 pulchre
3487 2203 3684 2259 conllr-

2078 2295 2448 2351 matJustiuus
2477 2306 2702 2366 martyr,
2727 2299 2814 2364 qui
2849 2295 3048 2351 idcirco
3079 2311 3186 2349 non
3204 2309 3360 2350 secus
3389 2310 3454 2350 ac
3481 2295 3686 2350 Barna-

2076 2391 2170 2446 bas
2235 2399 2292 2445 et
2352 2389 2714 2444 Tertullianus
2769 2375 2952 2443 noster
3003 2397 3186 2459 aperte
3238 2387 3475 2443 declarat
3538 2388 3682 2445 lumc

2073 2482 2214 2537 diem
2236 2481 2367 2536 solis
2393 2481 2740 2552 appellatum,
2765 2496 2872 2551 quo
2889 2480 3175 2536 Christiani
3194 2481 3510 2552 congregari
3537 2481 3683 2536 sole-

2073 2576 2229 2632 bant:
2252 2592 2315 2648 τῇ
2345 2583 2429 2630 τοῦ
2459 2584 2590 2635 ἡλίου
2616 2584 2836 2646 λεγομένῃ
2861 2583 3033 2646 ἡμέρᾳ,
3059 2576 3141 2628 die
3169 2591 3285 2645 qua:
3323 2575 3446 2630 solis
3472 2583 3680 2628 vocatur

2073 2669 2288 2736 (Justiti.
2350 2670 2569 2742 Apolog.
2628 2671 2706 2740 1).
2765 2669 2968 2723 Eodem
3038 2683 3253 2738 quoque
3293 2668 3510 2722 nomine
3540 2684 3681 2722 nun-

2071 2771 2295 2832 cupatur
2345 2762 2396 2814 in
2450 2761 2612 2815 variis
2660 2759 2997 2816 Constantini
3064 2759 3258 2828 Magni,
3317 2757 3680 2814 Valentiniani

2065 2853 2326 2924 junioris,
2356 2862 2411 2907 et
2437 2853 2729 2907 Theodosii
2760 2851 2988 2922 legibus,
3042 2851 3094 2904 in
3136 2865 3268 2920 quas
3312 2849 3676 2906 Gothofredus

2071 2946 2220 3017 plura
2251 2947 2303 3000 in
2331 2960 2444 3001 rem
2478 2953 2717 2998 nostram
2747 2945 2944 3013 aliique
2968 2943 3094 2999 alibi
3124 2945 3481 2999 observarunt
3520 2942 3674 3016 (Cod.

2073 3039 2354 3106 Theodos.,
2389 3039 2488 3108 leg.
2522 3039 2544 3092 1
2581 3047 2627 3092 et
2656 3039 2691 3092 2
2721 3038 2784 3091 de
2813 3038 2975 3109 feriis,
3010 3055 3131 3109 pag.
3164 3038 3266 3093 118
3295 3050 3343 3091 et
3365 3036 3493 3108 seq.)

2142 3128 2444 3201 Aliquando
2492 3129 2653 3184 etiam
2705 3129 2820 3186 dies
2875 3130 3217 3195 dominicus,
3266 3131 3348 3184 vel
3405 3127 3672 3184 dominica

365 3222 513 3277 illum
560 3221 614 3276 in
656 3223 848 3294 clypeo
899 3223 1171 3294 depictum
1197 3223 1498 3289 haberent;
1532 3223 1964 3294 quandoquidem
1993 3237 2038 3300 ρ
2072 3224 2352 3287 solemnia,
2374 3223 2456 3278 vel
2476 3222 2793 3293 simpliciter
2821 3222 3147 3276 dominicum
3174 3221 3676 3294 cognominabatur.

375 3313 574 3368 milites
597 3315 710 3368 suis
749 3317 799 3369 in
829 3314 1034 3386 clypeis
1061 3315 1306 3386 depictas
1332 3316 1413 3370 vel
1440 3316 1677 3384 sculptas
1704 3315 1966 3387 imagines

371 3403 586 3460 deferre
648 3415 1059 3461 consueverant.
1123 3407 1376 3475 Quinimo
1436 3407 1480 3460 si
1545 3407 1720 3462 Plinio
1781 3408 1963 3464 credi-

369 3511 526 3561 mus,
560 3495 682 3553 inde
706 3497 1008 3554 derivatum
1054 3507 1139 3554 est
1180 3498 1315 3553 illud
1345 3499 1522 3571 clypei
1551 3515 1768 3555 nomen.
1799 3501 1966 3558 Addit

370 3605 505 3645 vero
529 3608 542 3644 :
575 3589 732 3662 Origo
757 3593 908 3662 plena
929 3592 1132 3647 virtutis
1157 3593 1340 3661 faciem
1365 3593 1514 3647 reddi
1535 3595 1586 3647 in
1615 3603 1763 3648 scuto
1788 3597 1966 3664 cujus-

361 3698 458 3752 que
484 3725 498 3745 ,
533 3684 618 3752 qui
645 3685 797 3754 fuerit
823 3701 944 3738 usus
973 3684 1083 3738 illo.
1126 3683 1278 3739 Poeni
1314 3700 1378 3739 ea:
1403 3702 1530 3739 auro
1564 3686 1880 3756 factitaverc,
1913 3697 1960 3742 et

363 3773 569 3843 clypeos
599 3784 642 3826 et
677 3775 925 3844 imagines
964 3792 1230 3846 secumque
1257 3778 1310 3830 in
1345 3776 1527 3831 cdstris
1568 3775 1729 3831 tulere
1755 3777 1772 3848 (
1797 3777 1961 3844 Plin.,

363 3864 447 3918 lib.
481 3864 681 3920 XXXV
727 3865 861 3922 Hist.
897 3877 1092 3933 natur.,
1124 3885 1240 3938 cap.
1272 3870 1326 3934 5,
1376 3885 1499 3940 pag.
1527 3869 1672 3936 177).
1708 3869 1804 3925 Ctti
1836 3885 1964 3928 vero

364 3955 542 4027 ignota
574 3969 698 4012 sunt
729 3974 791 4012 ea
815 4001 831 4025 ,
865 3975 984 4030 qum
1015 3961 1282 4017 Homerus
1312 3962 1381 4016 de
1410 3962 1634 4018 Achillis
1655 4005 1668 4026 ,
1703 3973 1757 4018 et
1787 3964 1962 4034 Virgi-

364 4048 469 4103 lius
493 4049 560 4104 de
590 4050 781 4106 IEnezc
810 4051 1015 4122 clypeis
1044 4067 1220 4122 grteCo
1254 4053 1528 4122 latiuoque
1555 4055 1796 4110 carmine
1825 4055 1966 4110 ceci-

363 4143 594 4195 nerunt?
619 4142 637 4213 (
667 4141 876 4195 Homer.
896 4141 1058 4196 Iliad.
1083 4143 1271 4209 XVIII,
1296 4159 1344 4197 υ.
1368 4144 1494 4209 478,
1521 4154 1566 4198 et
1589 4161 1756 4216 scqq.;
1775 4144 1958 4216 Virgil.

363 4231 450 4285 lib.
486 4231 599 4288 VIII
632 4232 870 4298 /Eneid.,
916 4251 964 4288 υ.
1007 4235 1113 4292 9‘25
1164 4246 1210 4290 et
1258 4235 1444 4307 scqq.).
1485 4238 1602 4292 Pari
1651 4240 1830 4309 itaque
1872 4255 1963 4294 ra-

364 4330 510 4382 tione
541 4328 718 4383 Persu:
747 4331 798 4383 in
829 4330 1017 4400 clypeo
1043 4331 1325 4402 gestabant
1353 4331 1582 4402 efﬁgiem
1613 4335 1743 4389 solis
1764 4376 1778 4398 ,
1804 4351 1959 4404 quem

363 4421 662 4474 maximum
692 4421 848 4476 deum
877 4439 996 4478 esse
1022 4425 1439 4479 arbitrabantur.

439 4513 590 4578 Esto,
625 4514 850 4584 inquies,
891 4531 954 4570 ac
983 4516 1117 4570 cedo
1145 4516 1287 4570 hunc
1317 4517 1482 4571 fuisse
1529 4533 1722 4572 revera
1766 4519 1962 4574 Persa-

363 4620 486 4660 rum
537 4620 762 4660 morem.
795 4607 901 4663 Sed
933 4609 1204 4679 quomodo
1250 4608 1373 4663 inde
1421 4609 1597 4679 colligi
1627 4619 1802 4678 potest
1840 4611 1962 4681 quis

361 4711 526 4753 verus
555 4699 624 4753 sit
653 4699 965 4756 Tertulliani
1009 4704 1235 4758 sensus?
1281 4702 1534 4758 Nonnulli
1583 4703 1798 4774 quidem
1845 4704 1962 4776 ejus

360 4791 525 4845 verba
571 4792 649 4845 sic
704 4793 1156 4863 interpretantur:
1210 4796 1389 4851 Persa:
1436 4796 1488 4849 in
1540 4795 1708 4850 linteo
1742 4797 1966 4867 pingunt

359 4885 555 4946 solem,
587 4901 745 4954 quem
773 4887 1063 4942 Christiani
1099 4889 1298 4944 habent
1318 4889 1370 4942 in
1399 4889 1588 4960 clypeo
1613 4903 1733 4954 suo,
1775 4889 1826 4944 id
1863 4898 1965 4955 est,

361 4976 417 5030 in
473 4975 564 5030 illo
603 4975 691 5047 qui
745 4978 929 5033 mundi
981 4978 1169 5034 oculus
1217 4989 1274 5035 et
1324 4981 1492 5035 instar
1519 4980 1692 5051 clypei
1745 4990 1847 5045 est,
1879 4991 1971 5038 aut

360 5068 503 5124 sicut
552 5070 642 5123 alii
674 5071 883 5135 volunt,
931 5071 1137 5126 vultum
1189 5073 1319 5126 solis
1364 5082 1616 5143 tanquam
1671 5075 1723 5128 in
1771 5076 1965 5147 clypeo

362 5170 612 5215 cernunt.
643 5161 746 5216 Sed
770 5161 885 5217 haec
912 5164 1084 5233 magis
1110 5165 1292 5234 utique
1338 5165 1571 5230 subtilis,
1604 5181 1765 5235 quam
1795 5167 1964 5222 solida

362 5251 652 5320 ettplicatio
697 5269 970 5324 nunquam
999 5254 1165 5308 dubio
1194 5255 1376 5322 procul
1405 5257 1457 5308 in
1485 5268 1720 5311 mentem
1747 5257 1963 5312 Tertul-

362 5344 491 5399 liani
541 5356 786 5402 venerat.
813 5347 1120 5418 Simplicior
1145 5357 1349 5419 autem,
1385 5358 1439 5402 ut
1473 5365 1539 5404 ex
1568 5351 1868 5405 observatis
1898 5353 1964 5405 li-

362 5445 512 5506 quet,
544 5439 755 5492 videtur
801 5455 922 5494 esse
974 5441 1058 5494 hic
1108 5441 1250 5494 illius
1295 5455 1517 5496 sensus:
1574 5441 1787 5496 Ethnici
1831 5442 1964 5496 falso

361 5531 620 5597 putabant
644 5532 814 5586 solem
846 5547 874 5585 a
901 5531 1247 5599 Christianis,
1279 5532 1732 5602 quemadmodum
1774 5549 1804 5588 a
1831 5531 1955 5588 Per-

363 5621 442 5675 sis
465 5622 702 5677 adorari.
731 5622 862 5678 Nam
895 5623 950 5677 hi
981 5625 1034 5678 in
1065 5624 1269 5696 elypeis
1290 5624 1402 5678 suis
1425 5623 1655 5678 efﬁctam
1682 5633 1734 5678 et
1767 5639 1965 5694 reprm-

365 5723 630 5768 sentatam
685 5717 814 5770 solis
841 5715 927 5770 dei
973 5719 1055 5771 sui
1110 5718 1394 5788 imaginem
1433 5717 1631 5786 ubique
1671 5716 1961 5786 habebant,

365 5802 652 5862 Christiani
680 5821 814 5865 vero
841 5824 909 5865 ne
935 5809 1152 5881 quidem
1195 5810 1246 5865 in
1279 5809 1443 5866 linteo
1484 5809 1631 5866 ullibi
1675 5809 1962 5881 depictam.

1984 4651 2040 4711 D

2071 3317 2338 3386 Scriptum
2384 3315 2582 3386 quippe
2629 3315 2990 3370 Tertullianus
3033 3325 3215 3370 noster
3259 3315 3502 3385 reliquit:
3535 3314 3677 3380 Quo-

2076 3409 2227 3462 modo
2249 3407 2506 3460 dominica
2537 3407 2782 3461 solemnia
2801 3407 3162 3461 celebrabimus
3202 3406 3468 3476 (Tertull.,
3492 3405 3584 3462 lib.
3611 3407 3676 3461 de

2071 3498 2247 3570 Fuga,
2275 3515 2391 3569 cap.
2425 3498 2618 3569 ultim.)
2638 3498 2661 3551 ?
2679 3498 2977 3570 Cyprianus
3003 3513 3132 3553 vero
3161 3499 3211 3553 in
3231 3513 3322 3552 sua
3349 3498 3414 3552 ad
3453 3497 3677 3569 presby-

2071 3602 2237 3660 teros,
2278 3593 2534 3648 diaconos
2568 3602 2623 3646 et
2672 3594 2976 3646 universam
3015 3592 3222 3662 plebem
3253 3592 3472 3661 epistola
3505 3592 3677 3662 scrip-

2070 3689 2168 3742 sit:
2210 3686 2480 3742 Dominico
2511 3687 2715 3740 interim
2746 3687 2865 3756 legit
2889 3685 3051 3752 nobis,
3084 3685 3138 3738 id
3164 3695 3257 3751 est,
3285 3687 3578 3753 auspicatus
3601 3693 3674 3739 est

2070 3797 2278 3850 pacem,
2328 3780 2450 3834 dum
2491 3779 2691 3834 dedicat
2739 3780 3000 3834 lectionem
3046 3778 3336 3852 (Cypriae,
3381 3780 3526 3848 epist.
3578 3778 3670 3842 38,

2069 3891 2188 3943 pag.
2214 3874 2330 3945 57).
2354 3873 2484 3940 Quae
2512 3880 2598 3928 est
2616 3880 2815 3938 autem,
2853 3873 3080 3926 obsecro
3127 3881 3198 3938 te,
3241 3887 3302 3926 ea
3350 3871 3526 3935 lectio,
3570 3871 3672 3926 nisi

2069 3965 2179 4030 illa,
2209 3981 2330 4034 qua:
2375 3965 2426 4019 in
2465 3964 2693 4035 publicis
2723 3963 3149 4018 Christianorum
3191 3963 3441 4029 canibus,
3488 3963 3562 4017 uti
3615 3964 3670 4017 in

2067 4057 2313 4128 sequenti
2341 4057 2517 4126 capite
2541 4057 2804 4120 dicemus,
2854 4055 2968 4110 fieri
3016 4064 3390 4110 consueverat.
3438 4055 3492 4108 Si
3541 4055 3670 4123 quid

2067 4165 2196 4204 vero
2219 4150 2418 4205 clarius
2446 4147 2800 4211 desiderabis,
2830 4146 3018 4200 audias
3053 4146 3210 4198 velim
3243 4145 3549 4210 Eusebium,
3579 4147 3675 4215 qui

2067 4245 2344 4299 memoria:
2371 4242 2604 4313 prodidit
2643 4242 2784 4295 hunc
2811 4240 2918 4294 diei
2976 4239 3230 4294 dominici
3286 4240 3510 4294 solemni
3564 4240 3670 4293 ritu

2066 4333 2372 4392 celebrandi
2417 4347 2620 4388 morem
2661 4347 2690 4384 a
2721 4332 2939 4385 Christo
2985 4330 3215 4385 Domino
3253 4345 3532 4386 manasse:
3578 4323 3672 4401 ἐφ’

2067 4435 2270 4488 inimice
2323 4429 2579 4493 ἑϐδομάδος
2631 4435 2724 4476 oris
2771 4434 3002 4494 nupserit-iw
3052 4425 3442 4495 χρημειτίζούσιν
3495 4430 3675 4489 ἡμέραν

2067 4526 2233 4590 ἓορτῆν
2280 4525 2411 4587 ἄγειν
2449 4523 2529 4570 επὶ
2552 4524 2710 4570 ιτα-υτό
2757 4519 2996 4576 cru-attinnt;
3034 4520 3340 4586 παραδέδωκα
3363 4555 3376 4578 ,
3421 4517 3504 4566 nisi
3544 4517 3688 4566 αὐτὸ.

2069 4622 2271 4682 σώματα,
2333 4619 2560 4670 πιαίνειν,
2627 4617 2715 4669 τὰς
2783 4613 2833 4661 δὲ
2899 4614 3050 4676 ψυχὰς
3117 4615 3287 4665 ἰιθξοις
3350 4609 3675 4672 quatiquati:

2067 4707 2394 4772 ἀναζωπυρεῖν
2415 4706 2752 4773 παρεσκεύασα.
2780 4698 3029 4769 Prwcepit
3057 4710 3109 4752 ut
3130 4699 3346 4769 singulis
3371 4697 3671 4767 septimanis

2069 4797 2124 4850 in
2150 4811 2307 4850 unum
2336 4795 2714 4860 convenientes,
2736 4791 3049 4845 dominicum
3075 4789 3208 4842 diem
3231 4792 3412 4861 festum
3440 4797 3668 4858 agerent,

2071 4903 2163 4942 nec
2189 4903 2405 4955 corpora
2423 4903 2516 4940 sua
2547 4885 2860 4955 saginarent,
2887 4882 2974 4936 sed
3002 4883 3198 4934 animos
3231 4881 3414 4934 divinis
3444 4897 3670 4950 prazcep-

2074 4978 2293 5032 tionibus
2320 4977 2661 5048 refocillarent
2685 4976 2898 5048 (It'useb.
2928 4984 3057 5028 orat.
3079 4975 3140 5027 de
3156 4975 3297 5028 laud.
3324 4973 3668 5040 Constantin.,

2069 5085 2187 5140 cap.
2222 5070 2310 5134 17,
2345 5086 2466 5140 pag.
2495 5068 2650 5138 664).
2679 5071 2855 5138 Atque
2881 5068 2950 5120 ita
2982 5065 3228 5121 Valesius
3274 5065 3414 5119 hunc
3455 5065 3672 5120 Eusebii

2071 5162 2245 5217 locum
2279 5164 2680 5230 interpretatur,
2711 5160 2798 5230 qui
2831 5168 2955 5213 ante
2985 5159 3208 5214 verbum
3254 5166 3462 5212 πιαίνειῡ
3501 5157 3671 5228 parti-

2069 5255 2244 5310 culam
2274 5260 2325 5310 οὗ
2351 5253 2559 5307 librarii
2583 5253 2787 5307 incuria
2815 5253 3070 5307 omissam
3094 5251 3258 5307 fuisse
3303 5267 3406 5306 non
3436 5251 3668 5318 dubitat,

2070 5349 2192 5417 quia
2217 5356 2275 5402 τὸ
2313 5358 2520 5402 artatis!”
2551 5362 2656 5401 non
2685 5345 2934 5400 convenit
2974 5345 3301 5400 christianis.
3328 5345 3517 5399 Postea
3541 5359 3672 5401 vero

2070 5441 2402 5512 Epiphanius
2429 5442 2495 5494 de
2539 5440 2725 5495 eadem
2753 5439 3034 5493 dominica:
3064 5438 3166 5492 diei
3211 5440 3521 5495 celebritate
3554 5439 3669 5492 lure

2067 5534 2282 5602 scriptis
2326 5533 2569 5586 tradidit:
2611 5538 2714 5594 Τὰς
2739 5537 2969 5603 κωμικὰς
3000 5535 3194 5592 ἀρπάσας
3223 5537 3456 5603 τρυφερὰς
3482 5535 3673 5602 ﬁciens

2067 5633 2098 5685 ἡ
2142 5630 2258 5696 ἁγία
2303 5631 2426 5685 αὖτῆ
2456 5634 2681 5682 καθολικῆ
2733 5621 2993 5689 Eminuit,
3043 5635 3126 5678 καὶ
3173 5632 3385 5690 cru-riget;
3435 5624 3676 5694 ἀρέωθιν

2067 5723 2296 5781 lernam,
2331 5723 2384 5772 οὖ
2411 5726 2642 5786 νηστεύει.
2676 5716 2973 5772 Dominicas
2997 5733 3170 5770 omnes
3197 5717 3354 5787 festas
3383 5717 3670 5789 hilaresque

2073 5812 2328 5867 catholica
2355 5813 2524 5867 sanxit
2553 5810 2806 5880 Ecclesia,
2837 5827 2898 5866 ac
2925 5811 3169 5866 solemnes
3193 5820 3468 5866 conventus
3497 5818 3669 5864 matus
