4212 6262
537 316 642 372 947

1614 317 1683 373 ιΝ
1722 312 2185 374 TERTULLIANI
2219 315 2752 378 APOLOGETICUM

3733 321 3841 384 948

539 435 659 488 tittis
684 400 823 490 tiaris
864 433 1058 498 indicit,
1096 446 1186 488 nec
1213 431 1321 488 ulta
1338 432 1544 504 jejunio
1579 431 1796 489 celebrat
1837 430 2134 504 (Epiphan.
2165 440 2220 499 Α
2246 434 2599 492 hebdomadas
2618 436 2761 492 diem
2805 434 3004 493 Judacis
3044 444 3100 492 et
3143 435 3558 494 Graecis-fuisse
3599 451 3839 501 sacrum.

548 526 779 598 Exposit.
799 527 919 596 ﬁd.,
948 527 974 598 §
1004 526 1095 593 22,
1120 543 1241 597 pag.
1278 525 1423 598 105).
1456 525 1597 580 Alibi
1620 535 1796 581 autem
1828 538 1926 580 nos
1952 524 2138 580 admo-

545 604 637 675 net
658 612 801 674 hunc
828 633 1033 674 morem
1059 618 1125 674 ab
1147 616 1403 688 apostolis
1424 616 1686 689 proficisci
1715 615 1906 689 (Idem,
1936 615 2132 673 Haeres.

544 704 721 784 Arii,§
749 700 801 778 6,
832 728 951 784 pag.
977 711 1125 783 910).
1159 711 1316 767 Plura
1345 711 1397 766 in
1417 710 1555 767 hanc
1583 727 1717 777 rem,
1743 727 1864 783 quas
1888 708 2138 766 omnibus

542 813 667 861 nota
716 812 820 871 est,
853 804 1191 859 accumulare
1235 804 1367 859 nihil
1396 805 1554 875 plane
1597 820 1732 875 opus
1776 813 1879 860 est.
1926 802 2138 860 Sufﬁcit

541 897 684 953 enim
716 896 968 952 omnibus
997 892 1250 967 probasse
1275 898 1416 952 hunc
1432 898 1573 953 diem
1596 898 1649 953 in
1681 897 1898 963 Christi,
1931 913 1961 952 a
1994 912 2139 952 mor-

540 990 645 1045 tuis
669 988 772 1044 hoc
798 990 915 1060 ipso
937 988 1027 1046 die
1046 990 1285 1060 excitati,
1320 991 1581 1047 honorem
1610 991 1732 1061 jure
1749 992 1940 1048 merito
1973 989 2137 1047 fuisse

537 1081 859 1136 institutum.

612 1197 950 1268 Quapropter
974 1197 1050 1254 sic
1081 1197 1254 1269 pergit
1294 1196 1691 1253 Tertullianus:
1742 1196 1983 1254 Secundo
2025 1198 2137 1254 loco

539 1290 602 1347 ab
624 1292 695 1345 eis
725 1290 1021 1362 sumus,qui
1051 1292 1185 1345 diem
1217 1288 1432 1347 Saturni
1459 1291 1562 1346 otio
1592 1300 1636 1345 et
1658 1292 1811 1346 victui
1840 1291 2135 1360 decernunt,

540 1381 877 1440 exorbitantes
918 1393 963 1438 et
1010 1384 1109 1454 ipsi
1151 1400 1184 1437 a
1230 1383 1451 1438 Judaico
1499 1400 1657 1451 more,
1706 1400 1855 1453 quem
1899 1384 2138 1455 ignorant

539 1473 865 1547 (Tertullian.
916 1476 1208 1548 Apologet.,
1236 1493 1351 1548 cap.
1411 1476 1497 1546 15,
1530 1494 1653 1549 pag.
1700 1477 1851 1549 557).
1881 1476 1986 1534 Sed
2022 1477 2140 1534 hac

542 1568 759 1624 uberius
788 1567 1091 1640 clariusque
1118 1568 1246 1624 alibi
1272 1570 1541 1639 exposuit,
1582 1570 1670 1625 ubi
1716 1570 1945 1641 gentiles
1989 1570 2139 1627 hisce
2242 1593 2254 1603 ·

542 1661 720 1718 verbis
746 1659 969 1716 aﬂatdr:
1035 1660 1134 1716 Vos
1159 1670 1291 1728 certe
1317 1662 1456 1729 estis,
1488 1663 1575 1730 qui
1618 1662 1768 1716 etiam
1819 1664 1873 1717 in
1918 1662 2137 1717 latercu-

541 1754 645 1809 lum
663 1760 853 1826 septem
882 1755 1079 1808 dierum
1127 1753 1284 1809 solem
1304 1754 1584 1826 recepistis,
1604 1766 1649 1809 et
1685 1771 1748 1809 ea:
1767 1755 1942 1811 diebus
1970 1757 2140 1827 ipsum

545 1848 865 1919 prwtegistis,
895 1864 994 1919 quo
1014 1846 1096 1900 die
1124 1844 1383 1901 lavacrum
1409 1846 1738 1915 subtrahatis,
1763 1859 1851 1902 aut
1877 1848 1929 1903 in
1972 1864 2141 1920 respe-
2166 1842 2215 1904 B
2294 1848 2299 1855 ’

540 1958 653 1995 ram
673 1938 946 2008 di/l'eratis,
977 1948 1065 1994 aut
1092 1941 1273 2008 otium,
1296 1950 1384 1994 aut
1414 1940 1691 2012 prandium
1734 1941 1938 1997 curetis.
1990 1940 2139 2009 Quod

542 2033 744 2103 quidem
795 2031 964 2103 facitis
1008 2030 1346 2087 exorbitantes
1393 2042 1443 2087 et
1473 2033 1571 2105 ipsi
1618 2034 1850 2088 avestris
1899 2032 1968 2086 ad
2008 2034 2139 2089 alias

540 2123 830 2195 religiones.
861 2118 1034 2177 λιιάωὶ
1056 2123 1187 2177 enim
1210 2124 1345 2195 festi,
1374 2122 1605 2191 sabbata,
1648 2132 1694 2178 et
1733 2138 1876 2178 caena
1919 2140 2048 2194 pura
2091 2128 2140 2178 et

538 2216 749 2272 Iudaici
797 2218 924 2272 ritus
977 2217 1316 2284 lucernarum,
1341 2226 1389 2273 et
1425 2218 1627 2291 jejunio
1675 2236 1788 2273 cum
1836 2221 2048 2291 azymis,
2092 2230 2141 2276 et

544 2311 797 2367 orationes
822 2308 1091 2378 littorales,
1114 2326 1228 2381 qua:
1253 2311 1425 2382 utique
1449 2311 1616 2366 aliena
1634 2322 1749 2365 sunt
1771 2328 1802 2365 a
1818 2311 2137 2381 diisvestris.

546 2406 717 2473 Quare
745 2418 798 2459 ut
826 2406 888 2460 ab
918 2423 1124 2461 excessu
1150 2416 1391 2473 revertar,
1438 2407 1525 2479 qui
1573 2405 1729 2460 solem
1756 2413 1801 2460 et
1851 2405 1985 2459 diem
2031 2405 2140 2478 ejus

545 2498 689 2553 nobis
715 2496 1053 2570 exprobratis,
1084 2499 1342 2571 agnoscite
1368 2498 1697 2553 vicinitatem.
1744 2495 1870 2553 Non
1922 2497 2070 2570 longe
2108 2515 2143 2552 α

547 2588 776 2647 Saturno
806 2601 853 2645 et
877 2588 1096 2647 sabbatis
1117 2591 1295 2646 vestris
1323 2606 1500 2646 sumus
1517 2586 1709 2662 (Idem,
1729 2587 1817 2643 lib.
1843 2582 1957 2644 Iad
1984 2590 2138 2657 Nat.,

542 2702 659 2758 cap.
696 2685 783 2753 15,
814 2701 935 2756 pag.
958 2683 1111 2756 579).
1131 2682 1237 2739 Sed
1262 2683 1404 2739 dictu
1448 2681 1591 2740 haud
1620 2682 1775 2739 facile
1799 2696 1866 2737 an
1910 2682 2142 2756 genuina

544 2764 600 2836 et
654 2779 961 2849 incorrupta
1016 2778 1124 2832 sint
1174 2777 1291 2834 hazc
1342 2778 1527 2845 verba,
1579 2777 1837 2833 orationes
1893 2774 2141 2831 littorales

545 2869 724 2941 (Philo
744 2869 945 2925 Jud.in
965 2867 1231 2939 Flaccum,
1258 2887 1379 2941 pag.
1408 2868 1537 2938 992,
1579 2867 1675 2941 ὓ).
1721 2867 1778 2924 Si
1822 2869 1967 2923 enim
2022 2867 2139 2926 haec

545 2978 575 3017 a
607 2962 939 3019 Tertulliano
985 2963 1183 3032 scripta
1214 2971 1359 3028 sunt,
1390 2961 1517 3032 quid
1546 2961 1611 3017 iis
1639 2959 1969 3032 signiﬁcetur
1996 2957 2143 3015 dictu

544 3057 721 3115 adhuc
744 3056 1033 3123 difﬁcilius,
1063 3072 1164 3113 nec
1190 3056 1331 3112 ullus
1358 3070 1419 3111 ea
1448 3056 1501 3111 in
1547 3056 1689 3111 notis
1729 3056 1842 3111 suis
1872 3053 2142 3127 extilicare

549 3152 793 3210 tentavit.
821 3149 1091 3222 Numquid
1119 3162 1300 3206 autem
1324 3151 1527 3205 Auctor
1568 3158 1753 3204 noster
1790 3145 1857 3203 ad
1885 3146 2142 3219 quasdam

2315 529 2536 584 Certum
2570 528 2748 600 itaque
2789 544 2859 584 ex
2897 528 3156 584 hactenus
3202 528 3358 585 dictis
3403 530 3691 601 unicuique
3716 546 3843 590 esse

2253 620 2435 689 debet,
2488 620 2664 691 primo
2709 620 3043 677 Christianos
3071 620 3228 692 longe
3253 621 3355 677 alia
3390 623 3625 691 ratione,
3654 626 3840 683 etalio

2240 714 2349 770 ritu
2366 714 2509 770 diem
2528 714 2661 771 solis
2688 715 2803 770 sive
2826 715 3152 771 dominicum
3173 715 3499 784 celebrasse,
3549 732 3709 788 quam
3737 718 3840 774 Ju-

2240 806 2388 862 dseos
2430 821 2494 863 ac
2560 807 2812 878 gentiles,
2858 805 2929 862 de
2967 807 3160 878 quibus
3200 806 3533 875 Laelantius,
3580 810 3840 882 quidquid

2241 901 2482 958 nonnulli
2512 901 2770 967 dixerint,
2802 902 2965 957 etiam
3008 901 3266 973 loquitur.
3314 900 3586 969 Secundo,
3618 905 3838 961 eosdem

2238 994 2575 1051 Christianos
2599 1008 2692 1065 per
2721 994 2864 1050 hunc
2886 994 3030 1050 diem
3048 994 3329 1051 indulsisse
3353 995 3562 1061 latitia,
3580 997 3833 1054 nimirum

2241 1086 2501 1156 spiritali;
2526 1087 2649 1157 quia
2667 1100 2858 1142 omnes
2884 1086 3141 1157 undique,
3168 1095 3227 1141 ut
3250 1101 3317 1142 ex
3341 1086 3553 1143 Justino
3600 1098 3839 1162 martyre

2243 1177 2369 1233 alibi
2394 1179 2771 1234 annotavlmus
2789 1178 2981 1253 (lbid.,
3010 1196 3132 1251 pag.
3153 1178 3271 1251 25),
3299 1180 3352 1235 in
3381 1180 3626 1236 eumdem
3653 1182 3836 1240 locum

2240 1272 2605 1341 conﬂuebant,
2631 1288 2946 1345 sacramque
2966 1288 3139 1339 suam,
3169 1288 3236 1329 eo
3261 1289 3369 1345 quo
3392 1275 3615 1332 diximus
3645 1276 3832 1347 modo,

2241 1364 2469 1437 agebant
2484 1366 2727 1437 synaxim
2739 1408 2753 1421 .
2768 1365 2875 1423 Sed
2890 1367 3042 1437 plura
3069 1365 3138 1422 de
3164 1366 3254 1421 illa
3272 1376 3458 1424 uoster
3474 1367 3834 1425 Te'rtullianus

2245 1458 2483 1527 tradidit,
2532 1472 2655 1530 qua:
2683 1474 2827 1516 nunc
2872 1460 3205 1517 enucleauda
3226 1469 3367 1517 sunt.

2847 1586 3075 1652 CAPUT
3113 1595 3230 1651 XV.

2528 1707 2608 1764 De
2632 1709 2791 1765 sacris
2809 1708 3217 1766 Christianorum
3258 1711 3552 1783 quacibus.

2718 1854 2725 1857 ’
2767 1837 3063 1880 Αιιτιουιυε
3100 1839 3311 1880 PRIIUS.

2250 1957 2417 2025 Quam
2433 1957 2495 2012 ob
2514 1974 2748 2013 caussam
2768 1958 3047 2013 Christiani
3065 1976 3237 2016 sacros
3254 1971 3409 2016 cretus
3424 1961 3700 2029 inirent;de
3713 1963 3847 2036 [usis

2318 2053 2385 2107 ibi
2410 2052 2660 2125 precibus,
2692 2070 2753 2108 ac
2778 2055 3101 2125 potissimum
3123 2072 3219 2128 pro
3243 2072 3385 2110 mora
3411 2057 3552 2126 ﬁnis;
3574 2056 3637 2112 de
3669 2076 3847 2114 sacra.

2318 2162 2434 2201 rum
2463 2143 2850 2216 Scripturarum
2881 2147 3124 2213 lectione,
3172 2158 3219 2202 et
3270 2148 3733 2218 cohortationibus;
3783 2152 3848 2207 de

2321 2235 2645 2309 praesidibus,
2672 2235 2923 2309 probatis,
2971 2240 3275 2310 senioribus,
3324 2251 3372 2295 et
3409 2243 3654 2297 honorem
3698 2243 3846 2299 nullo

2315 2332 2501 2402 pretio,
2525 2331 2617 2387 sed
2643 2331 2926 2387 testimonio
2951 2333 3168 2404 adeptis.

2268 2532 2273 2537 ,
2321 2482 2465 2540 Nihil
2504 2484 2664 2556 plane
2694 2486 2745 2540 in
2775 2493 2884 2541 tota
2931 2486 3355 2543 Christianorum
3399 2487 3701 2560 disciplina,
3746 2507 3841 2549 eo-

2252 2595 2480 2650 rumque
2519 2580 2757 2636 moribus
2782 2590 2916 2648 erat,
2948 2569 3092 2652 quad
3119 2581 3416 2638 acrioribus
3443 2581 3641 2639 ethnici
3672 2600 3840 2641 vexa-

2257 2672 2436 2729 verint
2460 2672 2766 2742 calumniis,
2796 2689 2955 2744 quam
2979 2675 3187 2730 illorum
3215 2689 3469 2747 synaxcs,
3488 2691 3550 2733 ac
3578 2678 3843 2735 solemnes

2248 2764 2316 2820 ad
2362 2778 2515 2821 sacra
2559 2766 2816 2838 myStcria
2861 2767 3068 2838 agenda
3114 2779 3429 2825 conventus.
3483 2768 3846 2838 Quamobrem

2253 2852 2611 2913 Tertullianus
2654 2857 3018 2930 impudentem
3062 2861 3510 2917 ealumniatorttm
3559 2863 3842 2920 audaciam

2249 2966 2359 3006 non
2378 2950 2481 3006 alio
2515 2950 2760 3007 validiori
2800 2960 3115 3024 argumento
3138 2954 3349 3024 penitus
3378 2957 3656 3027 comprimi
3683 2973 3847 3028 posse

2250 3046 2480 3116 censuit,
2512 3062 2675 3118 quam
2705 3047 2909 3103 sincera
2939 3054 2993 3104 et
3019 3048 3249 3119 simplici
3294 3065 3493 3118 eorum,
3522 3066 3643 3121 quae
3672 3052 3726 3105 in
3773 3053 3843 3108 iis

2250 3139 2566 3211 agebantur,
2592 3139 2947 3210 expositione.
2980 3140 3221 3196 Primum
3243 3141 3414 3210 itaque
3433 3149 3646 3197 enarrat
3673 3158 3837 3214 quem

546 3244 855 3302 Judzeorum
887 3259 1080 3316 preces
1101 3241 1427 3308 collineavit,
1458 3256 1591 3314 quas
1634 3240 1807 3296 Judaei
1849 3238 1915 3295 ad
1942 3240 2135 3294 ﬂuvio-
2165 3241 2211 3304 C
2247 3238 2300 3294 in
2324 3232 2486 3290 tinem
2509 3233 2799 3290 Christiani
2822 3246 3307 3304 congregarentur:
3335 3230 3549 3299 Coimus,
3574 3235 3841 3306 iuquit,in

550 3355 671 3395 rum
692 3347 784 3392 aut
808 3338 1037 3394 fontium
1074 3335 1254 3392 littora
1282 3333 1506 3390 futidere
1531 3332 1801 3398 solebant,
1850 3341 2137 3402 antequam

543 3446 730 3488 eorum
760 3432 913 3502 aquis
942 3428 1325 3486 abluerentur?
1376 3427 1619 3500 Castigat
1659 3436 1839 3483 autem
1883 3425 2133 3498 gentiles,

537 3526 630 3597 qui
650 3525 966 3581 Christianis
999 3525 1125 3579 vitio
1141 3522 1442 3590 vertebant,
1466 3522 1608 3594 quod
1636 3521 1777 3579 diem
1807 3521 2136 3577 dominicum

540 3618 737 3674 festum
757 3627 993 3689 agerent.
1020 3616 1135 3673 Non
1158 3617 1315 3687 longe
1335 3615 1479 3671 enim
1509 3615 1562 3670 hi
1581 3615 1905 3671 recedebant
1929 3616 1996 3673 ab
2014 3614 2136 3671 sab-

541 3711 682 3766 batis
705 3708 1033 3773 Judaeorum,
1061 3718 1115 3763 et
1161 3707 1265 3763 ritu
1312 3708 1666 3778 ipsorummet
1693 3706 1989 3779 gentilium,
2046 3707 2139 3778 qui

549 3800 650 3856 soli
685 3799 848 3855 etiam
885 3814 1049 3853 unum
1094 3796 1446 3852 hebdomada:
1491 3797 1635 3852 diem
1677 3807 2135 3868 nuncupaverunt.

613 3893 883 3949 Praeterea
911 3890 1127 3962 singuli,
1162 3899 1219 3944 ut
1256 3890 1444 3945 scribit
1482 3888 1640 3945 Philo
1678 3886 1917 3958 Judaeus,
1956 3886 2138 3960 populi

547 3995 605 4044 ct
647 3986 891 4042 nationes
923 3983 1133 4039 tametsi
1155 3983 1266 4040 suis
1294 3981 1526 4054 propriis
1554 3992 1610 4038 et
1654 3981 1881 4037 diversis
1929 3982 2139 4054 legibus

541 4082 783 4137 viverent
801 4122 816 4149 ,
836 4078 1011 4169 nullus
1030 4087 1205 4134 tamen
1228 4085 1364 4145 erat,
1387 4076 1476 4147 qui
1491 4087 1580 4132 τὴν
1598 4080 1723 4149 ἱερὰν
1738 4081 1913 4139 ἐκείνην
1938 4078 2141 4146 cesam»

537 4180 620 4231 οὐκ
641 4183 959 4243 ὰτετίμηιιιν,
990 4180 1144 4228 ἄνεσιν
1184 4176 1333 4228 πόνων
1360 4175 1452 4237 ίιιὶ
1492 4180 1733 4245 ῥιοτώνην
1779 4177 1910 4243 mind}
1950 4197 2004 4228 τε
2051 4176 2138 4227 καὶ

535 4272 637 4328 τοῖς
665 4271 1025 4332 πλησιάζουσιν,
1060 4270 1140 4319 οὐκ
1155 4273 1411 4338 ἐλευθέροις
1427 4268 1586 4335 μόνον,
1604 4267 1729 4321 ἀλλὰ
1741 4268 1825 4319 tui
1850 4269 1900 4320 δὲ
1928 4270 2139 4341 δοΰλοιςς

539 4367 716 4428 μᾶλλον
739 4362 787 4413 δὲ
820 4362 1088 4429 ὑποζυγίοις
1115 4362 1269 4419 διδούς
1293 4375 1307 4412 :
1339 4356 1558 4413 Sacrum
1580 4356 1726 4412 illum
1756 4356 1890 4413 diem
1921 4374 2011 4429 per
2029 4358 2140 4413 sin-

539 4448 689 4526 gulas
714 4449 1055 4505 hebdomadas
1080 4459 1420 4505 recurrentem
1449 4466 1550 4504 non
1573 4448 1865 4517 honoraret,
1889 4451 2143 4507 remissio-

542 4562 657 4602 nem
699 4545 949 4614 laborum,
979 4544 1232 4616 feriasque
1277 4542 1573 4613 a/ferentem
1616 4544 1979 4617 patrifamilias
2024 4562 2142 4599 cum

2245 3339 2431 3385 coetum
2452 3335 2498 3383 et
2516 3327 2955 3399 congregationem
2978 3332 3033 3380 ut
3057 3325 3126 3380 ad
3146 3325 3329 3392 Deum,
3346 3328 3488 3397 quasi
3502 3344 3655 3381 manu
3680 3329 3843 3400 facta,

2246 3421 2619 3494 precationibus
2643 3419 2923 3473 ambiamus
2944 3422 3184 3490 orantes(
3211 3417 3403 3475 Tertul.
3445 3418 3691 3492 Apolog.,
3724 3437 3840 3491 cap.

2245 3514 2338 3581 39,
2361 3534 2417 3588 p.
2450 3513 2603 3589 467).
2623 3513 2729 3570 Sed
2759 3514 2877 3571 htec
2904 3515 3124 3571 totidem
3152 3514 3331 3571 verbis
3362 3515 3417 3570 in
3447 3515 3696 3572 omnibus
3720 3532 3843 3573 nos-

2245 3609 2345 3664 tris
2382 3607 2662 3664 codicibus
2690 3608 3086 3678 manuscriptis,
3140 3615 3198 3664 et
3240 3609 3474 3680 antiquis
3519 3609 3841 3669 editionibus

2246 3700 2536 3766 habentur,
2568 3699 2805 3772 Rigaltio
2826 3701 3090 3771 longiora,
3120 3715 3182 3755 ac
3210 3701 3345 3757 forte
3366 3702 3678 3758 obscuriora
3724 3704 3841 3760 visa

2245 3802 2390 3850 sunt.
2422 3792 2482 3848 ln
2506 3801 2653 3848 textu
2682 3793 2843 3863 igitur
2867 3803 3057 3848 contra
3086 3793 3274 3864 ipsius,
3293 3808 3400 3864 quo
3428 3809 3557 3851 usus
3575 3806 3678 3862 est,
3706 3796 3844 3852 anti-

2245 3885 2449 3956 quioris
2478 3885 2677 3941 codicis
2714 3884 2898 3956 tidem,
2952 3886 3068 3942 hanc
3126 3896 3333 3941 tantum
3379 3887 3547 3943 voluit
3584 3888 3839 3945 retineri:

2247 3977 2449 4033 Coimus
2465 3979 2533 4033 ad
2566 3977 2753 4046 Deum,
2781 3981 2928 4051 quasi
2954 3997 3109 4035 manu
3136 3981 3295 4051 facta,
3324 3983 3699 4053 precationibus
3727 4002 3843 4039 ant-

2246 4072 2461 4126 biamus.
2494 4070 2602 4127 Cur
2627 4082 2808 4129 autem
2834 4082 2910 4129 tot
2935 4074 3096 4131 verba
3125 4074 3390 4131 deleverit
3419 4087 3608 4133 contra
3654 4078 3845 4134 unani-

2246 4183 2388 4223 mem
2413 4166 2659 4223 codicum
2682 4184 3032 4240 consensum,
3062 4186 3129 4225 ne
3159 4168 3437 4226 minimam
3481 4171 3697 4243 quidem
3718 4172 3843 4229 red-

2248 4262 2324 4319 dit
2353 4263 2638 4318 rationem.
2662 4262 2878 4319 Siccine
2904 4279 3032 4335 ergo
3061 4263 3295 4335 Rigaltio
3322 4264 3471 4320 licuit
3503 4274 3611 4319 tant
3642 4265 3840 4321 veteris

2247 4354 2535 4426 Scriptoris
2557 4355 2753 4411 librum
2794 4365 3044 4426 tanquam
3069 4370 3222 4411 suum
3252 4372 3347 4426 pro
3370 4356 3520 4413 libito
3542 4357 3835 4428 corrigere,

2246 4464 2309 4504 ac
2336 4465 2456 4521 qua:
2489 4448 2705 4505 volebat
2753 4465 2819 4504 ex
2848 4448 2940 4503 illo
2967 4448 3207 4516 demere,
3235 4456 3290 4504 et
3334 4449 3650 4519 amputare?
3696 4448 3840 4503 Dixit

2246 4551 2425 4599 autem
2448 4542 2851 4598 Tertullianus:
2882 4542 3086 4597 Coimus
3112 4543 3167 4596 in
3186 4550 3367 4597 coetum
3395 4552 3443 4597 et
3491 4542 3838 4614 congregatio-

542 4638 827 4695 domesticis
849 4654 949 4693 non
965 4637 1196 4709 ingenuis
1225 4644 1443 4704 tantum,
1469 4653 1642 4691 verum
1663 4638 1814 4691 etiam
1842 4638 2136 4711 mancipiis,
2163 4642 2218 4704 Ι)
2243 4654 2375 4704 nem,
2409 4635 2565 4691 sicuti
2590 4627 2781 4692 Cicero
2825 4644 2949 4708 post
2996 4634 3341 4691 Terentium:
3385 4637 3594 4691 Coimus
3640 4638 3693 4691 in
3736 4633 3835 4691 Pi-

538 4741 585 4786 et
599 4732 847 4804 jumentis
871 4731 1080 4802 insuper
1106 4727 1301 4800 (Phil.,
1333 4728 1421 4784 lib.
1454 4728 1477 4784 Ι
1504 4728 1567 4783 de
1602 4726 1720 4784 Vita
1775 4728 1973 4804 Mogs.,
2028 4739 2142 4802 post

540 4826 683 4893 init.,
712 4842 832 4896 pag.
861 4822 1010 4896 657).
1062 4822 1305 4879 Alterum
1334 4820 1574 4893 ejusdem
1597 4823 1771 4893 gentis
1798 4830 1988 4879 testem
2032 4818 2134 4878 ha-

539 4916 732 4973 bemus
758 4916 1074 4987 Josephum,
1102 4915 1192 4986 qui
1219 4914 1465 4970 similiter
1487 4913 1682 4970 edixit:
1729 4913 1973 4971 oss‘tmv
1996 4920 2136 4979 πόλις

537 5019 751 5079 inim,
782 5014 885 5065 οὐδὲ
927 5015 1201 5082 βάρϐαρος,
1231 5011 1335 5062 οὐδὲ
1363 5014 1409 5061 ἓν
1462 5014 1616 5075 ideae,
1671 5015 1777 5062 ἔνθα
1825 5019 1898 5078 μῆ
1944 5017 2006 5065 τό
2045 5025 2136 5072 τῆς

538 5110 816 5174 ἑϐδομάδος,
845 5114 900 5166 ἦν
925 5107 1153 5175 ἀρνοῦμαι)
1197 5108 1333 5173 ἡμιῖς
1354 5145 1370 5171 ,
1418 5112 1475 5159 τὸ
1503 5112 1601 5166 ἔθος
1642 5108 1696 5159 οὗ
1748 5108 2131 5178 διαπεφοίτηκεν,

536 5200 621 5253 acati
648 5205 703 5252 ei
730 5201 968 5263 νηστεῖαι,
1000 5199 1283 5265 κηρὶ-λύχνων
1305 5198 1605 5259 durauitque.
1660 5195 1827 5252 Nulla
1859 5208 1931 5253 eu
1961 5200 2137 5255 civitas

541 5290 838 5348 Grazcorum
855 5299 945 5344 aut
968 5288 1321 5357 barbarorum,
1346 5306 1436 5345 nec
1452 5290 1558 5345 ulla
1578 5307 1719 5364 gens,
1751 5292 1820 5346 ad
1838 5308 1991 5363 quam
2018 5309 2135 5363 sep-

540 5385 765 5452 timanae,
797 5384 851 5439 in
877 5399 979 5453 qua
1017 5398 1283 5463 pacamus,
1332 5383 1643 5439 consuetudo
1682 5400 1785 5438 non
1826 5385 2129 5453 pervenerit,
2164 5409 2169 5413 ·

531 5477 835 5549 jejuniaquc
879 5491 941 5543 ac
992 5475 1298 5530 candelabra
1341 5493 1553 5532 accensa
1602 5475 1905 5550 (Joseph.,
1954 5476 2042 5533 lib.
2086 5476 2133 5534 Il

537 5578 701 5624 contr.
721 5568 967 5638 Appiam,
1001 5585 1118 5641 pag.
1152 5564 1338 5641 1081).
1365 5568 1605 5639 Denique
1650 5570 1777 5628 alibi
1820 5570 2133 5627 observavi-

535 5674 657 5716 mus
703 5658 869 5734 (tom.
902 5656 1221 5732 lApparat.,
1250 5661 1338 5717 lib.
1392 5661 1477 5728 Ill,
1529 5663 1729 5719 dissert.
1776 5663 1834 5732 2,
1878 5681 1993 5738 cap.
2039 5665 2131 5734 16,

536 5759 638 5804 art.
670 5749 719 5816 1,
750 5766 871 5819 pag.
904 5751 1064 5821 1117)
1091 5767 1120 5805 a
1149 5752 1431 5809 Clemente
1480 5752 1846 5811 Alexandrino
1870 5752 1933 5810 et
1967 5754 2135 5813 Euse-

534 5831 625 5889 bio
678 5836 860 5905 variis}
884 5839 1203 5910 scriptorum
1243 5842 1565 5900 testimoniis
1590 5845 1803 5914 probari
1845 5845 2134 5915 septimum

1556 5940 1573 5971 1

2239 4746 2398 4785 ricam
2439 4729 2460 4801 (
2491 4728 2680 4798 Cicera,
2700 4728 2793 4785 lib.
2821 4726 2929 4797 VII,
2965 4731 3114 4802 epist.
3156 4732 3211 4798 5,
3258 4730 3327 4785 ad
3346 4730 3526 4800 Attic.,
3554 4749 3676 4804 pag.
3704 4730 3833 4797 275,

2240 4821 2333 4877 litt.
2356 4821 2390 4878 8
2415 4838 2429 4889 ;
2465 4821 2665 4878 Terent.
2692 4820 2956 4892 Eunuclt.,
2983 4832 3083 4879 act.
3128 4821 3219 4892 Ill,
3247 4841 3383 4880 scen.
3428 4824 3486 4894 4,
3514 4840 3564 4880 υ.
3596 4824 3674 4897 ί),
3705 4823 3831 4882 Vir-

2238 4914 2396 4989 gilius
2417 4923 2595 4972 autem
2617 4914 2845 4971 canebat
2869 4933 2883 4971 :

2534 5083 2550 5101 .
2616 5047 2812 5100 Socium
2835 5051 2992 5101 virtus
3012 5053 3108 5103 coit
3129 5054 3287 5102 omnis
3310 5054 3359 5102 in
3384 5064 3553 5103 unum.

2842 5127 3050 5201 (Virgil.
3075 5131 3159 5185 lib.
3182 5142 3221 5186 Χ
3244 5136 3462 5199 lineis!”
3485 5149 3530 5188 υ.
3561 5136 3697 5201 410.)

2238 5282 2327 5341 Sic
2382 5293 2560 5340 autem
2626 5288 2932 5358 congregati
2984 5285 3271 5344 Christiani
3338 5293 3485 5361 quasi
3541 5308 3697 5348 manu
3744 5293 3833 5365 {a-

2238 5385 2320 5430 cta
2374 5377 2606 5449 undique
2653 5378 2822 5435 Deum
2879 5378 3204 5452 cingebant,
3264 5390 3321 5439 et
3383 5384 3725 5454 ambiebant,
3775 5396 3835 5445 ut

2237 5469 2395 5525 simul
2474 5481 2674 5527 orantes
2751 5472 2982 5527 divinam
3046 5473 3163 5545 ejus
3226 5474 3649 5533 misericordiam
3712 5496 3834 5551 pre-

2237 5562 2517 5619 cationibus
2574 5564 2686 5618 suis
2744 5563 3042 5623 ﬂecterent.
3107 5564 3216 5623 Nec
3277 5568 3543 5641 ingratam
3599 5571 3677 5627 illi
3721 5572 3833 5628 vim

2234 5653 2684 5713 faciebant:Nam
2709 5655 2818 5713 lucc
2852 5658 2947 5729 vis,
2995 5659 3170 5733 inquit
3215 5661 3419 5717 Auctor
3471 5672 3676 5733 noster,
3720 5662 3832 5723 Deo

2230 5758 2379 5821 grata
2403 5759 2473 5805 est
2498 5744 2840 5824 (Tertullian.
2874 5752 3165 5826 Apologet.,
3215 5770 3333 5827 cap.
3385 5754 3476 5825 39,
3517 5773 3642 5830 pag.
3668 5755 3826 5831 ‘67),

2232 5856 2335 5911 qua
2355 5838 2662 5913 Christiani,
2678 5844 2976 5915 conjunctis
2995 5845 3237 5905 omnium
3264 5848 3537 5920 precibus,
3557 5863 3680 5908 eum
3702 5846 3822 5908 for-
