  <div class='ocr_page' id='page_1' title='image "/cluster/home/n/w/nwhite01/storage/ocr_20150623/1/hvd.32044054128335/496.png"; bbox 0 0 4198 6260; ppageno 0'>
   <div class='ocr_carea' id='block_1_1' title="bbox 335 287 446 348">
    <p class='ocr_par' dir='ltr' id='par_1_1' title="bbox 335 287 446 348">
     <span class='ocr_line' id='line_1_1' title="bbox 335 287 446 348; baseline 0.036 -4"><span class='ocrx_word' id='word_1_1' title='bbox 335 287 446 348; x_wconf 69' lang='grc'><strong>949</strong></span> 
     </span>
    </p>
   </div>
   <div class='ocr_carea' id='block_1_2' title="bbox 1444 285 2475 351">
    <p class='ocr_par' dir='ltr' id='par_1_2' title="bbox 1444 285 2475 351">
     <span class='ocr_line' id='line_1_2' title="bbox 1444 285 2475 351; baseline 0.007 -9"><span class='ocrx_word' id='word_1_2' title='bbox 1444 285 1897 348; x_wconf 80' lang='lat' dir='ltr'><strong>DlSSERTATlO</strong></span> <span class='ocrx_word' id='word_1_3' title='bbox 1934 289 1999 348; x_wconf 90' lang='lat' dir='ltr'><strong>D.</strong></span> <span class='ocrx_word' id='word_1_4' title='bbox 2039 290 2131 350; x_wconf 86' lang='lat' dir='ltr'><strong>LE</strong></span> <span class='ocrx_word' id='word_1_5' title='bbox 2171 290 2475 351; x_wconf 77' lang='lat' dir='ltr'><strong>NOURRY.</strong></span> 
     </span>
    </p>
   </div>
   <div class='ocr_carea' id='block_1_3' title="bbox 3544 315 3653 377">
    <p class='ocr_par' dir='ltr' id='par_1_3' title="bbox 3544 315 3653 377">
     <span class='ocr_line' id='line_1_3' title="bbox 3544 315 3653 377; baseline 0.037 -4"><span class='ocrx_word' id='word_1_6' title='bbox 3544 315 3653 377; x_wconf 82' lang='lat'><strong>950</strong></span> 
     </span>
    </p>
   </div>
   <div class='ocr_carea' id='block_1_4' title="bbox 335 399 1922 501">
    <p class='ocr_par' dir='ltr' id='par_1_4' title="bbox 335 399 1922 475">
     <span class='ocr_line' id='line_1_4' title="bbox 335 399 1922 475; baseline 0.003 -14"><span class='ocrx_word' id='word_1_7' title='bbox 335 399 610 461; x_wconf 86' lang='lat' dir='ltr'><strong>midabilia</strong></span> <span class='ocrx_word' id='word_1_8' title='bbox 633 400 856 475; x_wconf 70' lang='lat' dir='ltr'><strong>iustitia:</strong></span> <span class='ocrx_word' id='word_1_9' title='bbox 873 415 1022 458; x_wconf 86' lang='lat' dir='ltr'><strong>arma</strong></span> <span class='ocrx_word' id='word_1_10' title='bbox 1050 416 1272 473; x_wconf 89' lang='lat' dir='ltr'><strong>ponere,</strong></span> <span class='ocrx_word' id='word_1_11' title='bbox 1316 418 1384 461; x_wconf 87' lang='lat' dir='ltr'><strong>ac</strong></span> <span class='ocrx_word' id='word_1_12' title='bbox 1428 406 1692 475; x_wconf 86' lang='lat' dir='ltr'><strong>postulata</strong></span> <span class='ocrx_word' id='word_1_13' title='bbox 1739 406 1922 465; x_wconf 80' lang='lat' dir='ltr'><strong>divinat</strong></span> 
     </span>
    </p>
   </div>
   <div class='ocr_carea' id='block_1_5' title="bbox 2026 399 3648 501">
    <p class='ocr_par' dir='ltr' id='par_1_5' title="bbox 2037 409 3648 501">
     <span class='ocr_line' id='line_1_5' title="bbox 2037 409 3648 501; baseline 0.013 -35"><span class='ocrx_word' id='word_1_14' title='bbox 2037 427 2126 466; x_wconf 80' lang='grc' dir='ltr'><strong>τῶν</strong></span> <span class='ocrx_word' id='word_1_15' title='bbox 2152 413 2307 466; x_wconf 73' lang='grc' dir='ltr'><strong>καλῶν</strong></span> <span class='ocrx_word' id='word_1_16' title='bbox 2328 417 2505 470; x_wconf 59' lang='grc' dir='ltr'><strong>τούτων</strong></span> <span class='ocrx_word' id='word_1_17' title='bbox 2531 409 2774 484; x_wconf 52' lang='lat' dir='ltr'><strong>(antistet;</strong></span> <span class='ocrx_word' id='word_1_18' title='bbox 2805 422 3038 475; x_wconf 72' lang='grc' dir='ltr'><strong>ποιεῖται.</strong></span> <span class='ocrx_word' id='word_1_19' title='bbox 3070 418 3268 477; x_wconf 85' lang='lat' dir='ltr'><strong>Deinde</strong></span> <span class='ocrx_word' id='word_1_20' title='bbox 3294 420 3477 482; x_wconf 78' lang='lat' dir='ltr'><strong>lectore</strong></span> <span class='ocrx_word' id='word_1_21' title='bbox 3501 433 3648 501; x_wconf 83' lang='lat' dir='ltr'><strong>quie-</strong></span> 
     </span>
    </p>
   </div>
   <div class='ocr_carea' id='block_1_6' title="bbox 334 495 1935 570">
    <p class='ocr_par' dir='ltr' id='par_1_6' title="bbox 334 495 1935 570">
     <span class='ocr_line' id='line_1_6' title="bbox 334 495 1935 570; baseline 0 -14"><span class='ocrx_word' id='word_1_22' title='bbox 334 498 644 556; x_wconf 71' lang='lat' dir='ltr'><strong>clementia:</strong></span> <span class='ocrx_word' id='word_1_23' title='bbox 668 496 808 553; x_wconf 84' lang='lat' dir='ltr'><strong>dona</strong></span> <span class='ocrx_word' id='word_1_24' title='bbox 836 495 939 552; x_wconf 87' lang='lat' dir='ltr'><strong>sibi</strong></span> <span class='ocrx_word' id='word_1_25' title='bbox 968 511 1075 552; x_wconf 84' lang='lat' dir='ltr'><strong>non</strong></span> <span class='ocrx_word' id='word_1_26' title='bbox 1101 496 1370 568; x_wconf 77' lang='lat' dir='ltr'><strong>denegare</strong></span> <span class='ocrx_word' id='word_1_27' title='bbox 1390 497 1619 568; x_wconf 85' lang='lat' dir='ltr'><strong>quadam</strong></span> <span class='ocrx_word' id='word_1_28' title='bbox 1649 500 1802 570; x_wconf 87' lang='lat' dir='ltr'><strong>quasi</strong></span> <span class='ocrx_word' id='word_1_29' title='bbox 1823 500 1935 557; x_wconf 84' lang='lat' dir='ltr'><strong>vio—</strong></span> 
     </span>
    </p>
   </div>
   <div class='ocr_carea' id='block_1_7' title="bbox 336 592 805 664">
    <p class='ocr_par' dir='ltr' id='par_1_7' title="bbox 336 592 805 664">
     <span class='ocr_line' id='line_1_7' title="bbox 336 592 805 664; baseline -0.006 -13"><span class='ocrx_word' id='word_1_30' title='bbox 336 594 502 651; x_wconf 90' lang='lat' dir='ltr'><strong>lentia</strong></span> <span class='ocrx_word' id='word_1_31' title='bbox 525 592 805 664; x_wconf 69' lang='lat' dir='ltr'><strong>cogebant.</strong></span> 
     </span>
    </p>
   </div>
   <div class='ocr_carea' id='block_1_8' title="bbox 407 682 1933 756">
    <p class='ocr_par' dir='ltr' id='par_1_8' title="bbox 407 682 1933 756">
     <span class='ocr_line' id='line_1_8' title="bbox 407 682 1933 756; baseline 0 -15"><span class='ocrx_word' id='word_1_32' title='bbox 407 686 465 742; x_wconf 87' lang='lat' dir='ltr'><strong>In</strong></span> <span class='ocrx_word' id='word_1_33' title='bbox 495 685 636 741; x_wconf 90' lang='lat' dir='ltr'><strong>hunc</strong></span> <span class='ocrx_word' id='word_1_34' title='bbox 674 692 855 738; x_wconf 86' lang='lat' dir='ltr'><strong>autem</strong></span> <span class='ocrx_word' id='word_1_35' title='bbox 885 682 1104 739; x_wconf 85' lang='lat' dir='ltr'><strong>modum</strong></span> <span class='ocrx_word' id='word_1_36' title='bbox 1148 683 1374 739; x_wconf 87' lang='lat' dir='ltr'><strong>orabant</strong></span> <span class='ocrx_word' id='word_1_37' title='bbox 1422 698 1528 739; x_wconf 87' lang='lat' dir='ltr'><strong>non</strong></span> <span class='ocrx_word' id='word_1_38' title='bbox 1566 699 1664 754; x_wconf 89' lang='lat' dir='ltr'><strong>pro</strong></span> <span class='ocrx_word' id='word_1_39' title='bbox 1705 699 1765 740; x_wconf 89' lang='lat' dir='ltr'><strong>se</strong></span> <span class='ocrx_word' id='word_1_40' title='bbox 1803 686 1933 756; x_wconf 84' lang='lat' dir='ltr'><strong>ipsis</strong></span> 
     </span>
    </p>
   </div>
   <div class='ocr_carea' id='block_1_9' title="bbox 338 775 1933 845">
    <p class='ocr_par' dir='ltr' id='par_1_9' title="bbox 338 775 1933 845">
     <span class='ocr_line' id='line_1_9' title="bbox 338 775 1933 845; baseline -0.002 -10"><span class='ocrx_word' id='word_1_41' title='bbox 338 787 567 844; x_wconf 75' lang='lat' dir='ltr'><strong>tanturn,</strong></span> <span class='ocrx_word' id='word_1_42' title='bbox 614 775 714 833; x_wconf 85' lang='lat' dir='ltr'><strong>sed</strong></span> <span class='ocrx_word' id='word_1_43' title='bbox 757 777 921 831; x_wconf 88' lang='lat' dir='ltr'><strong>etiam</strong></span> <span class='ocrx_word' id='word_1_44' title='bbox 950 792 1044 845; x_wconf 84' lang='lat' dir='ltr'><strong>pro</strong></span> <span class='ocrx_word' id='word_1_45' title='bbox 1070 776 1479 845; x_wconf 84' lang='lat' dir='ltr'><strong>imperatoribus,</strong></span> <span class='ocrx_word' id='word_1_46' title='bbox 1510 778 1587 830; x_wconf 90' lang='lat' dir='ltr'><strong>uti</strong></span> <span class='ocrx_word' id='word_1_47' title='bbox 1635 776 1724 831; x_wconf 86' lang='lat' dir='ltr'><strong>ille</strong></span> <span class='ocrx_word' id='word_1_48' title='bbox 1757 776 1933 834; x_wconf 80' lang='lat' dir='ltr'><strong>adhuc</strong></span> 
     </span>
    </p>
   </div>
   <div class='ocr_carea' id='block_1_10' title="bbox 336 866 1927 939">
    <p class='ocr_par' dir='ltr' id='par_1_10' title="bbox 336 866 1927 939">
     <span class='ocr_line' id='line_1_10' title="bbox 336 866 1927 939; baseline -0.001 -15"><span class='ocrx_word' id='word_1_49' title='bbox 336 870 430 937; x_wconf 85' lang='lat' dir='ltr'><strong>ait,</strong></span> <span class='ocrx_word' id='word_1_50' title='bbox 484 884 578 939; x_wconf 82' lang='lat' dir='ltr'><strong>pro</strong></span> <span class='ocrx_word' id='word_1_51' title='bbox 623 867 869 922; x_wconf 70' lang='lat' dir='ltr'><strong>ministris</strong></span> <span class='ocrx_word' id='word_1_52' title='bbox 916 883 1124 931; x_wconf 85' lang='lat' dir='ltr'><strong>eorum,</strong></span> <span class='ocrx_word' id='word_1_53' title='bbox 1182 883 1242 920; x_wconf 88' lang='lat' dir='ltr'><strong>ac</strong></span> <span class='ocrx_word' id='word_1_54' title='bbox 1290 866 1619 935; x_wconf 72' lang='lat' dir='ltr'><strong>potestatibus</strong></span> <span class='ocrx_word' id='word_1_55' title='bbox 1661 866 1927 937; x_wconf 83' lang='lat' dir='ltr'><strong>(Tertull.,</strong></span> 
     </span>
    </p>
   </div>
   <div class='ocr_carea' id='block_1_11' title="bbox 334 959 1927 1033">
    <p class='ocr_par' dir='ltr' id='par_1_11' title="bbox 334 959 1927 1033">
     <span class='ocr_line' id='line_1_11' title="bbox 334 959 1927 1033; baseline 0.001 -17"><span class='ocrx_word' id='word_1_56' title='bbox 334 961 507 1033; x_wconf 85' lang='lat' dir='ltr'><strong>ibid.),</strong></span> <span class='ocrx_word' id='word_1_57' title='bbox 536 959 591 1016; x_wconf 90' lang='lat' dir='ltr'><strong>id</strong></span> <span class='ocrx_word' id='word_1_58' title='bbox 631 969 736 1028; x_wconf 87' lang='lat' dir='ltr'><strong>est,</strong></span> <span class='ocrx_word' id='word_1_59' title='bbox 776 960 1176 1030; x_wconf 71' lang='lat' dir='ltr'><strong>magistratibus</strong></span> <span class='ocrx_word' id='word_1_60' title='bbox 1216 970 1271 1014; x_wconf 88' lang='lat' dir='ltr'><strong>et</strong></span> <span class='ocrx_word' id='word_1_61' title='bbox 1297 960 1635 1030; x_wconf 75' lang='lat' dir='ltr'><strong>praesidibus,</strong></span> <span class='ocrx_word' id='word_1_62' title='bbox 1679 963 1793 1019; x_wconf 82' lang='lat' dir='ltr'><strong>sive</strong></span> <span class='ocrx_word' id='word_1_63' title='bbox 1839 979 1927 1021; x_wconf 85' lang='lat' dir='ltr'><strong>ur-</strong></span> 
     </span>
    </p>
   </div>
   <div class='ocr_carea' id='block_1_12' title="bbox 332 1053 1930 1128">
    <p class='ocr_par' dir='ltr' id='par_1_12' title="bbox 332 1053 1930 1128">
     <span class='ocr_line' id='line_1_12' title="bbox 332 1053 1930 1128; baseline 0.003 -18"><span class='ocrx_word' id='word_1_64' title='bbox 332 1054 503 1122; x_wconf 85' lang='lat' dir='ltr'><strong>bium,</strong></span> <span class='ocrx_word' id='word_1_65' title='bbox 558 1054 675 1111; x_wconf 83' lang='lat' dir='ltr'><strong>sive</strong></span> <span class='ocrx_word' id='word_1_66' title='bbox 721 1054 1142 1124; x_wconf 78' lang='lat' dir='ltr'><strong>provinciarum,</strong></span> <span class='ocrx_word' id='word_1_67' title='bbox 1191 1063 1246 1108; x_wconf 85' lang='lat' dir='ltr'><strong>et</strong></span> <span class='ocrx_word' id='word_1_68' title='bbox 1291 1053 1359 1108; x_wconf 87' lang='lat' dir='ltr'><strong>iis</strong></span> <span class='ocrx_word' id='word_1_69' title='bbox 1411 1055 1659 1112; x_wconf 88' lang='lat' dir='ltr'><strong>omnibus</strong></span> <span class='ocrx_word' id='word_1_70' title='bbox 1702 1071 1930 1128; x_wconf 87' lang='lat' dir='ltr'><strong>quorum</strong></span> 
     </span>
    </p>
   </div>
   <div class='ocr_carea' id='block_1_13' title="bbox 330 1143 1931 1217">
    <p class='ocr_par' dir='ltr' id='par_1_13' title="bbox 330 1143 1931 1217">
     <span class='ocr_line' id='line_1_13' title="bbox 330 1143 1931 1217; baseline 0.004 -18"><span class='ocrx_word' id='word_1_71' title='bbox 330 1144 632 1200; x_wconf 83' lang='lat' dir='ltr'><strong>ministerio</strong></span> <span class='ocrx_word' id='word_1_72' title='bbox 655 1144 724 1199; x_wconf 91' lang='lat' dir='ltr'><strong>ad</strong></span> <span class='ocrx_word' id='word_1_73' title='bbox 748 1143 1016 1215; x_wconf 81' lang='lat' dir='ltr'><strong>regendos</strong></span> <span class='ocrx_word' id='word_1_74' title='bbox 1041 1144 1268 1214; x_wconf 90' lang='lat' dir='ltr'><strong>populos</strong></span> <span class='ocrx_word' id='word_1_75' title='bbox 1310 1145 1627 1212; x_wconf 76' lang='lat' dir='ltr'><strong>utebantur;</strong></span> <span class='ocrx_word' id='word_1_76' title='bbox 1676 1164 1768 1217; x_wconf 87' lang='lat' dir='ltr'><strong>pro</strong></span> <span class='ocrx_word' id='word_1_77' title='bbox 1794 1158 1931 1205; x_wconf 82' lang='lat' dir='ltr'><strong>statu</strong></span> 
     </span>
    </p>
   </div>
   <div class='ocr_carea' id='block_1_14' title="bbox 330 1235 1931 1307">
    <p class='ocr_par' dir='ltr' id='par_1_14' title="bbox 330 1235 1931 1307">
     <span class='ocr_line' id='line_1_14' title="bbox 330 1235 1931 1307; baseline 0.003 -13"><span class='ocrx_word' id='word_1_78' title='bbox 330 1238 525 1305; x_wconf 64' lang='lat' dir='ltr'><strong>seculi,</strong></span> <span class='ocrx_word' id='word_1_79' title='bbox 540 1237 592 1293; x_wconf 91' lang='lat' dir='ltr'><strong>id</strong></span> <span class='ocrx_word' id='word_1_80' title='bbox 615 1247 721 1305; x_wconf 87' lang='lat' dir='ltr'><strong>est,</strong></span> <span class='ocrx_word' id='word_1_81' title='bbox 746 1237 979 1307; x_wconf 82' lang='lat' dir='ltr'><strong>imperii,</strong></span> <span class='ocrx_word' id='word_1_82' title='bbox 1012 1235 1274 1293; x_wconf 86' lang='lat' dir='ltr'><strong>utﬁrmus</strong></span> <span class='ocrx_word' id='word_1_83' title='bbox 1303 1246 1447 1295; x_wconf 86' lang='lat' dir='ltr'><strong>esset</strong></span> <span class='ocrx_word' id='word_1_84' title='bbox 1464 1253 1529 1295; x_wconf 88' lang='lat' dir='ltr'><strong>ac</strong></span> <span class='ocrx_word' id='word_1_85' title='bbox 1557 1240 1784 1305; x_wconf 86' lang='lat' dir='ltr'><strong>stabilis,</strong></span> <span class='ocrx_word' id='word_1_86' title='bbox 1831 1257 1931 1299; x_wconf 89' lang='lat' dir='ltr'><strong>nec</strong></span> 
     </span>
    </p>
   </div>
   <div class='ocr_carea' id='block_1_15' title="bbox 332 1329 1930 1404">
    <p class='ocr_par' dir='ltr' id='par_1_15' title="bbox 332 1329 1930 1404">
     <span class='ocr_line' id='line_1_15' title="bbox 332 1329 1930 1404; baseline 0.003 -17"><span class='ocrx_word' id='word_1_87' title='bbox 332 1330 527 1399; x_wconf 83' lang='lat' dir='ltr'><strong>bellis,</strong></span> <span class='ocrx_word' id='word_1_88' title='bbox 583 1341 676 1387; x_wconf 84' lang='lat' dir='ltr'><strong>aut</strong></span> <span class='ocrx_word' id='word_1_89' title='bbox 729 1329 1083 1386; x_wconf 75' lang='lat' dir='ltr'><strong>seditionibus</strong></span> <span class='ocrx_word' id='word_1_90' title='bbox 1139 1340 1558 1398; x_wconf 74' lang='lat' dir='ltr'><strong>consuleretur;</strong></span> <span class='ocrx_word' id='word_1_91' title='bbox 1613 1350 1705 1404; x_wconf 87' lang='lat' dir='ltr'><strong>pro</strong></span> <span class='ocrx_word' id='word_1_92' title='bbox 1760 1351 1930 1392; x_wconf 82' lang='lat' dir='ltr'><strong>rerum</strong></span> 
     </span>
    </p>
   </div>
   <div class='ocr_carea' id='block_1_16' title="bbox 329 1423 1929 1497">
    <p class='ocr_par' dir='ltr' id='par_1_16' title="bbox 329 1423 1929 1497">
     <span class='ocr_line' id='line_1_16' title="bbox 329 1423 1929 1497; baseline 0.003 -18"><span class='ocrx_word' id='word_1_93' title='bbox 329 1425 526 1495; x_wconf 84' lang='lat' dir='ltr'><strong>quiete;</strong></span> <span class='ocrx_word' id='word_1_94' title='bbox 568 1431 629 1478; x_wconf 89' lang='lat' dir='ltr'><strong>ut</strong></span> <span class='ocrx_word' id='word_1_95' title='bbox 653 1437 846 1480; x_wconf 88' lang='lat' dir='ltr'><strong>omnes</strong></span> <span class='ocrx_word' id='word_1_96' title='bbox 892 1423 1198 1478; x_wconf 74' lang='lat' dir='ltr'><strong>fruerentur</strong></span> <span class='ocrx_word' id='word_1_97' title='bbox 1238 1437 1454 1493; x_wconf 84' lang='lat' dir='ltr'><strong>semper</strong></span> <span class='ocrx_word' id='word_1_98' title='bbox 1490 1425 1740 1494; x_wconf 79' lang='lat' dir='ltr'><strong>optandae</strong></span> <span class='ocrx_word' id='word_1_99' title='bbox 1784 1429 1929 1497; x_wconf 81' lang='lat' dir='ltr'><strong>pacis</strong></span> 
     </span>
    </p>
   </div>
   <div class='ocr_carea' id='block_1_17' title="bbox 327 1512 1927 1589">
    <p class='ocr_par' dir='ltr' id='par_1_17' title="bbox 327 1512 1927 1589">
     <span class='ocr_line' id='line_1_17' title="bbox 327 1512 1927 1589; baseline 0.003 -19"><span class='ocrx_word' id='word_1_100' title='bbox 327 1516 495 1571; x_wconf 89' lang='lat' dir='ltr'><strong>bono.</strong></span> <span class='ocrx_word' id='word_1_101' title='bbox 518 1514 789 1571; x_wconf 73' lang='lat' dir='ltr'><strong>Noverunt</strong></span> <span class='ocrx_word' id='word_1_102' title='bbox 808 1515 953 1570; x_wconf 87' lang='lat' dir='ltr'><strong>enim</strong></span> <span class='ocrx_word' id='word_1_103' title='bbox 975 1512 1289 1580; x_wconf 87' lang='lat' dir='ltr'><strong>Christiani,</strong></span> <span class='ocrx_word' id='word_1_104' title='bbox 1313 1515 1454 1585; x_wconf 88' lang='lat' dir='ltr'><strong>quod</strong></span> <span class='ocrx_word' id='word_1_105' title='bbox 1471 1517 1762 1586; x_wconf 80' lang='lat' dir='ltr'><strong>Apostolus</strong></span> <span class='ocrx_word' id='word_1_106' title='bbox 1791 1535 1927 1589; x_wconf 79' lang='lat' dir='ltr'><strong>prte-</strong></span> 
     </span>
    </p>
   </div>
   <div class='ocr_carea' id='block_1_18' title="bbox 329 1605 1924 1679">
    <p class='ocr_par' dir='ltr' id='par_1_18' title="bbox 329 1605 1924 1679">
     <span class='ocr_line' id='line_1_18' title="bbox 329 1605 1924 1679; baseline 0.002 -16"><span class='ocrx_word' id='word_1_107' title='bbox 329 1616 550 1679; x_wconf 81' lang='lat' dir='ltr'><strong>ceperat</strong></span> <span class='ocrx_word' id='word_1_108' title='bbox 600 1606 719 1661; x_wconf 86' lang='lat' dir='ltr'><strong>ﬁeri</strong></span> <span class='ocrx_word' id='word_1_109' title='bbox 770 1605 1161 1673; x_wconf 70' lang='lat' dir='ltr'><strong>obsecrationes,</strong></span> <span class='ocrx_word' id='word_1_110' title='bbox 1215 1607 1490 1675; x_wconf 81' lang='lat' dir='ltr'><strong>orationes,</strong></span> <span class='ocrx_word' id='word_1_111' title='bbox 1536 1610 1924 1678; x_wconf 78' lang='lat' dir='ltr'><strong>postulationes,</strong></span> 
     </span>
    </p>
   </div>
   <div class='ocr_carea' id='block_1_19' title="bbox 326 1702 1925 1779">
    <p class='ocr_par' dir='ltr' id='par_1_19' title="bbox 326 1702 1925 1779">
     <span class='ocr_line' id='line_1_19' title="bbox 326 1702 1925 1779; baseline 0.004 -23"><span class='ocrx_word' id='word_1_112' title='bbox 326 1703 612 1773; x_wconf 82' lang='lat' dir='ltr'><strong>gratiarum</strong></span> <span class='ocrx_word' id='word_1_113' title='bbox 638 1703 884 1769; x_wconf 80' lang='lat' dir='ltr'><strong>actiones,</strong></span> <span class='ocrx_word' id='word_1_114' title='bbox 928 1718 1023 1773; x_wconf 86' lang='lat' dir='ltr'><strong>pro</strong></span> <span class='ocrx_word' id='word_1_115' title='bbox 1052 1702 1284 1757; x_wconf 85' lang='lat' dir='ltr'><strong>omnibus</strong></span> <span class='ocrx_word' id='word_1_116' title='bbox 1329 1703 1634 1773; x_wconf 80' lang='lat' dir='ltr'><strong>hominibus,</strong></span> <span class='ocrx_word' id='word_1_117' title='bbox 1674 1723 1770 1777; x_wconf 87' lang='lat' dir='ltr'><strong>pro</strong></span> <span class='ocrx_word' id='word_1_118' title='bbox 1791 1709 1925 1779; x_wconf 56' lang='lat' dir='ltr'><strong>regi.</strong></span> 
     </span>
    </p>
   </div>
   <div class='ocr_carea' id='block_1_20' title="bbox 2038 505 3646 593">
    <p class='ocr_par' dir='ltr' id='par_1_20' title="bbox 2038 505 3646 593">
     <span class='ocr_line' id='line_1_20' title="bbox 2038 505 3646 593; baseline 0.013 -37"><span class='ocrx_word' id='word_1_119' title='bbox 2038 513 2227 569; x_wconf 84' lang='lat' dir='ltr'><strong>scente,</strong></span> <span class='ocrx_word' id='word_1_120' title='bbox 2254 505 2532 574; x_wconf 74' lang='lat' dir='ltr'><strong>prcesidens</strong></span> <span class='ocrx_word' id='word_1_121' title='bbox 2561 508 2959 563; x_wconf 80' lang='lat' dir='ltr'><strong>admonitionem</strong></span> <span class='ocrx_word' id='word_1_122' title='bbox 2983 513 3138 581; x_wconf 79' lang='lat' dir='ltr'><strong>facit,</strong></span> <span class='ocrx_word' id='word_1_123' title='bbox 3170 531 3272 583; x_wconf 85' lang='lat' dir='ltr'><strong>qua</strong></span> <span class='ocrx_word' id='word_1_124' title='bbox 3296 519 3365 571; x_wconf 89' lang='lat' dir='ltr'><strong>ad</strong></span> <span class='ocrx_word' id='word_1_125' title='bbox 3390 529 3493 574; x_wconf 84' lang='lat' dir='ltr'><strong>tam</strong></span> <span class='ocrx_word' id='word_1_126' title='bbox 3523 525 3646 593; x_wconf 87' lang='lat' dir='ltr'><strong>put-</strong></span> 
     </span>
    </p>
   </div>
   <div class='ocr_carea' id='block_1_21' title="bbox 2037 596 3649 675">
    <p class='ocr_par' dir='ltr' id='par_1_21' title="bbox 2037 596 3649 675">
     <span class='ocr_line' id='line_1_21' title="bbox 2037 596 3649 675; baseline 0.017 -27"><span class='ocrx_word' id='word_1_127' title='bbox 2037 596 2279 651; x_wconf 74' lang='lat' dir='ltr'><strong>chrarum</strong></span> <span class='ocrx_word' id='word_1_128' title='bbox 2306 614 2475 654; x_wconf 84' lang='lat' dir='ltr'><strong>rerum</strong></span> <span class='ocrx_word' id='word_1_129' title='bbox 2518 601 2850 665; x_wconf 80' lang='lat' dir='ltr'><strong>imitationem</strong></span> <span class='ocrx_word' id='word_1_130' title='bbox 2889 605 3018 661; x_wconf 85' lang='lat' dir='ltr'><strong>alios</strong></span> <span class='ocrx_word' id='word_1_131' title='bbox 3044 620 3285 675; x_wconf 78' lang='lat' dir='ltr'><strong>provocat</strong></span> <span class='ocrx_word' id='word_1_132' title='bbox 3328 620 3374 665; x_wconf 88' lang='lat' dir='ltr'><strong>et</strong></span> <span class='ocrx_word' id='word_1_133' title='bbox 3411 617 3649 675; x_wconf 83' lang='lat' dir='ltr'><strong>hortatur</strong></span> 
     </span>
    </p>
   </div>
   <div class='ocr_carea' id='block_1_22' title="bbox 2040 685 3649 776">
    <p class='ocr_par' dir='ltr' id='par_1_22' title="bbox 2040 685 3649 776">
     <span class='ocr_line' id='line_1_22' title="bbox 2040 685 3649 776; baseline 0.017 -36"><span class='ocrx_word' id='word_1_134' title='bbox 2040 685 2257 758; x_wconf 73' lang='lat' dir='ltr'><strong>(Justiti.</strong></span> <span class='ocrx_word' id='word_1_135' title='bbox 2279 686 2396 763; x_wconf 88' lang='lat' dir='ltr'><strong>ib.).</strong></span> <span class='ocrx_word' id='word_1_136' title='bbox 2421 693 2597 762; x_wconf 88' lang='lat' dir='ltr'><strong>Atque</strong></span> <span class='ocrx_word' id='word_1_137' title='bbox 2616 693 2686 747; x_wconf 89' lang='lat' dir='ltr'><strong>ita</strong></span> <span class='ocrx_word' id='word_1_138' title='bbox 2702 694 2793 750; x_wconf 90' lang='lat' dir='ltr'><strong>ille</strong></span> <span class='ocrx_word' id='word_1_139' title='bbox 2811 696 3125 765; x_wconf 78' lang='lat' dir='ltr'><strong>explicatius</strong></span> <span class='ocrx_word' id='word_1_140' title='bbox 3138 710 3367 769; x_wconf 76' lang='lat' dir='ltr'><strong>enarrat,</strong></span> <span class='ocrx_word' id='word_1_141' title='bbox 3389 721 3529 776; x_wconf 62' lang='lat' dir='ltr'><strong>quae,</strong></span> <span class='ocrx_word' id='word_1_142' title='bbox 3548 720 3649 769; x_wconf 85' lang='lat' dir='ltr'><strong>cta</strong></span> 
     </span>
    </p>
   </div>
   <div class='ocr_carea' id='block_1_23' title="bbox 2036 785 3644 859">
    <p class='ocr_par' dir='ltr' id='par_1_23' title="bbox 2036 785 3644 859">
     <span class='ocr_line' id='line_1_23' title="bbox 2036 785 3644 859; baseline 0.015 -24"><span class='ocrx_word' id='word_1_143' title='bbox 2036 796 2165 851; x_wconf 84' lang='lat' dir='ltr'><strong>quo,</strong></span> <span class='ocrx_word' id='word_1_144' title='bbox 2198 789 2254 837; x_wconf 88' lang='lat' dir='ltr'><strong>et</strong></span> <span class='ocrx_word' id='word_1_145' title='bbox 2295 797 2454 853; x_wconf 86' lang='lat' dir='ltr'><strong>quam</strong></span> <span class='ocrx_word' id='word_1_146' title='bbox 2484 785 2554 839; x_wconf 91' lang='lat' dir='ltr'><strong>ob</strong></span> <span class='ocrx_word' id='word_1_147' title='bbox 2579 799 2797 841; x_wconf 84' lang='lat' dir='ltr'><strong>causam</strong></span> <span class='ocrx_word' id='word_1_148' title='bbox 2835 787 2988 846; x_wconf 74' lang='lat' dir='ltr'><strong>laetae</strong></span> <span class='ocrx_word' id='word_1_149' title='bbox 3018 790 3213 848; x_wconf 77' lang='lat' dir='ltr'><strong>iuerint</strong></span> <span class='ocrx_word' id='word_1_150' title='bbox 3254 794 3360 851; x_wconf 77' lang='lat' dir='ltr'><strong>illa:</strong></span> <span class='ocrx_word' id='word_1_151' title='bbox 3388 799 3644 859; x_wconf 79' lang='lat' dir='ltr'><strong>exhorta-</strong></span> 
     </span>
    </p>
   </div>
   <div class='ocr_carea' id='block_1_24' title="bbox 2038 873 2231 930">
    <p class='ocr_par' dir='ltr' id='par_1_24' title="bbox 2038 873 2231 930">
     <span class='ocr_line' id='line_1_24' title="bbox 2038 873 2231 930; baseline 0.005 -2"><span class='ocrx_word' id='word_1_152' title='bbox 2038 873 2231 930; x_wconf 81' lang='lat' dir='ltr'><strong>tiones.</strong></span> 
     </span>
    </p>
   </div>
   <div class='ocr_carea' id='block_1_25' title="bbox 2108 966 3645 1057">
    <p class='ocr_par' dir='ltr' id='par_1_25' title="bbox 2108 966 3645 1057">
     <span class='ocr_line' id='line_1_25' title="bbox 2108 966 3645 1057; baseline 0.016 -36"><span class='ocrx_word' id='word_1_153' title='bbox 2108 966 2216 1021; x_wconf 88' lang='lat' dir='ltr'><strong>Eas</strong></span> <span class='ocrx_word' id='word_1_154' title='bbox 2235 977 2434 1035; x_wconf 83' lang='lat' dir='ltr'><strong>autem,</strong></span> <span class='ocrx_word' id='word_1_155' title='bbox 2458 970 2631 1042; x_wconf 77' lang='lat' dir='ltr'><strong>pergit</strong></span> <span class='ocrx_word' id='word_1_156' title='bbox 2655 970 3041 1043; x_wconf 84' lang='lat' dir='ltr'><strong>Tertullianus,</strong></span> <span class='ocrx_word' id='word_1_157' title='bbox 3069 979 3315 1048; x_wconf 85' lang='lat' dir='ltr'><strong>proxime</strong></span> <span class='ocrx_word' id='word_1_158' title='bbox 3343 989 3645 1057; x_wconf 86' lang='lat' dir='ltr'><strong>sequeban-</strong></span> 
     </span>
    </p>
   </div>
   <div class='ocr_carea' id='block_1_26' title="bbox 2037 1061 3645 1153">
    <p class='ocr_par' dir='ltr' id='par_1_26' title="bbox 2037 1061 3645 1153">
     <span class='ocr_line' id='line_1_26' title="bbox 2037 1061 3645 1153; baseline 0.014 -40"><span class='ocrx_word' id='word_1_159' title='bbox 2037 1067 2122 1113; x_wconf 85' lang='lat' dir='ltr'><strong>tur</strong></span> <span class='ocrx_word' id='word_1_160' title='bbox 2166 1061 2544 1132; x_wconf 79' lang='lat' dir='ltr'><strong>castigationes,</strong></span> <span class='ocrx_word' id='word_1_161' title='bbox 2587 1072 2635 1117; x_wconf 87' lang='lat' dir='ltr'><strong>et</strong></span> <span class='ocrx_word' id='word_1_162' title='bbox 2680 1081 2893 1121; x_wconf 76' lang='lat' dir='ltr'><strong>censura</strong></span> <span class='ocrx_word' id='word_1_163' title='bbox 2928 1068 3100 1124; x_wconf 85' lang='lat' dir='ltr'><strong>divina</strong></span> <span class='ocrx_word' id='word_1_164' title='bbox 3130 1071 3409 1143; x_wconf 86' lang='lat' dir='ltr'><strong>(Tertull.,</strong></span> <span class='ocrx_word' id='word_1_165' title='bbox 3454 1080 3580 1136; x_wconf 83' lang='lat' dir='ltr'><strong>ibid.</strong></span> <span class='ocrx_word' id='word_1_166' title='bbox 3602 1082 3645 1153; x_wconf 89' lang='lat'><strong>),</strong></span> 
     </span>
    </p>
   </div>
   <div class='ocr_carea' id='block_1_27' title="bbox 2035 1153 3645 1234">
    <p class='ocr_par' dir='ltr' id='par_1_27' title="bbox 2035 1153 3645 1234">
     <span class='ocr_line' id='line_1_27' title="bbox 2035 1153 3645 1234; baseline 0.017 -30"><span class='ocrx_word' id='word_1_167' title='bbox 2035 1166 2167 1221; x_wconf 83' lang='lat' dir='ltr'><strong>quas</strong></span> <span class='ocrx_word' id='word_1_168' title='bbox 2193 1153 2404 1222; x_wconf 90' lang='lat' dir='ltr'><strong>quidem</strong></span> <span class='ocrx_word' id='word_1_169' title='bbox 2434 1154 2676 1211; x_wconf 83' lang='lat' dir='ltr'><strong>Justinus</strong></span> <span class='ocrx_word' id='word_1_170' title='bbox 2708 1170 2933 1231; x_wconf 86' lang='lat' dir='ltr'><strong>martyr,</strong></span> <span class='ocrx_word' id='word_1_171' title='bbox 2963 1171 3055 1216; x_wconf 88' lang='lat' dir='ltr'><strong>aut</strong></span> <span class='ocrx_word' id='word_1_172' title='bbox 3086 1166 3207 1234; x_wconf 85' lang='lat' dir='ltr'><strong>quia</strong></span> <span class='ocrx_word' id='word_1_173' title='bbox 3236 1168 3483 1226; x_wconf 84' lang='lat' dir='ltr'><strong>brevitati</strong></span> <span class='ocrx_word' id='word_1_174' title='bbox 3512 1190 3645 1231; x_wconf 85' lang='lat' dir='ltr'><strong>con-</strong></span> 
     </span>
    </p>
   </div>
   <div class='ocr_carea' id='block_1_28' title="bbox 2034 1244 3643 1330">
    <p class='ocr_par' dir='ltr' id='par_1_28' title="bbox 2034 1244 3643 1330">
     <span class='ocr_line' id='line_1_28' title="bbox 2034 1244 3643 1330; baseline 0.015 -31"><span class='ocrx_word' id='word_1_175' title='bbox 2034 1244 2267 1313; x_wconf 81' lang='lat' dir='ltr'><strong>solebat,</strong></span> <span class='ocrx_word' id='word_1_176' title='bbox 2317 1255 2409 1307; x_wconf 86' lang='lat' dir='ltr'><strong>aut</strong></span> <span class='ocrx_word' id='word_1_177' title='bbox 2436 1249 2561 1319; x_wconf 80' lang='lat' dir='ltr'><strong>quia</strong></span> <span class='ocrx_word' id='word_1_178' title='bbox 2587 1249 2655 1304; x_wconf 88' lang='lat' dir='ltr'><strong>ad</strong></span> <span class='ocrx_word' id='word_1_179' title='bbox 2696 1254 3030 1322; x_wconf 85' lang='lat' dir='ltr'><strong>propositum</strong></span> <span class='ocrx_word' id='word_1_180' title='bbox 3074 1273 3230 1313; x_wconf 88' lang='lat' dir='ltr'><strong>suum</strong></span> <span class='ocrx_word' id='word_1_181' title='bbox 3265 1277 3451 1330; x_wconf 84' lang='lat' dir='ltr'><strong>parum</strong></span> <span class='ocrx_word' id='word_1_182' title='bbox 3483 1267 3643 1327; x_wconf 82' lang='lat' dir='ltr'><strong>faeie-</strong></span> 
     </span>
    </p>
   </div>
   <div class='ocr_carea' id='block_1_29' title="bbox 2036 1336 3642 1426">
    <p class='ocr_par' dir='ltr' id='par_1_29' title="bbox 2036 1336 3642 1426">
     <span class='ocr_line' id='line_1_29' title="bbox 2036 1336 3642 1426; baseline 0.017 -37"><span class='ocrx_word' id='word_1_183' title='bbox 2036 1336 2181 1401; x_wconf 87' lang='lat' dir='ltr'><strong>bant,</strong></span> <span class='ocrx_word' id='word_1_184' title='bbox 2210 1338 2418 1407; x_wconf 88' lang='lat' dir='ltr'><strong>penitus</strong></span> <span class='ocrx_word' id='word_1_185' title='bbox 2439 1343 2877 1409; x_wconf 62' lang='lat' dir='ltr'><strong>praetermisitAt</strong></span> <span class='ocrx_word' id='word_1_186' title='bbox 2896 1346 3155 1419; x_wconf 78' lang='lat' dir='ltr'><strong>Origenes</strong></span> <span class='ocrx_word' id='word_1_187' title='bbox 3178 1351 3380 1411; x_wconf 83' lang='lat' dir='ltr'><strong>diserte</strong></span> <span class='ocrx_word' id='word_1_188' title='bbox 3406 1359 3642 1426; x_wconf 89' lang='lat' dir='ltr'><strong>primum</strong></span> 
     </span>
    </p>
   </div>
   <div class='ocr_carea' id='block_1_30' title="bbox 2034 1427 3643 1510">
    <p class='ocr_par' dir='ltr' id='par_1_30' title="bbox 2034 1427 3643 1510">
     <span class='ocr_line' id='line_1_30' title="bbox 2034 1427 3643 1510; baseline 0.016 -28"><span class='ocrx_word' id='word_1_189' title='bbox 2034 1430 2226 1484; x_wconf 82' lang='lat' dir='ltr'><strong>asserit</strong></span> <span class='ocrx_word' id='word_1_190' title='bbox 2252 1427 2590 1488; x_wconf 87' lang='lat' dir='ltr'><strong>Christianos</strong></span> <span class='ocrx_word' id='word_1_191' title='bbox 2619 1435 2700 1489; x_wconf 90' lang='lat' dir='ltr'><strong>sui</strong></span> <span class='ocrx_word' id='word_1_192' title='bbox 2729 1439 2987 1506; x_wconf 88' lang='lat' dir='ltr'><strong>temporis</strong></span> <span class='ocrx_word' id='word_1_193' title='bbox 3015 1456 3233 1510; x_wconf 87' lang='lat' dir='ltr'><strong>operam</strong></span> <span class='ocrx_word' id='word_1_194' title='bbox 3261 1449 3511 1505; x_wconf 85' lang='lat' dir='ltr'><strong>omnibus</strong></span> <span class='ocrx_word' id='word_1_195' title='bbox 3527 1468 3643 1508; x_wconf 92' lang='lat' dir='ltr'><strong>mo-</strong></span> 
     </span>
    </p>
   </div>
   <div class='ocr_carea' id='block_1_31' title="bbox 2032 1520 3644 1613">
    <p class='ocr_par' dir='ltr' id='par_1_31' title="bbox 2032 1520 3644 1613">
     <span class='ocr_line' id='line_1_31' title="bbox 2032 1520 3644 1613; baseline 0.016 -38"><span class='ocrx_word' id='word_1_196' title='bbox 2032 1520 2114 1576; x_wconf 88' lang='lat' dir='ltr'><strong>dis</strong></span> <span class='ocrx_word' id='word_1_197' title='bbox 2142 1520 2376 1589; x_wconf 81' lang='lat' dir='ltr'><strong>dedisse,</strong></span> <span class='ocrx_word' id='word_1_198' title='bbox 2409 1535 2463 1578; x_wconf 93' lang='lat' dir='ltr'><strong>ut</strong></span> <span class='ocrx_word' id='word_1_199' title='bbox 2500 1540 2688 1581; x_wconf 90' lang='lat' dir='ltr'><strong>eorum</strong></span> <span class='ocrx_word' id='word_1_200' title='bbox 2716 1541 3014 1587; x_wconf 84' lang='lat' dir='ltr'><strong>conventus</strong></span> <span class='ocrx_word' id='word_1_201' title='bbox 3043 1520 3098 1590; x_wconf 83' lang='lat' dir='ltr'><strong>et</strong></span> <span class='ocrx_word' id='word_1_202' title='bbox 3139 1551 3369 1608; x_wconf 77' lang='lat' dir='ltr'><strong>synaxcs</strong></span> <span class='ocrx_word' id='word_1_203' title='bbox 3409 1543 3644 1613; x_wconf 88' lang='lat' dir='ltr'><strong>pruden-</strong></span> 
     </span>
    </p>
   </div>
   <div class='ocr_carea' id='block_1_32' title="bbox 2036 1612 3638 1707">
    <p class='ocr_par' dir='ltr' id='par_1_32' title="bbox 2036 1612 3638 1707">
     <span class='ocr_line' id='line_1_32' title="bbox 2036 1612 3638 1707; baseline 0.016 -40"><span class='ocrx_word' id='word_1_204' title='bbox 2036 1612 2174 1668; x_wconf 87' lang='lat' dir='ltr'><strong>tibus</strong></span> <span class='ocrx_word' id='word_1_205' title='bbox 2198 1613 2501 1671; x_wconf 88' lang='lat' dir='ltr'><strong>ltominibus</strong></span> <span class='ocrx_word' id='word_1_206' title='bbox 2529 1618 2952 1690; x_wconf 87' lang='lat' dir='ltr'><strong>complerentur,</strong></span> <span class='ocrx_word' id='word_1_207' title='bbox 2985 1626 3178 1695; x_wconf 89' lang='lat' dir='ltr'><strong>quibus</strong></span> <span class='ocrx_word' id='word_1_208' title='bbox 3207 1631 3463 1702; x_wconf 83' lang='lat' dir='ltr'><strong>quidquid</strong></span> <span class='ocrx_word' id='word_1_209' title='bbox 3485 1652 3638 1707; x_wconf 83' lang='lat' dir='ltr'><strong>egre-</strong></span> 
     </span>
    </p>
   </div>
   <div class='ocr_carea' id='block_1_33' title="bbox 2030 1706 3635 1787">
    <p class='ocr_par' dir='ltr' id='par_1_33' title="bbox 2030 1706 3635 1787">
     <span class='ocr_line' id='line_1_33' title="bbox 2030 1706 3635 1787; baseline 0.017 -28"><span class='ocrx_word' id='word_1_210' title='bbox 2030 1706 2175 1775; x_wconf 76' lang='lat' dir='ltr'><strong>gium</strong></span> <span class='ocrx_word' id='word_1_211' title='bbox 2208 1717 2263 1762; x_wconf 90' lang='lat' dir='ltr'><strong>et</strong></span> <span class='ocrx_word' id='word_1_212' title='bbox 2291 1707 2532 1763; x_wconf 81' lang='lat' dir='ltr'><strong>divinum</strong></span> <span class='ocrx_word' id='word_1_213' title='bbox 2574 1709 2854 1780; x_wconf 88' lang='lat' dir='ltr'><strong>habemus,</strong></span> <span class='ocrx_word' id='word_1_214' title='bbox 2903 1718 3249 1787; x_wconf 85' lang='lat' dir='ltr'><strong>popularibus</strong></span> <span class='ocrx_word' id='word_1_215' title='bbox 3292 1706 3635 1785; x_wconf 87' lang='lat' dir='ltr'><strong>sermonibus</strong></span> 
     </span>
    </p>
   </div>
   <div class='ocr_carea' id='block_1_34' title="bbox 329 1794 3635 1887">
    <p class='ocr_par' dir='ltr' id='par_1_34' title="bbox 329 1794 3635 1887">
     <span class='ocr_line' id='line_1_34' title="bbox 329 1794 3635 1887; baseline 0.009 -37"><span class='ocrx_word' id='word_1_216' title='bbox 329 1796 439 1860; x_wconf 85' lang='lat' dir='ltr'><strong>bus,</strong></span> <span class='ocrx_word' id='word_1_217' title='bbox 486 1803 532 1847; x_wconf 88' lang='lat' dir='ltr'><strong>et</strong></span> <span class='ocrx_word' id='word_1_218' title='bbox 558 1794 789 1849; x_wconf 82' lang='lat' dir='ltr'><strong>omnibus</strong></span> <span class='ocrx_word' id='word_1_219' title='bbox 817 1794 903 1865; x_wconf 90' lang='lat' dir='ltr'><strong>qui</strong></span> <span class='ocrx_word' id='word_1_220' title='bbox 930 1794 983 1849; x_wconf 90' lang='lat' dir='ltr'><strong>in</strong></span> <span class='ocrx_word' id='word_1_221' title='bbox 1010 1795 1315 1850; x_wconf 80' lang='lat' dir='ltr'><strong>sublimitate</strong></span> <span class='ocrx_word' id='word_1_222' title='bbox 1342 1807 1494 1861; x_wconf 85' lang='lat' dir='ltr'><strong>sunt;</strong></span> <span class='ocrx_word' id='word_1_223' title='bbox 1534 1806 1589 1851; x_wconf 89' lang='lat' dir='ltr'><strong>ut</strong></span> <span class='ocrx_word' id='word_1_224' title='bbox 1617 1800 1838 1870; x_wconf 84' lang='lat' dir='ltr'><strong>quietam</strong></span> <span class='ocrx_word' id='word_1_225' title='bbox 1876 1813 1923 1857; x_wconf 86' lang='lat' dir='ltr'><strong>et</strong></span> <span class='ocrx_word' id='word_1_226' title='bbox 1954 1812 2001 1872; x_wconf 71' lang='grc' dir='ltr'>Β</span> <span class='ocrx_word' id='word_1_227' title='bbox 2030 1812 2093 1853; x_wconf 87' lang='lat' dir='ltr'><strong>ac</strong></span> <span class='ocrx_word' id='word_1_228' title='bbox 2118 1813 2215 1869; x_wconf 89' lang='lat' dir='ltr'><strong>pro</strong></span> <span class='ocrx_word' id='word_1_229' title='bbox 2231 1800 2564 1871; x_wconf 73' lang='lat' dir='ltr'><strong>singulorum</strong></span> <span class='ocrx_word' id='word_1_230' title='bbox 2585 1812 2742 1873; x_wconf 87' lang='lat' dir='ltr'><strong>captu</strong></span> <span class='ocrx_word' id='word_1_231' title='bbox 2761 1807 3130 1877; x_wconf 78' lang='lat' dir='ltr'><strong>explicabatur</strong></span> <span class='ocrx_word' id='word_1_232' title='bbox 3155 1810 3418 1887; x_wconf 85' lang='lat' dir='ltr'><strong>(0rigen.,</strong></span> <span class='ocrx_word' id='word_1_233' title='bbox 3445 1820 3533 1875; x_wconf 84' lang='lat' dir='ltr'><strong>lib.</strong></span> <span class='ocrx_word' id='word_1_234' title='bbox 3567 1821 3635 1878; x_wconf 79' lang='grc' dir='ltr'><strong>ΙΙΙ</strong></span> 
     </span>
    </p>
   </div>
   <div class='ocr_carea' id='block_1_35' title="bbox 330 1885 1926 1957">
    <p class='ocr_par' dir='ltr' id='par_1_35' title="bbox 330 1885 1926 1957">
     <span class='ocr_line' id='line_1_35' title="bbox 330 1885 1926 1957; baseline 0.005 -16"><span class='ocrx_word' id='word_1_235' title='bbox 330 1885 661 1957; x_wconf 86' lang='lat' dir='ltr'><strong>tranquillam</strong></span> <span class='ocrx_word' id='word_1_236' title='bbox 688 1887 843 1941; x_wconf 83' lang='lat' dir='ltr'><strong>vitam</strong></span> <span class='ocrx_word' id='word_1_237' title='bbox 870 1902 1083 1957; x_wconf 80' lang='lat' dir='ltr'><strong>agamus</strong></span> <span class='ocrx_word' id='word_1_238' title='bbox 1109 1888 1162 1941; x_wconf 88' lang='lat' dir='ltr'><strong>in</strong></span> <span class='ocrx_word' id='word_1_239' title='bbox 1189 1889 1327 1942; x_wconf 89' lang='lat' dir='ltr'><strong>omni</strong></span> <span class='ocrx_word' id='word_1_240' title='bbox 1368 1890 1553 1957; x_wconf 81' lang='lat' dir='ltr'><strong>pietate</strong></span> <span class='ocrx_word' id='word_1_241' title='bbox 1602 1901 1649 1944; x_wconf 86' lang='lat' dir='ltr'><strong>et</strong></span> <span class='ocrx_word' id='word_1_242' title='bbox 1694 1894 1926 1949; x_wconf 79' lang='lat' dir='ltr'><strong>castitate</strong></span> 
     </span>
    </p>
   </div>
   <div class='ocr_carea' id='block_1_36' title="bbox 336 1977 1924 2056">
    <p class='ocr_par' dir='ltr' id='par_1_36' title="bbox 336 1977 1924 2056">
     <span class='ocr_line' id='line_1_36' title="bbox 336 1977 1924 2056; baseline 0.005 -21"><span class='ocrx_word' id='word_1_243' title='bbox 336 1980 380 2051; x_wconf 89' lang='grc' dir='ltr'><strong>(ι</strong></span> <span class='ocrx_word' id='word_1_244' title='bbox 419 1980 487 2034; x_wconf 87' lang='lat' dir='ltr'><strong>ad</strong></span> <span class='ocrx_word' id='word_1_245' title='bbox 532 1977 756 2034; x_wconf 80' lang='lat' dir='ltr'><strong>Timoth.</strong></span> <span class='ocrx_word' id='word_1_246' title='bbox 785 2020 802 2045; x_wconf 92' lang='lat'><strong>,</strong></span> <span class='ocrx_word' id='word_1_247' title='bbox 844 1996 959 2050; x_wconf 89' lang='lat' dir='ltr'><strong>cap.</strong></span> <span class='ocrx_word' id='word_1_248' title='bbox 1009 1978 1088 2047; x_wconf 92' lang='lat' dir='ltr'><strong>ll,</strong></span> <span class='ocrx_word' id='word_1_249' title='bbox 1129 1995 1178 2035; x_wconf 78' lang='grc' dir='ltr'><strong>ο.</strong></span> <span class='ocrx_word' id='word_1_250' title='bbox 1214 1982 1239 2037; x_wconf 81' lang='grc'><strong>1</strong></span> <span class='ocrx_word' id='word_1_251' title='bbox 1299 1992 1343 2036; x_wconf 90' lang='lat' dir='ltr'><strong>et</strong></span> <span class='ocrx_word' id='word_1_252' title='bbox 1386 1981 1421 2035; x_wconf 68' lang='grc'><strong>2</strong></span> <span class='ocrx_word' id='word_1_253' title='bbox 1447 1981 1489 2053; x_wconf 88' lang='grc'><strong>).</strong></span> <span class='ocrx_word' id='word_1_254' title='bbox 1549 1978 1712 2040; x_wconf 75' lang='lat' dir='ltr'><strong>Deliis</strong></span> <span class='ocrx_word' id='word_1_255' title='bbox 1763 2001 1924 2056; x_wconf 87' lang='lat' dir='ltr'><strong>porro</strong></span> 
     </span>
    </p>
   </div>
   <div class='ocr_carea' id='block_1_37' title="bbox 330 2073 1926 2151">
    <p class='ocr_par' dir='ltr' id='par_1_37' title="bbox 330 2073 1926 2151">
     <span class='ocr_line' id='line_1_37' title="bbox 330 2073 1926 2151; baseline 0.006 -21"><span class='ocrx_word' id='word_1_256' title='bbox 330 2074 598 2147; x_wconf 85' lang='lat' dir='ltr'><strong>precibus,</strong></span> <span class='ocrx_word' id='word_1_257' title='bbox 627 2090 761 2145; x_wconf 89' lang='lat' dir='ltr'><strong>quas</strong></span> <span class='ocrx_word' id='word_1_258' title='bbox 782 2073 1075 2131; x_wconf 88' lang='lat' dir='ltr'><strong>Christiani</strong></span> <span class='ocrx_word' id='word_1_259' title='bbox 1100 2075 1152 2130; x_wconf 91' lang='lat' dir='ltr'><strong>in</strong></span> <span class='ocrx_word' id='word_1_260' title='bbox 1199 2078 1311 2132; x_wconf 84' lang='lat' dir='ltr'><strong>suis</strong></span> <span class='ocrx_word' id='word_1_261' title='bbox 1336 2078 1630 2148; x_wconf 81' lang='lat' dir='ltr'><strong>synaxibus</strong></span> <span class='ocrx_word' id='word_1_262' title='bbox 1664 2096 1761 2151; x_wconf 92' lang='lat' dir='ltr'><strong>pro</strong></span> <span class='ocrx_word' id='word_1_263' title='bbox 1786 2096 1846 2138; x_wconf 88' lang='lat' dir='ltr'><strong>se</strong></span> <span class='ocrx_word' id='word_1_264' title='bbox 1870 2093 1926 2140; x_wconf 89' lang='lat' dir='ltr'><strong>et</strong></span> 
     </span>
    </p>
   </div>
   <div class='ocr_carea' id='block_1_38' title="bbox 330 2166 1920 2242">
    <p class='ocr_par' dir='ltr' id='par_1_38' title="bbox 330 2166 1920 2242">
     <span class='ocr_line' id='line_1_38' title="bbox 330 2166 1920 2242; baseline 0.006 -21"><span class='ocrx_word' id='word_1_265' title='bbox 330 2167 446 2229; x_wconf 87' lang='lat' dir='ltr'><strong>aliis</strong></span> <span class='ocrx_word' id='word_1_266' title='bbox 495 2166 717 2222; x_wconf 81' lang='lat' dir='ltr'><strong>fundere</strong></span> <span class='ocrx_word' id='word_1_267' title='bbox 762 2166 1040 2233; x_wconf 86' lang='lat' dir='ltr'><strong>solebant,</strong></span> <span class='ocrx_word' id='word_1_268' title='bbox 1083 2168 1209 2223; x_wconf 85' lang='lat' dir='ltr'><strong>alibi</strong></span> <span class='ocrx_word' id='word_1_269' title='bbox 1250 2167 1601 2227; x_wconf 88' lang='lat' dir='ltr'><strong>disseruimus</strong></span> <span class='ocrx_word' id='word_1_270' title='bbox 1623 2171 1920 2242; x_wconf 76' lang='lat' dir='ltr'><strong>(Dissertat.</strong></span> 
     </span>
    </p>
   </div>
   <div class='ocr_carea' id='block_1_39' title="bbox 330 2258 1081 2333">
    <p class='ocr_par' dir='ltr' id='par_1_39' title="bbox 330 2258 1081 2333">
     <span class='ocr_line' id='line_1_39' title="bbox 330 2258 1081 2333; baseline 0.004 -21"><span class='ocrx_word' id='word_1_271' title='bbox 330 2259 383 2313; x_wconf 88' lang='lat' dir='ltr'><strong>in</strong></span> <span class='ocrx_word' id='word_1_272' title='bbox 404 2258 619 2328; x_wconf 82' lang='lat' dir='ltr'><strong>Arnob.,</strong></span> <span class='ocrx_word' id='word_1_273' title='bbox 638 2276 754 2329; x_wconf 86' lang='lat' dir='ltr'><strong>cap.</strong></span> <span class='ocrx_word' id='word_1_274' title='bbox 784 2260 840 2323; x_wconf 89' lang='lat'><strong>8,</strong></span> <span class='ocrx_word' id='word_1_275' title='bbox 870 2270 970 2317; x_wconf 89' lang='lat' dir='ltr'><strong>art.</strong></span> <span class='ocrx_word' id='word_1_276' title='bbox 1003 2259 1081 2333; x_wconf 68' lang='grc'><strong>2).</strong></span> 
     </span>
    </p>
   </div>
   <div class='ocr_carea' id='block_1_40' title="bbox 404 2351 1921 2431">
    <p class='ocr_par' dir='ltr' id='par_1_40' title="bbox 404 2351 1921 2431">
     <span class='ocr_line' id='line_1_40' title="bbox 404 2351 1921 2431; baseline 0.007 -25"><span class='ocrx_word' id='word_1_277' title='bbox 404 2351 740 2423; x_wconf 84' lang='lat' dir='ltr'><strong>Quapropter</strong></span> <span class='ocrx_word' id='word_1_278' title='bbox 790 2352 922 2408; x_wconf 90' lang='lat' dir='ltr'><strong>illud</strong></span> <span class='ocrx_word' id='word_1_279' title='bbox 974 2369 1118 2409; x_wconf 87' lang='lat' dir='ltr'><strong>nunc</strong></span> <span class='ocrx_word' id='word_1_280' title='bbox 1162 2355 1451 2412; x_wconf 84' lang='lat' dir='ltr'><strong>observare</strong></span> <span class='ocrx_word' id='word_1_281' title='bbox 1499 2367 1721 2415; x_wconf 87' lang='lat' dir='ltr'><strong>tantum</strong></span> <span class='ocrx_word' id='word_1_282' title='bbox 1750 2361 1921 2431; x_wconf 83' lang='lat' dir='ltr'><strong>juvat,</strong></span> 
     </span>
    </p>
   </div>
   <div class='ocr_carea' id='block_1_41' title="bbox 331 2444 1925 2518">
    <p class='ocr_par' dir='ltr' id='par_1_41' title="bbox 331 2444 1925 2518">
     <span class='ocr_line' id='line_1_41' title="bbox 331 2444 1925 2518; baseline 0.007 -19"><span class='ocrx_word' id='word_1_283' title='bbox 331 2444 477 2515; x_wconf 84' lang='lat' dir='ltr'><strong>quod</strong></span> <span class='ocrx_word' id='word_1_284' title='bbox 498 2444 691 2500; x_wconf 83' lang='lat' dir='ltr'><strong>ibidem</strong></span> <span class='ocrx_word' id='word_1_285' title='bbox 712 2444 1067 2502; x_wconf 87' lang='lat' dir='ltr'><strong>Tertullianus</strong></span> <span class='ocrx_word' id='word_1_286' title='bbox 1092 2448 1306 2518; x_wconf 77' lang='lat' dir='ltr'><strong>adjecit,</strong></span> <span class='ocrx_word' id='word_1_287' title='bbox 1331 2448 1666 2508; x_wconf 87' lang='lat' dir='ltr'><strong>Christianos</strong></span> <span class='ocrx_word' id='word_1_288' title='bbox 1693 2454 1746 2508; x_wconf 89' lang='lat' dir='ltr'><strong>in</strong></span> <span class='ocrx_word' id='word_1_289' title='bbox 1777 2454 1925 2511; x_wconf 87' lang='lat' dir='ltr'><strong>hisce</strong></span> 
     </span>
    </p>
   </div>
   <div class='ocr_carea' id='block_1_42' title="bbox 330 2536 1925 2614">
    <p class='ocr_par' dir='ltr' id='par_1_42' title="bbox 330 2536 1925 2614">
     <span class='ocr_line' id='line_1_42' title="bbox 330 2536 1925 2614; baseline 0.006 -23"><span class='ocrx_word' id='word_1_290' title='bbox 330 2537 622 2607; x_wconf 81' lang='lat' dir='ltr'><strong>synaxibus</strong></span> <span class='ocrx_word' id='word_1_291' title='bbox 649 2536 814 2591; x_wconf 91' lang='lat' dir='ltr'><strong>Deum</strong></span> <span class='ocrx_word' id='word_1_292' title='bbox 835 2537 1013 2593; x_wconf 87' lang='lat' dir='ltr'><strong>adhuc</strong></span> <span class='ocrx_word' id='word_1_293' title='bbox 1053 2548 1299 2609; x_wconf 79' lang='lat' dir='ltr'><strong>precatus</strong></span> <span class='ocrx_word' id='word_1_294' title='bbox 1328 2541 1492 2597; x_wconf 82' lang='lat' dir='ltr'><strong>fuisse</strong></span> <span class='ocrx_word' id='word_1_295' title='bbox 1512 2559 1605 2614; x_wconf 87' lang='lat' dir='ltr'><strong>pro</strong></span> <span class='ocrx_word' id='word_1_296' title='bbox 1633 2560 1777 2599; x_wconf 85' lang='lat' dir='ltr'><strong>mora</strong></span> <span class='ocrx_word' id='word_1_297' title='bbox 1805 2546 1925 2614; x_wconf 82' lang='lat' dir='ltr'><strong>linis</strong></span> 
     </span>
    </p>
   </div>
   <div class='ocr_carea' id='block_1_43' title="bbox 331 2624 1921 2707">
    <p class='ocr_par' dir='ltr' id='par_1_43' title="bbox 331 2624 1921 2707">
     <span class='ocr_line' id='line_1_43' title="bbox 331 2624 1921 2707; baseline 0.008 -28"><span class='ocrx_word' id='word_1_298' title='bbox 331 2624 661 2697; x_wconf 81' lang='lat' dir='ltr'><strong>(Tertullian.</strong></span> <span class='ocrx_word' id='word_1_299' title='bbox 686 2627 979 2699; x_wconf 79' lang='lat' dir='ltr'><strong>Apologet.,</strong></span> <span class='ocrx_word' id='word_1_300' title='bbox 998 2645 1114 2700; x_wconf 88' lang='lat' dir='ltr'><strong>cap.</strong></span> <span class='ocrx_word' id='word_1_301' title='bbox 1132 2629 1224 2698; x_wconf 76' lang='lat'><strong>39,</strong></span> <span class='ocrx_word' id='word_1_302' title='bbox 1248 2648 1367 2703; x_wconf 88' lang='lat' dir='ltr'><strong>pag.</strong></span> <span class='ocrx_word' id='word_1_303' title='bbox 1390 2630 1540 2705; x_wconf 71' lang='grc'><strong>467).</strong></span> <span class='ocrx_word' id='word_1_304' title='bbox 1566 2634 1697 2700; x_wconf 84' lang='lat' dir='ltr'><strong>Quis</strong></span> <span class='ocrx_word' id='word_1_305' title='bbox 1719 2644 1921 2707; x_wconf 78' lang='lat' dir='ltr'><strong>autent,</strong></span> 
     </span>
    </p>
   </div>
   <div class='ocr_carea' id='block_1_44' title="bbox 333 2719 1925 2796">
    <p class='ocr_par' dir='ltr' id='par_1_44' title="bbox 333 2719 1925 2796">
     <span class='ocr_line' id='line_1_44' title="bbox 333 2719 1925 2796; baseline 0.008 -23"><span class='ocrx_word' id='word_1_306' title='bbox 333 2719 525 2775; x_wconf 84' lang='lat' dir='ltr'><strong>amabo</strong></span> <span class='ocrx_word' id='word_1_307' title='bbox 543 2730 618 2787; x_wconf 90' lang='lat' dir='ltr'><strong>te,</strong></span> <span class='ocrx_word' id='word_1_308' title='bbox 639 2720 729 2775; x_wconf 84' lang='lat' dir='ltr'><strong>ille</strong></span> <span class='ocrx_word' id='word_1_309' title='bbox 747 2720 1020 2787; x_wconf 79' lang='lat' dir='ltr'><strong>ﬁttiserat,</strong></span> <span class='ocrx_word' id='word_1_310' title='bbox 1050 2722 1153 2778; x_wconf 86' lang='lat' dir='ltr'><strong>nisi</strong></span> <span class='ocrx_word' id='word_1_311' title='bbox 1184 2723 1348 2778; x_wconf 89' lang='lat' dir='ltr'><strong>totius</strong></span> <span class='ocrx_word' id='word_1_312' title='bbox 1373 2725 1579 2792; x_wconf 89' lang='lat' dir='ltr'><strong>mundi,</strong></span> <span class='ocrx_word' id='word_1_313' title='bbox 1609 2742 1770 2796; x_wconf 89' lang='lat' dir='ltr'><strong>quem</strong></span> <span class='ocrx_word' id='word_1_314' title='bbox 1797 2743 1925 2785; x_wconf 87' lang='lat' dir='ltr'><strong>cum</strong></span> 
     </span>
    </p>
   </div>
   <div class='ocr_carea' id='block_1_45' title="bbox 331 2811 1925 2890">
    <p class='ocr_par' dir='ltr' id='par_1_45' title="bbox 331 2811 1925 2890">
     <span class='ocr_line' id='line_1_45' title="bbox 331 2811 1925 2890; baseline 0.008 -26"><span class='ocrx_word' id='word_1_315' title='bbox 331 2811 558 2866; x_wconf 86' lang='lat' dir='ltr'><strong>Romani</strong></span> <span class='ocrx_word' id='word_1_316' title='bbox 592 2812 804 2883; x_wconf 88' lang='lat' dir='ltr'><strong>imperii</strong></span> <span class='ocrx_word' id='word_1_317' title='bbox 845 2815 995 2868; x_wconf 89' lang='lat' dir='ltr'><strong>ruina</strong></span> <span class='ocrx_word' id='word_1_318' title='bbox 1017 2815 1367 2872; x_wconf 85' lang='lat' dir='ltr'><strong>evertendam</strong></span> <span class='ocrx_word' id='word_1_319' title='bbox 1411 2831 1534 2873; x_wconf 84' lang='lat' dir='ltr'><strong>esse</strong></span> <span class='ocrx_word' id='word_1_320' title='bbox 1567 2820 1925 2890; x_wconf 85' lang='lat' dir='ltr'><strong>opinabantur</strong></span> 
     </span>
    </p>
   </div>
   <div class='ocr_carea' id='block_1_46' title="bbox 331 2903 1921 2978">
    <p class='ocr_par' dir='ltr' id='par_1_46' title="bbox 331 2903 1921 2978">
     <span class='ocr_line' id='line_1_46' title="bbox 331 2903 1921 2978; baseline 0.008 -21"><span class='ocrx_word' id='word_1_321' title='bbox 331 2903 547 2976; x_wconf 79' lang='lat' dir='ltr'><strong>(idem,</strong></span> <span class='ocrx_word' id='word_1_322' title='bbox 595 2904 684 2960; x_wconf 87' lang='lat' dir='ltr'><strong>lib.</strong></span> <span class='ocrx_word' id='word_1_323' title='bbox 732 2905 800 2959; x_wconf 88' lang='lat' dir='ltr'><strong>ad</strong></span> <span class='ocrx_word' id='word_1_324' title='bbox 841 2905 1083 2977; x_wconf 87' lang='lat' dir='ltr'><strong>Scaput.,</strong></span> <span class='ocrx_word' id='word_1_325' title='bbox 1125 2924 1242 2978; x_wconf 91' lang='lat' dir='ltr'><strong>cap.</strong></span> <span class='ocrx_word' id='word_1_326' title='bbox 1289 2908 1388 2978; x_wconf 76' lang='lat'><strong>2).</strong></span> <span class='ocrx_word' id='word_1_327' title='bbox 1434 2908 1693 2976; x_wconf 81' lang='lat' dir='ltr'><strong>Quamvis</strong></span> <span class='ocrx_word' id='word_1_328' title='bbox 1741 2921 1921 2970; x_wconf 89' lang='lat' dir='ltr'><strong>autem</strong></span> 
     </span>
    </p>
   </div>
   <div class='ocr_carea' id='block_1_47' title="bbox 328 2996 1919 3077">
    <p class='ocr_par' dir='ltr' id='par_1_47' title="bbox 328 2996 1919 3077">
     <span class='ocr_line' id='line_1_47' title="bbox 328 2996 1919 3077; baseline 0.005 -26"><span class='ocrx_word' id='word_1_329' title='bbox 328 2996 463 3064; x_wconf 69' lang='lat' dir='ltr'><strong>haec,</strong></span> <span class='ocrx_word' id='word_1_330' title='bbox 498 2997 568 3053; x_wconf 89' lang='lat' dir='ltr'><strong>de</strong></span> <span class='ocrx_word' id='word_1_331' title='bbox 617 3014 721 3068; x_wconf 88' lang='lat' dir='ltr'><strong>qua</strong></span> <span class='ocrx_word' id='word_1_332' title='bbox 765 2998 965 3068; x_wconf 86' lang='lat' dir='ltr'><strong>aliquid</strong></span> <span class='ocrx_word' id='word_1_333' title='bbox 1007 3010 1190 3069; x_wconf 88' lang='lat' dir='ltr'><strong>postea</strong></span> <span class='ocrx_word' id='word_1_334' title='bbox 1234 3000 1520 3056; x_wconf 84' lang='lat' dir='ltr'><strong>dicendum</strong></span> <span class='ocrx_word' id='word_1_335' title='bbox 1564 3001 1584 3073; x_wconf 89' lang='lat'><strong>(</strong></span> <span class='ocrx_word' id='word_1_336' title='bbox 1608 3002 1771 3074; x_wconf 82' lang='lat' dir='ltr'><strong>lnfr.,</strong></span> <span class='ocrx_word' id='word_1_337' title='bbox 1802 3022 1919 3077; x_wconf 87' lang='lat' dir='ltr'><strong>cap.</strong></span> 
     </span>
    </p>
   </div>
   <div class='ocr_carea' id='block_1_48' title="bbox 326 3090 1925 3163">
    <p class='ocr_par' dir='ltr' id='par_1_48' title="bbox 326 3090 1925 3163">
     <span class='ocr_line' id='line_1_48' title="bbox 326 3090 1925 3163; baseline 0.003 -17"><span class='ocrx_word' id='word_1_338' title='bbox 326 3090 417 3158; x_wconf 78' lang='lat' dir='ltr'><strong>2i,</strong></span> <span class='ocrx_word' id='word_1_339' title='bbox 441 3100 541 3146; x_wconf 89' lang='lat' dir='ltr'><strong>art.</strong></span> <span class='ocrx_word' id='word_1_340' title='bbox 573 3092 650 3163; x_wconf 84' lang='grc'><strong>1),</strong></span> <span class='ocrx_word' id='word_1_341' title='bbox 678 3091 899 3146; x_wconf 88' lang='lat' dir='ltr'><strong>omnino</strong></span> <span class='ocrx_word' id='word_1_342' title='bbox 927 3091 1059 3148; x_wconf 76' lang='lat' dir='ltr'><strong>falsa</strong></span> <span class='ocrx_word' id='word_1_343' title='bbox 1078 3092 1149 3151; x_wconf 90' lang='lat' dir='ltr'><strong>sit</strong></span> <span class='ocrx_word' id='word_1_344' title='bbox 1170 3094 1353 3163; x_wconf 87' lang='lat' dir='ltr'><strong>opinio</strong></span> <span class='ocrx_word' id='word_1_345' title='bbox 1373 3135 1387 3162; x_wconf 94' lang='lat'><strong>,</strong></span> <span class='ocrx_word' id='word_1_346' title='bbox 1419 3094 1545 3150; x_wconf 88' lang='lat' dir='ltr'><strong>inde</strong></span> <span class='ocrx_word' id='word_1_347' title='bbox 1571 3103 1747 3151; x_wconf 87' lang='lat' dir='ltr'><strong>tamen</strong></span> <span class='ocrx_word' id='word_1_348' title='bbox 1776 3098 1925 3158; x_wconf 73' lang='lat' dir='ltr'><strong>intel.</strong></span> 
     </span>
    </p>
   </div>
   <div class='ocr_carea' id='block_1_49' title="bbox 2029 1890 3214 1963">
    <p class='ocr_par' dir='ltr' id='par_1_49' title="bbox 2029 1890 3214 1963">
     <span class='ocr_line' id='line_1_49' title="bbox 2029 1890 3214 1963; baseline 0.004 -18"><span class='ocrx_word' id='word_1_349' title='bbox 2029 1902 2192 1947; x_wconf 85' lang='lat' dir='ltr'><strong>contr.</strong></span> <span class='ocrx_word' id='word_1_350' title='bbox 2226 1890 2356 1947; x_wconf 80' lang='lat' dir='ltr'><strong>Cels.</strong></span> <span class='ocrx_word' id='word_1_351' title='bbox 2375 1891 2418 1963; x_wconf 82' lang='lat'><strong>).</strong></span> <span class='ocrx_word' id='word_1_352' title='bbox 3208 1958 3214 1963; x_wconf 40' lang='grc'><strong>,</strong></span> 
     </span>
    </p>
   </div>
   <div class='ocr_carea' id='block_1_50' title="bbox 2102 1985 3643 2071">
    <p class='ocr_par' dir='ltr' id='par_1_50' title="bbox 2102 1985 3643 2071">
     <span class='ocr_line' id='line_1_50' title="bbox 2102 1985 3643 2071; baseline 0.017 -32"><span class='ocrx_word' id='word_1_353' title='bbox 2102 1985 2236 2042; x_wconf 90' lang='lat' dir='ltr'><strong>Tum</strong></span> <span class='ocrx_word' id='word_1_354' title='bbox 2263 1986 2456 2043; x_wconf 87' lang='lat' dir='ltr'><strong>deinde</strong></span> <span class='ocrx_word' id='word_1_355' title='bbox 2485 1987 2843 2048; x_wconf 87' lang='lat' dir='ltr'><strong>Tertullianus</strong></span> <span class='ocrx_word' id='word_1_356' title='bbox 2869 1995 3127 2053; x_wconf 86' lang='lat' dir='ltr'><strong>continuo</strong></span> <span class='ocrx_word' id='word_1_357' title='bbox 3143 1999 3338 2071; x_wconf 86' lang='lat' dir='ltr'><strong>adjecit</strong></span> <span class='ocrx_word' id='word_1_358' title='bbox 3362 2004 3431 2060; x_wconf 89' lang='lat' dir='ltr'><strong>ab</strong></span> <span class='ocrx_word' id='word_1_359' title='bbox 3451 2005 3643 2065; x_wconf 87' lang='lat' dir='ltr'><strong>iisdem</strong></span> 
     </span>
    </p>
   </div>
   <div class='ocr_carea' id='block_1_51' title="bbox 2028 2077 3645 2167">
    <p class='ocr_par' dir='ltr' id='par_1_51' title="bbox 2028 2077 3645 2167">
     <span class='ocr_line' id='line_1_51' title="bbox 2028 2077 3645 2167; baseline 0.014 -35"><span class='ocrx_word' id='word_1_360' title='bbox 2028 2077 2257 2133; x_wconf 83' lang='lat' dir='ltr'><strong>coetibus</strong></span> <span class='ocrx_word' id='word_1_361' title='bbox 2297 2092 2392 2134; x_wconf 80' lang='lat' dir='ltr'><strong>eos</strong></span> <span class='ocrx_word' id='word_1_362' title='bbox 2425 2094 2646 2148; x_wconf 86' lang='lat' dir='ltr'><strong>prorsus</strong></span> <span class='ocrx_word' id='word_1_363' title='bbox 2674 2081 2914 2151; x_wconf 86' lang='lat' dir='ltr'><strong>ejectos,</strong></span> <span class='ocrx_word' id='word_1_364' title='bbox 2964 2088 3053 2155; x_wconf 86' lang='lat' dir='ltr'><strong>qui</strong></span> <span class='ocrx_word' id='word_1_365' title='bbox 3085 2092 3355 2162; x_wconf 85' lang='lat' dir='ltr'><strong>peccatis,</strong></span> <span class='ocrx_word' id='word_1_366' title='bbox 3388 2104 3547 2167; x_wconf 87' lang='lat' dir='ltr'><strong>atque</strong></span> <span class='ocrx_word' id='word_1_367' title='bbox 3587 2100 3645 2155; x_wconf 88' lang='lat' dir='ltr'><strong>in</strong></span> 
     </span>
    </p>
   </div>
   <div class='ocr_carea' id='block_1_52' title="bbox 2030 2169 3639 2260">
    <p class='ocr_par' dir='ltr' id='par_1_52' title="bbox 2030 2169 3639 2260">
     <span class='ocr_line' id='line_1_52' title="bbox 2030 2169 3639 2260; baseline 0.014 -38"><span class='ocrx_word' id='word_1_368' title='bbox 2030 2169 2216 2239; x_wconf 83' lang='lat' dir='ltr'><strong>primis</strong></span> <span class='ocrx_word' id='word_1_369' title='bbox 2242 2169 2463 2227; x_wconf 88' lang='lat' dir='ltr'><strong>libidine</strong></span> <span class='ocrx_word' id='word_1_370' title='bbox 2489 2171 2759 2241; x_wconf 15' lang='lat' dir='ltr'><strong>sordidati,</strong></span> <span class='ocrx_word' id='word_1_371' title='bbox 2783 2189 2937 2231; x_wconf 88' lang='lat' dir='ltr'><strong>erant</strong></span> <span class='ocrx_word' id='word_1_372' title='bbox 2965 2177 3309 2247; x_wconf 87' lang='lat' dir='ltr'><strong>(Tertullian.</strong></span> <span class='ocrx_word' id='word_1_373' title='bbox 3345 2185 3639 2260; x_wconf 81' lang='lat' dir='ltr'><strong>Apologet.,</strong></span> 
     </span>
    </p>
   </div>
   <div class='ocr_carea' id='block_1_53' title="bbox 2029 2263 3644 2343">
    <p class='ocr_par' dir='ltr' id='par_1_53' title="bbox 2029 2263 3644 2343">
     <span class='ocr_line' id='line_1_53' title="bbox 2029 2263 3644 2343; baseline 0.015 -27"><span class='ocrx_word' id='word_1_374' title='bbox 2029 2280 2143 2335; x_wconf 85' lang='lat' dir='ltr'><strong>cap.</strong></span> <span class='ocrx_word' id='word_1_375' title='bbox 2188 2263 2279 2331; x_wconf 78' lang='lat'><strong>&#39;59,</strong></span> <span class='ocrx_word' id='word_1_376' title='bbox 2323 2283 2375 2333; x_wconf 90' lang='lat' dir='ltr'><strong>p.</strong></span> <span class='ocrx_word' id='word_1_377' title='bbox 2426 2265 2592 2337; x_wconf 72' lang='lat'><strong>469).</strong></span> <span class='ocrx_word' id='word_1_378' title='bbox 2626 2267 2845 2338; x_wconf 73' lang='lat' dir='ltr'><strong>Triplex</strong></span> <span class='ocrx_word' id='word_1_379' title='bbox 2893 2286 3023 2327; x_wconf 87' lang='lat' dir='ltr'><strong>vero</strong></span> <span class='ocrx_word' id='word_1_380' title='bbox 3067 2274 3206 2343; x_wconf 77' lang='lat' dir='ltr'><strong>fuit,</strong></span> <span class='ocrx_word' id='word_1_381' title='bbox 3258 2288 3315 2333; x_wconf 93' lang='lat' dir='ltr'><strong>ut</strong></span> <span class='ocrx_word' id='word_1_382' title='bbox 3365 2294 3464 2337; x_wconf 88' lang='lat' dir='ltr'><strong>suo</strong></span> <span class='ocrx_word' id='word_1_383' title='bbox 3523 2284 3644 2341; x_wconf 89' lang='lat' dir='ltr'><strong>loco</strong></span> 
     </span>
    </p>
   </div>
   <div class='ocr_carea' id='block_1_54' title="bbox 2027 2354 3643 2446">
    <p class='ocr_par' dir='ltr' id='par_1_54' title="bbox 2027 2354 3643 2446">
     <span class='ocr_line' id='line_1_54' title="bbox 2027 2354 3643 2446; baseline 0.014 -37"><span class='ocrx_word' id='word_1_384' title='bbox 2027 2354 2395 2423; x_wconf 82' lang='lat' dir='ltr'><strong>ostendemus,</strong></span> <span class='ocrx_word' id='word_1_385' title='bbox 2421 2366 2763 2427; x_wconf 86' lang='lat' dir='ltr'><strong>peccatorum</strong></span> <span class='ocrx_word' id='word_1_386' title='bbox 2794 2362 3193 2437; x_wconf 89' lang='lat' dir='ltr'><strong>criminumque</strong></span> <span class='ocrx_word' id='word_1_387' title='bbox 3219 2384 3390 2440; x_wconf 81' lang='lat' dir='ltr'><strong>genus</strong></span> <span class='ocrx_word' id='word_1_388' title='bbox 3418 2385 3643 2446; x_wconf 87' lang='lat' dir='ltr'><strong>propter</strong></span> 
     </span>
    </p>
   </div>
   <div class='ocr_carea' id='block_1_55' title="bbox 2028 2447 3643 2535">
    <p class='ocr_par' dir='ltr' id='par_1_55' title="bbox 2028 2447 3643 2535">
     <span class='ocr_line' id='line_1_55' title="bbox 2028 2447 3643 2535; baseline 0.015 -36"><span class='ocrx_word' id='word_1_389' title='bbox 2028 2447 2170 2517; x_wconf 90' lang='lat' dir='ltr'><strong>quod</strong></span> <span class='ocrx_word' id='word_1_390' title='bbox 2202 2448 2342 2514; x_wconf 87' lang='lat' dir='ltr'><strong>lata,</strong></span> <span class='ocrx_word' id='word_1_391' title='bbox 2375 2449 2445 2503; x_wconf 87' lang='lat' dir='ltr'><strong>ad</strong></span> <span class='ocrx_word' id='word_1_392' title='bbox 2475 2452 2785 2520; x_wconf 82' lang='lat' dir='ltr'><strong>exemplum</strong></span> <span class='ocrx_word' id='word_1_393' title='bbox 2816 2456 3061 2525; x_wconf 83' lang='lat' dir='ltr'><strong>Apostoli</strong></span> <span class='ocrx_word' id='word_1_394' title='bbox 3097 2457 3319 2529; x_wconf 83' lang='lat' dir='ltr'><strong>(Paul.,</strong></span> <span class='ocrx_word' id='word_1_395' title='bbox 3347 2466 3492 2535; x_wconf 82' lang='lat' dir='ltr'><strong>epist.</strong></span> <span class='ocrx_word' id='word_1_396' title='bbox 3528 2467 3545 2521; x_wconf 86' lang='grc' dir='ltr'>ι</span> <span class='ocrx_word' id='word_1_397' title='bbox 3573 2470 3643 2523; x_wconf 86' lang='lat' dir='ltr'><strong>ad</strong></span> 
     </span>
    </p>
   </div>
   <div class='ocr_carea' id='block_1_56' title="bbox 2029 2538 3643 2619">
    <p class='ocr_par' dir='ltr' id='par_1_56' title="bbox 2029 2538 3643 2619">
     <span class='ocr_line' id='line_1_56' title="bbox 2029 2538 3643 2619; baseline 0.014 -24"><span class='ocrx_word' id='word_1_398' title='bbox 2029 2538 2284 2606; x_wconf 72' lang='lat' dir='ltr'><strong>Corinth.,</strong></span> <span class='ocrx_word' id='word_1_399' title='bbox 2304 2557 2421 2613; x_wconf 86' lang='lat' dir='ltr'><strong>cap.</strong></span> <span class='ocrx_word' id='word_1_400' title='bbox 2447 2541 2511 2610; x_wconf 89' lang='lat' dir='ltr'><strong>V,</strong></span> <span class='ocrx_word' id='word_1_401' title='bbox 2529 2558 2578 2598; x_wconf 81' lang='lat' dir='ltr'><strong>tt.</strong></span> <span class='ocrx_word' id='word_1_402' title='bbox 2597 2545 2632 2598; x_wconf 73' lang='grc' dir='ltr'>ὃ</span> <span class='ocrx_word' id='word_1_403' title='bbox 2656 2552 2702 2599; x_wconf 84' lang='lat' dir='ltr'><strong>et</strong></span> <span class='ocrx_word' id='word_1_404' title='bbox 2729 2562 2832 2617; x_wconf 84' lang='lat' dir='ltr'><strong>seq.</strong></span> <span class='ocrx_word' id='word_1_405' title='bbox 2857 2545 2896 2619; x_wconf 92' lang='lat'><strong>),</strong></span> <span class='ocrx_word' id='word_1_406' title='bbox 2920 2552 2971 2603; x_wconf 89' lang='lat' dir='ltr'><strong>in</strong></span> <span class='ocrx_word' id='word_1_407' title='bbox 2992 2567 3117 2606; x_wconf 88' lang='lat' dir='ltr'><strong>reos</strong></span> <span class='ocrx_word' id='word_1_408' title='bbox 3134 2559 3643 2617; x_wconf 86' lang='lat' dir='ltr'><strong>excommunicatio-</strong></span> 
     </span>
    </p>
   </div>
   <div class='ocr_carea' id='block_1_57' title="bbox 2030 2634 3641 2713">
    <p class='ocr_par' dir='ltr' id='par_1_57' title="bbox 2030 2634 3641 2713">
     <span class='ocr_line' id='line_1_57' title="bbox 2030 2634 3641 2713; baseline 0.015 -25"><span class='ocrx_word' id='word_1_409' title='bbox 2030 2634 2112 2688; x_wconf 88' lang='lat' dir='ltr'><strong>nis</strong></span> <span class='ocrx_word' id='word_1_410' title='bbox 2138 2635 2427 2702; x_wconf 84' lang='lat' dir='ltr'><strong>sententia,</strong></span> <span class='ocrx_word' id='word_1_411' title='bbox 2474 2636 2543 2691; x_wconf 89' lang='lat' dir='ltr'><strong>ab</strong></span> <span class='ocrx_word' id='word_1_412' title='bbox 2581 2639 2831 2695; x_wconf 72' lang='lat' dir='ltr'><strong>ecclesim</strong></span> <span class='ocrx_word' id='word_1_413' title='bbox 2865 2642 3113 2713; x_wconf 84' lang='lat' dir='ltr'><strong>ingressu</strong></span> <span class='ocrx_word' id='word_1_414' title='bbox 3149 2648 3487 2706; x_wconf 89' lang='lat' dir='ltr'><strong>arcebantur.</strong></span> <span class='ocrx_word' id='word_1_415' title='bbox 3522 2654 3641 2711; x_wconf 84' lang='lat' dir='ltr'><strong>Non</strong></span> 
     </span>
    </p>
   </div>
   <div class='ocr_carea' id='block_1_58' title="bbox 2029 2728 3638 2807">
    <p class='ocr_par' dir='ltr' id='par_1_58' title="bbox 2029 2728 3638 2807">
     <span class='ocr_line' id='line_1_58' title="bbox 2029 2728 3638 2807; baseline 0.014 -25"><span class='ocrx_word' id='word_1_416' title='bbox 2029 2728 2178 2796; x_wconf 80' lang='lat' dir='ltr'><strong>prius</strong></span> <span class='ocrx_word' id='word_1_417' title='bbox 2219 2737 2398 2784; x_wconf 90' lang='lat' dir='ltr'><strong>autem</strong></span> <span class='ocrx_word' id='word_1_418' title='bbox 2427 2730 2632 2786; x_wconf 85' lang='lat' dir='ltr'><strong>absolvi</strong></span> <span class='ocrx_word' id='word_1_419' title='bbox 2660 2743 2927 2803; x_wconf 86' lang='lat' dir='ltr'><strong>poterant,</strong></span> <span class='ocrx_word' id='word_1_420' title='bbox 2962 2752 3121 2807; x_wconf 86' lang='lat' dir='ltr'><strong>quam</strong></span> <span class='ocrx_word' id='word_1_421' title='bbox 3166 2738 3423 2800; x_wconf 87' lang='lat' dir='ltr'><strong>horumce</strong></span> <span class='ocrx_word' id='word_1_422' title='bbox 3451 2747 3638 2803; x_wconf 82' lang='lat' dir='ltr'><strong>crimi-</strong></span> 
     </span>
    </p>
   </div>
   <div class='ocr_carea' id='block_1_59' title="bbox 2000 2812 3131 2899">
    <p class='ocr_par' dir='ltr' id='par_1_59' title="bbox 2000 2812 3131 2899">
     <span class='ocr_line' id='line_1_59' title="bbox 2000 2812 3131 2899; baseline 0.011 -24"><span class='ocrx_word' id='word_1_423' title='bbox 2000 2812 2004 2821; x_wconf 68' lang='grc'><em>’</em></span> <span class='ocrx_word' id='word_1_424' title='bbox 2028 2836 2155 2876; x_wconf 89' lang='lat' dir='ltr'><strong>num</strong></span> <span class='ocrx_word' id='word_1_425' title='bbox 2178 2822 2443 2892; x_wconf 79' lang='lat' dir='ltr'><strong>publicum</strong></span> <span class='ocrx_word' id='word_1_426' title='bbox 2475 2826 2847 2895; x_wconf 78' lang='lat' dir='ltr'><strong>pmnitetttiam</strong></span> <span class='ocrx_word' id='word_1_427' title='bbox 2875 2832 3131 2899; x_wconf 82' lang='lat' dir='ltr'><strong>egissent.</strong></span> 
     </span>
    </p>
   </div>
   <div class='ocr_carea' id='block_1_60' title="bbox 2102 2914 3645 3002">
    <p class='ocr_par' dir='ltr' id='par_1_60' title="bbox 2102 2914 3645 3002">
     <span class='ocr_line' id='line_1_60' title="bbox 2102 2914 3645 3002; baseline 0.016 -36"><span class='ocrx_word' id='word_1_428' title='bbox 2102 2914 2275 2969; x_wconf 85' lang='lat' dir='ltr'><strong>Antea</strong></span> <span class='ocrx_word' id='word_1_429' title='bbox 2319 2922 2499 2970; x_wconf 84' lang='lat' dir='ltr'><strong>tamen</strong></span> <span class='ocrx_word' id='word_1_430' title='bbox 2529 2916 2743 2971; x_wconf 84' lang='lat' dir='ltr'><strong>illorum</strong></span> <span class='ocrx_word' id='word_1_431' title='bbox 2785 2929 3002 2988; x_wconf 87' lang='lat' dir='ltr'><strong>peccata</strong></span> <span class='ocrx_word' id='word_1_432' title='bbox 3042 2923 3311 2983; x_wconf 87' lang='lat' dir='ltr'><strong>debebant</strong></span> <span class='ocrx_word' id='word_1_433' title='bbox 3342 2928 3645 3002; x_wconf 81' lang='lat' dir='ltr'><strong>diligentis-</strong></span> 
     </span>
    </p>
   </div>
   <div class='ocr_carea' id='block_1_61' title="bbox 2027 3004 3644 3093">
    <p class='ocr_par' dir='ltr' id='par_1_61' title="bbox 2027 3004 3644 3093">
     <span class='ocr_line' id='line_1_61' title="bbox 2027 3004 3644 3093; baseline 0.014 -33"><span class='ocrx_word' id='word_1_434' title='bbox 2027 3004 2164 3060; x_wconf 86' lang='lat' dir='ltr'><strong>sime</strong></span> <span class='ocrx_word' id='word_1_435' title='bbox 2192 3006 2494 3060; x_wconf 78' lang='lat' dir='ltr'><strong>examinari</strong></span> <span class='ocrx_word' id='word_1_436' title='bbox 2520 3015 2576 3062; x_wconf 88' lang='lat' dir='ltr'><strong>et</strong></span> <span class='ocrx_word' id='word_1_437' title='bbox 2598 3010 2833 3079; x_wconf 82' lang='lat' dir='ltr'><strong>agnosci.</strong></span> <span class='ocrx_word' id='word_1_438' title='bbox 2864 3011 3226 3079; x_wconf 88' lang='lat' dir='ltr'><strong>Quamobrem</strong></span> <span class='ocrx_word' id='word_1_439' title='bbox 3258 3018 3547 3093; x_wconf 71' lang='lat' dir='ltr'><strong>iudicatur,</strong></span> <span class='ocrx_word' id='word_1_440' title='bbox 3567 3027 3644 3082; x_wconf 87' lang='lat' dir='ltr'><strong>ait</strong></span> 
     </span>
    </p>
   </div>
   <div class='ocr_carea' id='block_1_62' title="bbox 2028 3098 3644 3189">
    <p class='ocr_par' dir='ltr' id='par_1_62' title="bbox 2028 3098 3644 3189">
     <span class='ocr_line' id='line_1_62' title="bbox 2028 3098 3644 3189; baseline 0.014 -37"><span class='ocrx_word' id='word_1_441' title='bbox 2028 3098 2231 3153; x_wconf 82' lang='lat' dir='ltr'><strong>Auctor</strong></span> <span class='ocrx_word' id='word_1_442' title='bbox 2257 3108 2458 3166; x_wconf 83' lang='lat' dir='ltr'><strong>noster,</strong></span> <span class='ocrx_word' id='word_1_443' title='bbox 2489 3116 2675 3171; x_wconf 84' lang='lat' dir='ltr'><strong>magno</strong></span> <span class='ocrx_word' id='word_1_444' title='bbox 2700 3119 2817 3156; x_wconf 88' lang='lat' dir='ltr'><strong>cum</strong></span> <span class='ocrx_word' id='word_1_445' title='bbox 2861 3106 3102 3189; x_wconf 67' lang='lat' dir='ltr'><strong>pondere,</strong></span> <span class='ocrx_word' id='word_1_446' title='bbox 3141 3120 3196 3163; x_wconf 87' lang='lat' dir='ltr'><strong>ut</strong></span> <span class='ocrx_word' id='word_1_447' title='bbox 3220 3114 3361 3183; x_wconf 88' lang='lat' dir='ltr'><strong>apud</strong></span> <span class='ocrx_word' id='word_1_448' title='bbox 3388 3126 3550 3172; x_wconf 84' lang='lat' dir='ltr'><strong>certos</strong></span> <span class='ocrx_word' id='word_1_449' title='bbox 3579 3119 3644 3175; x_wconf 88' lang='lat' dir='ltr'><strong>de</strong></span> 
     </span>
    </p>
   </div>
   <div class='ocr_carea' id='block_1_63' title="bbox 323 3183 3633 3278">
    <p class='ocr_par' dir='ltr' id='par_1_63' title="bbox 323 3183 3633 3278">
     <span class='ocr_line' id='line_1_63' title="bbox 323 3183 3633 3278; baseline 0.008 -39"><span class='ocrx_word' id='word_1_450' title='bbox 323 3184 538 3255; x_wconf 75' lang='lat' dir='ltr'><strong>ligimus</strong></span> <span class='ocrx_word' id='word_1_451' title='bbox 559 3183 894 3239; x_wconf 84' lang='lat' dir='ltr'><strong>Christianos</strong></span> <span class='ocrx_word' id='word_1_452' title='bbox 924 3184 1083 3240; x_wconf 87' lang='lat' dir='ltr'><strong>toties</strong></span> <span class='ocrx_word' id='word_1_453' title='bbox 1115 3185 1281 3278; x_wconf 84' lang='lat' dir='ltr'><strong>Deum</strong></span> <span class='ocrx_word' id='word_1_454' title='bbox 1312 3200 1411 3255; x_wconf 88' lang='lat' dir='ltr'><strong>pro</strong></span> <span class='ocrx_word' id='word_1_455' title='bbox 1436 3186 1664 3242; x_wconf 75' lang='lat' dir='ltr'><strong>Romani</strong></span> <span class='ocrx_word' id='word_1_456' title='bbox 1709 3189 1919 3260; x_wconf 88' lang='lat' dir='ltr'><strong>imperii</strong></span> <span class='ocrx_word' id='word_1_457' title='bbox 1949 3206 1994 3269; x_wconf 61' lang='grc' dir='ltr'><strong>(ς</strong></span> <span class='ocrx_word' id='word_1_458' title='bbox 2028 3189 2124 3245; x_wconf 87' lang='lat' dir='ltr'><strong>Dei</strong></span> <span class='ocrx_word' id='word_1_459' title='bbox 2153 3202 2423 3261; x_wconf 86' lang='lat' dir='ltr'><strong>conspectu</strong></span> <span class='ocrx_word' id='word_1_460' title='bbox 2440 3208 2461 3257; x_wconf 90' lang='lat'><strong><em>;</em></strong></span> <span class='ocrx_word' id='word_1_461' title='bbox 2486 3209 2838 3267; x_wconf 83' lang='lat' dir='ltr'><strong>summumque</strong></span> <span class='ocrx_word' id='word_1_462' title='bbox 2868 3183 3030 3264; x_wconf 77' lang='lat' dir='ltr'><strong>futuri</strong></span> <span class='ocrx_word' id='word_1_463' title='bbox 3043 3202 3233 3270; x_wconf 83' lang='lat' dir='ltr'><strong>judicii</strong></span> <span class='ocrx_word' id='word_1_464' title='bbox 3275 3209 3633 3278; x_wconf 79' lang='lat' dir='ltr'><strong>prwjudicium</strong></span> 
     </span>
    </p>
   </div>
   <div class='ocr_carea' id='block_1_64' title="bbox 323 3276 1922 3349">
    <p class='ocr_par' dir='ltr' id='par_1_64' title="bbox 323 3276 1922 3349">
     <span class='ocr_line' id='line_1_64' title="bbox 323 3276 1922 3349; baseline 0.003 -16"><span class='ocrx_word' id='word_1_465' title='bbox 323 3276 674 3333; x_wconf 85' lang='lat' dir='ltr'><strong>diuturnitate</strong></span> <span class='ocrx_word' id='word_1_466' title='bbox 727 3292 952 3346; x_wconf 87' lang='lat' dir='ltr'><strong>orasse,</strong></span> <span class='ocrx_word' id='word_1_467' title='bbox 1007 3277 1221 3347; x_wconf 86' lang='lat' dir='ltr'><strong>quoties</strong></span> <span class='ocrx_word' id='word_1_468' title='bbox 1279 3278 1428 3334; x_wconf 89' lang='lat' dir='ltr'><strong>illum</strong></span> <span class='ocrx_word' id='word_1_469' title='bbox 1493 3292 1590 3349; x_wconf 89' lang='lat' dir='ltr'><strong>pro</strong></span> <span class='ocrx_word' id='word_1_470' title='bbox 1651 3280 1922 3338; x_wconf 78' lang='lat' dir='ltr'><strong>aﬁ‘erenda</strong></span> 
     </span>
    </p>
   </div>
   <div class='ocr_carea' id='block_1_65' title="bbox 323 3371 1922 3443">
    <p class='ocr_par' dir='ltr' id='par_1_65' title="bbox 323 3371 1922 3443">
     <span class='ocr_line' id='line_1_65' title="bbox 323 3371 1922 3443; baseline 0.002 -14"><span class='ocrx_word' id='word_1_471' title='bbox 323 3371 529 3439; x_wconf 89' lang='lat' dir='ltr'><strong>mundi,</strong></span> <span class='ocrx_word' id='word_1_472' title='bbox 560 3371 781 3427; x_wconf 89' lang='lat' dir='ltr'><strong>ﬁniendi</strong></span> <span class='ocrx_word' id='word_1_473' title='bbox 805 3387 955 3428; x_wconf 89' lang='lat' dir='ltr'><strong>mora</strong></span> <span class='ocrx_word' id='word_1_474' title='bbox 981 3372 1351 3443; x_wconf 85' lang='lat' dir='ltr'><strong>precabantur.</strong></span> <span class='ocrx_word' id='word_1_475' title='bbox 1378 3372 1437 3429; x_wconf 88' lang='lat' dir='ltr'><strong>lu</strong></span> <span class='ocrx_word' id='word_1_476' title='bbox 1465 3388 1620 3430; x_wconf 87' lang='lat' dir='ltr'><strong>suum</strong></span> <span class='ocrx_word' id='word_1_477' title='bbox 1635 3376 1778 3431; x_wconf 87' lang='lat' dir='ltr'><strong>enim</strong></span> <span class='ocrx_word' id='word_1_478' title='bbox 1803 3377 1922 3432; x_wconf 88' lang='lat' dir='ltr'><strong>ani-</strong></span> 
     </span>
    </p>
   </div>
   <div class='ocr_carea' id='block_1_66' title="bbox 322 3464 1922 3535">
    <p class='ocr_par' dir='ltr' id='par_1_66' title="bbox 322 3464 1922 3535">
     <span class='ocr_line' id='line_1_66' title="bbox 322 3464 1922 3535; baseline 0.003 -15"><span class='ocrx_word' id='word_1_479' title='bbox 322 3479 494 3532; x_wconf 88' lang='lat' dir='ltr'><strong>mum,</strong></span> <span class='ocrx_word' id='word_1_480' title='bbox 524 3474 847 3535; x_wconf 71' lang='lat' dir='ltr'><strong>praepostere</strong></span> <span class='ocrx_word' id='word_1_481' title='bbox 865 3465 1103 3535; x_wconf 86' lang='lat' dir='ltr'><strong>quidem,</strong></span> <span class='ocrx_word' id='word_1_482' title='bbox 1130 3464 1226 3521; x_wconf 87' lang='lat' dir='ltr'><strong>sed</strong></span> <span class='ocrx_word' id='word_1_483' title='bbox 1252 3466 1460 3535; x_wconf 87' lang='lat' dir='ltr'><strong>penitus</strong></span> <span class='ocrx_word' id='word_1_484' title='bbox 1488 3474 1667 3522; x_wconf 85' lang='lat' dir='ltr'><strong>tamen</strong></span> <span class='ocrx_word' id='word_1_485' title='bbox 1697 3467 1922 3525; x_wconf 84' lang='lat' dir='ltr'><strong>induxe-</strong></span> 
     </span>
    </p>
   </div>
   <div class='ocr_carea' id='block_1_67' title="bbox 322 3557 1924 3629">
    <p class='ocr_par' dir='ltr' id='par_1_67' title="bbox 322 3557 1924 3629">
     <span class='ocr_line' id='line_1_67' title="bbox 322 3557 1924 3629; baseline 0.002 -16"><span class='ocrx_word' id='word_1_486' title='bbox 322 3566 445 3614; x_wconf 88' lang='lat' dir='ltr'><strong>rant</strong></span> <span class='ocrx_word' id='word_1_487' title='bbox 469 3557 754 3612; x_wconf 75' lang='lat' dir='ltr'><strong>clamatam</strong></span> <span class='ocrx_word' id='word_1_488' title='bbox 768 3557 960 3624; x_wconf 73' lang='lat' dir='ltr'><strong>saculi,</strong></span> <span class='ocrx_word' id='word_1_489' title='bbox 993 3557 1109 3629; x_wconf 82' lang='lat' dir='ltr'><strong>ipsa</strong></span> <span class='ocrx_word' id='word_1_490' title='bbox 1133 3557 1308 3613; x_wconf 87' lang='lat' dir='ltr'><strong>adhuc</strong></span> <span class='ocrx_word' id='word_1_491' title='bbox 1325 3570 1452 3614; x_wconf 82' lang='lat' dir='ltr'><strong>sunt</strong></span> <span class='ocrx_word' id='word_1_492' title='bbox 1468 3560 1723 3615; x_wconf 86' lang='lat' dir='ltr'><strong>Auctoris</strong></span> <span class='ocrx_word' id='word_1_493' title='bbox 1752 3560 1924 3617; x_wconf 90' lang='lat' dir='ltr'><strong>nostri</strong></span> 
     </span>
    </p>
   </div>
   <div class='ocr_carea' id='block_1_68' title="bbox 322 3649 1918 3726">
    <p class='ocr_par' dir='ltr' id='par_1_68' title="bbox 322 3649 1918 3726">
     <span class='ocr_line' id='line_1_68' title="bbox 322 3649 1918 3726; baseline 0.001 -19"><span class='ocrx_word' id='word_1_494' title='bbox 322 3652 519 3718; x_wconf 84' lang='lat' dir='ltr'><strong>verba,</strong></span> <span class='ocrx_word' id='word_1_495' title='bbox 578 3649 803 3708; x_wconf 80' lang='lat' dir='ltr'><strong>Romani</strong></span> <span class='ocrx_word' id='word_1_496' title='bbox 854 3651 1055 3721; x_wconf 84' lang='lat' dir='ltr'><strong>imperii</strong></span> <span class='ocrx_word' id='word_1_497' title='bbox 1106 3663 1390 3707; x_wconf 85' lang='lat' dir='ltr'><strong>commeatu</strong></span> <span class='ocrx_word' id='word_1_498' title='bbox 1430 3652 1685 3709; x_wconf 84' lang='lat' dir='ltr'><strong>retardari</strong></span> <span class='ocrx_word' id='word_1_499' title='bbox 1712 3652 1918 3726; x_wconf 86' lang='lat' dir='ltr'><strong>(Idem,</strong></span> 
     </span>
    </p>
   </div>
   <div class='ocr_carea' id='block_1_69' title="bbox 319 3744 1199 3818">
    <p class='ocr_par' dir='ltr' id='par_1_69' title="bbox 319 3744 1199 3818">
     <span class='ocr_line' id='line_1_69' title="bbox 319 3744 1199 3818; baseline -0.007 -13"><span class='ocrx_word' id='word_1_500' title='bbox 319 3746 613 3818; x_wconf 74' lang='lat' dir='ltr'><strong>Apologet.,</strong></span> <span class='ocrx_word' id='word_1_501' title='bbox 631 3761 747 3816; x_wconf 89' lang='lat' dir='ltr'><strong>cap.</strong></span> <span class='ocrx_word' id='word_1_502' title='bbox 777 3744 867 3809; x_wconf 68' lang='lat'><strong>32,</strong></span> <span class='ocrx_word' id='word_1_503' title='bbox 898 3761 1023 3816; x_wconf 89' lang='lat' dir='ltr'><strong>pag.</strong></span> <span class='ocrx_word' id='word_1_504' title='bbox 1046 3745 1199 3814; x_wconf 73' lang='grc'><strong>447).</strong></span> 
     </span>
    </p>
   </div>
   <div class='ocr_carea' id='block_1_70' title="bbox 390 3836 1920 3913">
    <p class='ocr_par' dir='ltr' id='par_1_70' title="bbox 390 3836 1920 3913">
     <span class='ocr_line' id='line_1_70' title="bbox 390 3836 1920 3913; baseline 0.001 -17"><span class='ocrx_word' id='word_1_505' title='bbox 390 3842 461 3896; x_wconf 85' lang='lat' dir='ltr'><strong>At</strong></span> <span class='ocrx_word' id='word_1_506' title='bbox 487 3848 747 3910; x_wconf 87' lang='lat' dir='ltr'><strong>quantum</strong></span> <span class='ocrx_word' id='word_1_507' title='bbox 777 3836 896 3893; x_wconf 63' lang='lat' dir='ltr'><strong>haec</strong></span> <span class='ocrx_word' id='word_1_508' title='bbox 923 3837 1077 3905; x_wconf 81' lang='lat' dir='ltr'><strong>falsa,</strong></span> <span class='ocrx_word' id='word_1_509' title='bbox 1112 3846 1311 3893; x_wconf 88' lang='lat' dir='ltr'><strong>tantum</strong></span> <span class='ocrx_word' id='word_1_510' title='bbox 1339 3837 1427 3894; x_wconf 89' lang='lat' dir='ltr'><strong>illa</strong></span> <span class='ocrx_word' id='word_1_511' title='bbox 1456 3853 1583 3895; x_wconf 80' lang='lat' dir='ltr'><strong>vera</strong></span> <span class='ocrx_word' id='word_1_512' title='bbox 1613 3848 1757 3907; x_wconf 89' lang='lat' dir='ltr'><strong>sunt,</strong></span> <span class='ocrx_word' id='word_1_513' title='bbox 1801 3854 1920 3913; x_wconf 76' lang='lat' dir='ltr'><strong>qua:</strong></span> 
     </span>
    </p>
   </div>
   <div class='ocr_carea' id='block_1_71' title="bbox 321 3930 1919 4003">
    <p class='ocr_par' dir='ltr' id='par_1_71' title="bbox 321 3930 1919 4003">
     <span class='ocr_line' id='line_1_71' title="bbox 321 3930 1919 4003; baseline 0.001 -13"><span class='ocrx_word' id='word_1_514' title='bbox 321 3935 373 3990; x_wconf 94' lang='lat' dir='ltr'><strong>in</strong></span> <span class='ocrx_word' id='word_1_515' title='bbox 416 3933 585 3990; x_wconf 87' lang='lat' dir='ltr'><strong>sacris</strong></span> <span class='ocrx_word' id='word_1_516' title='bbox 610 3930 1040 3989; x_wconf 86' lang='lat' dir='ltr'><strong>Christianorum</strong></span> <span class='ocrx_word' id='word_1_517' title='bbox 1085 3932 1377 4003; x_wconf 77' lang='lat' dir='ltr'><strong>synaxibus</strong></span> <span class='ocrx_word' id='word_1_518' title='bbox 1405 3944 1522 3989; x_wconf 86' lang='lat' dir='ltr'><strong>acta</strong></span> <span class='ocrx_word' id='word_1_519' title='bbox 1568 3935 1647 3990; x_wconf 87' lang='lat' dir='ltr'><strong>sic</strong></span> <span class='ocrx_word' id='word_1_520' title='bbox 1677 3950 1919 3991; x_wconf 86' lang='lat' dir='ltr'><strong>commc-</strong></span> 
     </span>
    </p>
   </div>
   <div class='ocr_carea' id='block_1_72' title="bbox 319 4025 1920 4083">
    <p class='ocr_par' dir='ltr' id='par_1_72' title="bbox 319 4025 1920 4083">
     <span class='ocr_line' id='line_1_72' title="bbox 319 4025 1920 4083; baseline 0 0"><span class='ocrx_word' id='word_1_521' title='bbox 319 4036 493 4083; x_wconf 85' lang='lat' dir='ltr'><strong>morat</strong></span> <span class='ocrx_word' id='word_1_522' title='bbox 529 4044 542 4082; x_wconf 90' lang='lat'><strong>:</strong></span> <span class='ocrx_word' id='word_1_523' title='bbox 570 4025 778 4082; x_wconf 81' lang='lat' dir='ltr'><strong>Coimus</strong></span> <span class='ocrx_word' id='word_1_524' title='bbox 807 4026 874 4080; x_wconf 87' lang='lat' dir='ltr'><strong>ad</strong></span> <span class='ocrx_word' id='word_1_525' title='bbox 902 4026 1185 4081; x_wconf 81' lang='lat' dir='ltr'><strong>litterarum</strong></span> <span class='ocrx_word' id='word_1_526' title='bbox 1223 4028 1508 4083; x_wconf 83' lang='lat' dir='ltr'><strong>divinarum</strong></span> <span class='ocrx_word' id='word_1_527' title='bbox 1537 4044 1920 4083; x_wconf 82' lang='lat' dir='ltr'><strong>commentam-</strong></span> 
     </span>
    </p>
   </div>
   <div class='ocr_carea' id='block_1_73' title="bbox 318 4116 1918 4193">
    <p class='ocr_par' dir='ltr' id='par_1_73' title="bbox 318 4116 1918 4193">
     <span class='ocr_line' id='line_1_73' title="bbox 318 4116 1918 4193; baseline 0.002 -20"><span class='ocrx_word' id='word_1_528' title='bbox 318 4121 501 4173; x_wconf 86' lang='lat' dir='ltr'><strong>tionem</strong></span> <span class='ocrx_word' id='word_1_529' title='bbox 545 4116 744 4189; x_wconf 85' lang='lat' dir='ltr'><strong>(Ibid.,</strong></span> <span class='ocrx_word' id='word_1_530' title='bbox 792 4135 909 4187; x_wconf 85' lang='lat' dir='ltr'><strong>cap.</strong></span> <span class='ocrx_word' id='word_1_531' title='bbox 942 4118 1033 4185; x_wconf 77' lang='lat'><strong>59,</strong></span> <span class='ocrx_word' id='word_1_532' title='bbox 1082 4134 1135 4189; x_wconf 88' lang='lat' dir='ltr'><strong>p.</strong></span> <span class='ocrx_word' id='word_1_533' title='bbox 1166 4120 1296 4193; x_wconf 71' lang='lat'><strong>34),</strong></span> <span class='ocrx_word' id='word_1_534' title='bbox 1342 4119 1395 4174; x_wconf 88' lang='lat' dir='ltr'><strong>id</strong></span> <span class='ocrx_word' id='word_1_535' title='bbox 1447 4129 1552 4187; x_wconf 89' lang='lat' dir='ltr'><strong>est,</strong></span> <span class='ocrx_word' id='word_1_536' title='bbox 1594 4136 1780 4175; x_wconf 85' lang='lat' dir='ltr'><strong>earum</strong></span> <span class='ocrx_word' id='word_1_537' title='bbox 1835 4123 1918 4176; x_wconf 60' lang='lat' dir='ltr'><strong>te.</strong></span> 
     </span>
    </p>
   </div>
   <div class='ocr_carea' id='block_1_74' title="bbox 317 4212 1913 4271">
    <p class='ocr_par' dir='ltr' id='par_1_74' title="bbox 317 4212 1913 4271">
     <span class='ocr_line' id='line_1_74' title="bbox 317 4212 1913 4271; baseline 0 -2"><span class='ocrx_word' id='word_1_538' title='bbox 317 4214 551 4269; x_wconf 84' lang='lat' dir='ltr'><strong>ctionem</strong></span> <span class='ocrx_word' id='word_1_539' title='bbox 603 4221 658 4269; x_wconf 88' lang='lat' dir='ltr'><strong>et</strong></span> <span class='ocrx_word' id='word_1_540' title='bbox 701 4212 1091 4269; x_wconf 82' lang='lat' dir='ltr'><strong>recitationem.</strong></span> <span class='ocrx_word' id='word_1_541' title='bbox 1115 4214 1247 4269; x_wconf 85' lang='lat' dir='ltr'><strong>Nam</strong></span> <span class='ocrx_word' id='word_1_542' title='bbox 1278 4214 1331 4269; x_wconf 87' lang='lat' dir='ltr'><strong>in</strong></span> <span class='ocrx_word' id='word_1_543' title='bbox 1355 4215 1456 4269; x_wconf 89' lang='lat' dir='ltr'><strong>hoc</strong></span> <span class='ocrx_word' id='word_1_544' title='bbox 1478 4214 1714 4270; x_wconf 83' lang='lat' dir='ltr'><strong>ﬁdelium</strong></span> <span class='ocrx_word' id='word_1_545' title='bbox 1735 4224 1913 4271; x_wconf 69' lang='lat' dir='ltr'><strong>emta:</strong></span> 
     </span>
    </p>
   </div>
   <div class='ocr_carea' id='block_1_75' title="bbox 316 4307 1919 4379">
    <p class='ocr_par' dir='ltr' id='par_1_75' title="bbox 316 4307 1919 4379">
     <span class='ocr_line' id='line_1_75' title="bbox 316 4307 1919 4379; baseline -0.001 -15"><span class='ocrx_word' id='word_1_546' title='bbox 316 4313 380 4364; x_wconf 69' lang='grc' dir='ltr'>τὰ</span> <span class='ocrx_word' id='word_1_547' title='bbox 408 4311 898 4377; x_wconf 61' lang='grc' dir='ltr'><strong>ἀπομνημονεύματα,</strong></span> <span class='ocrx_word' id='word_1_548' title='bbox 925 4316 985 4363; x_wconf 90' lang='lat' dir='ltr'><strong>ut</strong></span> <span class='ocrx_word' id='word_1_549' title='bbox 1010 4307 1085 4363; x_wconf 84' lang='lat' dir='ltr'><strong>ait</strong></span> <span class='ocrx_word' id='word_1_550' title='bbox 1107 4307 1347 4362; x_wconf 82' lang='lat' dir='ltr'><strong>Justinus</strong></span> <span class='ocrx_word' id='word_1_551' title='bbox 1372 4319 1595 4379; x_wconf 81' lang='lat' dir='ltr'><strong>martyr,</strong></span> <span class='ocrx_word' id='word_1_552' title='bbox 1651 4324 1742 4364; x_wconf 76' lang='grc' dir='ltr'><strong>τῶν</strong></span> <span class='ocrx_word' id='word_1_553' title='bbox 1768 4310 1919 4363; x_wconf 74' lang='grc' dir='ltr'><strong>ἀποσ-</strong></span> 
     </span>
    </p>
   </div>
   <div class='ocr_carea' id='block_1_76' title="bbox 318 4405 1917 4473">
    <p class='ocr_par' dir='ltr' id='par_1_76' title="bbox 318 4405 1917 4473">
     <span class='ocr_line' id='line_1_76' title="bbox 318 4405 1917 4473; baseline -0.001 -19"><span class='ocrx_word' id='word_1_554' title='bbox 318 4405 479 4468; x_wconf 72' lang='grc' dir='ltr'><strong>τὸὶων,</strong></span> <span class='ocrx_word' id='word_1_555' title='bbox 497 4408 526 4462; x_wconf 80' lang='grc' dir='ltr'><strong>ἣ</strong></span> <span class='ocrx_word' id='word_1_556' title='bbox 546 4406 1077 4473; x_wconf 14' lang='grc' dir='ltr'><strong>τὰςσιηγρόμμιιτιιτῶν</strong></span> <span class='ocrx_word' id='word_1_557' title='bbox 1092 4410 1339 4471; x_wconf 64' lang='grc' dir='ltr'><strong>πρδρητῶν</strong></span> <span class='ocrx_word' id='word_1_558' title='bbox 1358 4406 1726 4471; x_wconf 63' lang='grc' dir='ltr'><strong>ἁνεγενώσιετιιι</strong></span> <span class='ocrx_word' id='word_1_559' title='bbox 1746 4408 1917 4470; x_wconf 72' lang='grc' dir='ltr'><strong><em>μεχρις</em></strong></span> 
     </span>
    </p>
   </div>
   <div class='ocr_carea' id='block_1_77' title="bbox 316 4495 1917 4569">
    <p class='ocr_par' dir='ltr' id='par_1_77' title="bbox 316 4495 1917 4569">
     <span class='ocr_line' id='line_1_77' title="bbox 316 4495 1917 4569; baseline 0 -20"><span class='ocrx_word' id='word_1_560' title='bbox 316 4500 531 4566; x_wconf 69' lang='grc' dir='ltr'><strong>ἱγχωρεῖ.</strong></span> <span class='ocrx_word' id='word_1_561' title='bbox 586 4497 959 4552; x_wconf 80' lang='lat' dir='ltr'><strong>Commentario</strong></span> <span class='ocrx_word' id='word_1_562' title='bbox 1018 4495 1385 4569; x_wconf 76' lang='lat' dir='ltr'><strong>apostolorum,</strong></span> <span class='ocrx_word' id='word_1_563' title='bbox 1427 4506 1516 4550; x_wconf 84' lang='lat' dir='ltr'><strong>aut</strong></span> <span class='ocrx_word' id='word_1_564' title='bbox 1558 4496 1747 4567; x_wconf 76' lang='lat' dir='ltr'><strong>scripta</strong></span> <span class='ocrx_word' id='word_1_565' title='bbox 1785 4512 1917 4566; x_wconf 61' lang='grc' dir='ltr'><strong>αροα</strong></span> 
     </span>
    </p>
   </div>
   <div class='ocr_carea' id='block_1_78' title="bbox 2029 3283 3641 3357">
    <p class='ocr_par' dir='ltr' id='par_1_78' title="bbox 2029 3283 3641 3357">
     <span class='ocr_line' id='line_1_78' title="bbox 2029 3283 3641 3357; baseline 0.012 -20"><span class='ocrx_word' id='word_1_566' title='bbox 2029 3291 2122 3350; x_wconf 87' lang='lat' dir='ltr'><strong>est,</strong></span> <span class='ocrx_word' id='word_1_567' title='bbox 2151 3283 2196 3337; x_wconf 82' lang='lat' dir='ltr'><strong>si</strong></span> <span class='ocrx_word' id='word_1_568' title='bbox 2239 3284 2354 3352; x_wconf 85' lang='lat' dir='ltr'><strong>quis</strong></span> <span class='ocrx_word' id='word_1_569' title='bbox 2395 3285 2468 3338; x_wconf 87' lang='lat' dir='ltr'><strong>ita</strong></span> <span class='ocrx_word' id='word_1_570' title='bbox 2498 3286 2779 3356; x_wconf 77' lang='lat' dir='ltr'><strong>deliquerit,</strong></span> <span class='ocrx_word' id='word_1_571' title='bbox 2814 3297 2867 3341; x_wconf 90' lang='lat' dir='ltr'><strong>ut</strong></span> <span class='ocrx_word' id='word_1_572' title='bbox 2904 3305 2936 3342; x_wconf 90' lang='lat' dir='ltr'><strong>a</strong></span> <span class='ocrx_word' id='word_1_573' title='bbox 2966 3295 3423 3353; x_wconf 85' lang='lat' dir='ltr'><strong>communicatione</strong></span> <span class='ocrx_word' id='word_1_574' title='bbox 3449 3304 3641 3357; x_wconf 90' lang='lat' dir='ltr'><strong>oratio-</strong></span> 
     </span>
    </p>
   </div>
   <div class='ocr_carea' id='block_1_79' title="bbox 2024 3376 3640 3465">
    <p class='ocr_par' dir='ltr' id='par_1_79' title="bbox 2024 3376 3640 3465">
     <span class='ocr_line' id='line_1_79' title="bbox 2024 3376 3640 3465; baseline 0.014 -36"><span class='ocrx_word' id='word_1_575' title='bbox 2024 3376 2127 3441; x_wconf 83' lang='lat' dir='ltr'><strong>nis,</strong></span> <span class='ocrx_word' id='word_1_576' title='bbox 2156 3386 2204 3431; x_wconf 88' lang='lat' dir='ltr'><strong>et</strong></span> <span class='ocrx_word' id='word_1_577' title='bbox 2233 3386 2524 3445; x_wconf 77' lang='lat' dir='ltr'><strong>conuentus,</strong></span> <span class='ocrx_word' id='word_1_578' title='bbox 2556 3386 2603 3433; x_wconf 82' lang='lat' dir='ltr'><strong>et</strong></span> <span class='ocrx_word' id='word_1_579' title='bbox 2646 3380 2811 3435; x_wconf 83' lang='lat' dir='ltr'><strong>omnis</strong></span> <span class='ocrx_word' id='word_1_580' title='bbox 2851 3384 3016 3437; x_wconf 84' lang='lat' dir='ltr'><strong>sancti</strong></span> <span class='ocrx_word' id='word_1_581' title='bbox 3056 3391 3345 3444; x_wconf 85' lang='lat' dir='ltr'><strong>commercii</strong></span> <span class='ocrx_word' id='word_1_582' title='bbox 3389 3392 3640 3465; x_wconf 80' lang='lat' dir='ltr'><strong>relegetur</strong></span> 
     </span>
    </p>
   </div>
   <div class='ocr_carea' id='block_1_80' title="bbox 2026 3466 3637 3553">
    <p class='ocr_par' dir='ltr' id='par_1_80' title="bbox 2026 3466 3637 3553">
     <span class='ocr_line' id='line_1_80' title="bbox 2026 3466 3637 3553; baseline 0.014 -33"><span class='ocrx_word' id='word_1_583' title='bbox 2026 3466 2050 3539; x_wconf 85' lang='lat'><strong>(</strong></span> <span class='ocrx_word' id='word_1_584' title='bbox 2087 3466 2386 3522; x_wconf 83' lang='lat' dir='ltr'><strong>Tertullian.</strong></span> <span class='ocrx_word' id='word_1_585' title='bbox 2439 3469 2728 3541; x_wconf 83' lang='lat' dir='ltr'><strong>Apologet.,</strong></span> <span class='ocrx_word' id='word_1_586' title='bbox 2777 3488 2891 3543; x_wconf 89' lang='lat' dir='ltr'><strong>cap.</strong></span> <span class='ocrx_word' id='word_1_587' title='bbox 2940 3473 3032 3542; x_wconf 75' lang='lat'><strong>59,</strong></span> <span class='ocrx_word' id='word_1_588' title='bbox 3082 3494 3135 3547; x_wconf 88' lang='lat' dir='ltr'><strong>p.</strong></span> <span class='ocrx_word' id='word_1_589' title='bbox 3185 3478 3294 3536; x_wconf 82' lang='grc'><strong>469</strong></span> <span class='ocrx_word' id='word_1_590' title='bbox 3325 3480 3367 3553; x_wconf 93' lang='grc'><strong>).</strong></span> <span class='ocrx_word' id='word_1_591' title='bbox 3415 3485 3637 3542; x_wconf 88' lang='lat' dir='ltr'><strong>Summa</strong></span> 
     </span>
    </p>
   </div>
   <div class='ocr_carea' id='block_1_81' title="bbox 2025 3559 3638 3642">
    <p class='ocr_par' dir='ltr' id='par_1_81' title="bbox 2025 3559 3638 3642">
     <span class='ocr_line' id='line_1_81' title="bbox 2025 3559 3638 3642; baseline 0.012 -28"><span class='ocrx_word' id='word_1_592' title='bbox 2025 3559 2189 3631; x_wconf 76' lang='lat' dir='ltr'><strong>igitur</strong></span> <span class='ocrx_word' id='word_1_593' title='bbox 2212 3576 2363 3629; x_wconf 87' lang='lat' dir='ltr'><strong>cura,</strong></span> <span class='ocrx_word' id='word_1_594' title='bbox 2389 3570 2444 3617; x_wconf 87' lang='lat' dir='ltr'><strong>et</strong></span> <span class='ocrx_word' id='word_1_595' title='bbox 2472 3577 2576 3632; x_wconf 89' lang='lat' dir='ltr'><strong>qua</strong></span> <span class='ocrx_word' id='word_1_596' title='bbox 2617 3564 2791 3634; x_wconf 72' lang='lat' dir='ltr'><strong>major</strong></span> <span class='ocrx_word' id='word_1_597' title='bbox 2817 3565 2964 3621; x_wconf 87' lang='lat' dir='ltr'><strong>nulla</strong></span> <span class='ocrx_word' id='word_1_598' title='bbox 2994 3584 3116 3624; x_wconf 88' lang='lat' dir='ltr'><strong>esse</strong></span> <span class='ocrx_word' id='word_1_599' title='bbox 3146 3581 3375 3642; x_wconf 87' lang='lat' dir='ltr'><strong>poterat,</strong></span> <span class='ocrx_word' id='word_1_600' title='bbox 3414 3576 3638 3633; x_wconf 87' lang='lat' dir='ltr'><strong>investi-</strong></span> 
     </span>
    </p>
   </div>
   <div class='ocr_carea' id='block_1_82' title="bbox 2024 3652 3640 3740">
    <p class='ocr_par' dir='ltr' id='par_1_82' title="bbox 2024 3652 3640 3740">
     <span class='ocr_line' id='line_1_82' title="bbox 2024 3652 3640 3740; baseline 0.014 -34"><span class='ocrx_word' id='word_1_601' title='bbox 2024 3652 2240 3722; x_wconf 76' lang='lat' dir='ltr'><strong>gabant,</strong></span> <span class='ocrx_word' id='word_1_602' title='bbox 2267 3667 2388 3723; x_wconf 66' lang='lat' dir='ltr'><strong>quae</strong></span> <span class='ocrx_word' id='word_1_603' title='bbox 2416 3663 2472 3709; x_wconf 88' lang='lat' dir='ltr'><strong>et</strong></span> <span class='ocrx_word' id='word_1_604' title='bbox 2498 3655 2677 3724; x_wconf 82' lang='lat' dir='ltr'><strong>qualia</strong></span> <span class='ocrx_word' id='word_1_605' title='bbox 2705 3666 2862 3712; x_wconf 85' lang='lat' dir='ltr'><strong>erant</strong></span> <span class='ocrx_word' id='word_1_606' title='bbox 2891 3673 3106 3716; x_wconf 89' lang='lat' dir='ltr'><strong>reorum</strong></span> <span class='ocrx_word' id='word_1_607' title='bbox 3134 3673 3375 3736; x_wconf 88' lang='lat' dir='ltr'><strong>peccata,</strong></span> <span class='ocrx_word' id='word_1_608' title='bbox 3404 3673 3640 3740; x_wconf 84' lang='lat' dir='ltr'><strong>atquein</strong></span> 
     </span>
    </p>
   </div>
   <div class='ocr_carea' id='block_1_83' title="bbox 2022 3744 3637 3832">
    <p class='ocr_par' dir='ltr' id='par_1_83' title="bbox 2022 3744 3637 3832">
     <span class='ocr_line' id='line_1_83' title="bbox 2022 3744 3637 3832; baseline 0.011 -34"><span class='ocrx_word' id='word_1_609' title='bbox 2022 3744 2300 3798; x_wconf 84' lang='lat' dir='ltr'><strong>convictos</strong></span> <span class='ocrx_word' id='word_1_610' title='bbox 2348 3745 2672 3800; x_wconf 80' lang='lat' dir='ltr'><strong>sententiam</strong></span> <span class='ocrx_word' id='word_1_611' title='bbox 2702 3745 2967 3819; x_wconf 80' lang='lat' dir='ltr'><strong>ferebant,</strong></span> <span class='ocrx_word' id='word_1_612' title='bbox 3001 3756 3154 3822; x_wconf 87' lang='lat' dir='ltr'><strong>quasi</strong></span> <span class='ocrx_word' id='word_1_613' title='bbox 3204 3754 3397 3826; x_wconf 88' lang='lat' dir='ltr'><strong>Deum,</strong></span> <span class='ocrx_word' id='word_1_614' title='bbox 3442 3774 3637 3832; x_wconf 88' lang='lat' dir='ltr'><strong>supre-</strong></span> 
     </span>
    </p>
   </div>
   <div class='ocr_carea' id='block_1_84' title="bbox 2022 3838 3638 3912">
    <p class='ocr_par' dir='ltr' id='par_1_84' title="bbox 2022 3838 3638 3912">
     <span class='ocr_line' id='line_1_84' title="bbox 2022 3838 3638 3912; baseline 0.012 -20"><span class='ocrx_word' id='word_1_615' title='bbox 2022 3852 2172 3892; x_wconf 88' lang='lat' dir='ltr'><strong>mum</strong></span> <span class='ocrx_word' id='word_1_616' title='bbox 2201 3838 2439 3893; x_wconf 90' lang='lat' dir='ltr'><strong>omnium</strong></span> <span class='ocrx_word' id='word_1_617' title='bbox 2477 3838 2748 3910; x_wconf 89' lang='lat' dir='ltr'><strong>judicem,</strong></span> <span class='ocrx_word' id='word_1_618' title='bbox 2797 3852 2925 3898; x_wconf 88' lang='lat' dir='ltr'><strong>ante</strong></span> <span class='ocrx_word' id='word_1_619' title='bbox 2953 3846 3140 3902; x_wconf 90' lang='lat' dir='ltr'><strong>oculos</strong></span> <span class='ocrx_word' id='word_1_620' title='bbox 3188 3847 3522 3909; x_wconf 81' lang='lat' dir='ltr'><strong>habuissent.</strong></span> <span class='ocrx_word' id='word_1_621' title='bbox 3556 3855 3638 3912; x_wconf 85' lang='lat' dir='ltr'><strong>Ea</strong></span> 
     </span>
    </p>
   </div>
   <div class='ocr_carea' id='block_1_85' title="bbox 2022 3930 3639 4021">
    <p class='ocr_par' dir='ltr' id='par_1_85' title="bbox 2022 3930 3639 4021">
     <span class='ocr_line' id='line_1_85' title="bbox 2022 3930 3639 4021; baseline 0.012 -36"><span class='ocrx_word' id='word_1_622' title='bbox 2022 3931 2201 4003; x_wconf 86' lang='lat' dir='ltr'><strong>itaque</strong></span> <span class='ocrx_word' id='word_1_623' title='bbox 2231 3930 2498 3987; x_wconf 87' lang='lat' dir='ltr'><strong>sententia</strong></span> <span class='ocrx_word' id='word_1_624' title='bbox 2525 3934 2819 4021; x_wconf 78' lang='lat' dir='ltr'><strong>maximum</strong></span> <span class='ocrx_word' id='word_1_625' title='bbox 2847 3946 2965 3991; x_wconf 87' lang='lat' dir='ltr'><strong>erat</strong></span> <span class='ocrx_word' id='word_1_626' title='bbox 2987 3938 3195 4008; x_wconf 88' lang='lat' dir='ltr'><strong>judicii,</strong></span> <span class='ocrx_word' id='word_1_627' title='bbox 3238 3957 3266 3996; x_wconf 90' lang='lat' dir='ltr'><strong>a</strong></span> <span class='ocrx_word' id='word_1_628' title='bbox 3295 3943 3407 4000; x_wconf 89' lang='lat' dir='ltr'><strong>Deo</strong></span> <span class='ocrx_word' id='word_1_629' title='bbox 3438 3947 3493 4002; x_wconf 90' lang='lat' dir='ltr'><strong>in</strong></span> <span class='ocrx_word' id='word_1_630' title='bbox 3521 3948 3639 4019; x_wconf 88' lang='lat' dir='ltr'><strong>ipso</strong></span> 
     </span>
    </p>
   </div>
   <div class='ocr_carea' id='block_1_86' title="bbox 2021 4023 3638 4097">
    <p class='ocr_par' dir='ltr' id='par_1_86' title="bbox 2021 4023 3638 4097">
     <span class='ocr_line' id='line_1_86' title="bbox 2021 4023 3638 4097; baseline 0.009 -18"><span class='ocrx_word' id='word_1_631' title='bbox 2021 4024 2208 4079; x_wconf 86' lang='lat' dir='ltr'><strong>mundi</strong></span> <span class='ocrx_word' id='word_1_632' title='bbox 2249 4023 2355 4079; x_wconf 89' lang='lat' dir='ltr'><strong>ﬁne</strong></span> <span class='ocrx_word' id='word_1_633' title='bbox 2386 4024 2593 4081; x_wconf 83' lang='lat' dir='ltr'><strong>ferendi</strong></span> <span class='ocrx_word' id='word_1_634' title='bbox 2623 4027 3016 4097; x_wconf 64' lang='lat' dir='ltr'><strong>pratjudicium.</strong></span> <span class='ocrx_word' id='word_1_635' title='bbox 3045 4029 3178 4085; x_wconf 89' lang='lat' dir='ltr'><strong>Nam</strong></span> <span class='ocrx_word' id='word_1_636' title='bbox 3210 4034 3350 4088; x_wconf 89' lang='lat' dir='ltr'><strong>sicut</strong></span> <span class='ocrx_word' id='word_1_637' title='bbox 3379 4035 3448 4092; x_wconf 84' lang='lat' dir='ltr'><strong>ad</strong></span> <span class='ocrx_word' id='word_1_638' title='bbox 3476 4037 3638 4093; x_wconf 88' lang='lat' dir='ltr'><strong>Pom-</strong></span> 
     </span>
    </p>
   </div>
   <div class='ocr_carea' id='block_1_87' title="bbox 2022 4119 3637 4195">
    <p class='ocr_par' dir='ltr' id='par_1_87' title="bbox 2022 4119 3637 4195">
     <span class='ocr_line' id='line_1_87' title="bbox 2022 4119 3637 4195; baseline 0.01 -24"><span class='ocrx_word' id='word_1_639' title='bbox 2022 4119 2242 4188; x_wconf 89' lang='lat' dir='ltr'><strong>poniutn</strong></span> <span class='ocrx_word' id='word_1_640' title='bbox 2283 4119 2499 4189; x_wconf 80' lang='lat' dir='ltr'><strong>scripsit</strong></span> <span class='ocrx_word' id='word_1_641' title='bbox 2539 4128 2725 4189; x_wconf 84' lang='lat' dir='ltr'><strong>postea</strong></span> <span class='ocrx_word' id='word_1_642' title='bbox 2755 4122 3099 4193; x_wconf 80' lang='lat' dir='ltr'><strong>Cyprianus:</strong></span> <span class='ocrx_word' id='word_1_643' title='bbox 3132 4125 3284 4195; x_wconf 84' lang='lat' dir='ltr'><strong>Apud</strong></span> <span class='ocrx_word' id='word_1_644' title='bbox 3309 4126 3487 4195; x_wconf 81' lang='lat' dir='ltr'><strong>ﬁdeles</strong></span> <span class='ocrx_word' id='word_1_645' title='bbox 3530 4147 3637 4186; x_wconf 86' lang='lat' dir='ltr'><strong>ser-</strong></span> 
     </span>
    </p>
   </div>
   <div class='ocr_carea' id='block_1_88' title="bbox 2021 4208 3639 4294">
    <p class='ocr_par' dir='ltr' id='par_1_88' title="bbox 2021 4208 3639 4294">
     <span class='ocr_line' id='line_1_88' title="bbox 2021 4208 3639 4294; baseline 0.011 -30"><span class='ocrx_word' id='word_1_646' title='bbox 2021 4224 2108 4264; x_wconf 78' lang='lat' dir='ltr'><strong>uos</strong></span> <span class='ocrx_word' id='word_1_647' title='bbox 2156 4208 2252 4264; x_wconf 85' lang='lat' dir='ltr'><strong>Dei</strong></span> <span class='ocrx_word' id='word_1_648' title='bbox 2280 4211 2503 4281; x_wconf 81' lang='lat' dir='ltr'><strong>spiritali</strong></span> <span class='ocrx_word' id='word_1_649' title='bbox 2540 4212 2714 4282; x_wconf 84' lang='lat' dir='ltr'><strong>gladio</strong></span> <span class='ocrx_word' id='word_1_650' title='bbox 2755 4215 3295 4273; x_wconf 68' lang='lat' dir='ltr'><strong>cxcommum&#39;cationis</strong></span> <span class='ocrx_word' id='word_1_651' title='bbox 3338 4222 3545 4294; x_wconf 85' lang='lat' dir='ltr'><strong>superbi</strong></span> <span class='ocrx_word' id='word_1_652' title='bbox 3589 4235 3639 4281; x_wconf 86' lang='lat' dir='ltr'><strong>et</strong></span> 
     </span>
    </p>
   </div>
   <div class='ocr_carea' id='block_1_89' title="bbox 2021 4308 3634 4387">
    <p class='ocr_par' dir='ltr' id='par_1_89' title="bbox 2021 4308 3634 4387">
     <span class='ocr_line' id='line_1_89' title="bbox 2021 4308 3634 4387; baseline 0.009 -25"><span class='ocrx_word' id='word_1_653' title='bbox 2021 4318 2341 4365; x_wconf 86' lang='lat' dir='ltr'><strong>contumaces</strong></span> <span class='ocrx_word' id='word_1_654' title='bbox 2372 4318 2637 4376; x_wconf 87' lang='lat' dir='ltr'><strong>necantur,</strong></span> <span class='ocrx_word' id='word_1_655' title='bbox 2670 4309 2794 4363; x_wconf 86' lang='lat' dir='ltr'><strong>dum</strong></span> <span class='ocrx_word' id='word_1_656' title='bbox 2835 4310 2899 4365; x_wconf 88' lang='lat' dir='ltr'><strong>de</strong></span> <span class='ocrx_word' id='word_1_657' title='bbox 2925 4308 3161 4369; x_wconf 86' lang='lat' dir='ltr'><strong>Ecclesia</strong></span> <span class='ocrx_word' id='word_1_658' title='bbox 3187 4316 3479 4387; x_wconf 86' lang='lat' dir='ltr'><strong>ejiciuntur.</strong></span> <span class='ocrx_word' id='word_1_659' title='bbox 3525 4318 3634 4378; x_wconf 87' lang='lat' dir='ltr'><strong>Ne-</strong></span> 
     </span>
    </p>
   </div>
   <div class='ocr_carea' id='block_1_90' title="bbox 2021 4404 3631 4482">
    <p class='ocr_par' dir='ltr' id='par_1_90' title="bbox 2021 4404 3631 4482">
     <span class='ocr_line' id='line_1_90' title="bbox 2021 4404 3631 4482; baseline 0.008 -27"><span class='ocrx_word' id='word_1_660' title='bbox 2021 4418 2118 4472; x_wconf 87' lang='lat' dir='ltr'><strong>que</strong></span> <span class='ocrx_word' id='word_1_661' title='bbox 2147 4405 2278 4457; x_wconf 89' lang='lat' dir='ltr'><strong>enim</strong></span> <span class='ocrx_word' id='word_1_662' title='bbox 2308 4404 2469 4458; x_wconf 85' lang='lat' dir='ltr'><strong>vivere</strong></span> <span class='ocrx_word' id='word_1_663' title='bbox 2497 4405 2625 4472; x_wconf 80' lang='lat' dir='ltr'><strong>[oris</strong></span> <span class='ocrx_word' id='word_1_664' title='bbox 2654 4415 2885 4474; x_wconf 84' lang='lat' dir='ltr'><strong>possunt,</strong></span> <span class='ocrx_word' id='word_1_665' title='bbox 2918 4421 3034 4460; x_wconf 90' lang='lat' dir='ltr'><strong>cum</strong></span> <span class='ocrx_word' id='word_1_666' title='bbox 3064 4408 3245 4464; x_wconf 87' lang='lat' dir='ltr'><strong>damus</strong></span> <span class='ocrx_word' id='word_1_667' title='bbox 3288 4411 3388 4467; x_wconf 87' lang='lat' dir='ltr'><strong>Dei</strong></span> <span class='ocrx_word' id='word_1_668' title='bbox 3418 4429 3519 4466; x_wconf 84' lang='lat' dir='ltr'><strong>una</strong></span> <span class='ocrx_word' id='word_1_669' title='bbox 3543 4415 3631 4482; x_wconf 84' lang='lat' dir='ltr'><strong>sit,</strong></span> 
     </span>
    </p>
   </div>
   <div class='ocr_carea' id='block_1_91' title="bbox 2021 4496 3635 4577">
    <p class='ocr_par' dir='ltr' id='par_1_91' title="bbox 2021 4496 3635 4577">
     <span class='ocr_line' id='line_1_91' title="bbox 2021 4496 3635 4577; baseline 0.008 -29"><span class='ocrx_word' id='word_1_670' title='bbox 2021 4504 2068 4548; x_wconf 87' lang='lat' dir='ltr'><strong>et</strong></span> <span class='ocrx_word' id='word_1_671' title='bbox 2095 4497 2283 4550; x_wconf 86' lang='lat' dir='ltr'><strong>nemini</strong></span> <span class='ocrx_word' id='word_1_672' title='bbox 2309 4497 2448 4551; x_wconf 85' lang='lat' dir='ltr'><strong>salus</strong></span> <span class='ocrx_word' id='word_1_673' title='bbox 2487 4512 2596 4551; x_wconf 85' lang='lat' dir='ltr'><strong>esse</strong></span> <span class='ocrx_word' id='word_1_674' title='bbox 2644 4496 2743 4551; x_wconf 82' lang='lat' dir='ltr'><strong>nisi</strong></span> <span class='ocrx_word' id='word_1_675' title='bbox 2772 4498 2825 4551; x_wconf 90' lang='lat' dir='ltr'><strong>in</strong></span> <span class='ocrx_word' id='word_1_676' title='bbox 2869 4496 3103 4556; x_wconf 87' lang='lat' dir='ltr'><strong>Ecclesia</strong></span> <span class='ocrx_word' id='word_1_677' title='bbox 3132 4504 3291 4570; x_wconf 81' lang='lat' dir='ltr'><strong>possit</strong></span> <span class='ocrx_word' id='word_1_678' title='bbox 3317 4505 3335 4576; x_wconf 96' lang='lat'><strong>(</strong></span> <span class='ocrx_word' id='word_1_679' title='bbox 3359 4506 3635 4577; x_wconf 68' lang='lat' dir='ltr'><strong>Cyprium,</strong></span> 
     </span>
    </p>
   </div>
   <div class='ocr_carea' id='block_1_92' title="bbox 316 4587 2607 4663">
    <p class='ocr_par' dir='ltr' id='par_1_92' title="bbox 316 4587 2607 4663">
     <span class='ocr_line' id='line_1_92' title="bbox 316 4587 2607 4663; baseline 0 -20"><span class='ocrx_word' id='word_1_680' title='bbox 316 4589 583 4656; x_wconf 85' lang='lat' dir='ltr'><strong>stolarum,</strong></span> <span class='ocrx_word' id='word_1_681' title='bbox 627 4591 797 4659; x_wconf 84' lang='lat' dir='ltr'><strong>quoad</strong></span> <span class='ocrx_word' id='word_1_682' title='bbox 842 4598 1035 4661; x_wconf 86' lang='lat' dir='ltr'><strong>tempus</strong></span> <span class='ocrx_word' id='word_1_683' title='bbox 1063 4594 1179 4661; x_wconf 83' lang='lat' dir='ltr'><strong>fert,</strong></span> <span class='ocrx_word' id='word_1_684' title='bbox 1227 4590 1460 4660; x_wconf 86' lang='lat' dir='ltr'><strong>leguntur</strong></span> <span class='ocrx_word' id='word_1_685' title='bbox 1497 4587 1730 4663; x_wconf 81' lang='lat' dir='ltr'><strong>(Justin.</strong></span> <span class='ocrx_word' id='word_1_686' title='bbox 1772 4590 1912 4660; x_wconf 79' lang='lat' dir='ltr'><strong>Apo-</strong></span> <span class='ocrx_word' id='word_1_687' title='bbox 1933 4602 1988 4663; x_wconf 77' lang='grc' dir='ltr'><strong>ι)</strong></span> <span class='ocrx_word' id='word_1_688' title='bbox 2014 4589 2161 4661; x_wconf 68' lang='lat' dir='ltr'><strong>epist.</strong></span> <span class='ocrx_word' id='word_1_689' title='bbox 2190 4590 2244 4656; x_wconf 84' lang='lat'><strong>5,</strong></span> <span class='ocrx_word' id='word_1_690' title='bbox 2275 4588 2343 4642; x_wconf 86' lang='lat' dir='ltr'><strong>ad</strong></span> <span class='ocrx_word' id='word_1_691' title='bbox 2368 4587 2607 4661; x_wconf 89' lang='lat' dir='ltr'><strong>Pomp.).</strong></span> 
     </span>
    </p>
   </div>
   <div class='ocr_carea' id='block_1_93' title="bbox 316 4681 1914 4755">
    <p class='ocr_par' dir='ltr' id='par_1_93' title="bbox 316 4681 1914 4755">
     <span class='ocr_line' id='line_1_93' title="bbox 316 4681 1914 4755; baseline 0.002 -19"><span class='ocrx_word' id='word_1_692' title='bbox 316 4681 421 4753; x_wconf 87' lang='lat' dir='ltr'><strong>tog.</strong></span> <span class='ocrx_word' id='word_1_693' title='bbox 457 4682 509 4747; x_wconf 79' lang='grc' dir='ltr'><strong>Ι,</strong></span> <span class='ocrx_word' id='word_1_694' title='bbox 536 4698 587 4735; x_wconf 87' lang='lat' dir='ltr'><strong>n.</strong></span> <span class='ocrx_word' id='word_1_695' title='bbox 622 4681 750 4754; x_wconf 82' lang='lat'><strong>67),</strong></span> <span class='ocrx_word' id='word_1_696' title='bbox 784 4690 963 4738; x_wconf 81' lang='lat' dir='ltr'><strong>autut</strong></span> <span class='ocrx_word' id='word_1_697' title='bbox 990 4683 1064 4737; x_wconf 89' lang='lat' dir='ltr'><strong>ait</strong></span> <span class='ocrx_word' id='word_1_698' title='bbox 1088 4681 1446 4737; x_wconf 85' lang='lat' dir='ltr'><strong>Tertullianus</strong></span> <span class='ocrx_word' id='word_1_699' title='bbox 1474 4698 1489 4738; x_wconf 86' lang='lat'><strong>:</strong></span> <span class='ocrx_word' id='word_1_700' title='bbox 1520 4682 1582 4738; x_wconf 82' lang='lat' dir='ltr'><strong>Si</strong></span> <span class='ocrx_word' id='word_1_701' title='bbox 1613 4682 1736 4754; x_wconf 84' lang='lat' dir='ltr'><strong>quid</strong></span> <span class='ocrx_word' id='word_1_702' title='bbox 1774 4696 1914 4755; x_wconf 78' lang='lat' dir='ltr'><strong>prte-</strong></span> 
     </span>
    </p>
   </div>
   <div class='ocr_carea' id='block_1_94' title="bbox 315 4775 1914 4848">
    <p class='ocr_par' dir='ltr' id='par_1_94' title="bbox 315 4775 1914 4848">
     <span class='ocr_line' id='line_1_94' title="bbox 315 4775 1914 4848; baseline 0.002 -18"><span class='ocrx_word' id='word_1_703' title='bbox 315 4776 529 4830; x_wconf 83' lang='lat' dir='ltr'><strong>sentium</strong></span> <span class='ocrx_word' id='word_1_704' title='bbox 558 4783 859 4846; x_wconf 80' lang='lat' dir='ltr'><strong>teniporum,</strong></span> <span class='ocrx_word' id='word_1_705' title='bbox 888 4777 1083 4848; x_wconf 89' lang='lat' dir='ltr'><strong>quibus</strong></span> <span class='ocrx_word' id='word_1_706' title='bbox 1108 4776 1308 4832; x_wconf 87' lang='lat' dir='ltr'><strong>ethnici</strong></span> <span class='ocrx_word' id='word_1_707' title='bbox 1335 4777 1387 4831; x_wconf 91' lang='lat' dir='ltr'><strong>in</strong></span> <span class='ocrx_word' id='word_1_708' title='bbox 1404 4775 1738 4832; x_wconf 87' lang='lat' dir='ltr'><strong>Christianos</strong></span> <span class='ocrx_word' id='word_1_709' title='bbox 1767 4786 1914 4833; x_wconf 86' lang='lat' dir='ltr'><strong>tanta</strong></span> 
     </span>
    </p>
   </div>
   <div class='ocr_carea' id='block_1_95' title="bbox 315 4868 1913 4941">
    <p class='ocr_par' dir='ltr' id='par_1_95' title="bbox 315 4868 1913 4941">
     <span class='ocr_line' id='line_1_95' title="bbox 315 4868 1913 4941; baseline 0.001 -18"><span class='ocrx_word' id='word_1_710' title='bbox 315 4868 635 4925; x_wconf 84' lang='lat' dir='ltr'><strong>crudelitate</strong></span> <span class='ocrx_word' id='word_1_711' title='bbox 669 4871 1071 4941; x_wconf 81' lang='lat' dir='ltr'><strong>grassabantur,</strong></span> <span class='ocrx_word' id='word_1_712' title='bbox 1098 4869 1319 4940; x_wconf 85' lang='lat' dir='ltr'><strong>qualitas</strong></span> <span class='ocrx_word' id='word_1_713' title='bbox 1355 4880 1444 4924; x_wconf 86' lang='lat' dir='ltr'><strong>aut</strong></span> <span class='ocrx_word' id='word_1_714' title='bbox 1474 4884 1787 4941; x_wconf 78' lang='lat' dir='ltr'><strong>prtemonere</strong></span> <span class='ocrx_word' id='word_1_715' title='bbox 1822 4886 1913 4925; x_wconf 88' lang='lat' dir='ltr'><strong>co-</strong></span> 
     </span>
    </p>
   </div>
   <div class='ocr_carea' id='block_1_96' title="bbox 315 4963 1913 5037">
    <p class='ocr_par' dir='ltr' id='par_1_96' title="bbox 315 4963 1913 5037">
     <span class='ocr_line' id='line_1_96' title="bbox 315 4963 1913 5037; baseline 0.004 -21"><span class='ocrx_word' id='word_1_716' title='bbox 315 4965 408 5035; x_wconf 87' lang='lat' dir='ltr'><strong>git,</strong></span> <span class='ocrx_word' id='word_1_717' title='bbox 438 4976 527 5018; x_wconf 84' lang='lat' dir='ltr'><strong>aut</strong></span> <span class='ocrx_word' id='word_1_718' title='bbox 548 4978 905 5037; x_wconf 85' lang='lat' dir='ltr'><strong>recognoscere</strong></span> <span class='ocrx_word' id='word_1_719' title='bbox 929 4963 1295 5036; x_wconf 86' lang='lat' dir='ltr'><strong>(Tertullian.,</strong></span> <span class='ocrx_word' id='word_1_720' title='bbox 1336 4964 1435 5019; x_wconf 89' lang='lat' dir='ltr'><strong>loc.</strong></span> <span class='ocrx_word' id='word_1_721' title='bbox 1463 4966 1552 5019; x_wconf 87' lang='lat' dir='ltr'><strong>cit.</strong></span> <span class='ocrx_word' id='word_1_722' title='bbox 1577 4965 1617 5036; x_wconf 90' lang='lat'><strong>).</strong></span> <span class='ocrx_word' id='word_1_723' title='bbox 1651 4966 1742 5021; x_wconf 89' lang='lat' dir='ltr'><strong>llis</strong></span> <span class='ocrx_word' id='word_1_724' title='bbox 1767 4965 1913 5022; x_wconf 79' lang='lat' dir='ltr'><strong>enim</strong></span> 
     </span>
    </p>
   </div>
   <div class='ocr_carea' id='block_1_97' title="bbox 315 5057 1917 5129">
    <p class='ocr_par' dir='ltr' id='par_1_97' title="bbox 315 5057 1917 5129">
     <span class='ocr_line' id='line_1_97' title="bbox 315 5057 1917 5129; baseline 0.001 -17"><span class='ocrx_word' id='word_1_725' title='bbox 315 5058 482 5113; x_wconf 82' lang='lat' dir='ltr'><strong>sacris</strong></span> <span class='ocrx_word' id='word_1_726' title='bbox 506 5058 727 5114; x_wconf 79' lang='lat' dir='ltr'><strong>vocibus</strong></span> <span class='ocrx_word' id='word_1_727' title='bbox 754 5057 916 5113; x_wconf 85' lang='lat' dir='ltr'><strong>ﬁdem</strong></span> <span class='ocrx_word' id='word_1_728' title='bbox 962 5057 1271 5129; x_wconf 84' lang='lat' dir='ltr'><strong>pascebant,</strong></span> <span class='ocrx_word' id='word_1_729' title='bbox 1315 5058 1593 5129; x_wconf 76' lang='lat' dir='ltr'><strong>erigebant</strong></span> <span class='ocrx_word' id='word_1_730' title='bbox 1621 5072 1804 5129; x_wconf 86' lang='lat' dir='ltr'><strong>spem,</strong></span> <span class='ocrx_word' id='word_1_731' title='bbox 1851 5073 1917 5115; x_wconf 90' lang='lat' dir='ltr'><strong>ae</strong></span> 
     </span>
    </p>
   </div>
   <div class='ocr_carea' id='block_1_98' title="bbox 316 5150 1917 5223">
    <p class='ocr_par' dir='ltr' id='par_1_98' title="bbox 316 5150 1917 5223">
     <span class='ocr_line' id='line_1_98' title="bbox 316 5150 1917 5223; baseline -0.001 -17"><span class='ocrx_word' id='word_1_732' title='bbox 316 5150 562 5208; x_wconf 87' lang='lat' dir='ltr'><strong>ﬁduciam</strong></span> <span class='ocrx_word' id='word_1_733' title='bbox 635 5152 1087 5223; x_wconf 83' lang='lat' dir='ltr'><strong>securitatemque</strong></span> <span class='ocrx_word' id='word_1_734' title='bbox 1155 5166 1306 5206; x_wconf 88' lang='lat' dir='ltr'><strong>suatn</strong></span> <span class='ocrx_word' id='word_1_735' title='bbox 1377 5150 1630 5222; x_wconf 76' lang='lat' dir='ltr'><strong>ﬁgebant.</strong></span> <span class='ocrx_word' id='word_1_736' title='bbox 1700 5150 1917 5206; x_wconf 84' lang='lat' dir='ltr'><strong>Tradita</strong></span> 
     </span>
    </p>
   </div>
   <div class='ocr_carea' id='block_1_99' title="bbox 314 5243 1921 5317">
    <p class='ocr_par' dir='ltr' id='par_1_99' title="bbox 314 5243 1921 5317">
     <span class='ocr_line' id='line_1_99' title="bbox 314 5243 1921 5317; baseline -0.001 -16"><span class='ocrx_word' id='word_1_737' title='bbox 314 5259 528 5317; x_wconf 85' lang='lat' dir='ltr'><strong>quoque</strong></span> <span class='ocrx_word' id='word_1_738' title='bbox 572 5246 626 5300; x_wconf 92' lang='lat' dir='ltr'><strong>in</strong></span> <span class='ocrx_word' id='word_1_739' title='bbox 655 5245 735 5301; x_wconf 89' lang='lat' dir='ltr'><strong>eis</strong></span> <span class='ocrx_word' id='word_1_740' title='bbox 763 5258 973 5300; x_wconf 89' lang='lat' dir='ltr'><strong>morum</strong></span> <span class='ocrx_word' id='word_1_741' title='bbox 1004 5254 1273 5315; x_wconf 79' lang='lat' dir='ltr'><strong>praecepta</strong></span> <span class='ocrx_word' id='word_1_742' title='bbox 1302 5244 1500 5315; x_wconf 68' lang='lat' dir='ltr'><strong>saepius</strong></span> <span class='ocrx_word' id='word_1_743' title='bbox 1544 5243 1838 5316; x_wconf 77' lang='lat' dir='ltr'><strong>relegendo</strong></span> <span class='ocrx_word' id='word_1_744' title='bbox 1865 5252 1921 5299; x_wconf 88' lang='lat' dir='ltr'><strong>et</strong></span> 
     </span>
    </p>
   </div>
   <div class='ocr_carea' id='block_1_100' title="bbox 314 5339 1921 5411">
    <p class='ocr_par' dir='ltr' id='par_1_100' title="bbox 314 5339 1921 5411">
     <span class='ocr_line' id='line_1_100' title="bbox 314 5339 1921 5411; baseline 0.001 -17"><span class='ocrx_word' id='word_1_745' title='bbox 314 5339 603 5406; x_wconf 86' lang='lat' dir='ltr'><strong>audiendo,</strong></span> <span class='ocrx_word' id='word_1_746' title='bbox 645 5339 940 5396; x_wconf 85' lang='lat' dir='ltr'><strong>ﬁrmiorem</strong></span> <span class='ocrx_word' id='word_1_747' title='bbox 965 5340 1260 5398; x_wconf 87' lang='lat' dir='ltr'><strong>reddebant</strong></span> <span class='ocrx_word' id='word_1_748' title='bbox 1284 5339 1622 5411; x_wconf 88' lang='lat' dir='ltr'><strong>disciplinam</strong></span> <span class='ocrx_word' id='word_1_749' title='bbox 1649 5354 1823 5409; x_wconf 89' lang='lat' dir='ltr'><strong>suam,</strong></span> <span class='ocrx_word' id='word_1_750' title='bbox 1857 5352 1921 5395; x_wconf 89' lang='lat' dir='ltr'><strong>ac</strong></span> 
     </span>
    </p>
   </div>
   <div class='ocr_carea' id='block_1_101' title="bbox 314 5433 1013 5497">
    <p class='ocr_par' dir='ltr' id='par_1_101' title="bbox 314 5433 1013 5497">
     <span class='ocr_line' id='line_1_101' title="bbox 314 5433 1013 5497; baseline 0.001 -10"><span class='ocrx_word' id='word_1_751' title='bbox 314 5440 461 5489; x_wconf 88' lang='lat' dir='ltr'><strong>recte</strong></span> <span class='ocrx_word' id='word_1_752' title='bbox 490 5433 704 5490; x_wconf 77' lang='lat' dir='ltr'><strong>vivendi</strong></span> <span class='ocrx_word' id='word_1_753' title='bbox 730 5435 1013 5497; x_wconf 84' lang='lat' dir='ltr'><strong>rationem.</strong></span> 
     </span>
    </p>
   </div>
   <div class='ocr_carea' id='block_1_102' title="bbox 385 5528 1922 5602">
    <p class='ocr_par' dir='ltr' id='par_1_102' title="bbox 385 5528 1922 5602">
     <span class='ocr_line' id='line_1_102' title="bbox 385 5528 1922 5602; baseline 0 -19"><span class='ocrx_word' id='word_1_754' title='bbox 385 5528 569 5586; x_wconf 74' lang='lat' dir='ltr'><strong>Sacra:</strong></span> <span class='ocrx_word' id='word_1_755' title='bbox 598 5545 727 5586; x_wconf 84' lang='lat' dir='ltr'><strong>vero</strong></span> <span class='ocrx_word' id='word_1_756' title='bbox 771 5531 1064 5602; x_wconf 70' lang='lat' dir='ltr'><strong>Scriptura:</strong></span> <span class='ocrx_word' id='word_1_757' title='bbox 1111 5529 1395 5586; x_wconf 87' lang='lat' dir='ltr'><strong>lectionem</strong></span> <span class='ocrx_word' id='word_1_758' title='bbox 1433 5528 1778 5601; x_wconf 84' lang='lat' dir='ltr'><strong>excipiebant</strong></span> <span class='ocrx_word' id='word_1_759' title='bbox 1824 5542 1922 5583; x_wconf 83' lang='lat' dir='ltr'><strong>ex-</strong></span> 
     </span>
    </p>
   </div>
   <div class='ocr_carea' id='block_1_103' title="bbox 313 5621 1921 5693">
    <p class='ocr_par' dir='ltr' id='par_1_103' title="bbox 313 5621 1921 5693">
     <span class='ocr_line' id='line_1_103' title="bbox 313 5621 1921 5693; baseline 0 -14"><span class='ocrx_word' id='word_1_760' title='bbox 313 5621 668 5693; x_wconf 85' lang='lat' dir='ltr'><strong>hortationes,</strong></span> <span class='ocrx_word' id='word_1_761' title='bbox 716 5626 790 5682; x_wconf 85' lang='lat' dir='ltr'><strong>ait</strong></span> <span class='ocrx_word' id='word_1_762' title='bbox 820 5627 1023 5681; x_wconf 79' lang='lat' dir='ltr'><strong>Auctor</strong></span> <span class='ocrx_word' id='word_1_763' title='bbox 1064 5634 1269 5680; x_wconf 88' lang='lat' dir='ltr'><strong>noster.</strong></span> <span class='ocrx_word' id='word_1_764' title='bbox 1301 5624 1470 5680; x_wconf 86' lang='lat' dir='ltr'><strong>Antea</strong></span> <span class='ocrx_word' id='word_1_765' title='bbox 1507 5621 1747 5680; x_wconf 85' lang='lat' dir='ltr'><strong>Justinus</strong></span> <span class='ocrx_word' id='word_1_766' title='bbox 1780 5634 1921 5679; x_wconf 88' lang='lat' dir='ltr'><strong>mar-</strong></span> 
     </span>
    </p>
   </div>
   <div class='ocr_carea' id='block_1_104' title="bbox 311 5718 1918 5793">
    <p class='ocr_par' dir='ltr' id='par_1_104' title="bbox 311 5718 1918 5793">
     <span class='ocr_line' id='line_1_104' title="bbox 311 5718 1918 5793; baseline -0.002 -22"><span class='ocrx_word' id='word_1_767' title='bbox 311 5726 436 5788; x_wconf 78' lang='lat' dir='ltr'><strong>tyr:</strong></span> <span class='ocrx_word' id='word_1_768' title='bbox 472 5718 599 5774; x_wconf 71' lang='grc' dir='ltr'>Εἶτα</span> <span class='ocrx_word' id='word_1_769' title='bbox 629 5760 646 5786; x_wconf 90' lang='grc'><strong>,</strong></span> <span class='ocrx_word' id='word_1_770' title='bbox 698 5720 890 5793; x_wconf 86' lang='lat' dir='ltr'><strong>inquit,</strong></span> <span class='ocrx_word' id='word_1_771' title='bbox 954 5727 1255 5787; x_wconf 71' lang='grc' dir='ltr'><strong>παυσαμένου</strong></span> <span class='ocrx_word' id='word_1_772' title='bbox 1304 5728 1388 5775; x_wconf 80' lang='grc' dir='ltr'><strong>τοῦ</strong></span> <span class='ocrx_word' id='word_1_773' title='bbox 1434 5724 1844 5790; x_wconf 56' lang='grc' dir='ltr'><strong>ἀνα-γινώσκοντος,</strong></span> <span class='ocrx_word' id='word_1_774' title='bbox 1891 5718 1918 5767; x_wconf 78' lang='grc' dir='ltr'><strong><em>δ</em></strong></span> 
     </span>
    </p>
   </div>
   <div class='ocr_carea' id='block_1_105' title="bbox 315 5813 1916 5885">
    <p class='ocr_par' dir='ltr' id='par_1_105' title="bbox 315 5813 1916 5885">
     <span class='ocr_line' id='line_1_105' title="bbox 315 5813 1916 5885; baseline 0.004 -22"><span class='ocrx_word' id='word_1_775' title='bbox 315 5815 545 5881; x_wconf 69' lang='grc' dir='ltr'><strong>προεστὼς</strong></span> <span class='ocrx_word' id='word_1_776' title='bbox 607 5817 691 5868; x_wconf 66' lang='grc' dir='ltr'>διὰ</span> <span class='ocrx_word' id='word_1_777' title='bbox 761 5818 895 5885; x_wconf 64' lang='grc' dir='ltr'>λόγου</span> <span class='ocrx_word' id='word_1_778' title='bbox 956 5824 1042 5869; x_wconf 55' lang='grc' dir='ltr'><strong>ταῖν</strong></span> <span class='ocrx_word' id='word_1_779' title='bbox 1108 5821 1343 5869; x_wconf 72' lang='grc' dir='ltr'><strong>νουθισίαν</strong></span> <span class='ocrx_word' id='word_1_780' title='bbox 1391 5814 1473 5867; x_wconf 66' lang='grc' dir='ltr'><strong>καὶ</strong></span> <span class='ocrx_word' id='word_1_781' title='bbox 1527 5813 1781 5882; x_wconf 72' lang='grc' dir='ltr'><strong>πρόκλησιν</strong></span> <span class='ocrx_word' id='word_1_782' title='bbox 1832 5825 1916 5875; x_wconf 76' lang='grc' dir='ltr'><strong>τῆς</strong></span> 
     </span>
    </p>
   </div>
   <div class='ocr_carea' id='block_1_106' title="bbox 2090 4684 3633 4761">
    <p class='ocr_par' dir='ltr' id='par_1_106' title="bbox 2090 4684 3633 4761">
     <span class='ocr_line' id='line_1_106' title="bbox 2090 4684 3633 4761; baseline 0 -13"><span class='ocrx_word' id='word_1_783' title='bbox 2090 4689 2439 4761; x_wconf 87' lang='lat' dir='ltr'><strong>Prosequitur</strong></span> <span class='ocrx_word' id='word_1_784' title='bbox 2478 4684 2840 4742; x_wconf 86' lang='lat' dir='ltr'><strong>Tertullianus</strong></span> <span class='ocrx_word' id='word_1_785' title='bbox 2870 4701 2885 4742; x_wconf 89' lang='lat'><strong>:</strong></span> <span class='ocrx_word' id='word_1_786' title='bbox 2914 4684 3204 4741; x_wconf 62' lang='lat' dir='ltr'><strong>President</strong></span> <span class='ocrx_word' id='word_1_787' title='bbox 3243 4687 3325 4745; x_wconf 90' lang='lat' dir='ltr'><strong>his</strong></span> <span class='ocrx_word' id='word_1_788' title='bbox 3372 4689 3633 4749; x_wconf 80' lang='lat' dir='ltr'><strong>Christia-</strong></span> 
     </span>
    </p>
   </div>
   <div class='ocr_carea' id='block_1_107' title="bbox 2019 4778 3631 4856">
    <p class='ocr_par' dir='ltr' id='par_1_107' title="bbox 2019 4778 3631 4856">
     <span class='ocr_line' id='line_1_107' title="bbox 2019 4778 3631 4856; baseline -0.002 -14"><span class='ocrx_word' id='word_1_789' title='bbox 2019 4800 2210 4841; x_wconf 91' lang='lat' dir='ltr'><strong>norum</strong></span> <span class='ocrx_word' id='word_1_790' title='bbox 2241 4781 2491 4848; x_wconf 70' lang='lat' dir='ltr'><strong>cmtibus,</strong></span> <span class='ocrx_word' id='word_1_791' title='bbox 2518 4778 2718 4851; x_wconf 87' lang='lat' dir='ltr'><strong>probati</strong></span> <span class='ocrx_word' id='word_1_792' title='bbox 2762 4779 2950 4850; x_wconf 87' lang='lat' dir='ltr'><strong>quique</strong></span> <span class='ocrx_word' id='word_1_793' title='bbox 2987 4781 3208 4836; x_wconf 86' lang='lat' dir='ltr'><strong>seniores</strong></span> <span class='ocrx_word' id='word_1_794' title='bbox 3252 4781 3631 4856; x_wconf 87' lang='lat' dir='ltr'><strong>(Tertullian.,</strong></span> 
     </span>
    </p>
   </div>
   <div class='ocr_carea' id='block_1_108' title="bbox 2019 4873 3636 4948">
    <p class='ocr_par' dir='ltr' id='par_1_108' title="bbox 2019 4873 3636 4948">
     <span class='ocr_line' id='line_1_108' title="bbox 2019 4873 3636 4948; baseline -0.001 -12"><span class='ocrx_word' id='word_1_795' title='bbox 2019 4882 2119 4937; x_wconf 93' lang='lat' dir='ltr'><strong>loc.</strong></span> <span class='ocrx_word' id='word_1_796' title='bbox 2148 4880 2279 4948; x_wconf 89' lang='lat' dir='ltr'><strong>cit.).</strong></span> <span class='ocrx_word' id='word_1_797' title='bbox 2306 4875 2473 4932; x_wconf 88' lang='lat' dir='ltr'><strong>Nobis</strong></span> <span class='ocrx_word' id='word_1_798' title='bbox 2500 4882 2682 4929; x_wconf 88' lang='lat' dir='ltr'><strong>autem</strong></span> <span class='ocrx_word' id='word_1_799' title='bbox 2713 4888 2821 4928; x_wconf 92' lang='lat' dir='ltr'><strong>non</strong></span> <span class='ocrx_word' id='word_1_800' title='bbox 2849 4873 3081 4942; x_wconf 87' lang='lat' dir='ltr'><strong>explicat</strong></span> <span class='ocrx_word' id='word_1_801' title='bbox 3110 4874 3201 4943; x_wconf 90' lang='lat' dir='ltr'><strong>qui</strong></span> <span class='ocrx_word' id='word_1_802' title='bbox 3232 4874 3430 4932; x_wconf 79' lang='lat' dir='ltr'><strong>iuerint</strong></span> <span class='ocrx_word' id='word_1_803' title='bbox 3456 4879 3534 4933; x_wconf 88' lang='lat' dir='ltr'><strong>illi</strong></span> <span class='ocrx_word' id='word_1_804' title='bbox 3554 4896 3636 4935; x_wconf 87' lang='lat' dir='ltr'><strong>se-</strong></span> 
     </span>
    </p>
   </div>
   <div class='ocr_carea' id='block_1_109' title="bbox 2018 4963 3626 5040">
    <p class='ocr_par' dir='ltr' id='par_1_109' title="bbox 2018 4963 3626 5040">
     <span class='ocr_line' id='line_1_109' title="bbox 2018 4963 3626 5040; baseline -0.001 -13"><span class='ocrx_word' id='word_1_805' title='bbox 2018 4974 2183 5027; x_wconf 85' lang='lat' dir='ltr'><strong>niores</strong></span> <span class='ocrx_word' id='word_1_806' title='bbox 2232 4967 2601 5040; x_wconf 63' lang='lat' dir='ltr'><strong>praesidentes,</strong></span> <span class='ocrx_word' id='word_1_807' title='bbox 2634 4965 2956 5036; x_wconf 34' lang='lat' dir='ltr'><strong>quospsiout</strong></span> <span class='ocrx_word' id='word_1_808' title='bbox 2985 4964 3057 5019; x_wconf 89' lang='lat' dir='ltr'><strong>ibi</strong></span> <span class='ocrx_word' id='word_1_809' title='bbox 3096 4963 3199 5021; x_wconf 89' lang='lat' dir='ltr'><strong>hoe</strong></span> <span class='ocrx_word' id='word_1_810' title='bbox 3239 4968 3356 5023; x_wconf 89' lang='lat' dir='ltr'><strong>solo</strong></span> <span class='ocrx_word' id='word_1_811' title='bbox 3383 4971 3626 5039; x_wconf 88' lang='lat' dir='ltr'><strong>nomine,</strong></span> 
     </span>
    </p>
   </div>
   <div class='ocr_carea' id='block_1_110' title="bbox 2017 5058 3628 5133">
    <p class='ocr_par' dir='ltr' id='par_1_110' title="bbox 2017 5058 3628 5133">
     <span class='ocr_line' id='line_1_110' title="bbox 2017 5058 3628 5133; baseline 0.004 -19"><span class='ocrx_word' id='word_1_812' title='bbox 2017 5060 2087 5119; x_wconf 87' lang='lat' dir='ltr'><strong>ita</strong></span> <span class='ocrx_word' id='word_1_813' title='bbox 2136 5065 2188 5118; x_wconf 90' lang='lat' dir='ltr'><strong>in</strong></span> <span class='ocrx_word' id='word_1_814' title='bbox 2216 5062 2341 5127; x_wconf 89' lang='lat' dir='ltr'><strong>alio,</strong></span> <span class='ocrx_word' id='word_1_815' title='bbox 2377 5060 2464 5114; x_wconf 92' lang='lat' dir='ltr'><strong>ubi</strong></span> <span class='ocrx_word' id='word_1_816' title='bbox 2492 5058 2558 5115; x_wconf 88' lang='lat' dir='ltr'><strong>de</strong></span> <span class='ocrx_word' id='word_1_817' title='bbox 2602 5058 2793 5113; x_wconf 84' lang='lat' dir='ltr'><strong>iisdem</strong></span> <span class='ocrx_word' id='word_1_818' title='bbox 2823 5058 3128 5129; x_wconf 28' lang='lat' dir='ltr'><strong>,synaxibus</strong></span> <span class='ocrx_word' id='word_1_819' title='bbox 3156 5060 3395 5130; x_wconf 88' lang='lat' dir='ltr'><strong>disserit,</strong></span> <span class='ocrx_word' id='word_1_820' title='bbox 3438 5064 3628 5133; x_wconf 78' lang='lat' dir='ltr'><strong>praesi-</strong></span> 
     </span>
    </p>
   </div>
   <div class='ocr_carea' id='block_1_111' title="bbox 2021 5153 3635 5226">
    <p class='ocr_par' dir='ltr' id='par_1_111' title="bbox 2021 5153 3635 5226">
     <span class='ocr_line' id='line_1_111' title="bbox 2021 5153 3635 5226; baseline 0 -12"><span class='ocrx_word' id='word_1_821' title='bbox 2021 5156 2211 5214; x_wconf 83' lang='lat' dir='ltr'><strong>dentes</strong></span> <span class='ocrx_word' id='word_1_822' title='bbox 2243 5153 2615 5211; x_wconf 89' lang='lat' dir='ltr'><strong>tantummodo</strong></span> <span class='ocrx_word' id='word_1_823' title='bbox 2644 5154 2880 5226; x_wconf 88' lang='lat' dir='ltr'><strong>appellat</strong></span> <span class='ocrx_word' id='word_1_824' title='bbox 2911 5173 2923 5209; x_wconf 89' lang='lat'><strong><em>:</em></strong></span> <span class='ocrx_word' id='word_1_825' title='bbox 2962 5153 3309 5211; x_wconf 80' lang='lat' dir='ltr'><strong>Eucharistia:</strong></span> <span class='ocrx_word' id='word_1_826' title='bbox 3342 5175 3635 5214; x_wconf 85' lang='lat' dir='ltr'><strong>sacramen-</strong></span> 
     </span>
    </p>
   </div>
   <div class='ocr_carea' id='block_1_112' title="bbox 2023 5248 3636 5322">
    <p class='ocr_par' dir='ltr' id='par_1_112' title="bbox 2023 5248 3636 5322">
     <span class='ocr_line' id='line_1_112' title="bbox 2023 5248 3636 5322; baseline 0.002 -17"><span class='ocrx_word' id='word_1_827' title='bbox 2023 5261 2149 5317; x_wconf 83' lang='lat' dir='ltr'><strong>tum,</strong></span> <span class='ocrx_word' id='word_1_828' title='bbox 2180 5250 2371 5322; x_wconf 83' lang='lat' dir='ltr'><strong>inquit,</strong></span> <span class='ocrx_word' id='word_1_829' title='bbox 2402 5260 2449 5303; x_wconf 90' lang='lat' dir='ltr'><strong>et</strong></span> <span class='ocrx_word' id='word_1_830' title='bbox 2475 5251 2527 5303; x_wconf 86' lang='lat' dir='ltr'><strong>in</strong></span> <span class='ocrx_word' id='word_1_831' title='bbox 2556 5258 2782 5319; x_wconf 87' lang='lat' dir='ltr'><strong>tempore</strong></span> <span class='ocrx_word' id='word_1_832' title='bbox 2815 5248 2973 5302; x_wconf 85' lang='lat' dir='ltr'><strong>victus</strong></span> <span class='ocrx_word' id='word_1_833' title='bbox 3001 5258 3047 5302; x_wconf 91' lang='lat' dir='ltr'><strong>et</strong></span> <span class='ocrx_word' id='word_1_834' title='bbox 3075 5249 3306 5303; x_wconf 87' lang='lat' dir='ltr'><strong>omnibus</strong></span> <span class='ocrx_word' id='word_1_835' title='bbox 3332 5252 3636 5310; x_wconf 86' lang='lat' dir='ltr'><strong>mandatum</strong></span> 
     </span>
    </p>
   </div>
   <div class='ocr_carea' id='block_1_113' title="bbox 2024 5340 3636 5406">
    <p class='ocr_par' dir='ltr' id='par_1_113' title="bbox 2024 5340 3636 5406">
     <span class='ocr_line' id='line_1_113' title="bbox 2024 5340 3636 5406; baseline 0.001 -8"><span class='ocrx_word' id='word_1_836' title='bbox 2024 5361 2055 5398; x_wconf 91' lang='lat' dir='ltr'><strong>a</strong></span> <span class='ocrx_word' id='word_1_837' title='bbox 2086 5343 2305 5399; x_wconf 88' lang='lat' dir='ltr'><strong>Domino</strong></span> <span class='ocrx_word' id='word_1_838' title='bbox 2336 5343 2489 5398; x_wconf 89' lang='lat' dir='ltr'><strong>etiam</strong></span> <span class='ocrx_word' id='word_1_839' title='bbox 2534 5341 2850 5396; x_wconf 86' lang='lat' dir='ltr'><strong>antelucanis</strong></span> <span class='ocrx_word' id='word_1_840' title='bbox 2896 5340 3125 5406; x_wconf 64' lang='lat' dir='ltr'><strong>coetibus,</strong></span> <span class='ocrx_word' id='word_1_841' title='bbox 3174 5358 3265 5396; x_wconf 87' lang='lat' dir='ltr'><strong>nec</strong></span> <span class='ocrx_word' id='word_1_842' title='bbox 3305 5344 3368 5398; x_wconf 90' lang='lat' dir='ltr'><strong>de</strong></span> <span class='ocrx_word' id='word_1_843' title='bbox 3413 5345 3636 5401; x_wconf 86' lang='lat' dir='ltr'><strong>aliarum</strong></span> 
     </span>
    </p>
   </div>
   <div class='ocr_carea' id='block_1_114' title="bbox 2028 5432 3637 5507">
    <p class='ocr_par' dir='ltr' id='par_1_114' title="bbox 2028 5432 3637 5507">
     <span class='ocr_line' id='line_1_114' title="bbox 2028 5432 3637 5507; baseline 0.002 -16"><span class='ocrx_word' id='word_1_844' title='bbox 2028 5453 2206 5507; x_wconf 84' lang='lat' dir='ltr'><strong>manu,</strong></span> <span class='ocrx_word' id='word_1_845' title='bbox 2261 5452 2414 5507; x_wconf 89' lang='lat' dir='ltr'><strong>quam</strong></span> <span class='ocrx_word' id='word_1_846' title='bbox 2464 5433 2843 5505; x_wconf 63' lang='lat' dir='ltr'><strong>praisidentium</strong></span> <span class='ocrx_word' id='word_1_847' title='bbox 2884 5434 3128 5487; x_wconf 85' lang='lat' dir='ltr'><strong>sumimus</strong></span> <span class='ocrx_word' id='word_1_848' title='bbox 3180 5432 3385 5506; x_wconf 84' lang='lat' dir='ltr'><strong>(Idem,</strong></span> <span class='ocrx_word' id='word_1_849' title='bbox 3431 5441 3519 5491; x_wconf 81' lang='lat' dir='ltr'><strong>lto.</strong></span> <span class='ocrx_word' id='word_1_850' title='bbox 3571 5456 3637 5495; x_wconf 89' lang='lat' dir='ltr'><strong>ae</strong></span> 
     </span>
    </p>
   </div>
   <div class='ocr_carea' id='block_1_115' title="bbox 2026 5525 3632 5603">
    <p class='ocr_par' dir='ltr' id='par_1_115' title="bbox 2026 5525 3632 5603">
     <span class='ocr_line' id='line_1_115' title="bbox 2026 5525 3632 5603; baseline 0.002 -18"><span class='ocrx_word' id='word_1_851' title='bbox 2026 5529 2214 5588; x_wconf 87' lang='lat' dir='ltr'><strong>Coron.</strong></span> <span class='ocrx_word' id='word_1_852' title='bbox 2265 5529 2437 5595; x_wconf 88' lang='lat' dir='ltr'><strong>milit.,</strong></span> <span class='ocrx_word' id='word_1_853' title='bbox 2486 5544 2601 5598; x_wconf 88' lang='lat' dir='ltr'><strong>cap.</strong></span> <span class='ocrx_word' id='word_1_854' title='bbox 2656 5526 2757 5599; x_wconf 76' lang='lat'><strong>3).</strong></span> <span class='ocrx_word' id='word_1_855' title='bbox 2803 5528 2848 5581; x_wconf 85' lang='lat' dir='ltr'><strong>A</strong></span> <span class='ocrx_word' id='word_1_856' title='bbox 2895 5525 3101 5581; x_wconf 81' lang='lat' dir='ltr'><strong>Justino</strong></span> <span class='ocrx_word' id='word_1_857' title='bbox 3148 5530 3311 5583; x_wconf 89' lang='lat' dir='ltr'><strong>etiam</strong></span> <span class='ocrx_word' id='word_1_858' title='bbox 3351 5541 3632 5603; x_wconf 81' lang='lat' dir='ltr'><strong>martyre,</strong></span> 
     </span>
    </p>
   </div>
   <div class='ocr_carea' id='block_1_116' title="bbox 2024 5621 3623 5697">
    <p class='ocr_par' dir='ltr' id='par_1_116' title="bbox 2024 5621 3623 5697">
     <span class='ocr_line' id='line_1_116' title="bbox 2024 5621 3623 5697; baseline 0.003 -18"><span class='ocrx_word' id='word_1_859' title='bbox 2024 5631 2083 5679; x_wconf 88' lang='lat' dir='ltr'><strong>ut</strong></span> <span class='ocrx_word' id='word_1_860' title='bbox 2120 5621 2281 5694; x_wconf 88' lang='lat' dir='ltr'><strong>paulo</strong></span> <span class='ocrx_word' id='word_1_861' title='bbox 2305 5631 2430 5679; x_wconf 89' lang='lat' dir='ltr'><strong>ante</strong></span> <span class='ocrx_word' id='word_1_862' title='bbox 2459 5621 2711 5690; x_wconf 87' lang='lat' dir='ltr'><strong>vidimus,</strong></span> <span class='ocrx_word' id='word_1_863' title='bbox 2742 5621 3072 5693; x_wconf 77' lang='lat' dir='ltr'><strong>singularum</strong></span> <span class='ocrx_word' id='word_1_864' title='bbox 3092 5638 3366 5696; x_wconf 79' lang='lat' dir='ltr'><strong>synaxeon</strong></span> <span class='ocrx_word' id='word_1_865' title='bbox 3397 5642 3623 5697; x_wconf 81' lang='lat' dir='ltr'><strong>praeses,</strong></span> 
     </span>
    </p>
   </div>
   <div class='ocr_carea' id='block_1_117' title="bbox 2024 5714 3628 5787">
    <p class='ocr_par' dir='ltr' id='par_1_117' title="bbox 2024 5714 3628 5787">
     <span class='ocr_line' id='line_1_117' title="bbox 2024 5714 3628 5787; baseline 0.005 -17"><span class='ocrx_word' id='word_1_866' title='bbox 2024 5725 2252 5787; x_wconf 71' lang='grc' dir='ltr'><strong>προεστώς</strong></span> <span class='ocrx_word' id='word_1_867' title='bbox 2286 5720 2491 5772; x_wconf 87' lang='lat' dir='ltr'><strong>tantum</strong></span> <span class='ocrx_word' id='word_1_868' title='bbox 2509 5714 3071 5786; x_wconf 77' lang='lat' dir='ltr'><strong>nuncupatur.Verum</strong></span> <span class='ocrx_word' id='word_1_869' title='bbox 3086 5716 3312 5787; x_wconf 88' lang='lat' dir='ltr'><strong>ipsemet</strong></span> <span class='ocrx_word' id='word_1_870' title='bbox 3338 5718 3628 5777; x_wconf 82' lang='lat' dir='ltr'><strong>Tertullia-</strong></span> 
     </span>
    </p>
   </div>
   <div class='ocr_carea' id='block_1_118' title="bbox 2018 5808 3627 5885">
    <p class='ocr_par' dir='ltr' id='par_1_118' title="bbox 2018 5808 3627 5885">
     <span class='ocr_line' id='line_1_118' title="bbox 2018 5808 3627 5885; baseline 0.001 -15"><span class='ocrx_word' id='word_1_871' title='bbox 2018 5826 2123 5870; x_wconf 87' lang='lat' dir='ltr'><strong>nus</strong></span> <span class='ocrx_word' id='word_1_872' title='bbox 2154 5810 2241 5869; x_wconf 90' lang='lat' dir='ltr'><strong>ubi</strong></span> <span class='ocrx_word' id='word_1_873' title='bbox 2267 5808 2335 5870; x_wconf 85' lang='lat' dir='ltr'><strong>de</strong></span> <span class='ocrx_word' id='word_1_874' title='bbox 2354 5809 2494 5869; x_wconf 89' lang='lat' dir='ltr'><strong>sacri</strong></span> <span class='ocrx_word' id='word_1_875' title='bbox 2518 5808 2874 5883; x_wconf 83' lang='lat' dir='ltr'><strong>baptismatls,</strong></span> <span class='ocrx_word' id='word_1_876' title='bbox 2902 5810 2958 5870; x_wconf 88' lang='lat' dir='ltr'><strong>lu</strong></span> <span class='ocrx_word' id='word_1_877' title='bbox 2979 5809 3168 5871; x_wconf 86' lang='lat' dir='ltr'><strong>iisdem</strong></span> <span class='ocrx_word' id='word_1_878' title='bbox 3193 5814 3485 5885; x_wconf 81' lang='lat' dir='ltr'><strong>synaxibus</strong></span> <span class='ocrx_word' id='word_1_879' title='bbox 3504 5815 3627 5873; x_wconf 83' lang='lat' dir='ltr'><strong>col-</strong></span> 
     </span>
    </p>
   </div>
  </div>
