4212 6262
538 290 640 348 951

1626 286 1697 344 IN
1731 283 2198 344 TERTULLIANI
2236 282 2769 379 APOLOGETlCUM

3736 283 3846 343 952

537 408 655 476 lati,
685 409 1144 465 administratione
1173 405 1431 478 disputat,
1464 413 1648 478 aperte
1667 406 2015 478 designatqni
2037 407 2144 462 sint
2169 409 2224 471 Α
2248 406 2407 461 raria.
2439 406 2497 462 1n
2527 406 2720 487 priscis
2763 420 2827 461 ac
2853 404 3170 477 quibusdam
3197 403 3589 462 recentioribus
3625 405 3846 461 excusis

542 500 598 554 hi
632 502 909 572 praesides.
942 501 1014 554 lbi
1047 508 1225 554 autem
1256 499 1371 554 haec
1396 499 1627 570 ipsamet
1650 498 1766 569 ejus
1800 498 1965 554 verba
2004 499 2139 571 legi-

545 606 668 646 mus
694 607 707 644 :
739 590 912 645 Dandi
936 590 1139 662 quidem
1167 591 1501 662 baptismatis
1528 591 1678 645 habet
1694 592 1785 662 jus
1804 608 2031 646 summus
2060 609 2143 646 sa-

545 684 743 748 cerdos,
773 684 861 751 qui
884 691 953 737 est
972 682 1281 752 Episcopus,
1311 684 1493 737 dehinc
1538 684 1816 754 presbyteri
1838 694 1886 738 et
1919 684 2142 751 diaconi,

547 789 652 831 non
698 782 864 827 tamen
893 773 1004 828 sine
1032 774 1257 845 episcOpi
1282 776 1588 829 auctoritate
1608 817 1624 841 ,
1655 785 1865 845 propter
1904 773 2148 830 Ecclesiae

552 867 815 933 honorem,
845 883 943 937 quo
971 868 1131 934 salvo,
1176 869 1320 923 salva
1359 885 1464 938 pax
1491 878 1564 924 est
1605 868 1800 941 (Idem,
1828 870 1917 924 lib.
1948 872 2011 924 de
2037 869 2147 924 Ba-

548 962 746 1030 plism.,
774 978 889 1032 cap.
920 962 1029 1031 l7).
1055 962 1305 1033 Episc0pi
1334 962 1493 1033 igitur
1523 963 1604 1016 his
1636 963 1859 1033 aliisque
1885 962 2147 1018 Christia-

548 1068 739 1108 norum
773 1054 1065 1126 synaxibus
1109 1054 1489 1124 praesidebant,
1517 1062 1571 1110 et
1598 1070 1783 1110 eorum
1809 1058 2147 1122 auctoritate,

548 1145 854 1219 presbyteri
883 1157 938 1202 et
968 1147 1200 1202 diaconi.

623 1236 733 1292 Cur
781 1248 957 1294 autem
985 1240 1205 1293 seniores
1233 1240 1300 1295 ab
1332 1240 1423 1295 illo
1461 1248 1800 1306 vocarentur,
1835 1241 1916 1296 his
1945 1241 2152 1298 discere

547 1339 631 1385 est
660 1329 909 1402 Cypripni
936 1330 1116 1386 verbis
1140 1349 1150 1383 :
1181 1331 1501 1398 Iampridem
1531 1350 1622 1403 per
1650 1351 1821 1389 omnes
1844 1335 2150 1405 provincias,

549 1431 597 1475 et
627 1439 719 1493 per
743 1423 888 1477 urbes
930 1422 1197 1494 singulas,
1236 1425 1459 1477 ordinati
1505 1436 1621 1479 sunt
1651 1428 1875 1497 episcopi
1913 1427 1965 1480 in
2008 1435 2155 1482 aetate

548 1514 768 1583 antiqui,
800 1514 853 1567 in
881 1514 983 1583 [ide
1011 1515 1216 1586 integri,
1246 1517 1300 1569 in
1332 1532 1568 1585 pressura
1595 1520 1814 1587 probati,
1837 1520 1890 1573 in
1916 1535 2156 1589 persecu-

550 1606 689 1660 tione
751 1607 1021 1677 proscripti
1082 1606 1401 1678 (Cyprian.,
1456 1610 1605 1679 epist.
1656 1610 1728 1665 53
1781 1611 1849 1663 ad
1890 1612 2154 1682 Antoni.).

550 1698 739 1754 Cernis
783 1700 855 1753 ibi
902 1701 1185 1769 episcopos
1233 1704 1410 1756 vorari
1462 1702 1513 1756 in
1565 1711 1723 1758 aetate
1766 1705 2036 1775 antiquos,
2096 1720 2159 1761 ac

2244 515 2347 553 non
2369 499 2432 552 de
2460 498 2715 551 oneraria.
2752 498 2993 553 Pessime
3020 496 3236 553 tandem
3264 498 3315 555 in
3352 496 3573 552 Pamelii
3611 497 3847 555 editione

2245 607 2347 645 non
2375 591 2439 645 de
2463 590 2748 646 ordinaria.
2781 591 2915 646 Nam
2945 592 3170 659 singulis
3200 590 3389 647 saltem
3431 590 3735 657 mensibus,
3789 601 3849 646 ut

2248 697 2374 738 mox
2400 683 2625 749 dicetur,
2658 698 2719 738 ea
2759 697 2969 737 summa
2995 681 3357 738 deferebatur.
3394 681 3630 737 Primam
3666 682 3849 753 itaque

2249 776 2535 832 lectionem
2561 776 2774 831 caneris
2800 775 3035 846 przetnlit
3061 774 3348 845 Rigaltius,
3381 784 3491 829 tum
3516 775 3643 845 quia
3673 774 3730 829 in
3755 790 3852 831 ve-

2250 871 2548 927 tustissimo
2590 870 2777 925 codice
2805 869 3050 935 habetur,
3084 879 3197 923 tum
3235 869 3358 940 quia
3384 867 3489 924 hoc
3514 869 3733 925 nomine
3757 869 3851 925 de-

2252 963 2525 1019 honoraria
2549 962 2837 1034 signiﬁcari
2870 969 3018 1032 putat
3041 975 3328 1028 summam,
3351 976 3472 1032 qua:
3497 975 3599 1017 nec
3624 961 3848 1027 venalis,

2253 1074 2341 1111 nec
2364 1055 2659 1126 redemptae,
2683 1064 2742 1110 ut
2766 1056 2843 1109 ait
2868 1054 3252 1121 Tertullianus,
3283 1053 3562 1124 religionis,
3590 1062 3750 1126 atque
3779 1055 3852 1109 ita

2253 1148 2385 1204 nulli
2412 1147 2896 1204 dehonestamento
2923 1138 3065 1201 erat:
3088 1146 3261 1201 Minus
3288 1145 3471 1216 itaque
3493 1146 3630 1203 bene
3656 1162 3725 1202 ex
3751 1147 3855 1203 hoc

2253 1240 2472 1294 nomine
2499 1238 2588 1293 illa
2634 1238 2741 1293 duo
2771 1238 2834 1291 de
2860 1239 3137 1292 honoraria
3181 1253 3212 1293 a
3240 1237 3474 1293 librariis
3509 1237 3647 1294 facta
3684 1248 3852 1306 sunt;

2254 1333 2358 1388 nisi
2389 1332 2473 1386 his
2503 1331 2792 1402 signiﬁcari
2836 1332 2972 1387 velis
3003 1330 3141 1385 hanc
3171 1346 3441 1385 summam
3466 1345 3496 1386 a
3519 1329 3855 1398 christianis,

2256 1426 2347 1495 qui
2376 1439 2407 1478 a
2432 1422 2706 1493 gentilium
2746 1421 2889 1477 fastu
2918 1422 3140 1477 omnino
3170 1422 3557 1489 abhorrebant,
3593 1436 3700 1477 non
3736 1422 3858 1478 dari

2258 1517 2323 1573 ad
2350 1518 2578 1588 aliquem
2610 1516 2899 1571 lutmanum
2922 1516 3182 1571 honorem
3205 1515 3598 1585 aucupandum.
3627 1514 3689 1572 Si
3716 1531 3850 1572 vero

2261 1610 2544 1681 legendum
2572 1624 2796 1666 censeas
2824 1627 2924 1664 non
2954 1610 3018 1663 de
3044 1610 3283 1666 oneraria
3314 1625 3532 1676 summa,
3561 1626 3684 1681 quae
3711 1612 3862 1667 vide-

2262 1703 2389 1758 licet
2423 1702 2744 1758 Christianis
2774 1716 2876 1757 nec
2918 1702 3168 1767 molesta,
3213 1716 3315 1757 nec
3362 1702 3515 1756 oneri
3562 1711 3697 1767 erat,
3747 1702 3867 1758 haec

550 1790 781 1861 proinde
810 1791 1049 1844 seniores.
1084 1791 1272 1848 Nonne
1299 1808 1425 1864 ergo
1455 1808 1520 1849 eo
1552 1795 1768 1852 nomine
1795 1795 2156 1853 Tertullianus
2184 1805 2232 1866 Β
2262 1797 2420 1853 lectio
2459 1812 2565 1852 non
2594 1797 2772 1851 minus
2797 1811 2956 1866 quam
2989 1795 3287 1866 Rigaltiana
3334 1794 3641 1850 confirmari
3686 1803 3869 1865 potest

551 1885 837 1955 episcOpos
888 1884 1207 1955 designavit,
1263 1903 1491 1955 quorum
1541 1889 1731 1944 saltem
1787 1889 2004 1959 plurimi
2056 1906 2157 1947 suo

550 1987 799 2048 tempore
843 1979 1086 2034 seniores
1125 1990 1298 2049 erant,
1345 1990 1399 2037 et
1428 1992 1585 2039 aetate
1613 1985 1998 2054 proveCti?Ad
2044 1987 2159 2044 haec

549 2083 704 2134 vero,
734 2069 803 2125 ab
830 2070 1019 2126 eodem
1048 2071 1317 2144 Cypriano
1343 2073 1593 2129 dicuntur
1614 2075 1667 2129 in
1694 2093 1955 2146 pressura,
1982 2078 2033 2133 id
2052 2088 2156 2145 est,

551 2160 880 2215 cruciatibus
924 2178 1022 2232 pro
1047 2162 1250 2218 Christi
1281 2164 1384 2220 lide
1414 2175 1731 2223 constanter
1757 2167 1998 2223 toleratis
2041 2188 2162 2241 pro-

559 2252 682 2307 bati.
715 2254 837 2308 Alio
867 2262 1045 2310 tamen
1090 2270 1251 2310 sensu
1280 2255 1349 2310 ab
1375 2257 1608 2313 Auctore
1639 2268 1824 2313 nostro
1849 2258 2163 2330 simpliciter

553 2353 932 2415 nuncupantur
978 2346 1196 2415 probati,
1240 2347 1493 2402 nimirum
1526 2347 1752 2404 aliorum
1797 2350 2050 2423 suffragio
2091 2352 2162 2409 ob

553 2436 679 2491 vitae
721 2452 834 2492 suae
878 2439 1284 2494 sanctimoniam
1318 2440 1518 2510 probati
1546 2452 1600 2496 et
1629 2441 1808 2499 electi.
1839 2442 1958 2514 Ipse
1992 2446 2164 2501 enim-

555 2542 687 2582 vero
712 2527 828 2584 hzec
857 2528 1053 2584 ibidem
1082 2530 1359 2600 subjunxit
1397 2550 1411 2585 :
1444 2532 1706 2588 Honorem
1734 2536 1885 2590 istum
1914 2554 2016 2592 non
2042 2556 2162 2609 pre-

554 2622 649 2688 tio,
679 2622 768 2677 sed
795 2624 1081 2677 testimonio
1108 2624 1301 2694 adepti.
1349 2623 1530 2698 Neque
1571 2627 1705 2680 enim
1747 2629 1908 2697 pretio
1934 2630 2048 2685 ulla
2083 2648 2165 2698 res

556 2711 659 2767 Dei
703 2722 901 2768 constat
947 2713 1296 2786 (Tertullian.
1353 2716 1646 2788 Apologet.,
1695 2735 1812 2791 cap.
1844 2719 1934 2786 '59,
1980 2722 2166 2792 p.469

554 2813 604 2859 et
643 2803 813 2878 seq.).
860 2804 1032 2861 Nemo
1081 2817 1283 2874 autem,
1334 2808 1407 2863 uti
1457 2818 1724 2878 putamus,
1778 2813 1995 2884 negabit
2020 2814 2092 2869 ibi
2132 2830 2165 2870 a

559 2895 892 2952 Tertulliano
920 2899 1067 2954 hisce
1097 2900 1276 2955 verbis
1305 2899 1549 2956 honorem
1588 2903 1743 2956 istum
1771 2902 2039 2975 designari
2080 2920 2168 2961 sa-

557 3004 683 3044 cros
736 2990 1100 3046 ministrorum
1153 2992 1248 3047 Dei
1298 2993 1537 3059 ordines,
1592 2994 1683 3065 qui
1736 2996 1883 3051 nullo
1926 2999 2162 3068 penitus,

559 3084 902 3153 quantumvis
944 3085 1186 3151 minimo,
1220 3088 1414 3156 pretio,
1447 3088 1542 3144 sed
1573 3098 1723 3146 certo
1752 3099 1807 3146 et
1845 3094 1992 3161 gravi
2032 3095 2164 3150 reli-

2265 1888 2346 1942 his
2389 1888 2740 1959 sequentibus
2765 1887 3084 1943 Tertulliani
3125 1887 3348 1943 verbis;
3398 1885 3663 1940 Modicam
3702 1904 3870 1943 unus-

2261 1980 2469 2051 quisque
2496 1980 2678 2049 stipem
2705 1990 2961 2034 menstrua
2989 1979 3093 2046 die,
3118 1978 3197 2034 vel
3241 1995 3357 2033 cum
3395 1980 3532 2044 velit,
3567 1989 3613 2034 et
3640 1979 3686 2033 si
3717 1981 3870 2033 modo

2262 2071 2403 2136 velit,
2445 2070 2561 2125 etsi
2591 2069 2740 2124 modo
2813 2071 3009 2139 possit,
3045 2072 3281 2141 apponit.
3339 2068 3481 2124 Nunt
3525 2087 3674 2125 nemo
3726 2087 3870 2125 com-

2265 2162 2510 2233 pellitur,
2554 2162 2643 2216 sed
2711 2173 2889 2233 sponte
2939 2162 3136 2233 confert
3200 2161 3437 2234 (lbid.).
3491 2161 3606 2216 Non
3677 2178 3873 2234 magno

2265 2256 2427 2326 igitur
2462 2256 2548 2311 vel
2579 2255 2787 2319 honori,
2822 2257 2905 2312 vel
2948 2255 3102 2311 oneri
3153 2270 3275 2310 esse
3307 2262 3517 2324 poterat
3563 2268 3627 2309 ea
3659 2254 3871 2311 modica

2267 2348 2514 2419 pecunia,
2543 2362 2704 2417 quam
2735 2348 3101 2418 unusquisque
3135 2361 3230 2417 pro
3252 2346 3404 2400 libita
3431 2361 3496 2401 ae
3516 2344 3773 2401 facultate
3790 2346 3873 2401 ol-

2265 2439 2490 2496 ferebat.
2522 2439 2676 2505 Quod
2718 2448 2896 2495 autem
2939 2439 3137 2509 adjecit
3160 2453 3282 2495 eam
3321 2453 3429 2494 non
3466 2454 3589 2495 esse
3616 2439 3763 2510 quasi
3790 2455 3877 2494 re-

2269 2532 2484 2602 dempta:
2532 2530 2794 2602 religionis
2843 2530 3038 2604 (Idem,
3090 2530 3243 2598 ibid.,
3293 2548 3409 2600 cap.
3444 2532 3514 2587 15
3543 2541 3590 2584 et
3626 2532 3694 2586 42
3714 2531 3757 2600 ),
3784 2530 3872 2584 his

2268 2624 2447 2680 verbis
2474 2623 2720 2679 ethnicos
2746 2624 3080 2694 perstringit,
3113 2624 3201 2694 qui
3231 2638 3385 2678 sacra
3413 2624 3594 2679 omnia
3637 2624 3867 2687 venalia,

2269 2724 2330 2771 ut
2355 2716 2468 2785 ipse
2494 2716 2590 2782 ait,
2622 2722 2677 2771 et
2703 2715 2837 2770 intra
2868 2702 3240 2783 ostendemus,
3270 2716 3565 2784 habebant,
3594 2726 3648 2773 et
3674 2732 3770 2788 pro
3788 2716 3873 2772 eis

2268 2808 2557 2879 exigebant
2583 2808 2906 2866 mercedem.

2341 2900 2614 2955 Testatum
2649 2903 2886 2971 posthaec
2912 2901 3270 2958 Tertullianus
3320 2902 3577 2960 faciteam
3603 2917 3874 2959 summam

2270 2994 2384 3050 sive
2426 2996 2618 3065 stipem
2658 3010 2687 3049 a
2717 2993 3037 3051 Christianis
3082 2994 3261 3051 datam
3303 2994 3462 3050 fuisse
3490 3006 3748 3050 menstrua
3788 2997 3878 3053 die

2269 3085 2476 3158 (lbid.,
2508 3086 2625 3158 cap.
2654 3087 2743 3155 39,
2778 3105 2830 3155 p.
2880 3087 3052 3159 469),
3104 3088 3206 3144 hoc
3251 3098 3349 3156 est,
3398 3089 3562 3145 semel
3619 3104 3877 3159 unoquo-

560 3177 837 3248 giosorum
860 3176 1133 3232 hominum
1167 3179 1474 3234 testimonio
1496 3181 1627 3236 viris
1656 3182 1894 3252 probatis
1910 3192 1965 3240 et
1984 3185 2169 3243 electis
2196 3200 2239 3262 (ς
2275 3195 2383 3251 que
2426 3195 2633 3236 mense.
2678 3180 2885 3251 διὶρθηι
2931 3182 3076 3236 enim
3123 3191 3430 3236 menstruam
3493 3182 3572 3237 sic
3626 3181 3869 3253 explicat

561 3267 795 3325 conferri
819 3269 1107 3324 debebant.
1144 3270 1423 3326 Rationem
1454 3272 1497 3325 si
1526 3288 1759 3343 quaeras,
1784 3274 1923 3331 hanc
1948 3276 2016 3330 ab
2042 3276 2172 3332 Am-
2279 3274 2576 3330 Marcianus
2604 3291 2617 3327 :
2659 3274 2983 3330 Pet-mittitur
3009 3277 3323 3331 tenuioribus
3359 3277 3541 3346 stipem
3566 3285 3878 3332 menstruam

557 3361 768 3429 brosio,
797 3361 953 3417 dictis
976 3361 1290 3418 Tertulliani
1319 3363 1478 3433 plane
1506 3375 1918 3436 congruentem,
1946 3352 2131 3440 accipe
2156 3388 2171 3426 :
2274 3373 2524 3441 conferre,
2554 3370 2676 3424 dum.
2711 3380 2876 3424 tamen
2905 3372 3060 3426 semel
3094 3371 3146 3425 in
3174 3388 3342 3425 mense
3376 3380 3581 3439 coeant,
3611 3371 3746 3442 quod
3770 3387 3876 3426 non

565 3453 738 3508 Habes
764 3452 974 3508 Domini
995 3465 1303 3525 praeceptam
1328 3457 1454 3510 vatis
1484 3456 1681 3523 Elisazi,
1713 3458 1933 3515 Gieznm
1953 3461 2175 3532 punien-
2274 3462 2329 3515 in
2362 3460 2518 3527 Urbe,
2552 3462 2641 3516 sed
2669 3462 2720 3515 in
2754 3461 2930 3525 Italia,
2966 3473 3015 3517 et
3059 3463 3332 3533 provinciis
3360 3462 3529 3517 locum
3572 3464 3753 3517 habere
3788 3462 3874 3516 di-

559 3548 653 3611 tis,
686 3547 972 3617 exemplum
998 3548 1158 3618 gratis
1184 3548 1328 3614 dare,
1358 3564 1450 3602 nec
1469 3553 1682 3604 vendere
1702 3552 2061 3619 ministerium,
2084 3555 2176 3609 sed
2275 3568 2367 3607 vus
2394 3570 2590 3624 quoque
2617 3553 2835 3608 Severus
2865 3554 3120 3623 rescripsit
3151 3554 3170 3626 (
3195 3553 3308 3609 Lib.
3337 3553 3525 3610 XLVII
3555 3553 3775 3626 Digest.,
3806 3553 3875 3607 ti-

564 3636 783 3704 o/ferre;
812 3653 912 3690 non
954 3638 1087 3691 enim
1114 3639 1275 3707 pretio
1304 3647 1511 3692 taxatur
1539 3638 1636 3694 Dei
1663 3643 1860 3711 gratia;
1888 3660 1981 3698 nec
2004 3646 2056 3699 in
2084 3662 2172 3699 sa-
2276 3647 2372 3701 tul.
2425 3647 2518 3711 22,
2562 3646 2659 3719 leg.
2707 3647 2803 3718 1).
2856 3647 3058 3703 Eodem
3108 3657 3284 3703 autem
3337 3648 3539 3704 Severo
3578 3648 3873 3719 imperante

564 3727 839 3781 cramentis
886 3727 1086 3780 lucrum
1129 3744 1374 3796 quarere,
1421 3730 1511 3784 sed
1559 3732 1852 3800 obsequium
1898 3735 2175 3792 sacerdotis
2278 3738 2416 3806 hare,
2442 3741 2517 3795 uti
2538 3755 2700 3811 supra
2730 3749 3044 3795 annotatum
3068 3751 3173 3807 est,
3196 3741 3560 3797 Tertullianus
3584 3740 3871 3797 scribebat.

566 3821 586 3891 (
617 3819 851 3873 Ambros.
881 3860 896 3884 ,
957 3818 1045 3872 lib.
1097 3818 1165 3873 1V
1234 3819 1562 3889 Exposition.
1615 3823 1669 3877 in
1722 3823 1831 3879 Luc
1855 3862 1893 3891 .,
1952 3826 1980 3900 ᾗ
2032 3829 2104 3884 52
2129 3827 2172 3903 ).
2348 3832 2486 3900 Quid
2515 3849 2662 3903 ergo,
2695 3834 2899 3903 inquiet
2928 3820 3142 3905 aliquis,
3178 3834 3437 3904 numquid
3468 3845 3594 3890 tunc
3635 3834 3872 3891 refrixe-

561 3911 633 3967 Et
660 3910 821 3981 paulo
851 3918 1008 3980 post:
1036 3908 1375 3977 inexpiabilis
1402 3921 1476 3966 est
1506 3914 1641 3967 enim
1669 3914 1859 3969 uenditi
1884 3917 2039 3986 culpa
2072 3921 2172 3973 mi-
2277 3935 2358 3981 rat
2382 3908 2814 3981 Christianorum
2841 3926 3110 3982 chen-itas?
3138 3927 3330 3983 Nonne
3355 3928 3644 3999 Αροειοῐιιε
3666 3926 3729 3981 τιὰ
3764 3925 3875 3982 co-

564 4000 763 4057 nisterii
799 4009 846 4056 et
883 4002 1053 4073 gratia
1085 4017 1104 4056 :
1131 4001 1353 4057 vindicta
1392 4005 1608 4060 caelestis
1635 4007 1817 4061 transit
1851 4009 1920 4062 ad
1949 4021 2174 4079 posteros
2277 4015 2505 4072 rinthios
2531 4018 2822 4089 scripserat
2856 4036 2870 4073 :
2898 4018 2978 4073 De
3012 4018 3237 4073 collectis
3266 4036 3382 4090 qua:
3408 4020 3539 4089 ﬁunt
3566 4021 3620 4074 in
3645 4028 3870 4087 sanctos,

865 4092 1221 4187 53).APos_tea_
1250 4093 1626 4187 idhconlirmat
1659 4100 1908 4169 exemplo
1935 4100 2173 4159 Simonis
2274 4111 2407 4164 sicut
2435 4111 2668 4166 ordinari
2695 4110 2940 4166 Ecetesiis
2981 4111 3220 4180 ϐαιαιὶαξ,
3249 4114 3323 4167 ita
3350 4122 3398 4167 et
3441 4129 3528 4169 vos
3553 4116 3723 4187 facile.
3768 4112 3876 4168 Per

568 4184 707 4255 Μειεί
734 4183 924 4277 ("lida
955 4185 1044 4241 ίίθο
1075 4184 1166 4252 lx:
1199 4184 1228 4258 ᾗ
1270 4184 1388 4260 19)ν
1419 4202 1448 4241 ³
1479 4203 1584 4258 quo
1612 4189 1860 4257 δῖηιοηίπν
1891 4201 1998 4245 iam
2029 4207 2173 4263 δωρθ
2274 4218 2430 4256 unam
2455 4203 2652 4258 sabbati
2680 4206 3024 4275 unusquisque
3059 4214 3278 4260 vestrum
3321 4183 3564 4277 seponat,
3595 4205 3875 4261 recondens

568 4276 864 4332 canonibus
890 4277 1177 4343 Ecclesiae,
1231 4293 1295 4335 ac
1347 4288 1650 4337 sanctorum
1691 4280 1908 4338 Patrum
1959 4284 2174 4356 scriptis
2272 4292 2410 4364 quod
2455 4294 2500 4347 ei
2540 4293 2664 4349 bene
2693 4295 2973 4365 placuerit;
2997 4304 3054 4348 ut
3080 4311 3202 4361 non,
3227 4312 3343 4350 cum
3380 4276 3582 4361 uenero,
3615 4305 3733 4350 tunc
3764 4299 3877 4351 cot-

569 4370 842 4439 damnata,
872 4385 1068 4428 nomen
1098 4373 1321 4445 accepit.

1170 4545 1461 4588 ABTICULUS
1500 4548 1558 4588 11.

576 4688 657 4744 De
682 4689 831 4759 stipe,
861 4705 1013 4760 quam
1039 4689 1318 4745 Christiani
1342 4690 1395 4743 in
1437 4695 1542 4744 suis
1567 4691 1846 4762 sgnaxibus
1870 4691 2169 4761 offerebant;

567 4827 594 4851 ,.
644 4781 730 4835 ubi
761 4782 983 4852 reposita
1029 4781 1221 4850 riterit;
1262 4790 1432 4834 utrum
1461 4782 1666 4836 illorum
1698 4784 1921 4838 charitas
1947 4794 2170 4855 tempore

642 4873 949 4929 Tertulliani
972 4874 1224 4945 refrixerit
1245 4890 1264 4939 ;
1288 4890 1348 4927 ac
1376 4876 1574 4943 quibus,
1603 4884 1651 4928 et
1674 4877 1742 4929 ad
1759 4892 1885 4945 quos
1910 4893 2033 4933 usus
2051 4894 2167 4950 quae

568 5020 574 5028 ,
637 4968 701 5020 ab
729 4967 801 5021 eis
826 4966 1078 5020 dabantur
1109 4965 1402 5035 dispensata
1436 4967 1556 5020 sint.

635 5122 947 5192 Quanquam
983 5118 1296 5176 Tertulliani
1324 5127 1565 5190 tempore
1601 5120 1668 5177 ab
1688 5121 1924 5178 Ecclesia
1952 5124 2167 5194 penitus

570 5214 841 5270 exsularet
869 5212 1045 5267 omnis
1074 5211 1365 5265 simoniaca
1390 5211 1569 5278 labes;
1601 5212 1652 5267 in
1681 5227 1753 5268 ea
1768 5221 1947 5269 tamen
1975 5214 2161 5285 domo,

567 5308 622 5364 in
656 5322 815 5378 quam
841 5306 1130 5363 Christiani
1177 5306 1242 5359 ad
1288 5320 1517 5377 synaxes
1553 5306 1785 5378 agendas
1822 5309 1979 5365 solito
2013 5324 2165 5366 more

564 5401 943 5468 convolabant,
989 5400 1283 5471 repositum
1333 5409 1449 5454 erat
1491 5416 1626 5456 arcte
1668 5418 1846 5472 genus,
1877 5402 2030 5457 sicuti
2074 5403 2164 5458 ille

564 5497 659 5556 ait.
689 5512 789 5551 non
815 5495 1158 5550 deltonoraria
1184 5510 1402 5556 summa,
1431 5494 1579 5565 quasi
1601 5496 1873 5561 redempta:
1897 5494 2161 5568 religionis

563 5588 915 5657 (Tertullian.
963 5589 1257 5660 Apologet.,
1305 5604 1353 5641 c.
1412 5588 1506 5651 59,
1563 5605 1616 5658 p.
1674 5588 1848 5657 469).
1881 5590 2056 5661 Atque
2090 5601 2162 5647 tta

559 5680 776 5749 quidem
809 5681 860 5734 in
891 5679 1101 5736 duobus
1137 5679 1522 5750 antiquioribus
1549 5680 1748 5736 nostris
1771 5680 2065 5739 codicibus.
2097 5680 2156 5737 In

552 5769 765 5826 duobus
791 5785 921 5827 vero
948 5770 1336 5827 recentioribus
1362 5769 1711 5838 Colbertinis,
1751 5788 1852 5826 non
1892 5772 1958 5826 de
1985 5773 2150 5829 hono-

2275 4384 2417 4439 lectat
2465 4386 2593 4456 fiant
2638 4385 2841 4454 (Paul.
2874 4385 3046 4457 Epist.
3095 4386 3114 4441 ἰ
3162 4390 3233 4441 ad
3260 4386 3517 4453 Corinth.,
3568 4404 3685 4460 cap.
3725 4386 3871 4457 XVI,

2272 4492 2320 4531 υ.
2354 4478 2380 4532 1
2411 4489 2457 4533 et
2479 4479 2515 4534 2
2535 4478 2576 4550 ).
2606 4478 2788 4551 Neque
2819 4480 2889 4535 ibi
2921 4480 3009 4535 ille
3036 4489 3264 4548 tantum,
3295 4482 3391 4537 sed
3431 4482 3486 4536 in
3524 4484 3718 4537 cunctis
3742 4498 3872 4553 pene

2088 4638 2111 4655 l
2194 4595 2247 4656 ι)
2272 4569 2498 4640 epistolis
2523 4572 2649 4637 suis,
2678 4572 2753 4625 ait
2782 4572 3159 4644 Hieronymus,
3183 4574 3427 4645 loquitur,
3454 4576 3748 4646 etfprtecipit
3770 4574 3876 4630 Ec-

2270 4664 2438 4718 clesiis
2460 4666 2684 4736 gentium
2711 4683 2801 4736 per
2825 4683 2981 4720 unam
3005 4667 3224 4733 sabbati,
3262 4670 3358 4722 hoc
3383 4678 3477 4735 est,
3509 4669 3593 4723 die
3618 4668 3873 4722 dominico

2271 4774 2444 4813 omnes
2474 4763 2707 4830 conferre
2735 4759 2930 4824 debere,
2980 4775 3094 4830 qua:
3136 4759 3543 4832 Hierosolymam
3572 4761 3644 4815 in':
3662 4771 3875 4816 sancto-

2269 4869 2384 4907 rum
2427 4853 2611 4909 solatia
2655 4853 2943 4925 dirigantur
2970 4853 3314 4927 (Ilierongm.
3373 4855 3462 4910 lib.
3513 4854 3716 4915 advers.
3777 4854 3876 4909 Vi-

2266 4945 2448 5016 gilant.
2486 4945 2531 5015 ).
2596 4944 2764 5000 Jussit
2837 4959 2966 5016 ergo
3037 4946 3327 5015 Apostolus
3394 4945 3557 5001 hasce
3612 4946 3874 5002 collectas

2269 5039 2494 5110 singulis
2536 5039 2822 5094 dominicis
2867 5038 3002 5105 ﬁeri,
3034 5054 3099 5095 ac
3141 5041 3420 5110 pecuniam
3469 5040 3610 5109 apud
3656 5039 3874 5110 aliquos

2271 5132 2488 5202 deponi,
2520 5130 2695 5188 donec
2718 5131 2903 5203 egenis
2924 5132 3153 5203 aliisque
3180 5133 3391 5189 miseris
3421 5142 3475 5189 et
3502 5131 3872 5203 indigentibus

2270 5227 2592 5281 mitteretur.
2627 5224 2847 5280 Litteris
2889 5240 3104 5297 quoque
3135 5225 3379 5281 Justinus
3409 5236 3614 5298 martyr
3640 5224 3874 5281 manda-

2269 5317 2344 5372 vit
2372 5313 2512 5372 hune
2541 5331 2745 5371 morem
2787 5331 2887 5372 suo
2927 5327 3168 5387 tempore
3209 5326 3501 5383 servatum,
3550 5331 3616 5373 ac
3642 5316 3874 5387 singulis

2268 5413 2568 5484 quibusque
2586 5413 2900 5485 synaxibus,
2944 5413 3031 5469 die
3052 5412 3183 5468 solis
3203 5414 3317 5470 sive
3336 5413 3608 5469 dominico
3627 5410 3863 5469 coactis:

2266 5514 2311 5559 οῑ
2353 5511 2654 5577 εὔκορὰῦντες
2696 5509 2780 5559 καὶ
2815 5509 3130 5578 βουλὸμινπ,
3174 5511 3303 5562 κατὰ
3351 5517 3625 5577 προαίρεσιν
3669 5512 3865 5567 ἕκαστος

2261 5607 2347 5653 τὶν
2366 5604 2557 5661 ἑαυτοῦ,
2588 5605 2613 5651 ὃ
2631 5603 2862 5668 ﬁculensi
2902 5601 3083 5661 δίδωσι,
3111 5601 3193 5652 καὶ
3214 5607 3267 5653 τὸ
3294 5601 3619 5670 auiis-piparas
3650 5602 3785 5668 περὶ
3801 5614 3868 5671 τῷ

2262 5706 2515 5757 προεστῶτι
2543 5693 2848 5744 ἀποτίθεται.
2876 5687 2977 5756 Qui
2996 5688 3303 5759 capiosiores
3326 5700 3464 5754 sunt,
3489 5697 3539 5744 et
3562 5689 3754 5755 volunt,
3772 5706 3870 5757 pro

2259 5779 2466 5835 arbitrio
2491 5779 2699 5849 quisque
2717 5795 2812 5835 suo
2824 5780 2961 5850 quod
2979 5780 3141 5836 uisum
3167 5789 3263 5849 est,
3286 5780 3633 5848 contribuunt,
3663 5779 3869 5851 etquod
