4170 6264
303 290 414 352 955

1449 290 1900 352 DlSSERTA’l‘IO
1935 292 2001 350 D.
2040 292 2128 351 LE
2166 290 2469 351 NOURRY.

3505 294 3620 356 θει

306 388 381 468 ita
421 410 699 484 colligilttr,
751 406 893 477 apud
966 408 1295 482 prtepositum
1362 408 1632 480 deponitur
1683 409 1911 483 (Justin.
1940 421 1996 480 Α
2024 410 2246 481 Eccles.,
2275 428 2390 484 cap.
2420 414 2509 479 55,
2544 426 2664 484 pag.
2690 410 2839 486 145).
2866 410 3005 482 Quin
3036 411 3195 469 etiam
3220 410 3521 486 Cyprianus
3544 412 3612 469 ad

307 517 528 578 martyr.
561 503 779 576 Apolog.
811 505 865 570 1,
897 520 953 557 n.
983 504 1113 573 67).

382 600 440 656 Si
485 585 615 669 ergo
650 597 961 654 Tertulliani
1008 606 1167 655 aetate
1211 598 1349 656 hanc
1389 601 1583 671 stipem
1630 608 1906 656 menstrua

310 703 515 750 tantum
543 694 654 760 die,
702 707 930 763 eamque
973 692 1237 748 modicam
1267 693 1560 749 Christiani
1589 694 1902 765 erogabant,

310 804 491 845 nonne
537 788 748 842 illorum
780 786 1149 843 misericordia
1194 794 1251 841 et
1278 785 1533 852 charitas,
1564 801 1669 840 non
1692 801 1903 857 parum,

310 883 386 936 uti
429 880 1006 963 anteaannotabamus
1054 880 1232 950 (supr.
1266 895 1382 947 cap.
1413 878 1502 945 12,
1531 887 1630 932 art.
1665 880 1765 963 ‘3),
1800 877 1903 961 im-

309 975 511 1031 minuta
537 957 597 1028 et
616 972 890 1028 debilitata
910 971 1061 1027 erat?
1084 970 1270 1041 Neque
1297 968 1617 1041 Cyprianus,
1651 957 1723 1024 ibi
1746 984 1777 1023 a
1802 957 1902 1023 no-

308 1066 393 1121 bis
438 1067 656 1130 citatus,
692 1065 745 1120 id
786 1063 1107 1131 dissimulat,
1154 1064 1247 1134 qui
1286 1061 1355 1118 de
1395 1062 1599 1118 duriori
1642 1070 1903 1117 matronae

308 1158 613 1214 christiana:
638 1159 691 1212 in
724 1171 987 1227 pauperes
1011 1165 1066 1212 et
1095 1156 1322 1211 miseros
1350 1156 1531 1210 animo
1553 1155 1632 1211 sic
1661 1170 1901 1226 conque-

307 1252 478 1307 ritur:
512 1250 765 1321 Locuples
790 1258 837 1303 et
879 1249 1017 1304 dives
1047 1265 1119 1315 es,
1151 1259 1198 1303 et
1237 1249 1547 1302 dominicum
1575 1248 1830 1303 celebrare
1856 1257 1904 1303 te

307 1344 490 1409 credis,
520 1359 635 1411 qua:
657 1342 927 1396 carbonum
951 1341 1156 1396 omnino
1185 1358 1289 1395 non
1313 1342 1542 1411 respicis,
1573 1358 1688 1413 qute
1714 1343 1769 1396 in
1808 1344 1901 1396 do-

306 1436 548 1490 minicum
572 1434 682 1488 sine
708 1433 962 1502 sacriﬁcio
990 1433 1147 1499 venis,
1176 1448 1293 1503 qua:
1318 1442 1513 1502 partem
1538 1434 1603 1487 de
1622 1435 1897 1503 sacriﬁcio,

306 1527 443 1597 quod
485 1543 680 1598 pauper
715 1527 915 1591 obtulit,
960 1526 1119 1581 sumis
1151 1524 1432 1597 (Cyprian.
1474 1526 1629 1597 Oper.
1659 1534 1706 1580 et
1749 1525 1901 1581 Elec-

306 1619 507 1689 mos.).
568 1618 764 1674 Verum
820 1617 1032 1673 tametsi
1088 1617 1302 1687 quidam
1367 1628 1492 1673 tunc
1552 1619 1792 1675 avaritiae
1823 1619 1901 1674 vi-

306 1710 382 1764 tio
433 1710 667 1781 correpti
693 1753 708 1777 ,
736 1709 934 1765 nullam
957 1724 1021 1765 ea
1047 1709 1136 1764 die
1158 1709 1352 1780 stipem
1380 1709 1685 1765 conferrent
1704 1750 1720 1775 ,
1745 1710 1899 1765 multi

2012 506 2355 579 presbyteros
2385 515 2443 564 et
2470 507 2726 563 diaconos
2746 507 2864 561 bare
2891 506 3107 577 scripsit
3129 507 3180 561 in
3198 508 3393 563 verba:
3429 507 3612 575 Quan-

2011 605 2118 651 tum
2146 598 2215 651 ad
2235 608 2468 669 sumptus
2496 598 2833 671 squerendos
2857 599 2961 654 sive
2984 599 3107 675 illis,
3130 599 3217 669 qui
3246 599 3471 670 gloriosa
3492 614 3613 654 voce

2011 690 2178 746 Deum
2227 693 2447 762 confessi
2487 693 2543 746 in
2582 708 2784 747 carcere
2810 700 2930 746 sunt
2960 691 3239 757 constituti,
3288 692 3391 746 sive
3416 692 3481 746 iis
3525 693 3612 762 qui

2010 802 2259 856 pauperes
2307 795 2355 839 et
2407 786 2690 857 indigentes
2716 784 2968 852 laborant,
3016 792 3066 838 et
3105 794 3272 839 tamen
3301 784 3355 838 in
3389 783 3611 838 Domino

2010 886 2352 949 perseverant,
2394 886 2510 949 peto
2548 876 2678 930 nihil
2724 876 2874 941 desit,
2915 892 3030 930 cum
3053 892 3252 931 summa
3279 876 3463 942 onmis,
3500 891 3613 947 qua:

2006 970 2213 1027 redacta
2269 978 2363 1037 est,
2408 969 2515 1024 illic
2533 971 2599 1024 sit
2648 970 2790 1039 apud
2827 969 3038 1025 clericos
3087 970 3360 1026 distributa
3405 982 3613 1041 propter

2007 1063 2257 1134 ejusmodi
2285 1079 2469 1127 casus;
2507 1072 2561 1115 ut
2588 1062 2829 1116 haberent
2866 1062 3039 1133 plures
3078 1063 3214 1117 unde
3239 1063 3308 1117 ad
3336 1064 3609 1118 necessita-

2006 1165 2078 1211 tes
2100 1165 2146 1212 et
2190 1173 2451 1227 pressuras
2491 1156 2808 1228 singulorum
2851 1156 3059 1227 aperari
3096 1157 3290 1227 possint
3334 1155 3608 1228 (Cyprian.

2005 1250 2151 1320 epist.
2183 1250 2265 1322 5).
2295 1248 2575 1316 Quomodo
2627 1257 2805 1304 autem
2854 1248 2953 1303 hac
3014 1248 3152 1318 stipe
3202 1259 3256 1304 et
3308 1248 3609 1318 cleemosy-

2006 1343 2090 1397 nis
2136 1341 2548 1397 necessitatibus
2598 1340 2867 1411 egentium
2941 1338 3363 1395 subveniendum
3424 1349 3606 1408 esset,

2004 1434 2083 1489 sic
2112 1434 2203 1489 ille
2242 1432 2557 1489 constituit:
2618 1431 2769 1496 Quod
2798 1431 2842 1485 si
2868 1431 3134 1501 penuriam
3161 1431 3298 1495 talis,
3349 1439 3396 1485 et
3434 1447 3606 1484 neces-

2002 1528 2204 1581 sitatem
2243 1525 2561 1595 paupertatis
2590 1522 2834 1589 obtendit,
2878 1532 3039 1593 potest
3082 1524 3214 1577 inter
3254 1530 3481 1588 cceteros,
3522 1524 3610 1593 qui

2003 1622 2257 1677 alimentis
2285 1619 2532 1675 Ecclesia:
2552 1619 2884 1680 sustinentur,
2925 1616 3080 1688 hujus
3116 1632 3313 1688 quoque
3339 1615 3608 1670 necessitas

2002 1714 2280 1785 adjuvari;
2323 1714 2367 1768 si
2398 1722 2565 1766 tamen
2599 1719 2862 1765 contentus
2889 1710 2953 1762 sit
2979 1707 3365 1778 frugalioribus,
3395 1707 3484 1762 sed
3521 1707 3607 1761 in-

302 1801 654 1857 nihilominus
684 1803 836 1872 plura
858 1817 983 1874 _non
1010 1803 1186 1858 solum
1215 1811 1471 1857 menstrua
1500 1802 1601 1869 die,
1634 1802 1728 1857 sed
1758 1803 1898 1858 sicut
1925 1820 1974 1879 Β
2002 1806 2295 1860 nocentibus
2334 1804 2476 1858 cibis.
2537 1802 2557 1874 (
2583 1800 2729 1856 Idem
2753 1842 2768 1865 ,
2800 1800 2948 1871 epist.
2996 1798 3033 1851 2
3061 1838 3077 1864 ,
3127 1795 3416 1867 Eucratio).
3469 1796 3607 1852 Eum

303 1895 380 1949 ait
426 1892 808 1961 Tertullianus,
855 1910 978 1951 cum
1021 1895 1296 1960 volebant,
1349 1894 1674 1965 pauperibus
1714 1894 1898 1950 distri-

304 1987 516 2044 buenda
543 1988 923 2059 largiebantur.
955 1986 1029 2042 lbi
1077 1988 1354 2043 enimvero
1380 1988 1470 2042 ille
1496 1986 1734 2057 declarat
1764 1997 1898 2042 tan-

308 2091 414 2137 tam
440 2081 603 2137 fuisse
630 2081 771 2135 illam
801 2080 1226 2136 Chrisxianorum
1261 2079 1656 2147 liberalitatem,
1684 2086 1743 2133 ut
1763 2079 1900 2150 ejus—

305 2174 444 2229 modi
468 2174 545 2229 vel
566 2172 803 2229 maxima:
822 2173 1107 2228 dilectionis
1132 2172 1357 2242 operatio
1379 2180 1551 2226 notam
1576 2170 1755 2225 nimiae
1776 2185 1901 2240 pro-

305 2267 396 2324 cul
434 2267 597 2323 dubio
639 2267 983 2338 pecuniarum
1014 2265 1291 2321 effusionis
1336 2265 1482 2319 nobis
1533 2265 1705 2318 inurat
1745 2279 1900 2333 penes

305 2363 574 2434 quosdam,
622 2361 873 2417 videlicet
918 2360 1146 2432 gentiles
1194 2357 1544 2430 (Tertullian.
1598 2356 1896 2428 Apologet.,

310 2473 430 2526 cap.
462 2456 555 2523 39,
582 2472 637 2526 ρ.
667 2455 765 2510 471

377 2550 587 2617 Quanta
616 2556 793 2603 autem
822 2555 967 2603 esset
1009 2547 1100 2603 illa
1130 2546 1557 2603 Christianorum
1596 2544 1810 2616 largitio
1835 2558 1900 2600 ac

306 2640 657 2695 beneficentia
684 2655 749 2695 ex
779 2640 1229 2711 subsequentibus
1273 2638 1451 2695 adhuc
1476 2652 1737 2710 agnosces
1761 2636 1899 2694 Ter-

306 2732 511 2788 tulliani
537 2732 736 2797 verbis,
759 2732 955 2804 quibus
975 2741 1161 2803 aperte
1187 2742 1461 2805 asseverat
1480 2747 1621 2796 eam,
1645 2740 1898 2801 tanquam

306 2823 518 2895 pietatis
555 2824 879 2896 depositum,
910 2824 1271 2895 dispensatam
1300 2823 1466 2878 fuisse
1492 2824 1663 2894 egenis
1702 2823 1901 2879 alendis

307 2915 696 2987 humandisque,
731 2925 778 2970 et
806 2917 997 2987 pueris,
1044 2933 1105 2971 ac
1151 2916 1359 2989 puellis,
1404 2928 1461 2969 re
1494 2932 1565 2969 -ac
1604 2914 1901 2986 parentibus

305 3006 575 3073 destitutis,
603 3009 811 3079 iamque
836 3009 1123 3064 domesticis
1145 3008 1368 3072 senibus,
1397 3009 1516 3062 item
1540 3008 1832 3078 naufragis;
1850 3016 1901 3061 et

306 3099 350 3152 si
371 3099 456 3169 qui
484 3099 538 3153 in
566 3100 802 3165 metallis,
831 3100 943 3154 sive
966 3099 1034 3154 ad
1063 3099 1274 3155 metalla
1301 3099 1559 3164 damnati,
1593 3107 1641 3152 et
1666 3101 1709 3153 si
1732 3098 1819 3169 qui
1845 3099 1900 3153 in

2002 1897 2181 1967 itaque
2233 1899 2287 1950 in
2340 1894 2593 1961 modum,
2626 1907 2853 1962 eamque
2894 1890 2965 1945 ob
2997 1904 3239 1945 caussam
3278 1891 3502 1959 pecunia
3551 1889 3603 1943 in

2001 1988 2292 2063 synaxibus
2320 1986 2517 2053 oblata,
2560 1993 2615 2040 et
2657 1984 2797 2054 apud
2825 1983 3051 2039 clericos
3074 1981 3337 2052 deposita,
3372 1980 3476 2045 his,
3507 1980 3597 2051 qui

2002 2081 2263 2138 nominati
2292 2088 2436 2147 sunt,
2468 2078 2831 2150 indigentibus
2857 2075 3296 2132 distribuebatur.

2073 2171 2433 2241 Quamobrem
2458 2168 2817 2225 Tertullianus
2866 2168 3002 2223 hanc
3029 2167 3442 2223 Christianorum
3476 2165 3606 2219 cha-

2003 2271 2238 2334 ritatem,
2294 2281 2398 2336 qua
2443 2264 2624 2321 omnia
2662 2271 2853 2334 przeter
2882 2277 3095 2326 uxores,
3130 2260 3415 2315 indiscreta
3443 2258 3609 2315 habe-

2003 2360 2152 2426 bant,
2187 2366 2390 2413 tantum
2435 2356 2663 2418 extollit,
2692 2362 2946 2424 quantum
2989 2352 3044 2406 in
3097 2350 3344 2406 ethnicos
3379 2366 3520 2417 eam,
3553 2358 3611 2405 ut

2004 2468 2167 2524 Supra
2214 2449 2569 2514 ostendimus,
2611 2445 2835 2503 avaritia
2881 2454 2935 2500 et
2984 2443 3275 2515 cupiditate
3319 2442 3607 2498 insatiabili

2003 2546 2322 2602 dirimentes
2379 2542 2648 2600 invehitur
2709 2539 3040 2610 (Tertullian.
3072 2536 3339 2608 Apologet.
3368 2552 3484 2605 cap.
3513 2534 3605 2601 '59,

2006 2655 2127 2708 pag.
2155 2636 2309 2704 171).
2332 2634 2444 2690 Nec
2472 2634 2691 2698 mirum,
2715 2632 2787 2686 ait
2821 2631 2930 2694 ille,
2959 2630 3002 2683 si
3035 2628 3101 2682 ab
3129 2626 3432 2681 hominibus
3472 2626 3608 2681 adeo

2005 2730 2180 2785 avaris
2234 2744 2335 2784 nec
2381 2726 2673 2783 christiana
2720 2723 2980 2789 religione
3033 2719 3250 2773 imbutis
3282 2716 3608 2776 .conriolatnr

2007 2832 2149 2877 tanta
2166 2804 2413 2885 charitas,
2431 2818 2509 2873 uti
2536 2818 2587 2871 in
2610 2813 3000 2885 antiquioribus
3022 2811 3219 2865 nostris
3238 2808 3532 2874 codicibus,
3552 2819 3618 2895 et.

2004 2916 2059 2971 in
2101 2913 2336 2984 antiquis
2364 2910 2692 2966 editiouibus
2721 2907 2979 2976 scriptum
2995 2912 3097 2971 est,
3123 2905 3174 2957 in
3205 2913 3398 2973 quarto
3426 2911 3605 2957 autem

2004 3006 2321 3077 simpliciter
2348 3004 2587 3065 violatur,
2614 2999 2708 3056 sed
2736 2997 2926 3053 eodem
2955 3010 3171 3066 semper
3196 3010 3379 3050 sensu.
3422 2994 3604 3065 Rigal-

2003 3100 2110 3155 tius
2137 3109 2316 3154 tamen
2337 3103 2522 3151 contra
2542 3092 2789 3149 codicum
2818 3090 3058 3145 omnium
3086 3087 3244 3143 fidem
3274 3088 3450 3157 posuit
3476 3104 3605 3142 con-

300 3189 502 3256 insulis,
536 3206 631 3246 seu
664 3192 716 3246 in
748 3191 951 3246 insulas
972 3192 1216 3262 relegati,
1245 3192 1322 3247 vel
1347 3192 1401 3245 in
1422 3191 1683 3256 custodiis,
1716 3191 1768 3246 id
1790 3200 1895 3260 est,
1925 3222 1969 3286 ρ
2003 3194 2219 3256 vivatur,
2252 3190 2303 3245 id
2333 3197 2438 3254 est,
2491 3186 2782 3242 christiana
2821 3182 3054 3238 charitas
3102 3179 3408 3235 convivium
3455 3179 3601 3233 facit.

300 3282 633 3349 carceribus,
661 3284 909 3339 duntaxat
939 3301 1002 3340 ea:
1025 3301 1209 3340 caussa
1236 3284 1334 3340 Dei
1358 3295 1527 3351 sectas,
1557 3285 1755 3339 alumni
1774 3301 1896 3340 con-

299 3376 534 3446 fessionis
556 3393 663 3431 sua:
686 3379 813 3447 fiunt
841 3379 1055 3451 (lbid.),
1088 3380 1189 3436 hoc
1211 3390 1313 3448 est,
1341 3380 1650 3437 cliristiante
1676 3380 1894 3452 religio—-

299 3469 388 3523 nis
417 3479 732 3536 sectatores,
774 3472 864 3543 qui
903 3473 974 3529 ob
1021 3473 1139 3544 ejus
1183 3474 1577 3530 confessionem
1609 3473 1694 3529 his
1720 3474 1897 3546 poenis

300 3559 505 3628 allecti,
533 3565 755 3630 pecunia
786 3580 812 3617 a
844 3565 1157 3623 cbristianis
1184 3567 1480 3622 liberaliter
1513 3567 1706 3622 collata
1732 3568 1893 3622 alun-

302 3663 410 3710 tur.
443 3654 801 3723 Quamobrem
843 3658 935 3714 ille
978 3675 1134 3714 suum
1176 3658 1243 3715 ad
1288 3658 1549 3732 Martyres
1588 3658 1785 3714 librum
1814 3660 1894 3716 sic

299 3748 507 3804 orditur
534 3767 547 3803 :
578 3748 720 3805 Inter
747 3752 916 3806 carnis
959 3752 1223 3820 alimenta,
1259 3751 1505 3807 benedicti
1532 3762 1781 3824 martyres
1807 3752 1895 3807 de-

295 3841 500 3912 signati,
530 3858 644 3912 quae
667 3843 803 3897 vobis
831 3852 876 3897 et
905 3844 1113 3898 domina
1133 3854 1291 3898 mater
1314 3843 1546 3899 Ecclesia
1570 3847 1635 3899 de
1660 3844 1893 3899 uberibus

294 3932 421 3999 suis,
450 3942 495 3987 et
520 3934 710 4004 singuli
737 3935 921 4004 fratres
948 3935 1013 3990 de
1039 3935 1220 4005 opibus
1256 3937 1361 3993 suis
1384 3935 1608 4006 propriis
1632 3935 1685 3989 in
1714 3951 1891 3990 carce-

296 4039 403 4077 rem
445 4024 845 4091 subministrant,
876 4027 1041 4094 capite
1074 4027 1271 4098 aliquid
1299 4036 1346 4080 et
1373 4045 1407 4082 a
1435 4027 1601 4092 nobis,
1628 4027 1766 4097 quod
1808 4031 1891 4098 fa-

296 4118 395 4171 ciat
436 4118 505 4172 ad
553 4118 790 4188 spiritum
831 4135 1031 4190 quoque
1078 4119 1398 4173 educandum
1442 4118 1649 4189 (Idem,
1695 4119 1784 4172 lib.
1822 4119 1891 4172 ad

296 4209 543 4282 Martgr.,
569 4227 684 4280 cap.
732 4212 756 4265 1
794 4210 838 4281 ).
872 4212 939 4265 Et
992 4211 1152 4281 paulo
1204 4219 1323 4280 post
1360 4228 1373 4265 :
1406 4210 1535 4276 Quae
1576 4212 1721 4283 jusla
1771 4218 1891 4265 sunt

293 4319 414 4357 caro
440 4319 540 4357 non
583 4304 790 4369 amittit,
821 4319 914 4374 per
941 4319 1121 4358 curam
1163 4302 1430 4367 Ecclesiae,
1458 4314 1507 4358 et
1548 4319 1747 4375 agapen
1775 4306 1889 4374 fra-

294 4402 429 4446 trum
481 4392 684 4465 (Ibid.,
734 4410 850 4465 cap.
899 4394 1001 4464 2).
1066 4396 1236 4449 Antea
1279 4408 1406 4448 vero
1452 4392 1696 4448 Justinus
1743 4408 1888 4447 mar-

295 4495 402 4558 tyr,
429 4502 461 4541 a
505 4488 658 4542 nobis
701 4487 968 4555 laudatus,
1016 4486 1227 4542 dixerat
1275 4485 1375 4547 hac
1414 4486 1638 4554 pecunia
1680 4499 1890 4554 praepo-

293 4582 476 4647 situm,
507 4580 644 4651 apud
675 4596 833 4651 quem
866 4581 1035 4635 fuerat
1064 4579 1327 4649 deposita,
1359 4578 1612 4650 Opitulari
1671 4582 1889 4649 ὂρνανοῖς
1916 4618 1969 4678 D

292 4679 377 4731 ιιιὲ
404 4690 598 4747 xr'puc,
630 4680 713 4731 uti
740 4682 841 4737 τιῖς
869 4681 950 4730 διὰ
988 4681 1115 4730 view
1141 4677 1183 4738 ’ἥ
1222 4676 1280 4730 δι’
1329 4683 1478 4736 ἄλλην
1524 4678 1687 4731 αἰτίαν
1733 4682 1894 4728 λειπο-

292 4778 471 4837 μένης,
498 4772 582 4822 καὶ
611 4775 712 4830 τοῖς
737 4776 782 4824 ἐν
803 4774 987 4837 Scepsis
1021 4767 1142 4832 οὖσι,
1167 4772 1247 4824 καὶ
1274 4772 1374 4828 τοῖς
1412 4771 1760 4838 παρεπιδήμοις
1789 4764 1891 4819 οὖσι

290 4872 456 4930 flante,
491 4861 750 4934 Orphanis
774 4871 819 4917 et
858 4863 1040 4926 viduis,
1069 4872 1156 4915 aut
1187 4861 1266 4915 Itis
1289 4860 1377 4931 qui
1398 4868 1609 4930 propter
1637 4858 1888 4924 morbum,

292 4967 384 5012 aut
436 4960 662 5031 aliquam
687 4960 845 5015 aliam
888 4974 1122 5012 caussam
1150 4967 1320 5028 egent,
1347 4956 1530 5027 quique
1570 4956 1631 5010 in
1673 4956 1888 5009 vinculis

290 5058 406 5105 sunt
433 5092 451 5111 .
504 5061 551 5105 et
601 5066 812 5121 peregre
878 5050 1256 5105 advenientibus
1314 5048 1596 5119 hospitibus
1646 5045 1884 5118 (Justin.

288 5144 508 5215 Apolog.
545 5146 599 5213 1,
632 5162 687 5198 n.
716 5143 851 5219 67).
1392 5148 1397 5153 ’

360 5234 523 5290 Nobis
552 5251 765 5306 quoque
797 5235 1060 5292 Eusebius
1107 5234 1323 5292 exhibet
1363 5234 1715 5305 fragmentum
1744 5232 1888 5304 epis-

287 5328 411 5383 tela:
443 5328 680 5401 Dionysii
707 5328 1102 5384 Corinthiorum
1128 5328 1361 5399 episcopi
1381 5327 1447 5383 ad
1473 5327 1761 5390 Romanos,
1800 5325 1891 5380 ubi

286 5423 499 5478 illorum
529 5423 710 5478 laudat
734 5423 1200 5485 consuetudinem,
1239 5425 1309 5477 ab
1358 5424 1475 5493 ipso
1501 5432 1673 5476 ortam
1718 5421 1889 5477 chris-

286 5516 447 5573 tiame
472 5516 745 5588 religionis
770 5518 1014 5583 exordio,
1040 5527 1094 5572 et
1117 5532 1146 5571 a
1166 5515 1355 5572 Sotere
1383 5516 1593 5570 illorum
1635 5513 1888 5583 episcopo

286 5599 522 5677 a'uctatn,
543 5624 646 5681 qua
671 5609 1123 5671 Christianorum.
1149 5608 1308 5664 etiam
1337 5607 1454 5662 aliis
1480 5605 1534 5661 in
1560 5606 1777 5661 urbibus
1801 5604 1889 5660 de-

286 5666 634 5777 gentittm,'et
671 5704 738 5759 ad
778 5704 990 5760 metalla
1038 5702 1409 5757 damnatorum
1460 5700 1695 5771 inopiam
1735 5701 1887 5757 vario
1987 5694 2153 5751 verba
2187 5689 2463 5746 nobiscum
2516 5688 2763 5777 accurate
2789 5673 3098 5777 examinare
3138 5666 3355 5777 nettbt,

2002 3284 2110 3341 Sed
2146 3283 2261 3338 haec
2291 3279 2557 3337 correctio
2609 3277 2806 3332 nullius
2837 3273 3080 3328 firmatur
3121 3271 3324 3328 codicis
3367 3271 3603 3326 auctori-

2000 3388 2130 3433 tate.
2156 3373 2362 3431 Deinde
2391 3386 2521 3426 vero
2548 3368 2619 3425 ibi
2645 3367 3005 3424 Tertullianus
3026 3364 3262 3435 loquitur
3279 3362 3347 3417 de
3367 3360 3604 3417 fraterna

1998 3470 2285 3535 eliaritate,
2314 3464 2383 3521 ab
2408 3462 2637 3519 ethnicis
2667 3460 2805 3515 adeo
2834 3457 3049 3522 violata,
3095 3464 3151 3510 ut
3187 3454 3602 3509 christianorum

1998 3562 2241 3624 cmnulas,
2298 3556 2492 3628 quibus
2551 3568 2614 3608 ea
2656 3551 2991 3623 potissimum
3041 3547 3305 3613 alebatur,
3351 3555 3602 3615 tanquam

1998 3653 2249 3727 prodigas
2276 3647 2616 3705 infirmarent.
2656 3644 2763 3702 Sed
2793 3643 2859 3698 de
2890 3642 2972 3696 bis
3003 3654 3146 3695 nunc
3179 3636 3467 3710 agendum.

2610 3772 2907 3816 ABTICULUS
2944 3772 3019 3812 111.

1995 3886 2077 3943 De
2097 3886 2219 3941 data
2245 3882 2301 3937 in
2328 3880 2735 3938 Christianorum
2762 3872 3041 3946 synaxibus
3066 3878 3229 3937 coena,
3253 3879 3299 3924 et
3322 3867 3602 3941 prtemissis

2064 3979 2112 4034 ei
2139 3975 2407 4049 precibus;
2444 3988 2505 4025 ac
2530 3979 2707 4025 contra
2727 3966 3044 4036 impudentes
3069 3963 3382 4018 ethnicorum
3405 3962 3602 4016 calant-

2067 4073 2180 4126 nias
2218 4068 2504 4125 ostenditur
2542 4078 2695 4135 quam
2747 4058 2964 4132 frugalis
3000 4099 3013 4123 ,
3061 4055 3230 4110 sobria
3280 4054 3603 4124 modestaque

2066 4163 2237 4235 fuerit.

2063 4300 2415 4370 Compertum
2455 4292 2699 4365 profecto
2740 4285 2944 4344 ethnici
2974 4282 3599 4340 babebanlChristianos

1991 4392 2105 4446 suis
2136 4393 2186 4445 in
2233 4388 2526 4461 synaxibus
2576 4394 2865 4444 cmnasse;
2913 4378 3007 4433 sed
3048 4375 3366 4461 ignorabant
3416 4375 3600 4443 utique

1994 4495 2190 4555 quanta
2236 4478 2497 4536 modestia
2531 4517 2546 4538 ,
2593 4472 2898 4544 frugalitate
2933 4478 2987 4525 et
3033 4469 3228 4538 pietate
3277 4465 3391 4518 haec
3443 4477 3598 4555 coma

1993 4554 2208 4631 condita
2228 4572 2418 4629 fuerit.
2458 4568 2796 4639 Quapropter
2825 4563 2981 4618 solito
3009 4562 3059 4614 in
3091 4558 3307 4614 eosdem
3337 4554 3599 4611 Christia-

2000 4686 2098 4726 nos
2125 4667 2402 4725 elTracnato
2449 4661 2634 4717 furore
2684 4671 2899 4727 seraper
2950 4650 3261 4708 inflammati
3305 4665 3320 4701 :
3363 4646 3599 4702 Carnulus

1994 4772 2214 4823 nostras.
2259 4758 2430 4831 inquit
2472 4752 2851 4814 Tertullianus,
2897 4755 3232 4819 prtcterquam
3269 4738 3472 4795 sceleris
3512 4739 3596 4791 in-

1994 4856 2180 4927 fames,
2233 4862 2291 4906 ut
2322 4848 2563 4921 prodigas
2600 4841 2912 4916 sugillabant
2955 4834 3282 4927 (Tertullian.
3328 4831 3597 4902 Apologct.

1995 4926 2113 5015 cap.
2140 4946 2233 5005 '59.
2265 4961 2386 5016 pag.
2405 4942 2558 5011 475).
2582 4938 2784 5007 Duplex
2814 4933 2973 5004 igitur
2998 4926 3352 4996 erathujosce
3375 4938 3599 4978 accusa-

1992 5045 2152 5100 tionis
2182 5049 2360 5111 caput.
2406 5036 2476 5091 Et
2514 5034 2746 5106 primum
2784 5026 2999 5099 quidem
3024 5021 3140 5077 illas
3165 5017 3482 5111 sceleribus.
3509 5016 3597 5111 ni-

1993 5137 2187 5192 mirum
2213 5108 2413 5187 infante
2433 5128 2633 5187 occiso.
2658 5138 2721 5178 ac
2744 5116 3012 5176 horrendo
3037 5113 3218 5170 carnis
3238 5111 3353 5181 ejus
3375 5108 3595 5180 pabulo,

1993 5241 2049 5286 et
2079 5227 2388 5298 turpissimo
2415 5223 2620 5277 incestu
2650 5216 2812 5270 fuisse
2840 5212 3086 5267 infames.
3130 5206 3238 5262 Sed
3266 5213 3430 5259 totam
3459 5201 3598 5257 hanc

1994 5322 2336 5380 falsiSsimam
2365 5313 2781 5374 accusationem,
2806 5314 2865 5359 ut
2886 5303 3021 5358 infra
3045 5299 3362 5360 videbimus,
3393 5298 3597 5350 Auctor

1991 5423 2176 5472 noster
2198 5409 2435 5466 funditus
2474 5403 2688 5461 evertit.
2750 5400 2985 5454 Alteram
3029 5407 3160 5447 vero
3204 5385 3597 5459 prodigalitatis

1990 5505 2419 5566 criminationem
2445 5496 2676 5555 conterit
2697 5493 2836 5548 nuda
2863 5504 2925 5545 ac
2951 5486 3230 5542 verissima
3255 5497 3426 5538 οωηω
3454 5479 3596 5535 illius

1989 5601 2342 5672 expositione.
2395 5594 2527 5649 Eum
2558 5591 2737 5659 itaque
2778 5590 3086 5639 narrantem
3128 5575 3333 5672 audire,
3383 5581 3439 5628 et
3477 5571 3594 5641 ejus

3382 5677 3589 5734 quaeso,

287 5757 895 5869 beneficiorumgﬁencre
916 5788 1268 5854 sublevabant
1292 5795 1508 5869 (Euseb.
1532 5757 1621 5852 lib.
1650 5793 1718 5863 IY
1737 5793 1881 5851 Hist.
1984 5801 2147 5861 grave
2172 5783 2262 5840 sit.
2307 5779 2396 5836 Sic
2422 5784 2600 5832 autem
2626 5773 2718 5828 ille
2738 5813 2751 5826 .
2791 5767 2945 5825 Crena
2975 5772 3150 5819 nostra
3179 5760 3243 5815 de
3270 5757 3472 5813 nomine
3497 5772 3594 5841 ra.
