  <div class='ocr_page' id='page_1' title='image "/cluster/home/n/w/nwhite01/storage/ocr_20150623/1/hvd.32044054128335/499.png"; bbox 0 0 4212 6262; ppageno 0'>
   <div class='ocr_carea' id='block_1_1' title="bbox 527 308 642 373">
    <p class='ocr_par' dir='ltr' id='par_1_1' title="bbox 527 308 642 373">
     <span class='ocr_line' id='line_1_1' title="bbox 527 308 642 373; baseline -0.026 0"><span class='ocrx_word' id='word_1_1' title='bbox 527 308 642 373; x_wconf 82' lang='lat'><strong>955</strong></span> 
     </span>
    </p>
   </div>
   <div class='ocr_carea' id='block_1_2' title="bbox 1616 290 2761 357">
    <p class='ocr_par' dir='ltr' id='par_1_2' title="bbox 1616 290 2761 357">
     <span class='ocr_line' id='line_1_2' title="bbox 1616 290 2761 357; baseline -0.003 -2"><span class='ocrx_word' id='word_1_2' title='bbox 1616 296 1687 355; x_wconf 85' lang='lat' dir='ltr'><strong>IN</strong></span> <span class='ocrx_word' id='word_1_3' title='bbox 1722 292 2192 355; x_wconf 68' lang='lat' dir='ltr'><strong>TERTULLIAN!</strong></span> <span class='ocrx_word' id='word_1_4' title='bbox 2226 290 2761 357; x_wconf 79' lang='lat' dir='ltr'><strong>APOLOGE&#39;I‘ICUM</strong></span> 
     </span>
    </p>
   </div>
   <div class='ocr_carea' id='block_1_3' title="bbox 537 406 3856 486">
    <p class='ocr_par' dir='ltr' id='par_1_3' title="bbox 537 406 3856 486">
     <span class='ocr_line' id='line_1_3' title="bbox 537 406 3856 486; baseline -0.005 -1"><span class='ocrx_word' id='word_1_5' title='bbox 537 428 727 486; x_wconf 78' lang='lat' dir='ltr'><strong>tionem</strong></span> <span class='ocrx_word' id='word_1_6' title='bbox 743 423 824 482; x_wconf 84' lang='lat' dir='ltr'><strong>sui</strong></span> <span class='ocrx_word' id='word_1_7' title='bbox 844 420 1064 482; x_wconf 83' lang='lat' dir='ltr'><strong>ostendit</strong></span> <span class='ocrx_word' id='word_1_8' title='bbox 1081 431 1103 476; x_wconf 91' lang='lat'><strong>:</strong></span> <span class='ocrx_word' id='word_1_9' title='bbox 1117 416 1174 474; x_wconf 83' lang='lat' dir='ltr'><strong>id</strong></span> <span class='ocrx_word' id='word_1_10' title='bbox 1190 422 1423 483; x_wconf 75' lang='lat' dir='ltr'><strong>uocatur,</strong></span> <span class='ocrx_word' id='word_1_11' title='bbox 1445 412 1585 486; x_wconf 83' lang='lat' dir='ltr'><strong>quod</strong></span> <span class='ocrx_word' id='word_1_12' title='bbox 1603 410 1806 469; x_wconf 79' lang='lat' dir='ltr'><strong>dilectio</strong></span> <span class='ocrx_word' id='word_1_13' title='bbox 1827 427 1977 485; x_wconf 72' lang='lat' dir='ltr'><strong>partes</strong></span> <span class='ocrx_word' id='word_1_14' title='bbox 1994 411 2143 468; x_wconf 70' lang='grc' dir='ltr'><strong>σηε-</strong></span> <span class='ocrx_word' id='word_1_15' title='bbox 2166 412 2221 473; x_wconf 86' lang='lat' dir='ltr'><strong>A</strong></span> <span class='ocrx_word' id='word_1_16' title='bbox 2246 411 2389 468; x_wconf 89' lang='lat' dir='ltr'><strong>haud</strong></span> <span class='ocrx_word' id='word_1_17' title='bbox 2415 411 2575 467; x_wconf 87' lang='lat' dir='ltr'><strong>dubie</strong></span> <span class='ocrx_word' id='word_1_18' title='bbox 2598 410 2722 483; x_wconf 88' lang='lat' dir='ltr'><strong>quia</strong></span> <span class='ocrx_word' id='word_1_19' title='bbox 2752 408 2971 481; x_wconf 77' lang='lat' dir='ltr'><strong>putabat</strong></span> <span class='ocrx_word' id='word_1_20' title='bbox 2994 408 3069 466; x_wconf 92' lang='lat' dir='ltr'><strong>ibi</strong></span> <span class='ocrx_word' id='word_1_21' title='bbox 3097 407 3386 481; x_wconf 77' lang='lat' dir='ltr'><strong>signiﬁcari</strong></span> <span class='ocrx_word' id='word_1_22' title='bbox 3411 406 3683 466; x_wconf 81' lang='lat' dir='ltr'><strong>neminem</strong></span> <span class='ocrx_word' id='word_1_23' title='bbox 3707 422 3856 482; x_wconf 84' lang='lat' dir='ltr'><strong>esse,</strong></span> 
     </span>
    </p>
   </div>
   <div class='ocr_carea' id='block_1_4' title="bbox 531 505 2144 589">
    <p class='ocr_par' dir='ltr' id='par_1_4' title="bbox 531 505 2144 589">
     <span class='ocr_line' id='line_1_4' title="bbox 531 505 2144 589; baseline -0.017 -10"><span class='ocrx_word' id='word_1_24' title='bbox 531 539 648 581; x_wconf 85' lang='lat' dir='ltr'><strong>cos:</strong></span> <span class='ocrx_word' id='word_1_25' title='bbox 671 524 723 578; x_wconf 92' lang='lat' dir='ltr'><strong>in</strong></span> <span class='ocrx_word' id='word_1_26' title='bbox 748 511 1332 589; x_wconf 85' lang='lat' dir='ltr'><strong>antiquiseditionibus,</strong></span> <span class='ocrx_word' id='word_1_27' title='bbox 1347 516 1554 564; x_wconf 78' lang='lat' dir='ltr'><strong>vocatur</strong></span> <span class='ocrx_word' id='word_1_28' title='bbox 1577 509 1766 579; x_wconf 60' lang='grc' dir='ltr'><strong>ἀνᾶπη,</strong></span> <span class='ocrx_word' id='word_1_29' title='bbox 1790 506 1845 560; x_wconf 87' lang='lat' dir='ltr'><strong>id</strong></span> <span class='ocrx_word' id='word_1_30' title='bbox 1866 506 2002 577; x_wconf 85' lang='lat' dir='ltr'><strong>quod</strong></span> <span class='ocrx_word' id='word_1_31' title='bbox 2016 505 2144 560; x_wconf 73' lang='lat' dir='ltr'><strong>dile-</strong></span> 
     </span>
    </p>
   </div>
   <div class='ocr_carea' id='block_1_5' title="bbox 531 595 2142 686">
    <p class='ocr_par' dir='ltr' id='par_1_5' title="bbox 531 595 2142 686">
     <span class='ocr_line' id='line_1_5' title="bbox 531 595 2142 686; baseline -0.012 -14"><span class='ocrx_word' id='word_1_32' title='bbox 531 616 633 672; x_wconf 84' lang='lat' dir='ltr'><strong>ctio</strong></span> <span class='ocrx_word' id='word_1_33' title='bbox 656 611 794 686; x_wconf 85' lang='lat' dir='ltr'><strong>apud</strong></span> <span class='ocrx_word' id='word_1_34' title='bbox 819 609 1026 664; x_wconf 76' lang='lat' dir='ltr'><strong>Grtccos</strong></span> <span class='ocrx_word' id='word_1_35' title='bbox 1043 612 1115 661; x_wconf 80' lang='lat' dir='ltr'><strong>est</strong></span> <span class='ocrx_word' id='word_1_36' title='bbox 1139 601 1303 677; x_wconf 85' lang='lat' dir='ltr'><strong>(Tert.</strong></span> <span class='ocrx_word' id='word_1_37' title='bbox 1320 600 1534 671; x_wconf 79' lang='lat' dir='ltr'><strong>Apol.c.</strong></span> <span class='ocrx_word' id='word_1_38' title='bbox 1553 597 1858 669; x_wconf 69' lang='lat' dir='ltr'><strong>59,p.475).</strong></span> <span class='ocrx_word' id='word_1_39' title='bbox 1877 595 2142 668; x_wconf 80' lang='lat' dir='ltr'><strong>Numquid</strong></span> 
     </span>
    </p>
   </div>
   <div class='ocr_carea' id='block_1_6' title="bbox 533 687 2145 779">
    <p class='ocr_par' dir='ltr' id='par_1_6' title="bbox 533 687 2145 779">
     <span class='ocr_line' id='line_1_6' title="bbox 533 687 2145 779; baseline -0.016 -13"><span class='ocrx_word' id='word_1_40' title='bbox 533 723 662 779; x_wconf 86' lang='lat' dir='ltr'><strong>ergo</strong></span> <span class='ocrx_word' id='word_1_41' title='bbox 678 705 762 761; x_wconf 92' lang='lat' dir='ltr'><strong>his</strong></span> <span class='ocrx_word' id='word_1_42' title='bbox 779 699 1101 758; x_wconf 87' lang='lat' dir='ltr'><strong>editionibus</strong></span> <span class='ocrx_word' id='word_1_43' title='bbox 1119 694 1357 767; x_wconf 69' lang='lat' dir='ltr'><strong>praefecti</strong></span> <span class='ocrx_word' id='word_1_44' title='bbox 1377 693 1515 748; x_wconf 85' lang='lat' dir='ltr'><strong>hanc</strong></span> <span class='ocrx_word' id='word_1_45' title='bbox 1532 705 1763 763; x_wconf 71' lang='lat' dir='ltr'><strong>graacam</strong></span> <span class='ocrx_word' id='word_1_46' title='bbox 1781 704 1968 745; x_wconf 81' lang='lat' dir='ltr'><strong>vocem</strong></span> <span class='ocrx_word' id='word_1_47' title='bbox 1994 687 2145 744; x_wconf 86' lang='lat' dir='ltr'><strong>addi-</strong></span> 
     </span>
    </p>
   </div>
   <div class='ocr_carea' id='block_1_7' title="bbox 532 781 2143 869">
    <p class='ocr_par' dir='ltr' id='par_1_7' title="bbox 532 781 2143 869">
     <span class='ocr_line' id='line_1_7' title="bbox 532 781 2143 869; baseline -0.013 -11"><span class='ocrx_word' id='word_1_48' title='bbox 532 800 683 866; x_wconf 91' lang='lat' dir='ltr'><strong>dere,</strong></span> <span class='ocrx_word' id='word_1_49' title='bbox 713 808 870 869; x_wconf 89' lang='lat' dir='ltr'><strong>quam</strong></span> <span class='ocrx_word' id='word_1_50' title='bbox 894 804 1067 864; x_wconf 70' lang='lat' dir='ltr'><strong>graece</strong></span> <span class='ocrx_word' id='word_1_51' title='bbox 1093 788 1393 847; x_wconf 74' lang='lat' dir='ltr'><strong>nescientes</strong></span> <span class='ocrx_word' id='word_1_52' title='bbox 1416 785 1619 841; x_wconf 80' lang='lat' dir='ltr'><strong>librarii</strong></span> <span class='ocrx_word' id='word_1_53' title='bbox 1634 782 1872 839; x_wconf 79' lang='lat' dir='ltr'><strong>scribere</strong></span> <span class='ocrx_word' id='word_1_54' title='bbox 1895 781 2012 836; x_wconf 86' lang='lat' dir='ltr'><strong>ausi</strong></span> <span class='ocrx_word' id='word_1_55' title='bbox 2034 795 2143 837; x_wconf 89' lang='lat' dir='ltr'><strong>non</strong></span> 
     </span>
    </p>
   </div>
   <div class='ocr_carea' id='block_1_8' title="bbox 531 873 2145 953">
    <p class='ocr_par' dir='ltr' id='par_1_8' title="bbox 531 873 2145 953">
     <span class='ocr_line' id='line_1_8' title="bbox 531 873 2145 953; baseline -0.014 -1"><span class='ocrx_word' id='word_1_56' title='bbox 531 893 698 953; x_wconf 87' lang='lat' dir='ltr'><strong>sunt?</strong></span> <span class='ocrx_word' id='word_1_57' title='bbox 721 891 843 947; x_wconf 90' lang='lat' dir='ltr'><strong>Alio</strong></span> <span class='ocrx_word' id='word_1_58' title='bbox 873 899 1053 944; x_wconf 90' lang='lat' dir='ltr'><strong>tamen</strong></span> <span class='ocrx_word' id='word_1_59' title='bbox 1081 885 1136 941; x_wconf 91' lang='lat' dir='ltr'><strong>in</strong></span> <span class='ocrx_word' id='word_1_60' title='bbox 1154 884 1291 940; x_wconf 86' lang='lat' dir='ltr'><strong>libro</strong></span> <span class='ocrx_word' id='word_1_61' title='bbox 1316 881 1514 951; x_wconf 90' lang='lat' dir='ltr'><strong>scripta</strong></span> <span class='ocrx_word' id='word_1_62' title='bbox 1541 878 1704 934; x_wconf 89' lang='lat' dir='ltr'><strong>latine</strong></span> <span class='ocrx_word' id='word_1_63' title='bbox 1728 876 2022 942; x_wconf 74' lang='lat' dir='ltr'><strong>invenitur,</strong></span> <span class='ocrx_word' id='word_1_64' title='bbox 2049 873 2145 930; x_wconf 89' lang='lat' dir='ltr'><strong>ubi</strong></span> 
     </span>
    </p>
   </div>
   <div class='ocr_carea' id='block_1_9' title="bbox 531 967 2147 1062">
    <p class='ocr_par' dir='ltr' id='par_1_9' title="bbox 531 967 2147 1062">
     <span class='ocr_line' id='line_1_9' title="bbox 531 967 2147 1062; baseline -0.015 -16"><span class='ocrx_word' id='word_1_65' title='bbox 531 991 546 1046; x_wconf 90' lang='lat' dir='ltr'><strong>i</strong></span> <span class='ocrx_word' id='word_1_66' title='bbox 552 1004 649 1062; x_wconf 89' lang='lat' dir='ltr'><strong>pse</strong></span> <span class='ocrx_word' id='word_1_67' title='bbox 665 983 1027 1044; x_wconf 84' lang='lat' dir='ltr'><strong>Tertullianus</strong></span> <span class='ocrx_word' id='word_1_68' title='bbox 1048 980 1116 1036; x_wconf 90' lang='lat' dir='ltr'><strong>de</strong></span> <span class='ocrx_word' id='word_1_69' title='bbox 1128 976 1453 1051; x_wconf 78' lang='lat' dir='ltr'><strong>martyribus</strong></span> <span class='ocrx_word' id='word_1_70' title='bbox 1472 975 1526 1030; x_wconf 89' lang='lat' dir='ltr'><strong>in</strong></span> <span class='ocrx_word' id='word_1_71' title='bbox 1543 984 1814 1029; x_wconf 89' lang='lat' dir='ltr'><strong>carcerem</strong></span> <span class='ocrx_word' id='word_1_72' title='bbox 1832 970 2011 1025; x_wconf 85' lang='lat' dir='ltr'><strong>missis</strong></span> <span class='ocrx_word' id='word_1_73' title='bbox 2026 967 2147 1023; x_wconf 66' lang='lat' dir='ltr'><strong>haec</strong></span> 
     </span>
    </p>
   </div>
   <div class='ocr_carea' id='block_1_10' title="bbox 531 1058 2144 1148">
    <p class='ocr_par' dir='ltr' id='par_1_10' title="bbox 531 1058 2144 1148">
     <span class='ocr_line' id='line_1_10' title="bbox 531 1058 2144 1148; baseline -0.017 -9"><span class='ocrx_word' id='word_1_74' title='bbox 531 1058 751 1139; x_wconf 77' lang='lat' dir='ltr'><strong>scribit:</strong></span> <span class='ocrx_word' id='word_1_75' title='bbox 776 1077 1056 1148; x_wconf 72' lang='lat' dir='ltr'><strong>Quaejusta</strong></span> <span class='ocrx_word' id='word_1_76' title='bbox 1077 1080 1196 1128; x_wconf 86' lang='lat' dir='ltr'><strong>sunt</strong></span> <span class='ocrx_word' id='word_1_77' title='bbox 1222 1086 1343 1125; x_wconf 83' lang='lat' dir='ltr'><strong>caro</strong></span> <span class='ocrx_word' id='word_1_78' title='bbox 1367 1080 1472 1124; x_wconf 85' lang='lat' dir='ltr'><strong>non</strong></span> <span class='ocrx_word' id='word_1_79' title='bbox 1496 1066 1702 1133; x_wconf 86' lang='lat' dir='ltr'><strong>amittit,</strong></span> <span class='ocrx_word' id='word_1_80' title='bbox 1733 1079 1823 1134; x_wconf 80' lang='lat' dir='ltr'><strong>per</strong></span> <span class='ocrx_word' id='word_1_81' title='bbox 1846 1077 2022 1116; x_wconf 89' lang='lat' dir='ltr'><strong>curam</strong></span> <span class='ocrx_word' id='word_1_82' title='bbox 2038 1058 2144 1113; x_wconf 84' lang='lat' dir='ltr'><strong>Ec-</strong></span> 
     </span>
    </p>
   </div>
   <div class='ocr_carea' id='block_1_11' title="bbox 532 1155 2142 1242">
    <p class='ocr_par' dir='ltr' id='par_1_11' title="bbox 532 1155 2142 1242">
     <span class='ocr_line' id='line_1_11' title="bbox 532 1155 2142 1242; baseline -0.016 -10"><span class='ocrx_word' id='word_1_83' title='bbox 532 1176 700 1232; x_wconf 70' lang='lat' dir='ltr'><strong>clesia:</strong></span> <span class='ocrx_word' id='word_1_84' title='bbox 745 1180 791 1228; x_wconf 83' lang='lat' dir='ltr'><strong>et</strong></span> <span class='ocrx_word' id='word_1_85' title='bbox 839 1184 1037 1242; x_wconf 80' lang='lat' dir='ltr'><strong>agapen</strong></span> <span class='ocrx_word' id='word_1_86' title='bbox 1086 1167 1302 1237; x_wconf 77' lang='lat' dir='ltr'><strong>fratrum</strong></span> <span class='ocrx_word' id='word_1_87' title='bbox 1356 1161 1550 1235; x_wconf 85' lang='lat' dir='ltr'><strong>(Idem.</strong></span> <span class='ocrx_word' id='word_1_88' title='bbox 1607 1158 1694 1213; x_wconf 87' lang='lat' dir='ltr'><strong>lib.</strong></span> <span class='ocrx_word' id='word_1_89' title='bbox 1744 1157 1813 1211; x_wconf 88' lang='lat' dir='ltr'><strong>ad</strong></span> <span class='ocrx_word' id='word_1_90' title='bbox 1870 1155 2091 1225; x_wconf 76' lang='lat' dir='ltr'><strong>Martyr.</strong></span> <span class='ocrx_word' id='word_1_91' title='bbox 2126 1193 2142 1220; x_wconf 94' lang='lat'><strong>,</strong></span> 
     </span>
    </p>
   </div>
   <div class='ocr_carea' id='block_1_12' title="bbox 533 1243 2148 1339">
    <p class='ocr_par' dir='ltr' id='par_1_12' title="bbox 533 1243 2148 1339">
     <span class='ocr_line' id='line_1_12' title="bbox 533 1243 2148 1339; baseline -0.016 -15"><span class='ocrx_word' id='word_1_92' title='bbox 533 1286 649 1339; x_wconf 86' lang='lat' dir='ltr'><strong>cap.</strong></span> <span class='ocrx_word' id='word_1_93' title='bbox 685 1267 767 1337; x_wconf 78' lang='lat'><strong>2).</strong></span> <span class='ocrx_word' id='word_1_94' title='bbox 812 1264 890 1320; x_wconf 90' lang='lat' dir='ltr'><strong>lbi</strong></span> <span class='ocrx_word' id='word_1_95' title='bbox 945 1274 1123 1317; x_wconf 89' lang='lat' dir='ltr'><strong>autem</strong></span> <span class='ocrx_word' id='word_1_96' title='bbox 1176 1272 1372 1314; x_wconf 86' lang='lat' dir='ltr'><strong>nomen</strong></span> <span class='ocrx_word' id='word_1_97' title='bbox 1423 1253 1553 1309; x_wconf 86' lang='lat' dir='ltr'><strong>illud</strong></span> <span class='ocrx_word' id='word_1_98' title='bbox 1592 1266 1689 1307; x_wconf 87' lang='lat' dir='ltr'><strong>sua</strong></span> <span class='ocrx_word' id='word_1_99' title='bbox 1738 1247 1953 1321; x_wconf 86' lang='lat' dir='ltr'><strong>propria</strong></span> <span class='ocrx_word' id='word_1_100' title='bbox 1983 1243 2148 1339; x_wconf 70' lang='lat' dir='ltr'><strong>signi-</strong></span> 
     </span>
    </p>
   </div>
   <div class='ocr_carea' id='block_1_13' title="bbox 534 1336 2148 1426">
    <p class='ocr_par' dir='ltr' id='par_1_13' title="bbox 534 1336 2148 1426">
     <span class='ocr_line' id='line_1_13' title="bbox 534 1336 2148 1426; baseline -0.017 -8"><span class='ocrx_word' id='word_1_101' title='bbox 534 1336 784 1418; x_wconf 73' lang='lat' dir='ltr'><strong>ficatione</strong></span> <span class='ocrx_word' id='word_1_102' title='bbox 833 1370 930 1426; x_wconf 91' lang='lat' dir='ltr'><strong>pro</strong></span> <span class='ocrx_word' id='word_1_103' title='bbox 974 1352 1237 1409; x_wconf 87' lang='lat' dir='ltr'><strong>cbaritate</strong></span> <span class='ocrx_word' id='word_1_104' title='bbox 1282 1356 1336 1403; x_wconf 88' lang='lat' dir='ltr'><strong>et</strong></span> <span class='ocrx_word' id='word_1_105' title='bbox 1385 1344 1681 1401; x_wconf 79' lang='lat' dir='ltr'><strong>dilectione</strong></span> <span class='ocrx_word' id='word_1_106' title='bbox 1719 1340 1999 1411; x_wconf 77' lang='lat' dir='ltr'><strong>accipitur.</strong></span> <span class='ocrx_word' id='word_1_107' title='bbox 2067 1336 2148 1392; x_wconf 82' lang='lat' dir='ltr'><strong>Eo</strong></span> 
     </span>
    </p>
   </div>
   <div class='ocr_carea' id='block_1_14' title="bbox 537 1428 2150 1513">
    <p class='ocr_par' dir='ltr' id='par_1_14' title="bbox 537 1428 2150 1513">
     <span class='ocr_line' id='line_1_14' title="bbox 537 1428 2150 1513; baseline -0.015 -3"><span class='ocrx_word' id='word_1_108' title='bbox 537 1464 721 1509; x_wconf 91' lang='lat' dir='ltr'><strong>tamen</strong></span> <span class='ocrx_word' id='word_1_109' title='bbox 774 1447 992 1505; x_wconf 88' lang='lat' dir='ltr'><strong>nomine</strong></span> <span class='ocrx_word' id='word_1_110' title='bbox 1029 1445 1080 1499; x_wconf 92' lang='lat' dir='ltr'><strong>in</strong></span> <span class='ocrx_word' id='word_1_111' title='bbox 1112 1444 1228 1513; x_wconf 85' lang='lat' dir='ltr'><strong>ejus</strong></span> <span class='ocrx_word' id='word_1_112' title='bbox 1271 1431 1640 1510; x_wconf 84' lang='lat' dir='ltr'><strong>Apologetico,</strong></span> <span class='ocrx_word' id='word_1_113' title='bbox 1681 1432 1761 1490; x_wconf 91' lang='lat' dir='ltr'><strong>uti</strong></span> <span class='ocrx_word' id='word_1_114' title='bbox 1808 1432 1875 1487; x_wconf 89' lang='lat' dir='ltr'><strong>ab</strong></span> <span class='ocrx_word' id='word_1_115' title='bbox 1920 1428 2150 1501; x_wconf 77' lang='lat' dir='ltr'><strong>Origene</strong></span> 
     </span>
    </p>
   </div>
   <div class='ocr_carea' id='block_1_15' title="bbox 536 1523 2150 1619">
    <p class='ocr_par' dir='ltr' id='par_1_15' title="bbox 536 1523 2150 1619">
     <span class='ocr_line' id='line_1_15' title="bbox 536 1523 2150 1619; baseline -0.013 -18"><span class='ocrx_word' id='word_1_116' title='bbox 536 1545 793 1619; x_wconf 84' lang='lat' dir='ltr'><strong>(Origen.</strong></span> <span class='ocrx_word' id='word_1_117' title='bbox 826 1540 915 1596; x_wconf 89' lang='lat' dir='ltr'><strong>lib.</strong></span> <span class='ocrx_word' id='word_1_118' title='bbox 959 1537 983 1593; x_wconf 88' lang='grc' dir='ltr'>Ι</span> <span class='ocrx_word' id='word_1_119' title='bbox 1026 1545 1188 1592; x_wconf 89' lang='lat' dir='ltr'><strong>contr.</strong></span> <span class='ocrx_word' id='word_1_120' title='bbox 1241 1530 1459 1604; x_wconf 84' lang='lat' dir='ltr'><strong>Cels.),</strong></span> <span class='ocrx_word' id='word_1_121' title='bbox 1517 1544 1548 1584; x_wconf 89' lang='lat' dir='ltr'><strong>a</strong></span> <span class='ocrx_word' id='word_1_122' title='bbox 1590 1527 1746 1583; x_wconf 87' lang='lat' dir='ltr'><strong>nobis</strong></span> <span class='ocrx_word' id='word_1_123' title='bbox 1801 1524 1929 1619; x_wconf 84' lang='lat' dir='ltr'><strong>alibi</strong></span> <span class='ocrx_word' id='word_1_124' title='bbox 1981 1523 2150 1580; x_wconf 87' lang='lat' dir='ltr'><strong>citato</strong></span> 
     </span>
    </p>
   </div>
   <div class='ocr_carea' id='block_1_16' title="bbox 538 1618 2150 1717">
    <p class='ocr_par' dir='ltr' id='par_1_16' title="bbox 538 1618 2150 1717">
     <span class='ocr_line' id='line_1_16' title="bbox 538 1618 2150 1717; baseline -0.017 -20"><span class='ocrx_word' id='word_1_125' title='bbox 538 1642 683 1717; x_wconf 90' lang='lat' dir='ltr'><strong>(tom.</strong></span> <span class='ocrx_word' id='word_1_126' title='bbox 728 1636 1035 1709; x_wconf 82' lang='lat' dir='ltr'><strong>IApparut.</strong></span> <span class='ocrx_word' id='word_1_127' title='bbox 1090 1647 1211 1702; x_wconf 87' lang='lat' dir='ltr'><strong>pag.</strong></span> <span class='ocrx_word' id='word_1_128' title='bbox 1254 1626 1381 1700; x_wconf 81' lang='lat' dir='ltr'><strong>7l5)</strong></span> <span class='ocrx_word' id='word_1_129' title='bbox 1409 1668 1423 1693; x_wconf 95' lang='lat'><strong>,</strong></span> <span class='ocrx_word' id='word_1_130' title='bbox 1474 1633 1697 1681; x_wconf 79' lang='lat' dir='ltr'><strong>vocatur</strong></span> <span class='ocrx_word' id='word_1_131' title='bbox 1722 1618 2150 1717; x_wconf 75' lang='lat' dir='ltr'><strong>Christianorum</strong></span> 
     </span>
    </p>
   </div>
   <div class='ocr_carea' id='block_1_17' title="bbox 539 1709 2154 1800">
    <p class='ocr_par' dir='ltr' id='par_1_17' title="bbox 539 1709 2154 1800">
     <span class='ocr_line' id='line_1_17' title="bbox 539 1709 2154 1800; baseline -0.015 -11"><span class='ocrx_word' id='word_1_132' title='bbox 539 1709 716 1800; x_wconf 82' lang='lat' dir='ltr'><strong>coena,</strong></span> <span class='ocrx_word' id='word_1_133' title='bbox 745 1731 797 1785; x_wconf 92' lang='lat' dir='ltr'><strong>in</strong></span> <span class='ocrx_word' id='word_1_134' title='bbox 828 1743 932 1799; x_wconf 88' lang='lat' dir='ltr'><strong>qua</strong></span> <span class='ocrx_word' id='word_1_135' title='bbox 976 1724 1245 1797; x_wconf 66' lang='lat' dir='ltr'><strong>praecipue</strong></span> <span class='ocrx_word' id='word_1_136' title='bbox 1286 1718 1558 1776; x_wconf 82' lang='lat' dir='ltr'><strong>eminebat</strong></span> <span class='ocrx_word' id='word_1_137' title='bbox 1599 1715 1818 1773; x_wconf 90' lang='lat' dir='ltr'><strong>illorum</strong></span> <span class='ocrx_word' id='word_1_138' title='bbox 1856 1721 2039 1769; x_wconf 81' lang='lat' dir='ltr'><strong>mutua</strong></span> <span class='ocrx_word' id='word_1_139' title='bbox 2068 1709 2154 1768; x_wconf 82' lang='lat' dir='ltr'><strong>di-</strong></span> 
     </span>
    </p>
   </div>
   <div class='ocr_carea' id='block_1_18' title="bbox 542 1821 1066 1883">
    <p class='ocr_par' dir='ltr' id='par_1_18' title="bbox 542 1821 1066 1883">
     <span class='ocr_line' id='line_1_18' title="bbox 542 1821 1066 1883; baseline -0.011 -2"><span class='ocrx_word' id='word_1_140' title='bbox 542 1825 703 1883; x_wconf 88' lang='lat' dir='ltr'><strong>lectio</strong></span> <span class='ocrx_word' id='word_1_141' title='bbox 733 1830 786 1879; x_wconf 91' lang='lat' dir='ltr'><strong>et</strong></span> <span class='ocrx_word' id='word_1_142' title='bbox 813 1821 1066 1877; x_wconf 81' lang='lat' dir='ltr'><strong>Charitas.</strong></span> 
     </span>
    </p>
   </div>
   <div class='ocr_carea' id='block_1_19' title="bbox 612 1899 2149 1985">
    <p class='ocr_par' dir='ltr' id='par_1_19' title="bbox 612 1899 2149 1985">
     <span class='ocr_line' id='line_1_19' title="bbox 612 1899 2149 1985; baseline -0.012 -14"><span class='ocrx_word' id='word_1_143' title='bbox 612 1916 705 1971; x_wconf 88' lang='lat' dir='ltr'><strong>illa</strong></span> <span class='ocrx_word' id='word_1_144' title='bbox 733 1910 913 1985; x_wconf 81' lang='lat' dir='ltr'><strong>igitur,</strong></span> <span class='ocrx_word' id='word_1_145' title='bbox 946 1912 1001 1966; x_wconf 92' lang='lat' dir='ltr'><strong>in</strong></span> <span class='ocrx_word' id='word_1_146' title='bbox 1028 1908 1249 1979; x_wconf 82' lang='lat' dir='ltr'><strong>hujusce</strong></span> <span class='ocrx_word' id='word_1_147' title='bbox 1275 1905 1474 1961; x_wconf 91' lang='lat' dir='ltr'><strong>amoris</strong></span> <span class='ocrx_word' id='word_1_148' title='bbox 1493 1903 1684 1974; x_wconf 84' lang='lat' dir='ltr'><strong>pignus</strong></span> <span class='ocrx_word' id='word_1_149' title='bbox 1730 1899 1878 1965; x_wconf 91' lang='lat' dir='ltr'><strong>data,</strong></span> <span class='ocrx_word' id='word_1_150' title='bbox 1909 1912 2016 1954; x_wconf 89' lang='lat' dir='ltr'><strong>non</strong></span> <span class='ocrx_word' id='word_1_151' title='bbox 2046 1911 2149 1969; x_wconf 83' lang='lat' dir='ltr'><strong>po-</strong></span> 
     </span>
    </p>
   </div>
   <div class='ocr_carea' id='block_1_20' title="bbox 548 1988 2151 2076">
    <p class='ocr_par' dir='ltr' id='par_1_20' title="bbox 548 1988 2151 2076">
     <span class='ocr_line' id='line_1_20' title="bbox 548 1988 2151 2076; baseline -0.012 -12"><span class='ocrx_word' id='word_1_152' title='bbox 548 2016 686 2065; x_wconf 81' lang='lat' dir='ltr'><strong>terat</strong></span> <span class='ocrx_word' id='word_1_153' title='bbox 716 2007 894 2076; x_wconf 87' lang='lat' dir='ltr'><strong>utique</strong></span> <span class='ocrx_word' id='word_1_154' title='bbox 919 2000 1175 2058; x_wconf 89' lang='lat' dir='ltr'><strong>dissoluta</strong></span> <span class='ocrx_word' id='word_1_155' title='bbox 1204 2012 1326 2054; x_wconf 89' lang='lat' dir='ltr'><strong>esse</strong></span> <span class='ocrx_word' id='word_1_156' title='bbox 1353 2005 1405 2054; x_wconf 89' lang='lat' dir='ltr'><strong>et</strong></span> <span class='ocrx_word' id='word_1_157' title='bbox 1437 1995 1679 2068; x_wconf 86' lang='lat' dir='ltr'><strong>prodiga.</strong></span> <span class='ocrx_word' id='word_1_158' title='bbox 1728 1992 1797 2047; x_wconf 83' lang='lat' dir='ltr'><strong>At</strong></span> <span class='ocrx_word' id='word_1_159' title='bbox 1824 1989 2066 2063; x_wconf 76' lang='lat' dir='ltr'><strong>quamvis</strong></span> <span class='ocrx_word' id='word_1_160' title='bbox 2093 1988 2151 2044; x_wconf 88' lang='lat' dir='ltr'><strong>in</strong></span> 
     </span>
    </p>
   </div>
   <div class='ocr_carea' id='block_1_21' title="bbox 548 2083 2151 2169">
    <p class='ocr_par' dir='ltr' id='par_1_21' title="bbox 548 2083 2151 2169">
     <span class='ocr_line' id='line_1_21' title="bbox 548 2083 2151 2169; baseline -0.014 -12"><span class='ocrx_word' id='word_1_161' title='bbox 548 2101 641 2157; x_wconf 88' lang='lat' dir='ltr'><strong>illa</strong></span> <span class='ocrx_word' id='word_1_162' title='bbox 671 2096 867 2168; x_wconf 86' lang='lat' dir='ltr'><strong>aliquid</strong></span> <span class='ocrx_word' id='word_1_163' title='bbox 897 2090 1255 2169; x_wconf 80' lang='lat' dir='ltr'><strong>fuissetell&#39;usi</strong></span> <span class='ocrx_word' id='word_1_164' title='bbox 1278 2099 1441 2160; x_wconf 90' lang='lat' dir='ltr'><strong>atque</strong></span> <span class='ocrx_word' id='word_1_165' title='bbox 1456 2084 1776 2158; x_wconf 89' lang='lat' dir='ltr'><strong>sumptuosi,</strong></span> <span class='ocrx_word' id='word_1_166' title='bbox 1801 2098 1908 2139; x_wconf 88' lang='lat' dir='ltr'><strong>non</strong></span> <span class='ocrx_word' id='word_1_167' title='bbox 1922 2083 2043 2138; x_wconf 90' lang='lat' dir='ltr'><strong>ideo</strong></span> <span class='ocrx_word' id='word_1_168' title='bbox 2069 2088 2151 2136; x_wconf 89' lang='lat' dir='ltr'><strong>ta-</strong></span> 
     </span>
    </p>
   </div>
   <div class='ocr_carea' id='block_1_22' title="bbox 545 2175 2150 2258">
    <p class='ocr_par' dir='ltr' id='par_1_22' title="bbox 545 2175 2150 2258">
     <span class='ocr_line' id='line_1_22' title="bbox 545 2175 2150 2258; baseline -0.012 -7"><span class='ocrx_word' id='word_1_169' title='bbox 545 2211 667 2252; x_wconf 88' lang='lat' dir='ltr'><strong>men</strong></span> <span class='ocrx_word' id='word_1_170' title='bbox 690 2194 757 2248; x_wconf 90' lang='lat' dir='ltr'><strong>ab</strong></span> <span class='ocrx_word' id='word_1_171' title='bbox 786 2187 1012 2247; x_wconf 84' lang='lat' dir='ltr'><strong>ethnicis</strong></span> <span class='ocrx_word' id='word_1_172' title='bbox 1042 2185 1332 2258; x_wconf 84' lang='lat' dir='ltr'><strong>vituperari</strong></span> <span class='ocrx_word' id='word_1_173' title='bbox 1358 2183 1607 2239; x_wconf 84' lang='lat' dir='ltr'><strong>debebat.</strong></span> <span class='ocrx_word' id='word_1_174' title='bbox 1625 2176 1977 2249; x_wconf 86' lang='lat' dir='ltr'><strong>Quantumvis</strong></span> <span class='ocrx_word' id='word_1_175' title='bbox 2002 2175 2150 2232; x_wconf 90' lang='lat' dir='ltr'><strong>enim</strong></span> 
     </span>
    </p>
   </div>
   <div class='ocr_carea' id='block_1_23' title="bbox 546 2270 2147 2352">
    <p class='ocr_par' dir='ltr' id='par_1_23' title="bbox 546 2270 2147 2352">
     <span class='ocr_line' id='line_1_23' title="bbox 546 2270 2147 2352; baseline -0.012 -6"><span class='ocrx_word' id='word_1_176' title='bbox 546 2304 672 2347; x_wconf 88' lang='lat' dir='ltr'><strong>care</strong></span> <span class='ocrx_word' id='word_1_177' title='bbox 714 2285 1078 2352; x_wconf 86' lang='lat' dir='ltr'><strong>constitisset,</strong></span> <span class='ocrx_word' id='word_1_178' title='bbox 1107 2280 1207 2337; x_wconf 88' lang='lat' dir='ltr'><strong>hac</strong></span> <span class='ocrx_word' id='word_1_179' title='bbox 1236 2279 1539 2350; x_wconf 85' lang='lat' dir='ltr'><strong>indigentes</strong></span> <span class='ocrx_word' id='word_1_180' title='bbox 1558 2275 1911 2347; x_wconf 71' lang='lat' dir='ltr'><strong>iuvabantur.</strong></span> <span class='ocrx_word' id='word_1_181' title='bbox 1966 2270 2147 2342; x_wconf 82' lang='lat' dir='ltr'><strong>Atqui,</strong></span> 
     </span>
    </p>
   </div>
   <div class='ocr_carea' id='block_1_24' title="bbox 544 2367 2154 2456">
    <p class='ocr_par' dir='ltr' id='par_1_24' title="bbox 544 2367 2154 2456">
     <span class='ocr_line' id='line_1_24' title="bbox 544 2367 2154 2456; baseline -0.014 -14"><span class='ocrx_word' id='word_1_182' title='bbox 544 2387 683 2444; x_wconf 88' lang='lat' dir='ltr'><strong>sicut</strong></span> <span class='ocrx_word' id='word_1_183' title='bbox 707 2384 908 2456; x_wconf 89' lang='lat' dir='ltr'><strong>optime</strong></span> <span class='ocrx_word' id='word_1_184' title='bbox 935 2382 1185 2437; x_wconf 87' lang='lat' dir='ltr'><strong>observat</strong></span> <span class='ocrx_word' id='word_1_185' title='bbox 1211 2379 1411 2431; x_wconf 86' lang='lat' dir='ltr'><strong>Auctor</strong></span> <span class='ocrx_word' id='word_1_186' title='bbox 1435 2382 1619 2429; x_wconf 89' lang='lat' dir='ltr'><strong>noster</strong></span> <span class='ocrx_word' id='word_1_187' title='bbox 1644 2392 1657 2427; x_wconf 91' lang='lat'><strong>:</strong></span> <span class='ocrx_word' id='word_1_188' title='bbox 1698 2369 1921 2425; x_wconf 87' lang='lat' dir='ltr'><strong>Lucrum</strong></span> <span class='ocrx_word' id='word_1_189' title='bbox 1946 2376 2019 2421; x_wconf 87' lang='lat' dir='ltr'><strong>est</strong></span> <span class='ocrx_word' id='word_1_190' title='bbox 2046 2367 2154 2436; x_wconf 81' lang='lat' dir='ltr'><strong>pic-</strong></span> 
     </span>
    </p>
   </div>
   <div class='ocr_carea' id='block_1_25' title="bbox 545 2458 2148 2551">
    <p class='ocr_par' dir='ltr' id='par_1_25' title="bbox 545 2458 2148 2551">
     <span class='ocr_line' id='line_1_25' title="bbox 545 2458 2148 2551; baseline -0.012 -18"><span class='ocrx_word' id='word_1_191' title='bbox 545 2480 662 2534; x_wconf 90' lang='lat' dir='ltr'><strong>tatis</strong></span> <span class='ocrx_word' id='word_1_192' title='bbox 690 2481 856 2551; x_wconf 79' lang='lat' dir='ltr'><strong>facere</strong></span> <span class='ocrx_word' id='word_1_193' title='bbox 883 2480 1140 2545; x_wconf 86' lang='lat' dir='ltr'><strong>sumptum</strong></span> <span class='ocrx_word' id='word_1_194' title='bbox 1165 2467 1386 2543; x_wconf 87' lang='lat' dir='ltr'><strong>(Tertul.</strong></span> <span class='ocrx_word' id='word_1_195' title='bbox 1423 2466 1579 2537; x_wconf 81' lang='lat' dir='ltr'><strong>Apol.</strong></span> <span class='ocrx_word' id='word_1_196' title='bbox 1611 2480 1659 2518; x_wconf 91' lang='lat' dir='ltr'><strong>c.</strong></span> <span class='ocrx_word' id='word_1_197' title='bbox 1691 2462 1784 2529; x_wconf 79' lang='lat'><strong>&#39;59,</strong></span> <span class='ocrx_word' id='word_1_198' title='bbox 1818 2477 1938 2539; x_wconf 80' lang='lat' dir='ltr'><strong>pag.</strong></span> <span class='ocrx_word' id='word_1_199' title='bbox 1972 2459 2082 2515; x_wconf 63' lang='lat'><strong>475</strong></span> <span class='ocrx_word' id='word_1_200' title='bbox 2103 2458 2148 2529; x_wconf 96' lang='lat'><strong>).</strong></span> 
     </span>
    </p>
   </div>
   <div class='ocr_carea' id='block_1_26' title="bbox 545 2555 2152 2630">
    <p class='ocr_par' dir='ltr' id='par_1_26' title="bbox 545 2555 2152 2630">
     <span class='ocr_line' id='line_1_26' title="bbox 545 2555 2152 2630; baseline -0.012 -4"><span class='ocrx_word' id='word_1_201' title='bbox 545 2570 773 2627; x_wconf 87' lang='lat' dir='ltr'><strong>Tantum</strong></span> <span class='ocrx_word' id='word_1_202' title='bbox 804 2583 934 2625; x_wconf 86' lang='lat' dir='ltr'><strong>vero</strong></span> <span class='ocrx_word' id='word_1_203' title='bbox 964 2565 1167 2630; x_wconf 85' lang='lat' dir='ltr'><strong>aberat,</strong></span> <span class='ocrx_word' id='word_1_204' title='bbox 1221 2570 1277 2618; x_wconf 90' lang='lat' dir='ltr'><strong>ut</strong></span> <span class='ocrx_word' id='word_1_205' title='bbox 1308 2557 1600 2615; x_wconf 87' lang='lat' dir='ltr'><strong>Christiani</strong></span> <span class='ocrx_word' id='word_1_206' title='bbox 1646 2557 1701 2611; x_wconf 90' lang='lat' dir='ltr'><strong>in</strong></span> <span class='ocrx_word' id='word_1_207' title='bbox 1750 2555 1891 2610; x_wconf 88' lang='lat' dir='ltr'><strong>hanc</strong></span> <span class='ocrx_word' id='word_1_208' title='bbox 1940 2564 2152 2609; x_wconf 74' lang='lat' dir='ltr'><strong>cmnam</strong></span> 
     </span>
    </p>
   </div>
   <div class='ocr_carea' id='block_1_27' title="bbox 544 2646 2155 2735">
    <p class='ocr_par' dir='ltr' id='par_1_27' title="bbox 544 2646 2155 2735">
     <span class='ocr_line' id='line_1_27' title="bbox 544 2646 2155 2735; baseline -0.012 -16"><span class='ocrx_word' id='word_1_209' title='bbox 544 2671 789 2734; x_wconf 91' lang='lat' dir='ltr'><strong>sumptus</strong></span> <span class='ocrx_word' id='word_1_210' title='bbox 821 2660 1082 2735; x_wconf 69' lang='lat' dir='ltr'><strong>maximos</strong></span> <span class='ocrx_word' id='word_1_211' title='bbox 1103 2657 1362 2721; x_wconf 88' lang='lat' dir='ltr'><strong>facerent,</strong></span> <span class='ocrx_word' id='word_1_212' title='bbox 1382 2663 1440 2708; x_wconf 91' lang='lat' dir='ltr'><strong>ut</strong></span> <span class='ocrx_word' id='word_1_213' title='bbox 1465 2664 1675 2707; x_wconf 90' lang='lat' dir='ltr'><strong>summa</strong></span> <span class='ocrx_word' id='word_1_214' title='bbox 1700 2664 1830 2705; x_wconf 89' lang='lat' dir='ltr'><strong>sane</strong></span> <span class='ocrx_word' id='word_1_215' title='bbox 1853 2646 2155 2718; x_wconf 78' lang='lat' dir='ltr'><strong>frugalitate</strong></span> 
     </span>
    </p>
   </div>
   <div class='ocr_carea' id='block_1_28' title="bbox 545 2744 2154 2830">
    <p class='ocr_par' dir='ltr' id='par_1_28' title="bbox 545 2744 2154 2830">
     <span class='ocr_line' id='line_1_28' title="bbox 545 2744 2154 2830; baseline -0.011 -17"><span class='ocrx_word' id='word_1_216' title='bbox 545 2774 609 2830; x_wconf 83' lang='lat' dir='ltr'><strong>ac</strong></span> <span class='ocrx_word' id='word_1_217' title='bbox 644 2756 906 2813; x_wconf 87' lang='lat' dir='ltr'><strong>modestia</strong></span> <span class='ocrx_word' id='word_1_218' title='bbox 946 2752 1292 2826; x_wconf 77' lang='lat' dir='ltr'><strong>przeberetnr.</strong></span> <span class='ocrx_word' id='word_1_219' title='bbox 1328 2749 1618 2804; x_wconf 82' lang='lat' dir='ltr'><strong>Enimvero</strong></span> <span class='ocrx_word' id='word_1_220' title='bbox 1655 2744 1789 2800; x_wconf 87' lang='lat' dir='ltr'><strong>nihil</strong></span> <span class='ocrx_word' id='word_1_221' title='bbox 1827 2744 2154 2813; x_wconf 85' lang='lat' dir='ltr'><strong>intempera-</strong></span> 
     </span>
    </p>
   </div>
   <div class='ocr_carea' id='block_1_29' title="bbox 548 2835 2152 2909">
    <p class='ocr_par' dir='ltr' id='par_1_29' title="bbox 548 2835 2152 2909">
     <span class='ocr_line' id='line_1_29' title="bbox 548 2835 2152 2909; baseline -0.011 -3"><span class='ocrx_word' id='word_1_222' title='bbox 548 2861 660 2906; x_wconf 90' lang='lat' dir='ltr'><strong>tum</strong></span> <span class='ocrx_word' id='word_1_223' title='bbox 689 2858 783 2903; x_wconf 89' lang='lat' dir='ltr'><strong>aut</strong></span> <span class='ocrx_word' id='word_1_224' title='bbox 819 2847 1250 2909; x_wconf 87' lang='lat' dir='ltr'><strong>immoderatum,</strong></span> <span class='ocrx_word' id='word_1_225' title='bbox 1297 2840 1404 2908; x_wconf 83' lang='lat' dir='ltr'><strong>vel,</strong></span> <span class='ocrx_word' id='word_1_226' title='bbox 1451 2840 1590 2895; x_wconf 87' lang='lat' dir='ltr'><strong>sicut</strong></span> <span class='ocrx_word' id='word_1_227' title='bbox 1641 2838 1717 2894; x_wconf 88' lang='lat' dir='ltr'><strong>ait</strong></span> <span class='ocrx_word' id='word_1_228' title='bbox 1770 2835 2152 2902; x_wconf 84' lang='lat' dir='ltr'><strong>Tertullianus,</strong></span> 
     </span>
    </p>
   </div>
   <div class='ocr_carea' id='block_1_30' title="bbox 548 2928 2156 3007">
    <p class='ocr_par' dir='ltr' id='par_1_30' title="bbox 548 2928 2156 3007">
     <span class='ocr_line' id='line_1_30' title="bbox 548 2928 2156 3007; baseline -0.009 -10"><span class='ocrx_word' id='word_1_229' title='bbox 548 2942 675 2997; x_wconf 84' lang='lat' dir='ltr'><strong>nihil</strong></span> <span class='ocrx_word' id='word_1_230' title='bbox 702 2941 929 3007; x_wconf 82' lang='lat' dir='ltr'><strong>vilitatis,</strong></span> <span class='ocrx_word' id='word_1_231' title='bbox 957 2938 1088 2993; x_wconf 80' lang='lat' dir='ltr'><strong>nihil</strong></span> <span class='ocrx_word' id='word_1_232' title='bbox 1121 2928 1453 2992; x_wconf 75' lang='lat' dir='ltr'><strong>immodestia:</strong></span> <span class='ocrx_word' id='word_1_233' title='bbox 1476 2932 1697 2988; x_wconf 82' lang='lat' dir='ltr'><strong>admittit</strong></span> <span class='ocrx_word' id='word_1_234' title='bbox 1726 2929 1888 3003; x_wconf 84' lang='lat' dir='ltr'><strong>(Ibid.</strong></span> <span class='ocrx_word' id='word_1_235' title='bbox 1914 2946 1967 3001; x_wconf 92' lang='lat' dir='ltr'><strong>p.</strong></span> <span class='ocrx_word' id='word_1_236' title='bbox 1999 2928 2156 3000; x_wconf 68' lang='lat'><strong>477).</strong></span> 
     </span>
    </p>
   </div>
   <div class='ocr_carea' id='block_1_31' title="bbox 548 3010 2163 3101">
    <p class='ocr_par' dir='ltr' id='par_1_31' title="bbox 548 3010 2163 3101">
     <span class='ocr_line' id='line_1_31' title="bbox 548 3010 2163 3101; baseline -0.009 -9"><span class='ocrx_word' id='word_1_237' title='bbox 548 3035 756 3092; x_wconf 88' lang='lat' dir='ltr'><strong>Nomen</strong></span> <span class='ocrx_word' id='word_1_238' title='bbox 803 3041 985 3089; x_wconf 88' lang='lat' dir='ltr'><strong>autem</strong></span> <span class='ocrx_word' id='word_1_239' title='bbox 1014 3031 1110 3086; x_wconf 86' lang='lat' dir='ltr'><strong>vile</strong></span> <span class='ocrx_word' id='word_1_240' title='bbox 1156 3010 1447 3101; x_wconf 85' lang='lat' dir='ltr'><strong>aliquando</strong></span> <span class='ocrx_word' id='word_1_241' title='bbox 1484 3027 1713 3084; x_wconf 89' lang='lat' dir='ltr'><strong>sumitur</strong></span> <span class='ocrx_word' id='word_1_242' title='bbox 1742 3040 1838 3097; x_wconf 91' lang='lat' dir='ltr'><strong>pro</strong></span> <span class='ocrx_word' id='word_1_243' title='bbox 1863 3021 2081 3080; x_wconf 87' lang='lat' dir='ltr'><strong>sordido</strong></span> <span class='ocrx_word' id='word_1_244' title='bbox 2106 3027 2163 3079; x_wconf 91' lang='lat' dir='ltr'><strong>et</strong></span> 
     </span>
    </p>
   </div>
   <div class='ocr_carea' id='block_1_32' title="bbox 549 3118 2165 3201">
    <p class='ocr_par' dir='ltr' id='par_1_32' title="bbox 549 3118 2165 3201">
     <span class='ocr_line' id='line_1_32' title="bbox 549 3118 2165 3201; baseline -0.011 -14"><span class='ocrx_word' id='word_1_245' title='bbox 549 3131 783 3201; x_wconf 87' lang='lat' dir='ltr'><strong>abjecto,</strong></span> <span class='ocrx_word' id='word_1_246' title='bbox 831 3125 1121 3198; x_wconf 82' lang='lat' dir='ltr'><strong>aliquando</strong></span> <span class='ocrx_word' id='word_1_247' title='bbox 1154 3124 1311 3178; x_wconf 89' lang='lat' dir='ltr'><strong>etiam</strong></span> <span class='ocrx_word' id='word_1_248' title='bbox 1344 3136 1440 3194; x_wconf 93' lang='lat' dir='ltr'><strong>pro</strong></span> <span class='ocrx_word' id='word_1_249' title='bbox 1470 3118 1801 3184; x_wconf 84' lang='lat' dir='ltr'><strong>abundanti;</strong></span> <span class='ocrx_word' id='word_1_250' title='bbox 1847 3132 1953 3189; x_wconf 91' lang='lat' dir='ltr'><strong>quo</strong></span> <span class='ocrx_word' id='word_1_251' title='bbox 2000 3130 2165 3171; x_wconf 90' lang='lat' dir='ltr'><strong>sensu</strong></span> 
     </span>
    </p>
   </div>
   <div class='ocr_carea' id='block_1_33' title="bbox 547 3211 1850 3292">
    <p class='ocr_par' dir='ltr' id='par_1_33' title="bbox 547 3211 1850 3292">
     <span class='ocr_line' id='line_1_33' title="bbox 547 3211 1850 3292; baseline -0.012 -12"><span class='ocrx_word' id='word_1_252' title='bbox 547 3224 683 3280; x_wconf 75' lang='lat' dir='ltr'><strong>dixit</strong></span> <span class='ocrx_word' id='word_1_253' title='bbox 733 3219 985 3292; x_wconf 83' lang='lat' dir='ltr'><strong>Vitgilius</strong></span> <span class='ocrx_word' id='word_1_254' title='bbox 1023 3217 1267 3288; x_wconf 82' lang='lat' dir='ltr'><strong>vilemque</strong></span> <span class='ocrx_word' id='word_1_255' title='bbox 1314 3215 1582 3286; x_wconf 79' lang='lat' dir='ltr'><strong>phaselum</strong></span> <span class='ocrx_word' id='word_1_256' title='bbox 1634 3211 1850 3287; x_wconf 80' lang='lat' dir='ltr'><strong>(Virgil.</strong></span> 
     </span>
    </p>
   </div>
   <div class='ocr_carea' id='block_1_34' title="bbox 550 3302 2151 3384">
    <p class='ocr_par' dir='ltr' id='par_1_34' title="bbox 550 3302 2151 3384">
     <span class='ocr_line' id='line_1_34' title="bbox 550 3302 2151 3384; baseline -0.007 -14"><span class='ocrx_word' id='word_1_257' title='bbox 550 3332 598 3370; x_wconf 85' lang='grc' dir='ltr'><strong>υ.</strong></span> <span class='ocrx_word' id='word_1_258' title='bbox 644 3314 799 3384; x_wconf 77' lang='grc'><strong>257),</strong></span> <span class='ocrx_word' id='word_1_259' title='bbox 826 3312 879 3369; x_wconf 88' lang='lat' dir='ltr'><strong>id</strong></span> <span class='ocrx_word' id='word_1_260' title='bbox 912 3319 1010 3377; x_wconf 89' lang='lat' dir='ltr'><strong>est,</strong></span> <span class='ocrx_word' id='word_1_261' title='bbox 1043 3318 1100 3365; x_wconf 91' lang='lat' dir='ltr'><strong>ut</strong></span> <span class='ocrx_word' id='word_1_262' title='bbox 1124 3307 1499 3365; x_wconf 74' lang='lat' dir='ltr'><strong>animadvertit</strong></span> <span class='ocrx_word' id='word_1_263' title='bbox 1525 3305 1764 3370; x_wconf 83' lang='lat' dir='ltr'><strong>Servius,</strong></span> <span class='ocrx_word' id='word_1_264' title='bbox 1792 3302 2151 3359; x_wconf 83' lang='lat' dir='ltr'><strong>abundantem.</strong></span> 
     </span>
    </p>
   </div>
   <div class='ocr_carea' id='block_1_35' title="bbox 550 3399 2156 3481">
    <p class='ocr_par' dir='ltr' id='par_1_35' title="bbox 550 3399 2156 3481">
     <span class='ocr_line' id='line_1_35' title="bbox 550 3399 2156 3481; baseline -0.008 -17"><span class='ocrx_word' id='word_1_265' title='bbox 550 3408 693 3465; x_wconf 86' lang='lat' dir='ltr'><strong>Nam</strong></span> <span class='ocrx_word' id='word_1_266' title='bbox 721 3406 855 3481; x_wconf 84' lang='lat' dir='ltr'><strong>quod</strong></span> <span class='ocrx_word' id='word_1_267' title='bbox 884 3403 1131 3470; x_wconf 87' lang='lat' dir='ltr'><strong>abundat,</strong></span> <span class='ocrx_word' id='word_1_268' title='bbox 1157 3404 1254 3457; x_wconf 84' lang='lat' dir='ltr'><strong>vile</strong></span> <span class='ocrx_word' id='word_1_269' title='bbox 1278 3410 1351 3458; x_wconf 87' lang='lat' dir='ltr'><strong>est</strong></span> <span class='ocrx_word' id='word_1_270' title='bbox 1374 3419 1392 3467; x_wconf 91' lang='lat'><strong><em>;</em></strong></span> <span class='ocrx_word' id='word_1_271' title='bbox 1416 3407 1505 3455; x_wconf 88' lang='lat' dir='ltr'><strong>ttt:</strong></span> <span class='ocrx_word' id='word_1_272' title='bbox 1535 3399 1717 3453; x_wconf 82' lang='lat' dir='ltr'><strong>vilibus</strong></span> <span class='ocrx_word' id='word_1_273' title='bbox 1744 3404 1832 3452; x_wconf 87' lang='lat' dir='ltr'><strong>aut</strong></span> <span class='ocrx_word' id='word_1_274' title='bbox 1858 3405 2033 3452; x_wconf 88' lang='lat' dir='ltr'><strong>onerat</strong></span> <span class='ocrx_word' id='word_1_275' title='bbox 2058 3412 2156 3467; x_wconf 78' lang='lat' dir='ltr'><strong>po-</strong></span> 
     </span>
    </p>
   </div>
   <div class='ocr_carea' id='block_1_36' title="bbox 549 3491 2158 3565">
    <p class='ocr_par' dir='ltr' id='par_1_36' title="bbox 549 3491 2158 3565">
     <span class='ocr_line' id='line_1_36' title="bbox 549 3491 2158 3565; baseline -0.009 -8"><span class='ocrx_word' id='word_1_276' title='bbox 549 3504 669 3557; x_wconf 86' lang='lat' dir='ltr'><strong>mis.</strong></span> <span class='ocrx_word' id='word_1_277' title='bbox 751 3501 822 3554; x_wconf 89' lang='lat' dir='ltr'><strong>At</strong></span> <span class='ocrx_word' id='word_1_278' title='bbox 854 3497 899 3554; x_wconf 89' lang='lat' dir='ltr'><strong>si</strong></span> <span class='ocrx_word' id='word_1_279' title='bbox 930 3497 1033 3552; x_wconf 93' lang='lat' dir='ltr'><strong>hoc</strong></span> <span class='ocrx_word' id='word_1_280' title='bbox 1062 3495 1344 3565; x_wconf 85' lang='lat' dir='ltr'><strong>posteriori</strong></span> <span class='ocrx_word' id='word_1_281' title='bbox 1393 3491 1693 3563; x_wconf 81' lang='lat' dir='ltr'><strong>significatu</strong></span> <span class='ocrx_word' id='word_1_282' title='bbox 1740 3491 1942 3545; x_wconf 89' lang='lat' dir='ltr'><strong>Auctor</strong></span> <span class='ocrx_word' id='word_1_283' title='bbox 1974 3495 2158 3543; x_wconf 87' lang='lat' dir='ltr'><strong>noster</strong></span> 
     </span>
    </p>
   </div>
   <div class='ocr_carea' id='block_1_37' title="bbox 546 3579 2155 3661">
    <p class='ocr_par' dir='ltr' id='par_1_37' title="bbox 546 3579 2155 3661">
     <span class='ocr_line' id='line_1_37' title="bbox 546 3579 2155 3661; baseline -0.007 -13"><span class='ocrx_word' id='word_1_284' title='bbox 546 3591 677 3649; x_wconf 88' lang='lat' dir='ltr'><strong>illud</strong></span> <span class='ocrx_word' id='word_1_285' title='bbox 708 3605 904 3646; x_wconf 89' lang='lat' dir='ltr'><strong>nomen</strong></span> <span class='ocrx_word' id='word_1_286' title='bbox 930 3588 1155 3658; x_wconf 88' lang='lat' dir='ltr'><strong>accepit,</strong></span> <span class='ocrx_word' id='word_1_287' title='bbox 1197 3599 1387 3641; x_wconf 87' lang='lat' dir='ltr'><strong>sensus</strong></span> <span class='ocrx_word' id='word_1_288' title='bbox 1413 3583 1558 3639; x_wconf 91' lang='lat' dir='ltr'><strong>illius</strong></span> <span class='ocrx_word' id='word_1_289' title='bbox 1600 3583 1702 3638; x_wconf 87' lang='lat' dir='ltr'><strong>erit</strong></span> <span class='ocrx_word' id='word_1_290' title='bbox 1738 3581 1869 3636; x_wconf 89' lang='lat' dir='ltr'><strong>nihil</strong></span> <span class='ocrx_word' id='word_1_291' title='bbox 1900 3584 1952 3636; x_wconf 93' lang='lat' dir='ltr'><strong>in</strong></span> <span class='ocrx_word' id='word_1_292' title='bbox 1979 3579 2155 3661; x_wconf 65' lang='lat' dir='ltr'><strong>chris-</strong></span> 
     </span>
    </p>
   </div>
   <div class='ocr_carea' id='block_1_38' title="bbox 547 3671 2155 3747">
    <p class='ocr_par' dir='ltr' id='par_1_38' title="bbox 547 3671 2155 3747">
     <span class='ocr_line' id='line_1_38' title="bbox 547 3671 2155 3747; baseline -0.007 -9"><span class='ocrx_word' id='word_1_293' title='bbox 547 3684 814 3739; x_wconf 88' lang='lat' dir='ltr'><strong>tianorum</strong></span> <span class='ocrx_word' id='word_1_294' title='bbox 847 3696 998 3736; x_wconf 74' lang='lat' dir='ltr'><strong>omna</strong></span> <span class='ocrx_word' id='word_1_295' title='bbox 1024 3677 1191 3734; x_wconf 85' lang='lat' dir='ltr'><strong>fuisse</strong></span> <span class='ocrx_word' id='word_1_296' title='bbox 1220 3674 1550 3747; x_wconf 85' lang='lat' dir='ltr'><strong>superﬂuum</strong></span> <span class='ocrx_word' id='word_1_297' title='bbox 1589 3682 1644 3730; x_wconf 87' lang='lat' dir='ltr'><strong>et</strong></span> <span class='ocrx_word' id='word_1_298' title='bbox 1671 3673 1998 3729; x_wconf 89' lang='lat' dir='ltr'><strong>redundans.</strong></span> <span class='ocrx_word' id='word_1_299' title='bbox 2043 3671 2155 3728; x_wconf 78' lang='lat' dir='ltr'><strong>No~</strong></span> 
     </span>
    </p>
   </div>
   <div class='ocr_carea' id='block_1_39' title="bbox 546 3766 2173 3841">
    <p class='ocr_par' dir='ltr' id='par_1_39' title="bbox 546 3766 2173 3841">
     <span class='ocr_line' id='line_1_39' title="bbox 546 3766 2173 3841; baseline -0.007 -9"><span class='ocrx_word' id='word_1_300' title='bbox 546 3776 630 3833; x_wconf 91' lang='lat' dir='ltr'><strong>bis</strong></span> <span class='ocrx_word' id='word_1_301' title='bbox 658 3785 835 3830; x_wconf 89' lang='lat' dir='ltr'><strong>tamen</strong></span> <span class='ocrx_word' id='word_1_302' title='bbox 866 3773 1073 3828; x_wconf 88' lang='lat' dir='ltr'><strong>facilius</strong></span> <span class='ocrx_word' id='word_1_303' title='bbox 1100 3768 1509 3841; x_wconf 88' lang='lat' dir='ltr'><strong>persuadebitur</strong></span> <span class='ocrx_word' id='word_1_304' title='bbox 1531 3768 1851 3839; x_wconf 89' lang='lat' dir='ltr'><strong>adjectivum</strong></span> <span class='ocrx_word' id='word_1_305' title='bbox 1887 3767 2016 3822; x_wconf 89' lang='lat' dir='ltr'><strong>illud</strong></span> <span class='ocrx_word' id='word_1_306' title='bbox 2061 3766 2173 3837; x_wconf 57' lang='lat' dir='ltr'><strong>vile</strong></span> 
     </span>
    </p>
   </div>
   <div class='ocr_carea' id='block_1_40' title="bbox 548 3858 2155 3939">
    <p class='ocr_par' dir='ltr' id='par_1_40' title="bbox 548 3858 2155 3939">
     <span class='ocr_line' id='line_1_40' title="bbox 548 3858 2155 3939; baseline -0.007 -14"><span class='ocrx_word' id='word_1_307' title='bbox 548 3867 791 3925; x_wconf 86' lang='lat' dir='ltr'><strong>adhiberi</strong></span> <span class='ocrx_word' id='word_1_308' title='bbox 818 3867 986 3939; x_wconf 88' lang='lat' dir='ltr'><strong>priori</strong></span> <span class='ocrx_word' id='word_1_309' title='bbox 1034 3880 1199 3920; x_wconf 85' lang='lat' dir='ltr'><strong>sensu</strong></span> <span class='ocrx_word' id='word_1_310' title='bbox 1227 3878 1324 3934; x_wconf 87' lang='lat' dir='ltr'><strong>pro</strong></span> <span class='ocrx_word' id='word_1_311' title='bbox 1351 3861 1574 3918; x_wconf 87' lang='lat' dir='ltr'><strong>sordido</strong></span> <span class='ocrx_word' id='word_1_312' title='bbox 1602 3868 1658 3917; x_wconf 89' lang='lat' dir='ltr'><strong>et</strong></span> <span class='ocrx_word' id='word_1_313' title='bbox 1685 3859 1916 3931; x_wconf 87' lang='lat' dir='ltr'><strong>ahjccto.</strong></span> <span class='ocrx_word' id='word_1_314' title='bbox 1967 3858 2155 3914; x_wconf 81' lang='lat' dir='ltr'><strong>Chris-</strong></span> 
     </span>
    </p>
   </div>
   <div class='ocr_carea' id='block_1_41' title="bbox 548 3952 2153 4027">
    <p class='ocr_par' dir='ltr' id='par_1_41' title="bbox 548 3952 2153 4027">
     <span class='ocr_line' id='line_1_41' title="bbox 548 3952 2153 4027; baseline -0.005 -10"><span class='ocrx_word' id='word_1_315' title='bbox 548 3962 814 4017; x_wconf 88' lang='lat' dir='ltr'><strong>tianorum</strong></span> <span class='ocrx_word' id='word_1_316' title='bbox 857 3958 1000 4016; x_wconf 89' lang='lat' dir='ltr'><strong>enim</strong></span> <span class='ocrx_word' id='word_1_317' title='bbox 1043 3972 1256 4014; x_wconf 79' lang='lat' dir='ltr'><strong>cmnam</strong></span> <span class='ocrx_word' id='word_1_318' title='bbox 1295 3954 1519 4026; x_wconf 86' lang='lat' dir='ltr'><strong>opponit</strong></span> <span class='ocrx_word' id='word_1_319' title='bbox 1540 3953 1821 4027; x_wconf 84' lang='lat' dir='ltr'><strong>gentilium</strong></span> <span class='ocrx_word' id='word_1_320' title='bbox 1871 3952 2153 4022; x_wconf 87' lang='lat' dir='ltr'><strong>conviviis,</strong></span> 
     </span>
    </p>
   </div>
   <div class='ocr_carea' id='block_1_42' title="bbox 550 4046 2157 4129">
    <p class='ocr_par' dir='ltr' id='par_1_42' title="bbox 550 4046 2157 4129">
     <span class='ocr_line' id='line_1_42' title="bbox 550 4046 2157 4129; baseline -0.007 -15"><span class='ocrx_word' id='word_1_321' title='bbox 550 4058 605 4113; x_wconf 92' lang='lat' dir='ltr'><strong>in</strong></span> <span class='ocrx_word' id='word_1_322' title='bbox 625 4057 820 4129; x_wconf 90' lang='lat' dir='ltr'><strong>quibus</strong></span> <span class='ocrx_word' id='word_1_323' title='bbox 836 4053 1062 4111; x_wconf 81' lang='lat' dir='ltr'><strong>infames</strong></span> <span class='ocrx_word' id='word_1_324' title='bbox 1081 4052 1321 4124; x_wconf 87' lang='lat' dir='ltr'><strong>parasiti,</strong></span> <span class='ocrx_word' id='word_1_325' title='bbox 1345 4050 1622 4107; x_wconf 86' lang='lat' dir='ltr'><strong>hominum</strong></span> <span class='ocrx_word' id='word_1_326' title='bbox 1650 4048 1890 4105; x_wconf 90' lang='lat' dir='ltr'><strong>omnium</strong></span> <span class='ocrx_word' id='word_1_327' title='bbox 1908 4046 2157 4104; x_wconf 86' lang='lat' dir='ltr'><strong>vilissimi</strong></span> 
     </span>
    </p>
   </div>
   <div class='ocr_carea' id='block_1_43' title="bbox 548 4143 2156 4217">
    <p class='ocr_par' dir='ltr' id='par_1_43' title="bbox 548 4143 2156 4217">
     <span class='ocr_line' id='line_1_43' title="bbox 548 4143 2156 4217; baseline -0.007 -9"><span class='ocrx_word' id='word_1_328' title='bbox 548 4150 1063 4217; x_wconf 88' lang='lat' dir='ltr'><strong>admittebantur,ad</strong></span> <span class='ocrx_word' id='word_1_329' title='bbox 1091 4145 1444 4211; x_wconf 86' lang='lat' dir='ltr'><strong>contumelias,</strong></span> <span class='ocrx_word' id='word_1_330' title='bbox 1476 4144 1634 4201; x_wconf 88' lang='lat' dir='ltr'><strong>sicuti</strong></span> <span class='ocrx_word' id='word_1_331' title='bbox 1660 4143 1753 4199; x_wconf 86' lang='lat' dir='ltr'><strong>ille</strong></span> <span class='ocrx_word' id='word_1_332' title='bbox 1782 4143 2037 4214; x_wconf 85' lang='lat' dir='ltr'><strong>loquitur,</strong></span> <span class='ocrx_word' id='word_1_333' title='bbox 2069 4156 2156 4197; x_wconf 87' lang='lat' dir='ltr'><strong>sa-</strong></span> 
     </span>
    </p>
   </div>
   <div class='ocr_carea' id='block_1_44' title="bbox 547 4236 2153 4318">
    <p class='ocr_par' dir='ltr' id='par_1_44' title="bbox 547 4236 2153 4318">
     <span class='ocr_line' id='line_1_44' title="bbox 547 4236 2153 4318; baseline -0.006 -18"><span class='ocrx_word' id='word_1_334' title='bbox 547 4244 788 4318; x_wconf 87' lang='lat' dir='ltr'><strong>ginandi.</strong></span> <span class='ocrx_word' id='word_1_335' title='bbox 837 4242 982 4298; x_wconf 85' lang='lat' dir='ltr'><strong>Nihil</strong></span> <span class='ocrx_word' id='word_1_336' title='bbox 1009 4241 1173 4299; x_wconf 90' lang='lat' dir='ltr'><strong>etiam</strong></span> <span class='ocrx_word' id='word_1_337' title='bbox 1225 4239 1559 4296; x_wconf 66' lang='lat' dir='ltr'><strong>immodestiae</strong></span> <span class='ocrx_word' id='word_1_338' title='bbox 1613 4238 1670 4292; x_wconf 92' lang='lat' dir='ltr'><strong>in</strong></span> <span class='ocrx_word' id='word_1_339' title='bbox 1696 4236 1783 4292; x_wconf 91' lang='lat' dir='ltr'><strong>illa</strong></span> <span class='ocrx_word' id='word_1_340' title='bbox 1809 4236 2153 4305; x_wconf 87' lang='lat' dir='ltr'><strong>cernebatur,</strong></span> 
     </span>
    </p>
   </div>
   <div class='ocr_carea' id='block_1_45' title="bbox 547 4330 2156 4410">
    <p class='ocr_par' dir='ltr' id='par_1_45' title="bbox 547 4330 2156 4410">
     <span class='ocr_line' id='line_1_45' title="bbox 547 4330 2156 4410; baseline -0.006 -15"><span class='ocrx_word' id='word_1_341' title='bbox 547 4348 707 4409; x_wconf 89' lang='lat' dir='ltr'><strong>atque</strong></span> <span class='ocrx_word' id='word_1_342' title='bbox 751 4337 910 4410; x_wconf 87' lang='lat' dir='ltr'><strong>plane</strong></span> <span class='ocrx_word' id='word_1_343' title='bbox 958 4336 1295 4407; x_wconf 86' lang='lat' dir='ltr'><strong>discrepabat</strong></span> <span class='ocrx_word' id='word_1_344' title='bbox 1322 4352 1352 4391; x_wconf 93' lang='lat' dir='ltr'><strong>a</strong></span> <span class='ocrx_word' id='word_1_345' title='bbox 1379 4332 1695 4390; x_wconf 87' lang='lat' dir='ltr'><strong>memoratis</strong></span> <span class='ocrx_word' id='word_1_346' title='bbox 1722 4331 1790 4387; x_wconf 89' lang='lat' dir='ltr'><strong>ab</strong></span> <span class='ocrx_word' id='word_1_347' title='bbox 1834 4332 1924 4387; x_wconf 91' lang='lat' dir='ltr'><strong>illo</strong></span> <span class='ocrx_word' id='word_1_348' title='bbox 1954 4330 2156 4387; x_wconf 89' lang='lat' dir='ltr'><strong>ibidem</strong></span> 
     </span>
    </p>
   </div>
   <div class='ocr_carea' id='block_1_46' title="bbox 546 4422 2157 4505">
    <p class='ocr_par' dir='ltr' id='par_1_46' title="bbox 546 4422 2157 4505">
     <span class='ocr_line' id='line_1_46' title="bbox 546 4422 2157 4505; baseline -0.007 -16"><span class='ocrx_word' id='word_1_349' title='bbox 546 4432 823 4505; x_wconf 76' lang='lat' dir='ltr'><strong>gentilium</strong></span> <span class='ocrx_word' id='word_1_350' title='bbox 840 4430 1034 4502; x_wconf 87' lang='lat' dir='ltr'><strong>epulis,</strong></span> <span class='ocrx_word' id='word_1_351' title='bbox 1058 4428 1113 4486; x_wconf 84' lang='lat' dir='ltr'><strong>et</strong></span> <span class='ocrx_word' id='word_1_352' title='bbox 1133 4426 1575 4496; x_wconf 88' lang='lat' dir='ltr'><strong>Bacchanalibus,</strong></span> <span class='ocrx_word' id='word_1_353' title='bbox 1605 4425 1674 4482; x_wconf 91' lang='lat' dir='ltr'><strong>de</strong></span> <span class='ocrx_word' id='word_1_354' title='bbox 1695 4424 1887 4498; x_wconf 89' lang='lat' dir='ltr'><strong>quibus</strong></span> <span class='ocrx_word' id='word_1_355' title='bbox 1908 4438 2006 4480; x_wconf 92' lang='lat' dir='ltr'><strong>nos</strong></span> <span class='ocrx_word' id='word_1_356' title='bbox 2027 4422 2157 4479; x_wconf 89' lang='lat' dir='ltr'><strong>alibi</strong></span> 
     </span>
    </p>
   </div>
   <div class='ocr_carea' id='block_1_47' title="bbox 546 4523 1279 4596">
    <p class='ocr_par' dir='ltr' id='par_1_47' title="bbox 546 4523 1279 4596">
     <span class='ocr_line' id='line_1_47' title="bbox 546 4523 1279 4596; baseline -0.01 -13"><span class='ocrx_word' id='word_1_357' title='bbox 546 4534 602 4583; x_wconf 91' lang='lat' dir='ltr'><strong>et</strong></span> <span class='ocrx_word' id='word_1_358' title='bbox 626 4525 763 4581; x_wconf 83' lang='lat' dir='ltr'><strong>infra</strong></span> <span class='ocrx_word' id='word_1_359' title='bbox 789 4524 965 4582; x_wconf 89' lang='lat' dir='ltr'><strong>adhuc</strong></span> <span class='ocrx_word' id='word_1_360' title='bbox 988 4523 1279 4596; x_wconf 82' lang='lat' dir='ltr'><strong>agendum.</strong></span> 
     </span>
    </p>
   </div>
   <div class='ocr_carea' id='block_1_48' title="bbox 2244 501 3852 576">
    <p class='ocr_par' dir='ltr' id='par_1_48' title="bbox 2244 501 3852 576">
     <span class='ocr_line' id='line_1_48' title="bbox 2244 501 3852 576; baseline 0.002 -16"><span class='ocrx_word' id='word_1_361' title='bbox 2244 506 2335 576; x_wconf 90' lang='lat' dir='ltr'><strong>qui</strong></span> <span class='ocrx_word' id='word_1_362' title='bbox 2366 504 2436 560; x_wconf 90' lang='lat' dir='ltr'><strong>ibi</strong></span> <span class='ocrx_word' id='word_1_363' title='bbox 2459 505 2526 558; x_wconf 90' lang='lat' dir='ltr'><strong>ad</strong></span> <span class='ocrx_word' id='word_1_364' title='bbox 2549 504 2665 575; x_wconf 91' lang='lat' dir='ltr'><strong>plus</strong></span> <span class='ocrx_word' id='word_1_365' title='bbox 2689 512 2780 558; x_wconf 91' lang='lat' dir='ltr'><strong>aut</strong></span> <span class='ocrx_word' id='word_1_366' title='bbox 2808 503 2985 558; x_wconf 89' lang='lat' dir='ltr'><strong>minus</strong></span> <span class='ocrx_word' id='word_1_367' title='bbox 3010 503 3398 569; x_wconf 85' lang='lat' dir='ltr'><strong>comedendum</strong></span> <span class='ocrx_word' id='word_1_368' title='bbox 3452 501 3852 576; x_wconf 76' lang='lat' dir='ltr'><strong>bibendumque</strong></span> 
     </span>
    </p>
   </div>
   <div class='ocr_carea' id='block_1_49' title="bbox 2244 594 3851 669">
    <p class='ocr_par' dir='ltr' id='par_1_49' title="bbox 2244 594 3851 669">
     <span class='ocr_line' id='line_1_49' title="bbox 2244 594 3851 669; baseline 0 -16"><span class='ocrx_word' id='word_1_369' title='bbox 2244 604 2544 669; x_wconf 74' lang='lat' dir='ltr'><strong>cogeretur.</strong></span> <span class='ocrx_word' id='word_1_370' title='bbox 2610 594 2748 664; x_wconf 83' lang='lat' dir='ltr'><strong>Quid</strong></span> <span class='ocrx_word' id='word_1_371' title='bbox 2774 610 2902 651; x_wconf 86' lang='lat' dir='ltr'><strong>vero</strong></span> <span class='ocrx_word' id='word_1_372' title='bbox 2925 596 2971 650; x_wconf 89' lang='lat' dir='ltr'><strong>si</strong></span> <span class='ocrx_word' id='word_1_373' title='bbox 2999 596 3248 650; x_wconf 83' lang='lat' dir='ltr'><strong>Auctoris</strong></span> <span class='ocrx_word' id='word_1_374' title='bbox 3296 595 3463 650; x_wconf 85' lang='lat' dir='ltr'><strong>nostri</strong></span> <span class='ocrx_word' id='word_1_375' title='bbox 3510 610 3706 652; x_wconf 85' lang='lat' dir='ltr'><strong>sensus</strong></span> <span class='ocrx_word' id='word_1_376' title='bbox 3755 597 3851 666; x_wconf 88' lang='lat' dir='ltr'><strong>sit,</strong></span> 
     </span>
    </p>
   </div>
   <div class='ocr_carea' id='block_1_50' title="bbox 2247 687 3850 760">
    <p class='ocr_par' dir='ltr' id='par_1_50' title="bbox 2247 687 3850 760">
     <span class='ocr_line' id='line_1_50' title="bbox 2247 687 3850 760; baseline 0.001 -16"><span class='ocrx_word' id='word_1_377' title='bbox 2247 698 2373 745; x_wconf 89' lang='lat' dir='ltr'><strong>tunc</strong></span> <span class='ocrx_word' id='word_1_378' title='bbox 2422 690 2722 744; x_wconf 88' lang='lat' dir='ltr'><strong>esurientes</strong></span> <span class='ocrx_word' id='word_1_379' title='bbox 2767 687 2949 744; x_wconf 84' lang='lat' dir='ltr'><strong>edisse</strong></span> <span class='ocrx_word' id='word_1_380' title='bbox 2984 704 3086 742; x_wconf 88' lang='lat' dir='ltr'><strong>non</strong></span> <span class='ocrx_word' id='word_1_381' title='bbox 3115 687 3267 753; x_wconf 88' lang='lat' dir='ltr'><strong>ultra,</strong></span> <span class='ocrx_word' id='word_1_382' title='bbox 3307 697 3367 741; x_wconf 90' lang='lat' dir='ltr'><strong>ut</strong></span> <span class='ocrx_word' id='word_1_383' title='bbox 3393 687 3621 758; x_wconf 85' lang='lat' dir='ltr'><strong>ipsemet</strong></span> <span class='ocrx_word' id='word_1_384' title='bbox 3666 699 3850 760; x_wconf 82' lang='lat' dir='ltr'><strong>postea</strong></span> 
     </span>
    </p>
   </div>
   <div class='ocr_carea' id='block_1_51' title="bbox 2243 779 3854 853">
    <p class='ocr_par' dir='ltr' id='par_1_51' title="bbox 2243 779 3854 853">
     <span class='ocr_line' id='line_1_51' title="bbox 2243 779 3854 853; baseline 0.001 -15"><span class='ocrx_word' id='word_1_385' title='bbox 2243 782 2479 852; x_wconf 86' lang='lat' dir='ltr'><strong>loquitur</strong></span> <span class='ocrx_word' id='word_1_386' title='bbox 2507 780 2668 853; x_wconf 88' lang='lat' dir='ltr'><strong>(Ibid.</strong></span> <span class='ocrx_word' id='word_1_387' title='bbox 2695 798 2811 851; x_wconf 89' lang='lat' dir='ltr'><strong>cap.</strong></span> <span class='ocrx_word' id='word_1_388' title='bbox 2836 780 2927 847; x_wconf 70' lang='lat'><strong>42,</strong></span> <span class='ocrx_word' id='word_1_389' title='bbox 2957 798 3079 851; x_wconf 86' lang='lat' dir='ltr'><strong>pug.</strong></span> <span class='ocrx_word' id='word_1_390' title='bbox 3100 779 3258 847; x_wconf 68' lang='grc'><strong>491),</strong></span> <span class='ocrx_word' id='word_1_391' title='bbox 3288 788 3381 834; x_wconf 88' lang='lat' dir='ltr'><strong>aut</strong></span> <span class='ocrx_word' id='word_1_392' title='bbox 3410 797 3678 851; x_wconf 78' lang='lat' dir='ltr'><strong>perperam</strong></span> <span class='ocrx_word' id='word_1_393' title='bbox 3707 799 3727 836; x_wconf 90' lang='lat'><strong>:</strong></span> <span class='ocrx_word' id='word_1_394' title='bbox 3757 784 3854 839; x_wconf 80' lang='lat' dir='ltr'><strong>sed</strong></span> 
     </span>
    </p>
   </div>
   <div class='ocr_carea' id='block_1_52' title="bbox 2246 871 3851 946">
    <p class='ocr_par' dir='ltr' id='par_1_52' title="bbox 2246 871 3851 946">
     <span class='ocr_line' id='line_1_52' title="bbox 2246 871 3851 946; baseline 0.002 -18"><span class='ocrx_word' id='word_1_395' title='bbox 2246 881 2502 946; x_wconf 87' lang='lat' dir='ltr'><strong>quantum</strong></span> <span class='ocrx_word' id='word_1_396' title='bbox 2548 872 2625 928; x_wconf 87' lang='lat' dir='ltr'><strong>illi</strong></span> <span class='ocrx_word' id='word_1_397' title='bbox 2666 873 2893 943; x_wconf 88' lang='lat' dir='ltr'><strong>capiunt,</strong></span> <span class='ocrx_word' id='word_1_398' title='bbox 2922 871 2990 927; x_wconf 88' lang='lat' dir='ltr'><strong>ad</strong></span> <span class='ocrx_word' id='word_1_399' title='bbox 3031 871 3229 927; x_wconf 81' lang='lat' dir='ltr'><strong>famem</strong></span> <span class='ocrx_word' id='word_1_400' title='bbox 3273 871 3525 927; x_wconf 87' lang='lat' dir='ltr'><strong>nimirum</strong></span> <span class='ocrx_word' id='word_1_401' title='bbox 3573 874 3851 932; x_wconf 85' lang='lat' dir='ltr'><strong>moderate</strong></span> 
     </span>
    </p>
   </div>
   <div class='ocr_carea' id='block_1_53' title="bbox 2246 963 3850 1036">
    <p class='ocr_par' dir='ltr' id='par_1_53' title="bbox 2246 963 3850 1036">
     <span class='ocr_line' id='line_1_53' title="bbox 2246 963 3850 1036; baseline 0.001 -15"><span class='ocrx_word' id='word_1_402' title='bbox 2246 964 2652 1034; x_wconf 87' lang='lat' dir='ltr'><strong>depellendam;</strong></span> <span class='ocrx_word' id='word_1_403' title='bbox 2679 973 2838 1035; x_wconf 84' lang='lat' dir='ltr'><strong>atque</strong></span> <span class='ocrx_word' id='word_1_404' title='bbox 2856 965 2925 1019; x_wconf 88' lang='lat' dir='ltr'><strong>ita</strong></span> <span class='ocrx_word' id='word_1_405' title='bbox 2948 972 3007 1018; x_wconf 88' lang='lat' dir='ltr'><strong>ut</strong></span> <span class='ocrx_word' id='word_1_406' title='bbox 3030 965 3096 1019; x_wconf 81' lang='lat' dir='ltr'><strong>ad</strong></span> <span class='ocrx_word' id='word_1_407' title='bbox 3115 963 3292 1018; x_wconf 88' lang='lat' dir='ltr'><strong>cibum</strong></span> <span class='ocrx_word' id='word_1_408' title='bbox 3318 974 3611 1036; x_wconf 88' lang='lat' dir='ltr'><strong>potumque</strong></span> <span class='ocrx_word' id='word_1_409' title='bbox 3630 981 3850 1024; x_wconf 58' lang='lat' dir='ltr'><strong>sumen.</strong></span> 
     </span>
    </p>
   </div>
   <div class='ocr_carea' id='block_1_54' title="bbox 2247 1055 3852 1126">
    <p class='ocr_par' dir='ltr' id='par_1_54' title="bbox 2247 1055 3852 1126">
     <span class='ocr_line' id='line_1_54' title="bbox 2247 1055 3852 1126; baseline 0.002 -14"><span class='ocrx_word' id='word_1_410' title='bbox 2247 1057 2374 1112; x_wconf 90' lang='lat' dir='ltr'><strong>dum</strong></span> <span class='ocrx_word' id='word_1_411' title='bbox 2404 1056 2725 1112; x_wconf 85' lang='lat' dir='ltr'><strong>necessitate</strong></span> <span class='ocrx_word' id='word_1_412' title='bbox 2744 1071 2849 1111; x_wconf 91' lang='lat' dir='ltr'><strong>non</strong></span> <span class='ocrx_word' id='word_1_413' title='bbox 2873 1056 3144 1126; x_wconf 86' lang='lat' dir='ltr'><strong>voluptate</strong></span> <span class='ocrx_word' id='word_1_414' title='bbox 3165 1055 3534 1112; x_wconf 85' lang='lat' dir='ltr'><strong>ducerentur?</strong></span> <span class='ocrx_word' id='word_1_415' title='bbox 3561 1056 3852 1115; x_wconf 61' lang='lat' dir='ltr'><strong>Contineno</strong></span> 
     </span>
    </p>
   </div>
   <div class='ocr_carea' id='block_1_55' title="bbox 2249 1146 3857 1219">
    <p class='ocr_par' dir='ltr' id='par_1_55' title="bbox 2249 1146 3857 1219">
     <span class='ocr_line' id='line_1_55' title="bbox 2249 1146 3857 1219; baseline 0.002 -16"><span class='ocrx_word' id='word_1_416' title='bbox 2249 1158 2331 1205; x_wconf 86' lang='lat' dir='ltr'><strong>ter</strong></span> <span class='ocrx_word' id='word_1_417' title='bbox 2360 1148 2503 1204; x_wconf 89' lang='lat' dir='ltr'><strong>enim</strong></span> <span class='ocrx_word' id='word_1_418' title='bbox 2533 1147 2841 1217; x_wconf 73' lang='lat' dir='ltr'><strong>subiunxit:</strong></span> <span class='ocrx_word' id='word_1_419' title='bbox 2885 1146 3103 1214; x_wconf 86' lang='lat' dir='ltr'><strong>Bibitur,</strong></span> <span class='ocrx_word' id='word_1_420' title='bbox 3128 1158 3374 1218; x_wconf 84' lang='lat' dir='ltr'><strong>quantum</strong></span> <span class='ocrx_word' id='word_1_421' title='bbox 3395 1150 3591 1219; x_wconf 79' lang='lat' dir='ltr'><strong>pudicis</strong></span> <span class='ocrx_word' id='word_1_422' title='bbox 3615 1152 3737 1206; x_wconf 83' lang='lat' dir='ltr'><strong>utile</strong></span> <span class='ocrx_word' id='word_1_423' title='bbox 3778 1161 3857 1207; x_wconf 81' lang='lat' dir='ltr'><strong>est</strong></span> 
     </span>
    </p>
   </div>
   <div class='ocr_carea' id='block_1_56' title="bbox 2250 1240 3859 1315">
    <p class='ocr_par' dir='ltr' id='par_1_56' title="bbox 2250 1240 3859 1315">
     <span class='ocr_line' id='line_1_56' title="bbox 2250 1240 3859 1315; baseline 0.002 -18"><span class='ocrx_word' id='word_1_424' title='bbox 2250 1241 2413 1314; x_wconf 87' lang='lat' dir='ltr'><strong>(Ibid.</strong></span> <span class='ocrx_word' id='word_1_425' title='bbox 2436 1256 2554 1313; x_wconf 88' lang='lat' dir='ltr'><strong>cap.</strong></span> <span class='ocrx_word' id='word_1_426' title='bbox 2585 1240 2673 1307; x_wconf 77' lang='grc'><strong>59,</strong></span> <span class='ocrx_word' id='word_1_427' title='bbox 2709 1257 2831 1312; x_wconf 85' lang='lat' dir='ltr'><strong>pag.</strong></span> <span class='ocrx_word' id='word_1_428' title='bbox 2855 1240 2959 1296; x_wconf 73' lang='grc'><strong>477</strong></span> <span class='ocrx_word' id='word_1_429' title='bbox 2980 1240 3024 1313; x_wconf 93' lang='grc'><strong>),</strong></span> <span class='ocrx_word' id='word_1_430' title='bbox 3058 1241 3162 1296; x_wconf 89' lang='lat' dir='ltr'><strong>hoc</strong></span> <span class='ocrx_word' id='word_1_431' title='bbox 3186 1248 3292 1309; x_wconf 81' lang='lat' dir='ltr'><strong>est,</strong></span> <span class='ocrx_word' id='word_1_432' title='bbox 3322 1256 3384 1296; x_wconf 89' lang='lat' dir='ltr'><strong>ea</strong></span> <span class='ocrx_word' id='word_1_433' title='bbox 3413 1242 3715 1311; x_wconf 85' lang='lat' dir='ltr'><strong>sobrietate,</strong></span> <span class='ocrx_word' id='word_1_434' title='bbox 3748 1259 3859 1315; x_wconf 81' lang='lat' dir='ltr'><strong>qua</strong></span> 
     </span>
    </p>
   </div>
   <div class='ocr_carea' id='block_1_57' title="bbox 2244 1332 3561 1406">
    <p class='ocr_par' dir='ltr' id='par_1_57' title="bbox 2244 1332 3561 1406">
     <span class='ocr_line' id='line_1_57' title="bbox 2244 1332 3561 1406; baseline -0.003 -13"><span class='ocrx_word' id='word_1_435' title='bbox 2244 1334 2504 1406; x_wconf 82' lang='lat' dir='ltr'><strong>pudicitia</strong></span> <span class='ocrx_word' id='word_1_436' title='bbox 2534 1333 2739 1389; x_wconf 90' lang='lat' dir='ltr'><strong>nullum</strong></span> <span class='ocrx_word' id='word_1_437' title='bbox 2766 1332 2889 1388; x_wconf 88' lang='lat' dir='ltr'><strong>inde</strong></span> <span class='ocrx_word' id='word_1_438' title='bbox 2914 1332 3295 1389; x_wconf 86' lang='lat' dir='ltr'><strong>detrimentum</strong></span> <span class='ocrx_word' id='word_1_439' title='bbox 3322 1334 3561 1403; x_wconf 83' lang='lat' dir='ltr'><strong>accipiat.</strong></span> 
     </span>
    </p>
   </div>
   <div class='ocr_carea' id='block_1_58' title="bbox 2322 1427 3862 1498">
    <p class='ocr_par' dir='ltr' id='par_1_58' title="bbox 2322 1427 3862 1498">
     <span class='ocr_line' id='line_1_58' title="bbox 2322 1427 3862 1498; baseline 0.001 -15"><span class='ocrx_word' id='word_1_440' title='bbox 2322 1428 2437 1484; x_wconf 86' lang='lat' dir='ltr'><strong>Hac</strong></span> <span class='ocrx_word' id='word_1_441' title='bbox 2463 1427 2642 1498; x_wconf 88' lang='lat' dir='ltr'><strong>itaque</strong></span> <span class='ocrx_word' id='word_1_442' title='bbox 2669 1427 2724 1481; x_wconf 92' lang='lat' dir='ltr'><strong>in</strong></span> <span class='ocrx_word' id='word_1_443' title='bbox 2750 1427 2871 1482; x_wconf 90' lang='lat' dir='ltr'><strong>cibo</strong></span> <span class='ocrx_word' id='word_1_444' title='bbox 2890 1435 2944 1481; x_wconf 84' lang='lat' dir='ltr'><strong>et</strong></span> <span class='ocrx_word' id='word_1_445' title='bbox 2971 1436 3099 1497; x_wconf 93' lang='lat' dir='ltr'><strong>potu</strong></span> <span class='ocrx_word' id='word_1_446' title='bbox 3128 1428 3501 1497; x_wconf 87' lang='lat' dir='ltr'><strong>temperantia,</strong></span> <span class='ocrx_word' id='word_1_447' title='bbox 3522 1429 3592 1481; x_wconf 90' lang='lat' dir='ltr'><strong>ita</strong></span> <span class='ocrx_word' id='word_1_448' title='bbox 3614 1438 3862 1485; x_wconf 81' lang='lat' dir='ltr'><strong>saturan-</strong></span> 
     </span>
    </p>
   </div>
   <div class='ocr_carea' id='block_1_59' title="bbox 2252 1518 3858 1591">
    <p class='ocr_par' dir='ltr' id='par_1_59' title="bbox 2252 1518 3858 1591">
     <span class='ocr_line' id='line_1_59' title="bbox 2252 1518 3858 1591; baseline 0.002 -15"><span class='ocrx_word' id='word_1_449' title='bbox 2252 1530 2354 1590; x_wconf 86' lang='lat' dir='ltr'><strong>tur,</strong></span> <span class='ocrx_word' id='word_1_450' title='bbox 2385 1523 2558 1591; x_wconf 86' lang='lat' dir='ltr'><strong>inquit</strong></span> <span class='ocrx_word' id='word_1_451' title='bbox 2581 1519 2793 1591; x_wconf 66' lang='lat' dir='ltr'><strong>(Ibid),</strong></span> <span class='ocrx_word' id='word_1_452' title='bbox 2818 1518 2870 1574; x_wconf 92' lang='lat' dir='ltr'><strong>id</strong></span> <span class='ocrx_word' id='word_1_453' title='bbox 2898 1528 3002 1586; x_wconf 89' lang='lat' dir='ltr'><strong>est,</strong></span> <span class='ocrx_word' id='word_1_454' title='bbox 3035 1520 3100 1574; x_wconf 87' lang='lat' dir='ltr'><strong>iis</strong></span> <span class='ocrx_word' id='word_1_455' title='bbox 3125 1518 3261 1575; x_wconf 89' lang='lat' dir='ltr'><strong>adeo</strong></span> <span class='ocrx_word' id='word_1_456' title='bbox 3292 1528 3586 1590; x_wconf 83' lang='lat' dir='ltr'><strong>temperate</strong></span> <span class='ocrx_word' id='word_1_457' title='bbox 3615 1532 3858 1591; x_wconf 89' lang='lat' dir='ltr'><strong>utuntur,</strong></span> 
     </span>
    </p>
   </div>
   <div class='ocr_carea' id='block_1_60' title="bbox 2252 1611 3861 1684">
    <p class='ocr_par' dir='ltr' id='par_1_60' title="bbox 2252 1611 3861 1684">
     <span class='ocr_line' id='line_1_60' title="bbox 2252 1611 3861 1684; baseline 0.001 -17"><span class='ocrx_word' id='word_1_458' title='bbox 2252 1621 2307 1667; x_wconf 82' lang='lat' dir='ltr'><strong>ut</strong></span> <span class='ocrx_word' id='word_1_459' title='bbox 2331 1614 2419 1684; x_wconf 88' lang='lat' dir='ltr'><strong>qui</strong></span> <span class='ocrx_word' id='word_1_460' title='bbox 2447 1612 2764 1667; x_wconf 80' lang='lat' dir='ltr'><strong>meminerint</strong></span> <span class='ocrx_word' id='word_1_461' title='bbox 2793 1611 2944 1665; x_wconf 89' lang='lat' dir='ltr'><strong>etiam</strong></span> <span class='ocrx_word' id='word_1_462' title='bbox 2985 1627 3076 1681; x_wconf 83' lang='lat' dir='ltr'><strong>per</strong></span> <span class='ocrx_word' id='word_1_463' title='bbox 3102 1621 3303 1666; x_wconf 84' lang='lat' dir='ltr'><strong>noctem</strong></span> <span class='ocrx_word' id='word_1_464' title='bbox 3334 1611 3501 1666; x_wconf 82' lang='lat' dir='ltr'><strong>Deum</strong></span> <span class='ocrx_word' id='word_1_465' title='bbox 3537 1613 3861 1668; x_wconf 76' lang='lat' dir='ltr'><strong>adorandum</strong></span> 
     </span>
    </p>
   </div>
   <div class='ocr_carea' id='block_1_61' title="bbox 2248 1702 3868 1763">
    <p class='ocr_par' dir='ltr' id='par_1_61' title="bbox 2248 1702 3868 1763">
     <span class='ocr_line' id='line_1_61' title="bbox 2248 1702 3868 1763; baseline 0.004 -7"><span class='ocrx_word' id='word_1_466' title='bbox 2248 1705 2349 1759; x_wconf 84' lang='lat' dir='ltr'><strong>sibi</strong></span> <span class='ocrx_word' id='word_1_467' title='bbox 2372 1721 2501 1760; x_wconf 82' lang='lat' dir='ltr'><strong>esse.</strong></span> <span class='ocrx_word' id='word_1_468' title='bbox 2560 1702 2673 1759; x_wconf 89' lang='lat' dir='ltr'><strong>Nos</strong></span> <span class='ocrx_word' id='word_1_469' title='bbox 2712 1718 2843 1759; x_wconf 87' lang='lat' dir='ltr'><strong>vero</strong></span> <span class='ocrx_word' id='word_1_470' title='bbox 2868 1702 3214 1759; x_wconf 88' lang='lat' dir='ltr'><strong>manifestum</strong></span> <span class='ocrx_word' id='word_1_471' title='bbox 3238 1704 3362 1760; x_wconf 82' lang='lat' dir='ltr'><strong>alibi</strong></span> <span class='ocrx_word' id='word_1_472' title='bbox 3390 1705 3611 1761; x_wconf 86' lang='lat' dir='ltr'><strong>cuilibet</strong></span> <span class='ocrx_word' id='word_1_473' title='bbox 3640 1705 3868 1763; x_wconf 76' lang='lat' dir='ltr'><strong>fecimus</strong></span> 
     </span>
    </p>
   </div>
   <div class='ocr_carea' id='block_1_62' title="bbox 2177 1796 3870 1875">
    <p class='ocr_par' dir='ltr' id='par_1_62' title="bbox 2177 1796 3870 1875">
     <span class='ocr_line' id='line_1_62' title="bbox 2177 1796 3870 1875; baseline 0 -22"><span class='ocrx_word' id='word_1_474' title='bbox 2177 1815 2227 1875; x_wconf 75' lang='grc' dir='ltr'><strong>Β</strong></span> <span class='ocrx_word' id='word_1_475' title='bbox 2255 1798 2398 1871; x_wconf 88' lang='lat' dir='ltr'><strong>(tam.</strong></span> <span class='ocrx_word' id='word_1_476' title='bbox 2430 1796 2451 1851; x_wconf 94' lang='lat' dir='ltr'><strong>l</strong></span> <span class='ocrx_word' id='word_1_477' title='bbox 2480 1796 2729 1869; x_wconf 79' lang='lat' dir='ltr'><strong>Apparet.</strong></span> <span class='ocrx_word' id='word_1_478' title='bbox 2757 1837 2773 1864; x_wconf 90' lang='lat'><strong>,</strong></span> <span class='ocrx_word' id='word_1_479' title='bbox 2804 1796 2891 1852; x_wconf 87' lang='lat' dir='ltr'><strong>lib.</strong></span> <span class='ocrx_word' id='word_1_480' title='bbox 2937 1796 3027 1862; x_wconf 88' lang='lat' dir='ltr'><strong>Ill,</strong></span> <span class='ocrx_word' id='word_1_481' title='bbox 3053 1797 3258 1852; x_wconf 82' lang='lat' dir='ltr'><strong>dissert.</strong></span> <span class='ocrx_word' id='word_1_482' title='bbox 3301 1799 3355 1866; x_wconf 81' lang='lat' dir='ltr'><strong>l,</strong></span> <span class='ocrx_word' id='word_1_483' title='bbox 3386 1814 3500 1869; x_wconf 86' lang='lat' dir='ltr'><strong>cap.</strong></span> <span class='ocrx_word' id='word_1_484' title='bbox 3523 1799 3580 1865; x_wconf 88' lang='lat'><strong>6,</strong></span> <span class='ocrx_word' id='word_1_485' title='bbox 3611 1816 3731 1870; x_wconf 89' lang='lat' dir='ltr'><strong>pag.</strong></span> <span class='ocrx_word' id='word_1_486' title='bbox 3762 1799 3870 1856; x_wconf 73' lang='grc' dir='ltr'>7η</span> 
     </span>
    </p>
   </div>
   <div class='ocr_carea' id='block_1_63' title="bbox 2252 1889 3868 1965">
    <p class='ocr_par' dir='ltr' id='par_1_63' title="bbox 2252 1889 3868 1965">
     <span class='ocr_line' id='line_1_63' title="bbox 2252 1889 3868 1965; baseline -0.001 -17"><span class='ocrx_word' id='word_1_487' title='bbox 2252 1901 2300 1948; x_wconf 81' lang='lat' dir='ltr'><strong>et</strong></span> <span class='ocrx_word' id='word_1_488' title='bbox 2327 1889 2482 1965; x_wconf 82' lang='lat' dir='ltr'><strong>seq.),</strong></span> <span class='ocrx_word' id='word_1_489' title='bbox 2516 1901 2641 1948; x_wconf 90' lang='lat' dir='ltr'><strong>tunc</strong></span> <span class='ocrx_word' id='word_1_490' title='bbox 2670 1891 2723 1946; x_wconf 91' lang='lat' dir='ltr'><strong>in</strong></span> <span class='ocrx_word' id='word_1_491' title='bbox 2749 1906 2902 1947; x_wconf 88' lang='lat' dir='ltr'><strong>more</strong></span> <span class='ocrx_word' id='word_1_492' title='bbox 2930 1892 3280 1962; x_wconf 87' lang='lat' dir='ltr'><strong>institutoque</strong></span> <span class='ocrx_word' id='word_1_493' title='bbox 3306 1891 3562 1961; x_wconf 85' lang='lat' dir='ltr'><strong>positum,</strong></span> <span class='ocrx_word' id='word_1_494' title='bbox 3605 1902 3666 1946; x_wconf 88' lang='lat' dir='ltr'><strong>ut</strong></span> <span class='ocrx_word' id='word_1_495' title='bbox 3693 1891 3868 1947; x_wconf 81' lang='lat' dir='ltr'><strong>chris-</strong></span> 
     </span>
    </p>
   </div>
   <div class='ocr_carea' id='block_1_64' title="bbox 2254 1982 3866 2056">
    <p class='ocr_par' dir='ltr' id='par_1_64' title="bbox 2254 1982 3866 2056">
     <span class='ocr_line' id='line_1_64' title="bbox 2254 1982 3866 2056; baseline 0.001 -16"><span class='ocrx_word' id='word_1_496' title='bbox 2254 1985 2383 2041; x_wconf 85' lang='lat' dir='ltr'><strong>tiani</strong></span> <span class='ocrx_word' id='word_1_497' title='bbox 2412 1992 2572 2040; x_wconf 87' lang='lat' dir='ltr'><strong>nocte</strong></span> <span class='ocrx_word' id='word_1_498' title='bbox 2607 1982 2676 2038; x_wconf 90' lang='lat' dir='ltr'><strong>ad</strong></span> <span class='ocrx_word' id='word_1_499' title='bbox 2704 1983 2872 2039; x_wconf 89' lang='lat' dir='ltr'><strong>Deum</strong></span> <span class='ocrx_word' id='word_1_500' title='bbox 2900 1983 3162 2038; x_wconf 89' lang='lat' dir='ltr'><strong>orandum</strong></span> <span class='ocrx_word' id='word_1_501' title='bbox 3191 1991 3493 2053; x_wconf 76' lang='lat' dir='ltr'><strong>surgerent.</strong></span> <span class='ocrx_word' id='word_1_502' title='bbox 3523 1983 3866 2056; x_wconf 80' lang='lat' dir='ltr'><strong>Quapropter</strong></span> 
     </span>
    </p>
   </div>
   <div class='ocr_carea' id='block_1_65' title="bbox 2253 2074 3870 2135">
    <p class='ocr_par' dir='ltr' id='par_1_65' title="bbox 2253 2074 3870 2135">
     <span class='ocr_line' id='line_1_65' title="bbox 2253 2074 3870 2135; baseline -0.001 -1"><span class='ocrx_word' id='word_1_503' title='bbox 2253 2078 2321 2135; x_wconf 86' lang='lat' dir='ltr'><strong>ad</strong></span> <span class='ocrx_word' id='word_1_504' title='bbox 2352 2093 2573 2134; x_wconf 79' lang='lat' dir='ltr'><strong>uxorem</strong></span> <span class='ocrx_word' id='word_1_505' title='bbox 2610 2091 2763 2133; x_wconf 90' lang='lat' dir='ltr'><strong>suam</strong></span> <span class='ocrx_word' id='word_1_506' title='bbox 2794 2076 2886 2132; x_wconf 90' lang='lat' dir='ltr'><strong>ille</strong></span> <span class='ocrx_word' id='word_1_507' title='bbox 2913 2075 3213 2132; x_wconf 89' lang='lat' dir='ltr'><strong>scribebat:</strong></span> <span class='ocrx_word' id='word_1_508' title='bbox 3254 2074 3528 2130; x_wconf 86' lang='lat' dir='ltr'><strong>Latebisne</strong></span> <span class='ocrx_word' id='word_1_509' title='bbox 3553 2086 3723 2131; x_wconf 89' lang='lat' dir='ltr'><strong>tu.....</strong></span> <span class='ocrx_word' id='word_1_510' title='bbox 3750 2094 3870 2132; x_wconf 72' lang='lat' dir='ltr'><strong>cum</strong></span> 
     </span>
    </p>
   </div>
   <div class='ocr_carea' id='block_1_66' title="bbox 2253 2170 3870 2249">
    <p class='ocr_par' dir='ltr' id='par_1_66' title="bbox 2253 2170 3870 2249">
     <span class='ocr_line' id='line_1_66' title="bbox 2253 2170 3870 2249; baseline 0.001 -22"><span class='ocrx_word' id='word_1_511' title='bbox 2253 2175 2406 2228; x_wconf 82' lang='lat' dir='ltr'><strong>etiam</strong></span> <span class='ocrx_word' id='word_1_512' title='bbox 2443 2189 2534 2245; x_wconf 82' lang='lat' dir='ltr'><strong>per</strong></span> <span class='ocrx_word' id='word_1_513' title='bbox 2571 2181 2767 2249; x_wconf 79' lang='lat' dir='ltr'><strong>noctem</strong></span> <span class='ocrx_word' id='word_1_514' title='bbox 2804 2172 3035 2244; x_wconf 66' lang='lat' dir='ltr'><strong>casm-gis</strong></span> <span class='ocrx_word' id='word_1_515' title='bbox 3068 2181 3272 2226; x_wconf 80' lang='lat' dir='ltr'><strong>oratum</strong></span> <span class='ocrx_word' id='word_1_516' title='bbox 3297 2172 3317 2242; x_wconf 95' lang='lat'><strong>(</strong></span> <span class='ocrx_word' id='word_1_517' title='bbox 3344 2170 3565 2227; x_wconf 76' lang='lat' dir='ltr'><strong>Tertull.</strong></span> <span class='ocrx_word' id='word_1_518' title='bbox 3596 2173 3686 2228; x_wconf 89' lang='lat' dir='ltr'><strong>lib.</strong></span> <span class='ocrx_word' id='word_1_519' title='bbox 3729 2172 3775 2230; x_wconf 86' lang='lat' dir='ltr'><strong>ll</strong></span> <span class='ocrx_word' id='word_1_520' title='bbox 3800 2176 3870 2229; x_wconf 78' lang='lat' dir='ltr'><strong>ad</strong></span> 
     </span>
    </p>
   </div>
   <div class='ocr_carea' id='block_1_67' title="bbox 2260 2262 3871 2338">
    <p class='ocr_par' dir='ltr' id='par_1_67' title="bbox 2260 2262 3871 2338">
     <span class='ocr_line' id='line_1_67' title="bbox 2260 2262 3871 2338; baseline 0.001 -17"><span class='ocrx_word' id='word_1_521' title='bbox 2260 2264 2421 2321; x_wconf 65' lang='lat' dir='ltr'><strong>Uxor.</strong></span> <span class='ocrx_word' id='word_1_522' title='bbox 2449 2280 2566 2335; x_wconf 86' lang='lat' dir='ltr'><strong>cap.</strong></span> <span class='ocrx_word' id='word_1_523' title='bbox 2594 2264 2674 2338; x_wconf 76' lang='grc' dir='ltr'><strong>Β).</strong></span> <span class='ocrx_word' id='word_1_524' title='bbox 2719 2262 2916 2319; x_wconf 80' lang='lat' dir='ltr'><strong>Verum</strong></span> <span class='ocrx_word' id='word_1_525' title='bbox 2954 2264 3007 2318; x_wconf 91' lang='lat' dir='ltr'><strong>in</strong></span> <span class='ocrx_word' id='word_1_526' title='bbox 3043 2278 3111 2319; x_wconf 93' lang='lat' dir='ltr'><strong>eo</strong></span> <span class='ocrx_word' id='word_1_527' title='bbox 3139 2263 3472 2335; x_wconf 79' lang='lat' dir='ltr'><strong>Apologetioi</strong></span> <span class='ocrx_word' id='word_1_528' title='bbox 3509 2264 3629 2319; x_wconf 88' lang='lat' dir='ltr'><strong>loco</strong></span> <span class='ocrx_word' id='word_1_529' title='bbox 3669 2281 3775 2321; x_wconf 89' lang='lat' dir='ltr'><strong>non</strong></span> <span class='ocrx_word' id='word_1_530' title='bbox 3800 2267 3871 2323; x_wconf 85' lang='lat' dir='ltr'><strong>de</strong></span> 
     </span>
    </p>
   </div>
   <div class='ocr_carea' id='block_1_68' title="bbox 2254 2356 3871 2430">
    <p class='ocr_par' dir='ltr' id='par_1_68' title="bbox 2254 2356 3871 2430">
     <span class='ocr_line' id='line_1_68' title="bbox 2254 2356 3871 2430; baseline 0.001 -17"><span class='ocrx_word' id='word_1_531' title='bbox 2254 2357 2477 2430; x_wconf 81' lang='lat' dir='ltr'><strong>singulis</strong></span> <span class='ocrx_word' id='word_1_532' title='bbox 2507 2356 2753 2412; x_wconf 89' lang='lat' dir='ltr'><strong>noctibus</strong></span> <span class='ocrx_word' id='word_1_533' title='bbox 2780 2356 2975 2427; x_wconf 82' lang='lat' dir='ltr'><strong>agitur,</strong></span> <span class='ocrx_word' id='word_1_534' title='bbox 3018 2356 3114 2411; x_wconf 89' lang='lat' dir='ltr'><strong>sed</strong></span> <span class='ocrx_word' id='word_1_535' title='bbox 3159 2356 3224 2410; x_wconf 90' lang='lat' dir='ltr'><strong>iis</strong></span> <span class='ocrx_word' id='word_1_536' title='bbox 3254 2365 3484 2422; x_wconf 88' lang='lat' dir='ltr'><strong>tantum,</strong></span> <span class='ocrx_word' id='word_1_537' title='bbox 3522 2358 3720 2427; x_wconf 87' lang='lat' dir='ltr'><strong>quibus</strong></span> <span class='ocrx_word' id='word_1_538' title='bbox 3748 2358 3871 2415; x_wconf 87' lang='lat' dir='ltr'><strong>festi</strong></span> 
     </span>
    </p>
   </div>
   <div class='ocr_carea' id='block_1_69' title="bbox 2255 2446 3872 2521">
    <p class='ocr_par' dir='ltr' id='par_1_69' title="bbox 2255 2446 3872 2521">
     <span class='ocr_line' id='line_1_69' title="bbox 2255 2446 3872 2521; baseline 0 -14"><span class='ocrx_word' id='word_1_539' title='bbox 2255 2465 2530 2508; x_wconf 90' lang='lat' dir='ltr'><strong>sacrarum</strong></span> <span class='ocrx_word' id='word_1_540' title='bbox 2560 2464 2833 2521; x_wconf 81' lang='lat' dir='ltr'><strong>synaxcon</strong></span> <span class='ocrx_word' id='word_1_541' title='bbox 2864 2446 2982 2503; x_wconf 89' lang='lat' dir='ltr'><strong>dies</strong></span> <span class='ocrx_word' id='word_1_542' title='bbox 3011 2448 3448 2504; x_wconf 86' lang='lat' dir='ltr'><strong>celebrabantur.</strong></span> <span class='ocrx_word' id='word_1_543' title='bbox 3469 2449 3572 2504; x_wconf 89' lang='lat' dir='ltr'><strong>Per</strong></span> <span class='ocrx_word' id='word_1_544' title='bbox 3594 2449 3726 2505; x_wconf 82' lang='lat' dir='ltr'><strong>illud</strong></span> <span class='ocrx_word' id='word_1_545' title='bbox 3755 2460 3872 2507; x_wconf 84' lang='lat' dir='ltr'><strong>tan-</strong></span> 
     </span>
    </p>
   </div>
   <div class='ocr_carea' id='block_1_70' title="bbox 2254 2539 3867 2613">
    <p class='ocr_par' dir='ltr' id='par_1_70' title="bbox 2254 2539 3867 2613">
     <span class='ocr_line' id='line_1_70' title="bbox 2254 2539 3867 2613; baseline -0.002 -13"><span class='ocrx_word' id='word_1_546' title='bbox 2254 2543 2379 2600; x_wconf 89' lang='lat' dir='ltr'><strong>dem</strong></span> <span class='ocrx_word' id='word_1_547' title='bbox 2405 2554 2578 2599; x_wconf 72' lang='lat' dir='ltr'><strong>cmna:</strong></span> <span class='ocrx_word' id='word_1_548' title='bbox 2626 2551 2859 2611; x_wconf 90' lang='lat' dir='ltr'><strong>tempus,</strong></span> <span class='ocrx_word' id='word_1_549' title='bbox 2886 2540 3080 2610; x_wconf 90' lang='lat' dir='ltr'><strong>inquit,</strong></span> <span class='ocrx_word' id='word_1_550' title='bbox 3111 2539 3403 2595; x_wconf 79' lang='lat' dir='ltr'><strong>Christiani</strong></span> <span class='ocrx_word' id='word_1_551' title='bbox 3434 2542 3509 2595; x_wconf 87' lang='lat' dir='ltr'><strong>ita</strong></span> <span class='ocrx_word' id='word_1_552' title='bbox 3550 2541 3867 2613; x_wconf 77' lang='lat' dir='ltr'><strong>fabulantur,</strong></span> 
     </span>
    </p>
   </div>
   <div class='ocr_carea' id='block_1_71' title="bbox 2255 2628 3865 2704">
    <p class='ocr_par' dir='ltr' id='par_1_71' title="bbox 2255 2628 3865 2704">
     <span class='ocr_line' id='line_1_71' title="bbox 2255 2628 3865 2704; baseline 0 -15"><span class='ocrx_word' id='word_1_553' title='bbox 2255 2644 2309 2689; x_wconf 79' lang='lat' dir='ltr'><strong>ut</strong></span> <span class='ocrx_word' id='word_1_554' title='bbox 2332 2635 2418 2704; x_wconf 71' lang='lat' dir='ltr'><strong>qui</strong></span> <span class='ocrx_word' id='word_1_555' title='bbox 2461 2633 2623 2688; x_wconf 87' lang='lat' dir='ltr'><strong>sciant</strong></span> <span class='ocrx_word' id='word_1_556' title='bbox 2661 2630 2831 2686; x_wconf 75' lang='lat' dir='ltr'><strong>Deum</strong></span> <span class='ocrx_word' id='word_1_557' title='bbox 2868 2630 3049 2685; x_wconf 84' lang='lat' dir='ltr'><strong>audire</strong></span> <span class='ocrx_word' id='word_1_558' title='bbox 3075 2631 3094 2700; x_wconf 98' lang='lat'><strong>(</strong></span> <span class='ocrx_word' id='word_1_559' title='bbox 3122 2628 3292 2694; x_wconf 77' lang='lat' dir='ltr'><strong>Idem,</strong></span> <span class='ocrx_word' id='word_1_560' title='bbox 3326 2631 3599 2703; x_wconf 80' lang='lat' dir='ltr'><strong>Apologet.</strong></span> <span class='ocrx_word' id='word_1_561' title='bbox 3626 2649 3737 2703; x_wconf 81' lang='lat' dir='ltr'><strong>cap.</strong></span> <span class='ocrx_word' id='word_1_562' title='bbox 3768 2633 3865 2699; x_wconf 79' lang='lat'><strong>59,</strong></span> 
     </span>
    </p>
   </div>
   <div class='ocr_carea' id='block_1_72' title="bbox 2258 2725 3859 2800">
    <p class='ocr_par' dir='ltr' id='par_1_72' title="bbox 2258 2725 3859 2800">
     <span class='ocr_line' id='line_1_72' title="bbox 2258 2725 3859 2800; baseline 0.001 -18"><span class='ocrx_word' id='word_1_563' title='bbox 2258 2744 2380 2800; x_wconf 88' lang='lat' dir='ltr'><strong>pag.</strong></span> <span class='ocrx_word' id='word_1_564' title='bbox 2406 2725 2557 2800; x_wconf 79' lang='lat' dir='ltr'><strong>s77),</strong></span> <span class='ocrx_word' id='word_1_565' title='bbox 2581 2739 2932 2797; x_wconf 58' lang='lat' dir='ltr'><strong>quascumque</strong></span> <span class='ocrx_word' id='word_1_566' title='bbox 2960 2725 3036 2781; x_wconf 92' lang='lat' dir='ltr'><strong>illi</strong></span> <span class='ocrx_word' id='word_1_567' title='bbox 3062 2725 3201 2782; x_wconf 90' lang='lat' dir='ltr'><strong>inter</strong></span> <span class='ocrx_word' id='word_1_568' title='bbox 3225 2740 3286 2782; x_wconf 89' lang='lat' dir='ltr'><strong>se</strong></span> <span class='ocrx_word' id='word_1_569' title='bbox 3309 2726 3379 2781; x_wconf 88' lang='lat' dir='ltr'><strong>de</strong></span> <span class='ocrx_word' id='word_1_570' title='bbox 3406 2728 3567 2783; x_wconf 88' lang='lat' dir='ltr'><strong>rebus</strong></span> <span class='ocrx_word' id='word_1_571' title='bbox 3593 2728 3859 2800; x_wconf 65' lang='lat' dir='ltr'><strong>colloque-</strong></span> 
     </span>
    </p>
   </div>
   <div class='ocr_carea' id='block_1_73' title="bbox 2260 2820 2691 2878">
    <p class='ocr_par' dir='ltr' id='par_1_73' title="bbox 2260 2820 2691 2878">
     <span class='ocr_line' id='line_1_73' title="bbox 2260 2820 2691 2878; baseline -0.009 0"><span class='ocrx_word' id='word_1_572' title='bbox 2260 2830 2449 2878; x_wconf 87' lang='lat' dir='ltr'><strong>rentur</strong></span> <span class='ocrx_word' id='word_1_573' title='bbox 2472 2820 2691 2876; x_wconf 88' lang='lat' dir='ltr'><strong>divinis.</strong></span> 
     </span>
    </p>
   </div>
   <div class='ocr_carea' id='block_1_74' title="bbox 2334 2912 3871 2986">
    <p class='ocr_par' dir='ltr' id='par_1_74' title="bbox 2334 2912 3871 2986">
     <span class='ocr_line' id='line_1_74' title="bbox 2334 2912 3871 2986; baseline 0.001 -16"><span class='ocrx_word' id='word_1_574' title='bbox 2334 2914 2498 2970; x_wconf 78' lang='lat' dir='ltr'><strong>Addit</strong></span> <span class='ocrx_word' id='word_1_575' title='bbox 2523 2915 2744 2984; x_wconf 89' lang='lat' dir='ltr'><strong>insuper</strong></span> <span class='ocrx_word' id='word_1_576' title='bbox 2775 2913 3006 2986; x_wconf 82' lang='lat' dir='ltr'><strong>hymnos</strong></span> <span class='ocrx_word' id='word_1_577' title='bbox 3042 2912 3220 2968; x_wconf 90' lang='lat' dir='ltr'><strong>adhuc</strong></span> <span class='ocrx_word' id='word_1_578' title='bbox 3262 2921 3450 2983; x_wconf 72' lang='lat' dir='ltr'><strong>postea</strong></span> <span class='ocrx_word' id='word_1_579' title='bbox 3473 2913 3584 2969; x_wconf 90' lang='lat' dir='ltr'><strong>Deo</strong></span> <span class='ocrx_word' id='word_1_580' title='bbox 3612 2913 3871 2971; x_wconf 86' lang='lat' dir='ltr'><strong>decanta-</strong></span> 
     </span>
    </p>
   </div>
   <div class='ocr_carea' id='block_1_75' title="bbox 2263 3005 3873 3078">
    <p class='ocr_par' dir='ltr' id='par_1_75' title="bbox 2263 3005 3873 3078">
     <span class='ocr_line' id='line_1_75' title="bbox 2263 3005 3873 3078; baseline -0.002 -14"><span class='ocrx_word' id='word_1_581' title='bbox 2263 3017 2368 3075; x_wconf 89' lang='lat' dir='ltr'><strong>tos,</strong></span> <span class='ocrx_word' id='word_1_582' title='bbox 2399 3016 2561 3078; x_wconf 89' lang='lat' dir='ltr'><strong>atque</strong></span> <span class='ocrx_word' id='word_1_583' title='bbox 2590 3006 2726 3071; x_wconf 81' lang='lat' dir='ltr'><strong>hinc,</strong></span> <span class='ocrx_word' id='word_1_584' title='bbox 2773 3005 2965 3075; x_wconf 87' lang='lat' dir='ltr'><strong>inquit,</strong></span> <span class='ocrx_word' id='word_1_585' title='bbox 3014 3005 3259 3074; x_wconf 87' lang='lat' dir='ltr'><strong>probatur</strong></span> <span class='ocrx_word' id='word_1_586' title='bbox 3282 3005 3527 3075; x_wconf 73' lang='lat' dir='ltr'><strong>quomodo</strong></span> <span class='ocrx_word' id='word_1_587' title='bbox 3567 3007 3631 3071; x_wconf 87' lang='lat' dir='ltr'><strong>is,</strong></span> <span class='ocrx_word' id='word_1_588' title='bbox 3689 3022 3725 3059; x_wconf 91' lang='lat' dir='ltr'><strong>a</strong></span> <span class='ocrx_word' id='word_1_589' title='bbox 3768 3024 3873 3077; x_wconf 80' lang='lat' dir='ltr'><strong>quo</strong></span> 
     </span>
    </p>
   </div>
   <div class='ocr_carea' id='block_1_76' title="bbox 2263 3095 3874 3171">
    <p class='ocr_par' dir='ltr' id='par_1_76' title="bbox 2263 3095 3874 3171">
     <span class='ocr_line' id='line_1_76' title="bbox 2263 3095 3874 3171; baseline -0.002 -14"><span class='ocrx_word' id='word_1_590' title='bbox 2263 3102 2595 3167; x_wconf 77' lang='lat' dir='ltr'><strong>canebantur,</strong></span> <span class='ocrx_word' id='word_1_591' title='bbox 2637 3098 2814 3154; x_wconf 84' lang='lat' dir='ltr'><strong>biberit</strong></span> <span class='ocrx_word' id='word_1_592' title='bbox 2841 3097 3053 3171; x_wconf 80' lang='lat' dir='ltr'><strong>(Ibid.),</strong></span> <span class='ocrx_word' id='word_1_593' title='bbox 3107 3096 3162 3151; x_wconf 90' lang='lat' dir='ltr'><strong>id</strong></span> <span class='ocrx_word' id='word_1_594' title='bbox 3199 3105 3303 3162; x_wconf 89' lang='lat' dir='ltr'><strong>est,</strong></span> <span class='ocrx_word' id='word_1_595' title='bbox 3341 3105 3530 3166; x_wconf 84' lang='lat' dir='ltr'><strong>quanta</strong></span> <span class='ocrx_word' id='word_1_596' title='bbox 3569 3095 3874 3154; x_wconf 86' lang='lat' dir='ltr'><strong>sobrietate</strong></span> 
     </span>
    </p>
   </div>
   <div class='ocr_carea' id='block_1_77' title="bbox 1895 3187 3872 3281">
    <p class='ocr_par' dir='ltr' id='par_1_77' title="bbox 1895 3187 3872 3281">
     <span class='ocr_line' id='line_1_77' title="bbox 1895 3187 3872 3281; baseline -0.006 -25"><span class='ocrx_word' id='word_1_597' title='bbox 1895 3209 1915 3263; x_wconf 85' lang='grc'><strong>1</strong></span> <span class='ocrx_word' id='word_1_598' title='bbox 1944 3209 2159 3281; x_wconf 63' lang='grc' dir='ltr'><strong>θεον-9,,</strong></span> <span class='ocrx_word' id='word_1_599' title='bbox 2188 3212 2235 3276; x_wconf 74' lang='lat' dir='ltr'><strong><em>C</em></strong></span> <span class='ocrx_word' id='word_1_600' title='bbox 2267 3210 2331 3251; x_wconf 90' lang='lat' dir='ltr'><strong>ac</strong></span> <span class='ocrx_word' id='word_1_601' title='bbox 2352 3192 2703 3264; x_wconf 87' lang='lat' dir='ltr'><strong>temperantia</strong></span> <span class='ocrx_word' id='word_1_602' title='bbox 2726 3190 2942 3246; x_wconf 89' lang='lat' dir='ltr'><strong>biberit.</strong></span> <span class='ocrx_word' id='word_1_603' title='bbox 2972 3190 3041 3244; x_wconf 85' lang='lat' dir='ltr'><strong>At</strong></span> <span class='ocrx_word' id='word_1_604' title='bbox 3065 3188 3187 3258; x_wconf 84' lang='lat' dir='ltr'><strong>quis</strong></span> <span class='ocrx_word' id='word_1_605' title='bbox 3209 3188 3310 3244; x_wconf 87' lang='lat' dir='ltr'><strong>hac</strong></span> <span class='ocrx_word' id='word_1_606' title='bbox 3337 3197 3443 3243; x_wconf 89' lang='lat' dir='ltr'><strong>tam</strong></span> <span class='ocrx_word' id='word_1_607' title='bbox 3462 3187 3670 3243; x_wconf 86' lang='lat' dir='ltr'><strong>sincera</strong></span> <span class='ocrx_word' id='word_1_608' title='bbox 3688 3202 3872 3245; x_wconf 70' lang='lat' dir='ltr'><strong>create</strong></span> 
     </span>
    </p>
   </div>
   <div class='ocr_carea' id='block_1_78' title="bbox 2259 3280 3871 3353">
    <p class='ocr_par' dir='ltr' id='par_1_78' title="bbox 2259 3280 3871 3353">
     <span class='ocr_line' id='line_1_78' title="bbox 2259 3280 3871 3353; baseline -0.002 -13"><span class='ocrx_word' id='word_1_609' title='bbox 2259 3287 2571 3346; x_wconf 61' lang='lat' dir='ltr'><strong>christiana</strong></span> <span class='ocrx_word' id='word_1_610' title='bbox 2606 3283 2970 3353; x_wconf 85' lang='lat' dir='ltr'><strong>descriptione</strong></span> <span class='ocrx_word' id='word_1_611' title='bbox 3000 3297 3107 3336; x_wconf 89' lang='lat' dir='ltr'><strong>non</strong></span> <span class='ocrx_word' id='word_1_612' title='bbox 3147 3280 3407 3352; x_wconf 85' lang='lat' dir='ltr'><strong>intelligat</strong></span> <span class='ocrx_word' id='word_1_613' title='bbox 3434 3289 3715 3352; x_wconf 41' lang='lat' dir='ltr'><strong>,quantum</strong></span> <span class='ocrx_word' id='word_1_614' title='bbox 3743 3296 3871 3337; x_wconf 87' lang='lat' dir='ltr'><strong>mo-</strong></span> 
     </span>
    </p>
   </div>
   <div class='ocr_carea' id='block_1_79' title="bbox 2261 3374 3170 3450">
    <p class='ocr_par' dir='ltr' id='par_1_79' title="bbox 2261 3374 3170 3450">
     <span class='ocr_line' id='line_1_79' title="bbox 2261 3374 3170 3450; baseline -0.011 -11"><span class='ocrx_word' id='word_1_615' title='bbox 2261 3381 2473 3448; x_wconf 87' lang='lat' dir='ltr'><strong>derata,</strong></span> <span class='ocrx_word' id='word_1_616' title='bbox 2500 3377 2729 3450; x_wconf 74' lang='lat' dir='ltr'><strong>frugalis</strong></span> <span class='ocrx_word' id='word_1_617' title='bbox 2755 3375 2949 3448; x_wconf 88' lang='lat' dir='ltr'><strong>piaque</strong></span> <span class='ocrx_word' id='word_1_618' title='bbox 2974 3374 3170 3429; x_wconf 76' lang='lat' dir='ltr'><strong>fuerit?</strong></span> 
     </span>
    </p>
   </div>
   <div class='ocr_carea' id='block_1_80' title="bbox 2865 3506 3259 3549">
    <p class='ocr_par' dir='ltr' id='par_1_80' title="bbox 2865 3506 3259 3549">
     <span class='ocr_line' id='line_1_80' title="bbox 2865 3506 3259 3549; baseline 0 -1"><span class='ocrx_word' id='word_1_619' title='bbox 2865 3506 3158 3549; x_wconf 77' lang='lat' dir='ltr'><strong>ARTICULUS</strong></span> <span class='ocrx_word' id='word_1_620' title='bbox 3188 3507 3259 3548; x_wconf 79' lang='lat' dir='ltr'><strong>IV.</strong></span> 
     </span>
    </p>
   </div>
   <div class='ocr_carea' id='block_1_81' title="bbox 2260 3632 3875 3707">
    <p class='ocr_par' dir='ltr' id='par_1_81' title="bbox 2260 3632 3875 3707">
     <span class='ocr_line' id='line_1_81' title="bbox 2260 3632 3875 3707; baseline -0.002 -14"><span class='ocrx_word' id='word_1_621' title='bbox 2260 3636 2341 3693; x_wconf 86' lang='lat' dir='ltr'><strong>De</strong></span> <span class='ocrx_word' id='word_1_622' title='bbox 2389 3637 2469 3692; x_wconf 79' lang='lat' dir='ltr'><strong>his</strong></span> <span class='ocrx_word' id='word_1_623' title='bbox 2507 3651 2621 3707; x_wconf 74' lang='lat' dir='ltr'><strong>qua:</strong></span> <span class='ocrx_word' id='word_1_624' title='bbox 2657 3643 2771 3706; x_wconf 88' lang='lat' dir='ltr'><strong>post</strong></span> <span class='ocrx_word' id='word_1_625' title='bbox 2820 3649 3015 3689; x_wconf 79' lang='lat' dir='ltr'><strong>cumam</strong></span> <span class='ocrx_word' id='word_1_626' title='bbox 3055 3635 3109 3688; x_wconf 88' lang='lat' dir='ltr'><strong>in</strong></span> <span class='ocrx_word' id='word_1_627' title='bbox 3139 3633 3548 3690; x_wconf 82' lang='lat' dir='ltr'><strong>Christianorum</strong></span> <span class='ocrx_word' id='word_1_628' title='bbox 3595 3632 3875 3706; x_wconf 72' lang='lat' dir='ltr'><strong>synaxibus</strong></span> 
     </span>
    </p>
   </div>
   <div class='ocr_carea' id='block_1_82' title="bbox 2330 3726 3874 3804">
    <p class='ocr_par' dir='ltr' id='par_1_82' title="bbox 2330 3726 3874 3804">
     <span class='ocr_line' id='line_1_82' title="bbox 2330 3726 3874 3804; baseline -0.002 -17"><span class='ocrx_word' id='word_1_629' title='bbox 2330 3731 2611 3804; x_wconf 82' lang='lat' dir='ltr'><strong>agebantur</strong></span> <span class='ocrx_word' id='word_1_630' title='bbox 2627 3745 2648 3794; x_wconf 90' lang='lat'><strong><em>;</em></strong></span> <span class='ocrx_word' id='word_1_631' title='bbox 2688 3729 2753 3784; x_wconf 84' lang='lat' dir='ltr'><strong>de</strong></span> <span class='ocrx_word' id='word_1_632' title='bbox 2776 3744 2910 3798; x_wconf 87' lang='lat' dir='ltr'><strong>aqua</strong></span> <span class='ocrx_word' id='word_1_633' title='bbox 2944 3728 3174 3783; x_wconf 87' lang='lat' dir='ltr'><strong>manuali</strong></span> <span class='ocrx_word' id='word_1_634' title='bbox 3192 3744 3212 3793; x_wconf 86' lang='lat'><strong><em>;</em></strong></span> <span class='ocrx_word' id='word_1_635' title='bbox 3249 3728 3314 3784; x_wconf 87' lang='lat' dir='ltr'><strong>de</strong></span> <span class='ocrx_word' id='word_1_636' title='bbox 3339 3729 3566 3784; x_wconf 84' lang='lat' dir='ltr'><strong>accensis</strong></span> <span class='ocrx_word' id='word_1_637' title='bbox 3596 3726 3874 3784; x_wconf 80' lang='lat' dir='ltr'><strong>luminibus</strong></span> 
     </span>
    </p>
   </div>
   <div class='ocr_carea' id='block_1_83' title="bbox 2329 3819 3878 3894">
    <p class='ocr_par' dir='ltr' id='par_1_83' title="bbox 2329 3819 3878 3894">
     <span class='ocr_line' id='line_1_83' title="bbox 2329 3819 3878 3894; baseline -0.002 -15"><span class='ocrx_word' id='word_1_638' title='bbox 2329 3833 2378 3880; x_wconf 84' lang='lat' dir='ltr'><strong>st</strong></span> <span class='ocrx_word' id='word_1_639' title='bbox 2402 3837 2664 3894; x_wconf 67' lang='lat' dir='ltr'><strong>synaxeon</strong></span> <span class='ocrx_word' id='word_1_640' title='bbox 2703 3821 2869 3885; x_wconf 78' lang='lat' dir='ltr'><strong>liora;</strong></span> <span class='ocrx_word' id='word_1_641' title='bbox 2910 3819 2973 3875; x_wconf 89' lang='lat' dir='ltr'><strong>de</strong></span> <span class='ocrx_word' id='word_1_642' title='bbox 3000 3821 3217 3876; x_wconf 87' lang='lat' dir='ltr'><strong>canticis</strong></span> <span class='ocrx_word' id='word_1_643' title='bbox 3246 3828 3293 3875; x_wconf 86' lang='lat' dir='ltr'><strong>ct</strong></span> <span class='ocrx_word' id='word_1_644' title='bbox 3322 3821 3565 3893; x_wconf 80' lang='lat' dir='ltr'><strong>hymnis;</strong></span> <span class='ocrx_word' id='word_1_645' title='bbox 3603 3821 3667 3876; x_wconf 88' lang='lat' dir='ltr'><strong>de</strong></span> <span class='ocrx_word' id='word_1_646' title='bbox 3684 3822 3878 3892; x_wconf 76' lang='lat' dir='ltr'><strong>gratia-</strong></span> 
     </span>
    </p>
   </div>
   <div class='ocr_carea' id='block_1_84' title="bbox 2330 3914 3459 3985">
    <p class='ocr_par' dir='ltr' id='par_1_84' title="bbox 2330 3914 3459 3985">
     <span class='ocr_line' id='line_1_84' title="bbox 2330 3914 3459 3985; baseline -0.002 -13"><span class='ocrx_word' id='word_1_647' title='bbox 2330 3935 2444 3973; x_wconf 79' lang='lat' dir='ltr'><strong>rum</strong></span> <span class='ocrx_word' id='word_1_648' title='bbox 2469 3916 2685 3985; x_wconf 83' lang='lat' dir='ltr'><strong>actione,</strong></span> <span class='ocrx_word' id='word_1_649' title='bbox 2714 3925 2761 3970; x_wconf 87' lang='lat' dir='ltr'><strong>et</strong></span> <span class='ocrx_word' id='word_1_650' title='bbox 2787 3914 3179 3970; x_wconf 80' lang='lat' dir='ltr'><strong>christianorum</strong></span> <span class='ocrx_word' id='word_1_651' title='bbox 3208 3914 3459 3972; x_wconf 85' lang='lat' dir='ltr'><strong>discessu.</strong></span> 
     </span>
    </p>
   </div>
   <div class='ocr_carea' id='block_1_85' title="bbox 2332 4053 3879 4127">
    <p class='ocr_par' dir='ltr' id='par_1_85' title="bbox 2332 4053 3879 4127">
     <span class='ocr_line' id='line_1_85' title="bbox 2332 4053 3879 4127; baseline -0.001 -15"><span class='ocrx_word' id='word_1_652' title='bbox 2332 4057 2462 4113; x_wconf 85' lang='lat' dir='ltr'><strong>Post</strong></span> <span class='ocrx_word' id='word_1_653' title='bbox 2490 4070 2721 4121; x_wconf 78' lang='lat' dir='ltr'><strong>cumam,</strong></span> <span class='ocrx_word' id='word_1_654' title='bbox 2750 4071 2837 4121; x_wconf 90' lang='lat' dir='ltr'><strong>eo,</strong></span> <span class='ocrx_word' id='word_1_655' title='bbox 2863 4070 2966 4127; x_wconf 88' lang='lat' dir='ltr'><strong>quo</strong></span> <span class='ocrx_word' id='word_1_656' title='bbox 2992 4055 3363 4126; x_wconf 75' lang='lat' dir='ltr'><strong>exposuimus,</strong></span> <span class='ocrx_word' id='word_1_657' title='bbox 3397 4054 3580 4123; x_wconf 88' lang='lat' dir='ltr'><strong>modo,</strong></span> <span class='ocrx_word' id='word_1_658' title='bbox 3608 4053 3790 4109; x_wconf 89' lang='lat' dir='ltr'><strong>datam</strong></span> <span class='ocrx_word' id='word_1_659' title='bbox 3816 4060 3879 4111; x_wconf 86' lang='lat' dir='ltr'><strong>et</strong></span> 
     </span>
    </p>
   </div>
   <div class='ocr_carea' id='block_1_86' title="bbox 2259 4143 3878 4214">
    <p class='ocr_par' dir='ltr' id='par_1_86' title="bbox 2259 4143 3878 4214">
     <span class='ocr_line' id='line_1_86' title="bbox 2259 4143 3878 4214; baseline -0.002 -12"><span class='ocrx_word' id='word_1_660' title='bbox 2259 4148 2488 4214; x_wconf 71' lang='lat' dir='ltr'><strong>ﬁnitam,</strong></span> <span class='ocrx_word' id='word_1_661' title='bbox 2517 4147 2620 4202; x_wconf 90' lang='lat' dir='ltr'><strong>tria</strong></span> <span class='ocrx_word' id='word_1_662' title='bbox 2652 4145 2878 4202; x_wconf 82' lang='lat' dir='ltr'><strong>adhuca</strong></span> <span class='ocrx_word' id='word_1_663' title='bbox 2910 4145 3229 4203; x_wconf 89' lang='lat' dir='ltr'><strong>Christianis</strong></span> <span class='ocrx_word' id='word_1_664' title='bbox 3249 4156 3365 4200; x_wconf 88' lang='lat' dir='ltr'><strong>acta</strong></span> <span class='ocrx_word' id='word_1_665' title='bbox 3393 4145 3478 4200; x_wconf 91' lang='lat' dir='ltr'><strong>his</strong></span> <span class='ocrx_word' id='word_1_666' title='bbox 3506 4143 3878 4200; x_wconf 85' lang='lat' dir='ltr'><strong>Tertullianus</strong></span> 
     </span>
    </p>
   </div>
   <div class='ocr_carea' id='block_1_87' title="bbox 2260 4237 3881 4307">
    <p class='ocr_par' dir='ltr' id='par_1_87' title="bbox 2260 4237 3881 4307">
     <span class='ocr_line' id='line_1_87' title="bbox 2260 4237 3881 4307; baseline -0.004 -13"><span class='ocrx_word' id='word_1_667' title='bbox 2260 4240 2438 4296; x_wconf 87' lang='lat' dir='ltr'><strong>verbis</strong></span> <span class='ocrx_word' id='word_1_668' title='bbox 2469 4246 2723 4295; x_wconf 85' lang='lat' dir='ltr'><strong>enarrat:</strong></span> <span class='ocrx_word' id='word_1_669' title='bbox 2761 4237 2887 4293; x_wconf 85' lang='lat' dir='ltr'><strong>Post</strong></span> <span class='ocrx_word' id='word_1_670' title='bbox 2911 4254 3101 4307; x_wconf 82' lang='lat' dir='ltr'><strong>aquam</strong></span> <span class='ocrx_word' id='word_1_671' title='bbox 3132 4237 3442 4303; x_wconf 84' lang='lat' dir='ltr'><strong>manualem,</strong></span> <span class='ocrx_word' id='word_1_672' title='bbox 3489 4246 3536 4290; x_wconf 88' lang='lat' dir='ltr'><strong>et</strong></span> <span class='ocrx_word' id='word_1_673' title='bbox 3570 4237 3786 4303; x_wconf 84' lang='lat' dir='ltr'><strong>lumina,</strong></span> <span class='ocrx_word' id='word_1_674' title='bbox 3816 4242 3881 4289; x_wconf 81' lang='lat' dir='ltr'><strong>ut</strong></span> 
     </span>
    </p>
   </div>
   <div class='ocr_carea' id='block_1_88' title="bbox 2259 4329 3878 4404">
    <p class='ocr_par' dir='ltr' id='par_1_88' title="bbox 2259 4329 3878 4404">
     <span class='ocr_line' id='line_1_88' title="bbox 2259 4329 3878 4404; baseline -0.002 -17"><span class='ocrx_word' id='word_1_675' title='bbox 2259 4334 2472 4404; x_wconf 85' lang='lat' dir='ltr'><strong>quisque</strong></span> <span class='ocrx_word' id='word_1_676' title='bbox 2515 4332 2577 4387; x_wconf 84' lang='lat' dir='ltr'><strong>de</strong></span> <span class='ocrx_word' id='word_1_677' title='bbox 2625 4331 2914 4402; x_wconf 74' lang='lat' dir='ltr'><strong>Scriptum</strong></span> <span class='ocrx_word' id='word_1_678' title='bbox 2957 4332 3170 4398; x_wconf 86' lang='lat' dir='ltr'><strong>sanctis,</strong></span> <span class='ocrx_word' id='word_1_679' title='bbox 3197 4331 3275 4384; x_wconf 85' lang='lat' dir='ltr'><strong>vel</strong></span> <span class='ocrx_word' id='word_1_680' title='bbox 3310 4329 3373 4385; x_wconf 82' lang='lat' dir='ltr'><strong>de</strong></span> <span class='ocrx_word' id='word_1_681' title='bbox 3423 4331 3630 4402; x_wconf 86' lang='lat' dir='ltr'><strong>proprio</strong></span> <span class='ocrx_word' id='word_1_682' title='bbox 3669 4329 3878 4401; x_wconf 83' lang='lat' dir='ltr'><strong>ingenio</strong></span> 
     </span>
    </p>
   </div>
   <div class='ocr_carea' id='block_1_89' title="bbox 2262 4420 3876 4497">
    <p class='ocr_par' dir='ltr' id='par_1_89' title="bbox 2262 4420 3876 4497">
     <span class='ocr_line' id='line_1_89' title="bbox 2262 4420 3876 4497; baseline -0.002 -17"><span class='ocrx_word' id='word_1_683' title='bbox 2262 4435 2449 4497; x_wconf 87' lang='lat' dir='ltr'><strong>potest,</strong></span> <span class='ocrx_word' id='word_1_684' title='bbox 2476 4434 2784 4497; x_wconf 80' lang='lat' dir='ltr'><strong>provocatur</strong></span> <span class='ocrx_word' id='word_1_685' title='bbox 2809 4424 2862 4478; x_wconf 86' lang='lat' dir='ltr'><strong>in</strong></span> <span class='ocrx_word' id='word_1_686' title='bbox 2892 4423 3117 4478; x_wconf 83' lang='lat' dir='ltr'><strong>medium</strong></span> <span class='ocrx_word' id='word_1_687' title='bbox 3168 4420 3278 4476; x_wconf 90' lang='lat' dir='ltr'><strong>Deo</strong></span> <span class='ocrx_word' id='word_1_688' title='bbox 3308 4438 3488 4477; x_wconf 88' lang='lat' dir='ltr'><strong>canere</strong></span> <span class='ocrx_word' id='word_1_689' title='bbox 3537 4420 3876 4494; x_wconf 79' lang='lat' dir='ltr'><strong>(Tertullian.</strong></span> 
     </span>
    </p>
   </div>
   <div class='ocr_carea' id='block_1_90' title="bbox 2262 4513 3877 4597">
    <p class='ocr_par' dir='ltr' id='par_1_90' title="bbox 2262 4513 3877 4597">
     <span class='ocr_line' id='line_1_90' title="bbox 2262 4513 3877 4597; baseline -0.003 -23"><span class='ocrx_word' id='word_1_690' title='bbox 2262 4518 2532 4591; x_wconf 83' lang='lat' dir='ltr'><strong>Apologet.</strong></span> <span class='ocrx_word' id='word_1_691' title='bbox 2564 4534 2679 4590; x_wconf 88' lang='lat' dir='ltr'><strong>cap.</strong></span> <span class='ocrx_word' id='word_1_692' title='bbox 2710 4516 2799 4585; x_wconf 77' lang='lat'><strong>59,</strong></span> <span class='ocrx_word' id='word_1_693' title='bbox 2841 4533 2960 4588; x_wconf 85' lang='lat' dir='ltr'><strong>pag.</strong></span> <span class='ocrx_word' id='word_1_694' title='bbox 2998 4515 3146 4586; x_wconf 67' lang='lat'><strong>477).</strong></span> <span class='ocrx_word' id='word_1_695' title='bbox 3192 4513 3428 4569; x_wconf 90' lang='lat' dir='ltr'><strong>Primum</strong></span> <span class='ocrx_word' id='word_1_696' title='bbox 3453 4514 3642 4597; x_wconf 67' lang='lat' dir='ltr'><strong>itaque</strong></span> <span class='ocrx_word' id='word_1_697' title='bbox 3667 4513 3877 4569; x_wconf 77' lang='lat' dir='ltr'><strong>notavit</strong></span> 
     </span>
    </p>
   </div>
   <div class='ocr_carea' id='block_1_91' title="bbox 614 4605 3876 4688">
    <p class='ocr_par' dir='ltr' id='par_1_91' title="bbox 614 4605 3876 4688">
     <span class='ocr_line' id='line_1_91' title="bbox 614 4605 3876 4688; baseline -0.003 -14"><span class='ocrx_word' id='word_1_698' title='bbox 614 4616 797 4674; x_wconf 69' lang='lat' dir='ltr'><strong>Sacrae</strong></span> <span class='ocrx_word' id='word_1_699' title='bbox 822 4631 986 4688; x_wconf 90' lang='lat' dir='ltr'><strong>porro</strong></span> <span class='ocrx_word' id='word_1_700' title='bbox 1016 4616 1438 4672; x_wconf 89' lang='lat' dir='ltr'><strong>Christianorum</strong></span> <span class='ocrx_word' id='word_1_701' title='bbox 1493 4624 1695 4669; x_wconf 67' lang='lat' dir='ltr'><strong>mensm</strong></span> <span class='ocrx_word' id='word_1_702' title='bbox 1741 4629 1845 4668; x_wconf 89' lang='lat' dir='ltr'><strong>non</strong></span> <span class='ocrx_word' id='word_1_703' title='bbox 1871 4612 2015 4682; x_wconf 85' lang='lat' dir='ltr'><strong>prius</strong></span> <span class='ocrx_word' id='word_1_704' title='bbox 2044 4610 2157 4667; x_wconf 86' lang='lat' dir='ltr'><strong>dis-</strong></span> <span class='ocrx_word' id='word_1_705' title='bbox 2181 4616 2236 4677; x_wconf 83' lang='grc' dir='ltr'><strong>Ι)</strong></span> <span class='ocrx_word' id='word_1_706' title='bbox 2261 4628 2455 4685; x_wconf 88' lang='lat' dir='ltr'><strong>aquam</strong></span> <span class='ocrx_word' id='word_1_707' title='bbox 2486 4611 2812 4677; x_wconf 89' lang='lat' dir='ltr'><strong>manualem,</strong></span> <span class='ocrx_word' id='word_1_708' title='bbox 2845 4624 2962 4681; x_wconf 77' lang='lat' dir='ltr'><strong>qua:</strong></span> <span class='ocrx_word' id='word_1_709' title='bbox 2990 4608 3242 4663; x_wconf 88' lang='lat' dir='ltr'><strong>nimirum</strong></span> <span class='ocrx_word' id='word_1_710' title='bbox 3270 4607 3337 4663; x_wconf 90' lang='lat' dir='ltr'><strong>ad</strong></span> <span class='ocrx_word' id='word_1_711' title='bbox 3361 4623 3549 4663; x_wconf 88' lang='lat' dir='ltr'><strong>manus</strong></span> <span class='ocrx_word' id='word_1_712' title='bbox 3575 4605 3876 4663; x_wconf 86' lang='lat' dir='ltr'><strong>abluendas</strong></span> 
     </span>
    </p>
   </div>
   <div class='ocr_carea' id='block_1_92' title="bbox 544 4703 2152 4782">
    <p class='ocr_par' dir='ltr' id='par_1_92' title="bbox 544 4703 2152 4782">
     <span class='ocr_line' id='line_1_92' title="bbox 544 4703 2152 4782; baseline -0.006 -15"><span class='ocrx_word' id='word_1_713' title='bbox 544 4712 817 4776; x_wconf 88' lang='lat' dir='ltr'><strong>cumbitur,</strong></span> <span class='ocrx_word' id='word_1_714' title='bbox 863 4710 1036 4782; x_wconf 90' lang='lat' dir='ltr'><strong>inquit</strong></span> <span class='ocrx_word' id='word_1_715' title='bbox 1063 4708 1444 4773; x_wconf 88' lang='lat' dir='ltr'><strong>Tertullianus,</strong></span> <span class='ocrx_word' id='word_1_716' title='bbox 1487 4723 1638 4780; x_wconf 86' lang='lat' dir='ltr'><strong>quam</strong></span> <span class='ocrx_word' id='word_1_717' title='bbox 1670 4706 1832 4761; x_wconf 90' lang='lat' dir='ltr'><strong>oratio</strong></span> <span class='ocrx_word' id='word_1_718' title='bbox 1875 4704 1944 4759; x_wconf 86' lang='lat' dir='ltr'><strong>ad</strong></span> <span class='ocrx_word' id='word_1_719' title='bbox 1986 4703 2152 4759; x_wconf 88' lang='lat' dir='ltr'><strong>Deum</strong></span> 
     </span>
    </p>
   </div>
   <div class='ocr_carea' id='block_1_93' title="bbox 546 4793 2148 4875">
    <p class='ocr_par' dir='ltr' id='par_1_93' title="bbox 546 4793 2148 4875">
     <span class='ocr_line' id='line_1_93' title="bbox 546 4793 2148 4875; baseline -0.005 -17"><span class='ocrx_word' id='word_1_720' title='bbox 546 4811 882 4875; x_wconf 62' lang='lat' dir='ltr'><strong>praegustetur</strong></span> <span class='ocrx_word' id='word_1_721' title='bbox 907 4799 1237 4873; x_wconf 84' lang='lat' dir='ltr'><strong>(Tertullian.</strong></span> <span class='ocrx_word' id='word_1_722' title='bbox 1266 4799 1534 4869; x_wconf 79' lang='lat' dir='ltr'><strong>Apologet.</strong></span> <span class='ocrx_word' id='word_1_723' title='bbox 1564 4813 1679 4867; x_wconf 91' lang='lat' dir='ltr'><strong>cap.</strong></span> <span class='ocrx_word' id='word_1_724' title='bbox 1712 4794 1812 4860; x_wconf 83' lang='lat'><strong>59,</strong></span> <span class='ocrx_word' id='word_1_725' title='bbox 1846 4812 1966 4868; x_wconf 89' lang='lat' dir='ltr'><strong>pag.</strong></span> <span class='ocrx_word' id='word_1_726' title='bbox 1992 4793 2148 4868; x_wconf 71' lang='lat'><strong>477).</strong></span> 
     </span>
    </p>
   </div>
   <div class='ocr_carea' id='block_1_94' title="bbox 546 4891 2153 4963">
    <p class='ocr_par' dir='ltr' id='par_1_94' title="bbox 546 4891 2153 4963">
     <span class='ocr_line' id='line_1_94' title="bbox 546 4891 2153 4963; baseline -0.007 -9"><span class='ocrx_word' id='word_1_727' title='bbox 546 4895 664 4954; x_wconf 87' lang='lat' dir='ltr'><strong>Jam</strong></span> <span class='ocrx_word' id='word_1_728' title='bbox 711 4904 891 4952; x_wconf 87' lang='lat' dir='ltr'><strong>autem</strong></span> <span class='ocrx_word' id='word_1_729' title='bbox 937 4893 1152 4950; x_wconf 77' lang='lat' dir='ltr'><strong>dixerat</strong></span> <span class='ocrx_word' id='word_1_730' title='bbox 1191 4902 1348 4948; x_wconf 86' lang='lat' dir='ltr'><strong>antea</strong></span> <span class='ocrx_word' id='word_1_731' title='bbox 1379 4891 1501 4947; x_wconf 90' lang='lat' dir='ltr'><strong>illos</strong></span> <span class='ocrx_word' id='word_1_732' title='bbox 1542 4891 1663 4947; x_wconf 88' lang='lat' dir='ltr'><strong>ideo</strong></span> <span class='ocrx_word' id='word_1_733' title='bbox 1691 4899 2065 4963; x_wconf 80' lang='lat' dir='ltr'><strong>congregatos,</strong></span> <span class='ocrx_word' id='word_1_734' title='bbox 2094 4897 2153 4944; x_wconf 90' lang='lat' dir='ltr'><strong>ut</strong></span> 
     </span>
    </p>
   </div>
   <div class='ocr_carea' id='block_1_95' title="bbox 545 4986 2152 5056">
    <p class='ocr_par' dir='ltr' id='par_1_95' title="bbox 545 4986 2152 5056">
     <span class='ocr_line' id='line_1_95' title="bbox 545 4986 2152 5056; baseline -0.007 -7"><span class='ocrx_word' id='word_1_735' title='bbox 545 4991 735 5056; x_wconf 81' lang='lat' dir='ltr'><strong>Deum,</strong></span> <span class='ocrx_word' id='word_1_736' title='bbox 765 4989 922 5046; x_wconf 90' lang='lat' dir='ltr'><strong>sicuti</strong></span> <span class='ocrx_word' id='word_1_737' title='bbox 951 4986 1448 5053; x_wconf 86' lang='lat' dir='ltr'><strong>animadvertimus,</strong></span> <span class='ocrx_word' id='word_1_738' title='bbox 1478 4993 1825 5055; x_wconf 86' lang='lat' dir='ltr'><strong>precarentur</strong></span> <span class='ocrx_word' id='word_1_739' title='bbox 1853 4993 1908 5038; x_wconf 92' lang='lat' dir='ltr'><strong>et</strong></span> <span class='ocrx_word' id='word_1_740' title='bbox 1962 4997 2152 5038; x_wconf 83' lang='lat' dir='ltr'><strong>exora-</strong></span> 
     </span>
    </p>
   </div>
   <div class='ocr_carea' id='block_1_96' title="bbox 544 5077 2151 5152">
    <p class='ocr_par' dir='ltr' id='par_1_96' title="bbox 544 5077 2151 5152">
     <span class='ocr_line' id='line_1_96' title="bbox 544 5077 2151 5152; baseline -0.005 -12"><span class='ocrx_word' id='word_1_741' title='bbox 544 5092 688 5141; x_wconf 90' lang='lat' dir='ltr'><strong>rent.</strong></span> <span class='ocrx_word' id='word_1_742' title='bbox 713 5083 865 5139; x_wconf 91' lang='lat' dir='ltr'><strong>Nunc</strong></span> <span class='ocrx_word' id='word_1_743' title='bbox 887 5083 1065 5152; x_wconf 88' lang='lat' dir='ltr'><strong>itaque</strong></span> <span class='ocrx_word' id='word_1_744' title='bbox 1085 5079 1255 5137; x_wconf 89' lang='lat' dir='ltr'><strong>dehis</strong></span> <span class='ocrx_word' id='word_1_745' title='bbox 1277 5078 1525 5151; x_wconf 89' lang='lat' dir='ltr'><strong>precibus</strong></span> <span class='ocrx_word' id='word_1_746' title='bbox 1550 5077 1804 5149; x_wconf 88' lang='lat' dir='ltr'><strong>loquitur,</strong></span> <span class='ocrx_word' id='word_1_747' title='bbox 1827 5092 1960 5149; x_wconf 86' lang='lat' dir='ltr'><strong>quas</strong></span> <span class='ocrx_word' id='word_1_748' title='bbox 1980 5091 2151 5135; x_wconf 72' lang='lat' dir='ltr'><strong>coena:</strong></span> 
     </span>
    </p>
   </div>
   <div class='ocr_carea' id='block_1_97' title="bbox 547 5170 2152 5247">
    <p class='ocr_par' dir='ltr' id='par_1_97' title="bbox 547 5170 2152 5247">
     <span class='ocr_line' id='line_1_97' title="bbox 547 5170 2152 5247; baseline -0.002 -16"><span class='ocrx_word' id='word_1_749' title='bbox 547 5177 875 5247; x_wconf 70' lang='lat' dir='ltr'><strong>praemittere</strong></span> <span class='ocrx_word' id='word_1_750' title='bbox 892 5172 1170 5230; x_wconf 79' lang='lat' dir='ltr'><strong>solebant.</strong></span> <span class='ocrx_word' id='word_1_751' title='bbox 1208 5174 1278 5228; x_wconf 88' lang='lat' dir='ltr'><strong>At</strong></span> <span class='ocrx_word' id='word_1_752' title='bbox 1306 5180 1454 5229; x_wconf 85' lang='lat' dir='ltr'><strong>certe</strong></span> <span class='ocrx_word' id='word_1_753' title='bbox 1478 5188 1508 5227; x_wconf 89' lang='lat' dir='ltr'><strong>a</strong></span> <span class='ocrx_word' id='word_1_754' title='bbox 1537 5170 1751 5227; x_wconf 84' lang='lat' dir='ltr'><strong>Justino</strong></span> <span class='ocrx_word' id='word_1_755' title='bbox 1778 5178 2012 5241; x_wconf 83' lang='lat' dir='ltr'><strong>martyre</strong></span> <span class='ocrx_word' id='word_1_756' title='bbox 2037 5170 2152 5228; x_wconf 88' lang='lat' dir='ltr'><strong>dis-</strong></span> 
     </span>
    </p>
   </div>
   <div class='ocr_carea' id='block_1_98' title="bbox 545 5263 2194 5337">
    <p class='ocr_par' dir='ltr' id='par_1_98' title="bbox 545 5263 2194 5337">
     <span class='ocr_line' id='line_1_98' title="bbox 545 5263 2194 5337; baseline -0.004 -11"><span class='ocrx_word' id='word_1_757' title='bbox 545 5269 718 5326; x_wconf 89' lang='lat' dir='ltr'><strong>cimus</strong></span> <span class='ocrx_word' id='word_1_758' title='bbox 745 5284 839 5326; x_wconf 88' lang='lat' dir='ltr'><strong>eas</strong></span> <span class='ocrx_word' id='word_1_759' title='bbox 864 5265 1011 5324; x_wconf 82' lang='lat' dir='ltr'><strong>fusas</strong></span> <span class='ocrx_word' id='word_1_760' title='bbox 1036 5265 1199 5322; x_wconf 88' lang='lat' dir='ltr'><strong>fuisse</strong></span> <span class='ocrx_word' id='word_1_761' title='bbox 1240 5274 1361 5337; x_wconf 91' lang='lat' dir='ltr'><strong>post</strong></span> <span class='ocrx_word' id='word_1_762' title='bbox 1408 5280 1575 5320; x_wconf 75' lang='lat' dir='ltr'><strong>sacra:</strong></span> <span class='ocrx_word' id='word_1_763' title='bbox 1626 5263 1917 5335; x_wconf 77' lang='lat' dir='ltr'><strong>Scriptura:</strong></span> <span class='ocrx_word' id='word_1_764' title='bbox 1966 5264 2194 5331; x_wconf 50' lang='lat' dir='ltr'><strong>lectio-,</strong></span> 
     </span>
    </p>
   </div>
   <div class='ocr_carea' id='block_1_99' title="bbox 549 5358 2156 5433">
    <p class='ocr_par' dir='ltr' id='par_1_99' title="bbox 549 5358 2156 5433">
     <span class='ocr_line' id='line_1_99' title="bbox 549 5358 2156 5433; baseline -0.004 -14"><span class='ocrx_word' id='word_1_765' title='bbox 549 5377 697 5431; x_wconf 89' lang='lat' dir='ltr'><strong>nem,</strong></span> <span class='ocrx_word' id='word_1_766' title='bbox 714 5372 768 5418; x_wconf 89' lang='lat' dir='ltr'><strong>et</strong></span> <span class='ocrx_word' id='word_1_767' title='bbox 786 5361 1056 5433; x_wconf 64' lang='lat' dir='ltr'><strong>prccpositi</strong></span> <span class='ocrx_word' id='word_1_768' title='bbox 1076 5359 1527 5429; x_wconf 85' lang='lat' dir='ltr'><strong>cohortationem,</strong></span> <span class='ocrx_word' id='word_1_769' title='bbox 1554 5358 1646 5416; x_wconf 87' lang='lat' dir='ltr'><strong>sed</strong></span> <span class='ocrx_word' id='word_1_770' title='bbox 1679 5366 1963 5430; x_wconf 88' lang='lat' dir='ltr'><strong>antequam</strong></span> <span class='ocrx_word' id='word_1_771' title='bbox 1982 5359 2156 5431; x_wconf 90' lang='lat' dir='ltr'><strong>panis,</strong></span> 
     </span>
    </p>
   </div>
   <div class='ocr_carea' id='block_1_100' title="bbox 551 5453 1350 5526">
    <p class='ocr_par' dir='ltr' id='par_1_100' title="bbox 551 5453 1350 5526">
     <span class='ocr_line' id='line_1_100' title="bbox 551 5453 1350 5526; baseline -0.004 -13"><span class='ocrx_word' id='word_1_772' title='bbox 551 5456 738 5513; x_wconf 87' lang='lat' dir='ltr'><strong>vinum</strong></span> <span class='ocrx_word' id='word_1_773' title='bbox 762 5463 818 5513; x_wconf 91' lang='lat' dir='ltr'><strong>et</strong></span> <span class='ocrx_word' id='word_1_774' title='bbox 844 5469 979 5526; x_wconf 86' lang='lat' dir='ltr'><strong>aqua</strong></span> <span class='ocrx_word' id='word_1_775' title='bbox 1006 5453 1350 5511; x_wconf 69' lang='lat' dir='ltr'><strong>offerrentur.</strong></span> 
     </span>
    </p>
   </div>
   <div class='ocr_carea' id='block_1_101' title="bbox 624 5541 2154 5621">
    <p class='ocr_par' dir='ltr' id='par_1_101' title="bbox 624 5541 2154 5621">
     <span class='ocr_line' id='line_1_101' title="bbox 624 5541 2154 5621; baseline -0.004 -17"><span class='ocrx_word' id='word_1_776' title='bbox 624 5548 807 5619; x_wconf 78' lang='lat' dir='ltr'><strong>Pergit</strong></span> <span class='ocrx_word' id='word_1_777' title='bbox 880 5546 1275 5603; x_wconf 88' lang='lat' dir='ltr'><strong>Tertullianus:</strong></span> <span class='ocrx_word' id='word_1_778' title='bbox 1351 5542 1540 5601; x_wconf 85' lang='lat' dir='ltr'><strong>Editur</strong></span> <span class='ocrx_word' id='word_1_779' title='bbox 1586 5553 1829 5618; x_wconf 86' lang='lat' dir='ltr'><strong>quantum</strong></span> <span class='ocrx_word' id='word_1_780' title='bbox 1882 5541 2154 5621; x_wconf 81' lang='lat' dir='ltr'><strong>esurientes</strong></span> 
     </span>
    </p>
   </div>
   <div class='ocr_carea' id='block_1_102' title="bbox 554 5636 2154 5714">
    <p class='ocr_par' dir='ltr' id='par_1_102' title="bbox 554 5636 2154 5714">
     <span class='ocr_line' id='line_1_102' title="bbox 554 5636 2154 5714; baseline -0.003 -18"><span class='ocrx_word' id='word_1_781' title='bbox 554 5641 762 5714; x_wconf 86' lang='lat' dir='ltr'><strong>capiunt</strong></span> <span class='ocrx_word' id='word_1_782' title='bbox 791 5636 1018 5712; x_wconf 86' lang='lat' dir='ltr'><strong>(Ibid.);</strong></span> <span class='ocrx_word' id='word_1_783' title='bbox 1075 5654 1197 5712; x_wconf 68' lang='lat' dir='ltr'><strong>qua:</strong></span> <span class='ocrx_word' id='word_1_784' title='bbox 1245 5637 1456 5709; x_wconf 87' lang='lat' dir='ltr'><strong>quidem</strong></span> <span class='ocrx_word' id='word_1_785' title='bbox 1488 5649 1792 5696; x_wconf 88' lang='lat' dir='ltr'><strong>nostrorum</strong></span> <span class='ocrx_word' id='word_1_786' title='bbox 1832 5645 1887 5694; x_wconf 92' lang='lat' dir='ltr'><strong>et</strong></span> <span class='ocrx_word' id='word_1_787' title='bbox 1915 5644 2154 5692; x_wconf 90' lang='lat' dir='ltr'><strong>veterum</strong></span> 
     </span>
    </p>
   </div>
   <div class='ocr_carea' id='block_1_103' title="bbox 552 5728 2156 5802">
    <p class='ocr_par' dir='ltr' id='par_1_103' title="bbox 552 5728 2156 5802">
     <span class='ocr_line' id='line_1_103' title="bbox 552 5728 2156 5802; baseline -0.004 -14"><span class='ocrx_word' id='word_1_788' title='bbox 552 5732 800 5788; x_wconf 86' lang='lat' dir='ltr'><strong>codicum</strong></span> <span class='ocrx_word' id='word_1_789' title='bbox 826 5731 1095 5789; x_wconf 87' lang='lat' dir='ltr'><strong>editorum</strong></span> <span class='ocrx_word' id='word_1_790' title='bbox 1141 5731 1301 5788; x_wconf 85' lang='lat' dir='ltr'><strong>lectio</strong></span> <span class='ocrx_word' id='word_1_791' title='bbox 1343 5740 1452 5789; x_wconf 90' lang='lat' dir='ltr'><strong>est.</strong></span> <span class='ocrx_word' id='word_1_792' title='bbox 1538 5730 1817 5802; x_wconf 89' lang='lat' dir='ltr'><strong>Displicuit</strong></span> <span class='ocrx_word' id='word_1_793' title='bbox 1863 5736 2041 5785; x_wconf 89' lang='lat' dir='ltr'><strong>tamen</strong></span> <span class='ocrx_word' id='word_1_794' title='bbox 2068 5728 2156 5784; x_wconf 87' lang='lat' dir='ltr'><strong>illa</strong></span> 
     </span>
    </p>
   </div>
   <div class='ocr_carea' id='block_1_104' title="bbox 554 5820 2154 5895">
    <p class='ocr_par' dir='ltr' id='par_1_104' title="bbox 554 5820 2154 5895">
     <span class='ocr_line' id='line_1_104' title="bbox 554 5820 2154 5895; baseline 0.003 -23"><span class='ocrx_word' id='word_1_795' title='bbox 554 5821 809 5891; x_wconf 60' lang='lat' dir='ltr'><strong>“insitio,</strong></span> <span class='ocrx_word' id='word_1_796' title='bbox 830 5822 1099 5891; x_wconf 86' lang='lat' dir='ltr'><strong>scribique</strong></span> <span class='ocrx_word' id='word_1_797' title='bbox 1124 5824 1340 5895; x_wconf 83' lang='lat' dir='ltr'><strong>propria</strong></span> <span class='ocrx_word' id='word_1_798' title='bbox 1368 5824 1683 5881; x_wconf 85' lang='lat' dir='ltr'><strong>auctoritate</strong></span> <span class='ocrx_word' id='word_1_799' title='bbox 1711 5820 1903 5895; x_wconf 86' lang='lat' dir='ltr'><strong>voluit,</strong></span> <span class='ocrx_word' id='word_1_800' title='bbox 1918 5822 2154 5892; x_wconf 87' lang='lat' dir='ltr'><strong>cupiunt,</strong></span> 
     </span>
    </p>
   </div>
   <div class='ocr_carea' id='block_1_105' title="bbox 2256 4698 3871 4778">
    <p class='ocr_par' dir='ltr' id='par_1_105' title="bbox 2256 4698 3871 4778">
     <span class='ocr_line' id='line_1_105' title="bbox 2256 4698 3871 4778; baseline -0.004 -16"><span class='ocrx_word' id='word_1_801' title='bbox 2256 4705 2651 4778; x_wconf 82' lang='lat' dir='ltr'><strong>porrigebatur.</strong></span> <span class='ocrx_word' id='word_1_802' title='bbox 2694 4703 2768 4758; x_wconf 85' lang='lat' dir='ltr'><strong>Ea</strong></span> <span class='ocrx_word' id='word_1_803' title='bbox 2797 4713 2977 4758; x_wconf 89' lang='lat' dir='ltr'><strong>autem</strong></span> <span class='ocrx_word' id='word_1_804' title='bbox 3004 4701 3342 4757; x_wconf 89' lang='lat' dir='ltr'><strong>consuetudo</strong></span> <span class='ocrx_word' id='word_1_805' title='bbox 3368 4716 3475 4755; x_wconf 92' lang='lat' dir='ltr'><strong>non</strong></span> <span class='ocrx_word' id='word_1_806' title='bbox 3507 4700 3683 4755; x_wconf 86' lang='lat' dir='ltr'><strong>solum</strong></span> <span class='ocrx_word' id='word_1_807' title='bbox 3721 4698 3871 4770; x_wconf 84' lang='lat' dir='ltr'><strong>apud</strong></span> 
     </span>
    </p>
   </div>
   <div class='ocr_carea' id='block_1_106' title="bbox 2253 4792 3878 4867">
    <p class='ocr_par' dir='ltr' id='par_1_106' title="bbox 2253 4792 3878 4867">
     <span class='ocr_line' id='line_1_106' title="bbox 2253 4792 3878 4867; baseline -0.005 -12"><span class='ocrx_word' id='word_1_808' title='bbox 2253 4800 2598 4865; x_wconf 87' lang='lat' dir='ltr'><strong>christianos,</strong></span> <span class='ocrx_word' id='word_1_809' title='bbox 2652 4797 2747 4853; x_wconf 91' lang='lat' dir='ltr'><strong>sed</strong></span> <span class='ocrx_word' id='word_1_810' title='bbox 2790 4796 3021 4867; x_wconf 85' lang='lat' dir='ltr'><strong>gentiles</strong></span> <span class='ocrx_word' id='word_1_811' title='bbox 3069 4796 3233 4852; x_wconf 91' lang='lat' dir='ltr'><strong>etiam</strong></span> <span class='ocrx_word' id='word_1_812' title='bbox 3284 4793 3605 4849; x_wconf 84' lang='lat' dir='ltr'><strong>invahterat.</strong></span> <span class='ocrx_word' id='word_1_813' title='bbox 3672 4792 3878 4848; x_wconf 82' lang='lat' dir='ltr'><strong>Narrat</strong></span> 
     </span>
    </p>
   </div>
   <div class='ocr_carea' id='block_1_107' title="bbox 2253 4877 3874 4951">
    <p class='ocr_par' dir='ltr' id='par_1_107' title="bbox 2253 4877 3874 4951">
     <span class='ocr_line' id='line_1_107' title="bbox 2253 4877 3874 4951; baseline -0.004 -12"><span class='ocrx_word' id='word_1_814' title='bbox 2253 4886 2398 4940; x_wconf 90' lang='lat' dir='ltr'><strong>enim</strong></span> <span class='ocrx_word' id='word_1_815' title='bbox 2427 4886 2715 4940; x_wconf 61' lang='lat' dir='ltr'><strong>Athenaeus</strong></span> <span class='ocrx_word' id='word_1_816' title='bbox 2744 4890 2869 4937; x_wconf 85' lang='lat' dir='ltr'><strong>ante</strong></span> <span class='ocrx_word' id='word_1_817' title='bbox 2896 4890 2951 4937; x_wconf 89' lang='lat' dir='ltr'><strong>et</strong></span> <span class='ocrx_word' id='word_1_818' title='bbox 2981 4891 3102 4951; x_wconf 85' lang='lat' dir='ltr'><strong>post</strong></span> <span class='ocrx_word' id='word_1_819' title='bbox 3128 4894 3363 4946; x_wconf 76' lang='lat' dir='ltr'><strong>ctenam,</strong></span> <span class='ocrx_word' id='word_1_820' title='bbox 3396 4894 3427 4934; x_wconf 89' lang='lat' dir='ltr'><strong>a</strong></span> <span class='ocrx_word' id='word_1_821' title='bbox 3459 4878 3664 4934; x_wconf 68' lang='lat' dir='ltr'><strong>Grmcis</strong></span> <span class='ocrx_word' id='word_1_822' title='bbox 3684 4877 3874 4933; x_wconf 80' lang='lat' dir='ltr'><strong>datam</strong></span> 
     </span>
    </p>
   </div>
   <div class='ocr_carea' id='block_1_108' title="bbox 2252 4972 3880 5045">
    <p class='ocr_par' dir='ltr' id='par_1_108' title="bbox 2252 4972 3880 5045">
     <span class='ocr_line' id='line_1_108' title="bbox 2252 4972 3880 5045; baseline -0.006 -12"><span class='ocrx_word' id='word_1_823' title='bbox 2252 4972 2532 5034; x_wconf 89' lang='lat' dir='ltr'><strong>abluendis</strong></span> <span class='ocrx_word' id='word_1_824' title='bbox 2558 4974 2803 5031; x_wconf 88' lang='lat' dir='ltr'><strong>manibus</strong></span> <span class='ocrx_word' id='word_1_825' title='bbox 2830 4990 3043 5045; x_wconf 88' lang='lat' dir='ltr'><strong>aquam,</strong></span> <span class='ocrx_word' id='word_1_826' title='bbox 3077 4974 3408 5044; x_wconf 89' lang='lat' dir='ltr'><strong>primamque</strong></span> <span class='ocrx_word' id='word_1_827' title='bbox 3421 4976 3548 5029; x_wconf 61' lang='lat' dir='ltr'><strong>itaret</strong></span> <span class='ocrx_word' id='word_1_828' title='bbox 3572 4981 3745 5043; x_wconf 69' lang='grc' dir='ltr'><strong>χειρὸς,</strong></span> <span class='ocrx_word' id='word_1_829' title='bbox 3782 4984 3880 5027; x_wconf 71' lang='lat' dir='ltr'><strong>se—</strong></span> 
     </span>
    </p>
   </div>
   <div class='ocr_carea' id='block_1_109' title="bbox 2253 5063 3873 5137">
    <p class='ocr_par' dir='ltr' id='par_1_109' title="bbox 2253 5063 3873 5137">
     <span class='ocr_line' id='line_1_109' title="bbox 2253 5063 3873 5137; baseline -0.007 -11"><span class='ocrx_word' id='word_1_830' title='bbox 2253 5070 2482 5126; x_wconf 90' lang='lat' dir='ltr'><strong>cundam</strong></span> <span class='ocrx_word' id='word_1_831' title='bbox 2513 5074 2836 5137; x_wconf 68' lang='grc' dir='ltr'><strong>ἀπονίψασθαι</strong></span> <span class='ocrx_word' id='word_1_832' title='bbox 2863 5066 2894 5121; x_wconf 71' lang='lat' dir='ltr'><strong>a</strong></span> <span class='ocrx_word' id='word_1_833' title='bbox 2912 5066 3180 5122; x_wconf 87' lang='lat' dir='ltr'><strong>veteribus</strong></span> <span class='ocrx_word' id='word_1_834' title='bbox 3200 5064 3456 5135; x_wconf 84' lang='lat' dir='ltr'><strong>appellari</strong></span> <span class='ocrx_word' id='word_1_835' title='bbox 3476 5064 3732 5132; x_wconf 72' lang='lat' dir='ltr'><strong>(Athenae.</strong></span> <span class='ocrx_word' id='word_1_836' title='bbox 3776 5063 3873 5117; x_wconf 81' lang='lat' dir='ltr'><strong>lib.</strong></span> 
     </span>
    </p>
   </div>
   <div class='ocr_carea' id='block_1_110' title="bbox 2255 5153 3871 5231">
    <p class='ocr_par' dir='ltr' id='par_1_110' title="bbox 2255 5153 3871 5231">
     <span class='ocr_line' id='line_1_110' title="bbox 2255 5153 3871 5231; baseline -0.007 -14"><span class='ocrx_word' id='word_1_837' title='bbox 2255 5160 2331 5218; x_wconf 83' lang='lat' dir='ltr'><strong>X1</strong></span> <span class='ocrx_word' id='word_1_838' title='bbox 2353 5159 2729 5231; x_wconf 81' lang='lat' dir='ltr'><strong>Deipnosoplt.,</strong></span> <span class='ocrx_word' id='word_1_839' title='bbox 2753 5176 2869 5229; x_wconf 86' lang='lat' dir='ltr'><strong>cap.</strong></span> <span class='ocrx_word' id='word_1_840' title='bbox 2897 5158 2988 5227; x_wconf 80' lang='lat' dir='ltr'><strong>l8,</strong></span> <span class='ocrx_word' id='word_1_841' title='bbox 3024 5175 3143 5229; x_wconf 86' lang='lat' dir='ltr'><strong>pag.</strong></span> <span class='ocrx_word' id='word_1_842' title='bbox 3171 5156 3303 5223; x_wconf 65' lang='lat'><strong>408;</strong></span> <span class='ocrx_word' id='word_1_843' title='bbox 3335 5155 3432 5223; x_wconf 84' lang='lat' dir='ltr'><strong>id.,</strong></span> <span class='ocrx_word' id='word_1_844' title='bbox 3463 5153 3657 5219; x_wconf 84' lang='lat' dir='ltr'><strong>lib.lV,</strong></span> <span class='ocrx_word' id='word_1_845' title='bbox 3676 5168 3790 5222; x_wconf 87' lang='lat' dir='ltr'><strong>cap.</strong></span> <span class='ocrx_word' id='word_1_846' title='bbox 3813 5153 3871 5220; x_wconf 73' lang='grc'><strong>1,</strong></span> 
     </span>
    </p>
   </div>
   <div class='ocr_carea' id='block_1_111' title="bbox 2258 5247 3875 5327">
    <p class='ocr_par' dir='ltr' id='par_1_111' title="bbox 2258 5247 3875 5327">
     <span class='ocr_line' id='line_1_111' title="bbox 2258 5247 3875 5327; baseline -0.006 -18"><span class='ocrx_word' id='word_1_847' title='bbox 2258 5270 2382 5327; x_wconf 89' lang='lat' dir='ltr'><strong>pag.</strong></span> <span class='ocrx_word' id='word_1_848' title='bbox 2413 5252 2540 5319; x_wconf 73' lang='grc'><strong>128,</strong></span> <span class='ocrx_word' id='word_1_849' title='bbox 2562 5258 2609 5308; x_wconf 84' lang='lat' dir='ltr'><strong>ct</strong></span> <span class='ocrx_word' id='word_1_850' title='bbox 2634 5267 2751 5322; x_wconf 91' lang='lat' dir='ltr'><strong>cap.</strong></span> <span class='ocrx_word' id='word_1_851' title='bbox 2778 5250 2834 5319; x_wconf 78' lang='lat'><strong>2,</strong></span> <span class='ocrx_word' id='word_1_852' title='bbox 2865 5267 2985 5322; x_wconf 87' lang='lat' dir='ltr'><strong>pag.</strong></span> <span class='ocrx_word' id='word_1_853' title='bbox 3015 5249 3123 5306; x_wconf 70' lang='lat'><strong>129</strong></span> <span class='ocrx_word' id='word_1_854' title='bbox 3148 5250 3192 5322; x_wconf 92' lang='lat'><strong>).</strong></span> <span class='ocrx_word' id='word_1_855' title='bbox 3234 5249 3388 5317; x_wconf 87' lang='lat' dir='ltr'><strong>Quod</strong></span> <span class='ocrx_word' id='word_1_856' title='bbox 3412 5248 3628 5320; x_wconf 88' lang='lat' dir='ltr'><strong>quidem</strong></span> <span class='ocrx_word' id='word_1_857' title='bbox 3657 5247 3746 5301; x_wconf 90' lang='lat' dir='ltr'><strong>ille</strong></span> <span class='ocrx_word' id='word_1_858' title='bbox 3776 5261 3875 5301; x_wconf 90' lang='lat' dir='ltr'><strong>va-</strong></span> 
     </span>
    </p>
   </div>
   <div class='ocr_carea' id='block_1_112' title="bbox 2259 5340 3878 5416">
    <p class='ocr_par' dir='ltr' id='par_1_112' title="bbox 2259 5340 3878 5416">
     <span class='ocr_line' id='line_1_112' title="bbox 2259 5340 3878 5416; baseline -0.005 -13"><span class='ocrx_word' id='word_1_859' title='bbox 2259 5347 2357 5403; x_wconf 88' lang='lat' dir='ltr'><strong>riis</strong></span> <span class='ocrx_word' id='word_1_860' title='bbox 2398 5346 2722 5416; x_wconf 91' lang='lat' dir='ltr'><strong>scriptorum</strong></span> <span class='ocrx_word' id='word_1_861' title='bbox 2770 5342 3093 5399; x_wconf 84' lang='lat' dir='ltr'><strong>testimoniis</strong></span> <span class='ocrx_word' id='word_1_862' title='bbox 3130 5342 3466 5414; x_wconf 86' lang='lat' dir='ltr'><strong>comprobat.</strong></span> <span class='ocrx_word' id='word_1_863' title='bbox 3530 5340 3685 5396; x_wconf 82' lang='lat' dir='ltr'><strong>Prius</strong></span> <span class='ocrx_word' id='word_1_864' title='bbox 3734 5354 3878 5395; x_wconf 85' lang='lat' dir='ltr'><strong>vero</strong></span> 
     </span>
    </p>
   </div>
   <div class='ocr_carea' id='block_1_113' title="bbox 2264 5432 3878 5510">
    <p class='ocr_par' dir='ltr' id='par_1_113' title="bbox 2264 5432 3878 5510">
     <span class='ocr_line' id='line_1_113' title="bbox 2264 5432 3878 5510; baseline -0.004 -15"><span class='ocrx_word' id='word_1_865' title='bbox 2264 5439 2434 5496; x_wconf 89' lang='lat' dir='ltr'><strong>edidit</strong></span> <span class='ocrx_word' id='word_1_866' title='bbox 2455 5437 2813 5510; x_wconf 88' lang='lat' dir='ltr'><strong>fragmentum</strong></span> <span class='ocrx_word' id='word_1_867' title='bbox 2835 5435 3076 5508; x_wconf 81' lang='lat' dir='ltr'><strong>epistola:</strong></span> <span class='ocrx_word' id='word_1_868' title='bbox 3094 5434 3429 5507; x_wconf 82' lang='lat' dir='ltr'><strong>Hippolochi,</strong></span> <span class='ocrx_word' id='word_1_869' title='bbox 3450 5448 3554 5507; x_wconf 88' lang='lat' dir='ltr'><strong>qua</strong></span> <span class='ocrx_word' id='word_1_870' title='bbox 3575 5432 3878 5504; x_wconf 85' lang='lat' dir='ltr'><strong>scripserat</strong></span> 
     </span>
    </p>
   </div>
   <div class='ocr_carea' id='block_1_114' title="bbox 2263 5528 3873 5607">
    <p class='ocr_par' dir='ltr' id='par_1_114' title="bbox 2263 5528 3873 5607">
     <span class='ocr_line' id='line_1_114' title="bbox 2263 5528 3873 5607; baseline -0.006 -15"><span class='ocrx_word' id='word_1_871' title='bbox 2263 5534 2506 5607; x_wconf 82' lang='lat' dir='ltr'><strong>expletos</strong></span> <span class='ocrx_word' id='word_1_872' title='bbox 2525 5533 2648 5589; x_wconf 92' lang='lat' dir='ltr'><strong>cibo</strong></span> <span class='ocrx_word' id='word_1_873' title='bbox 2666 5533 2923 5589; x_wconf 84' lang='lat' dir='ltr'><strong>convivas</strong></span> <span class='ocrx_word' id='word_1_874' title='bbox 2947 5545 3139 5587; x_wconf 85' lang='lat' dir='ltr'><strong>manus</strong></span> <span class='ocrx_word' id='word_1_875' title='bbox 3165 5532 3377 5588; x_wconf 83' lang='lat' dir='ltr'><strong>lavisse.</strong></span> <span class='ocrx_word' id='word_1_876' title='bbox 3407 5528 3681 5585; x_wconf 63' lang='lat' dir='ltr'><strong>Nemoriaa</strong></span> <span class='ocrx_word' id='word_1_877' title='bbox 3702 5530 3873 5584; x_wconf 86' lang='lat' dir='ltr'><strong>etiam</strong></span> 
     </span>
    </p>
   </div>
   <div class='ocr_carea' id='block_1_115' title="bbox 2259 5622 3874 5700">
    <p class='ocr_par' dir='ltr' id='par_1_115' title="bbox 2259 5622 3874 5700">
     <span class='ocr_line' id='line_1_115' title="bbox 2259 5622 3874 5700; baseline -0.005 -14"><span class='ocrx_word' id='word_1_878' title='bbox 2259 5627 2595 5700; x_wconf 84' lang='lat' dir='ltr'><strong>Lampridius</strong></span> <span class='ocrx_word' id='word_1_879' title='bbox 2620 5626 2857 5699; x_wconf 89' lang='lat' dir='ltr'><strong>prodidit</strong></span> <span class='ocrx_word' id='word_1_880' title='bbox 2894 5626 3132 5684; x_wconf 77' lang='lat' dir='ltr'><strong>exhibita</strong></span> <span class='ocrx_word' id='word_1_881' title='bbox 3158 5626 3227 5683; x_wconf 87' lang='lat' dir='ltr'><strong>ab</strong></span> <span class='ocrx_word' id='word_1_882' title='bbox 3246 5624 3595 5698; x_wconf 77' lang='lat' dir='ltr'><strong>Heliogabalo</strong></span> <span class='ocrx_word' id='word_1_883' title='bbox 3619 5622 3874 5693; x_wconf 83' lang='lat' dir='ltr'><strong>parasitis</strong></span> 
     </span>
    </p>
   </div>
   <div class='ocr_carea' id='block_1_116' title="bbox 2258 5715 3874 5793">
    <p class='ocr_par' dir='ltr' id='par_1_116' title="bbox 2258 5715 3874 5793">
     <span class='ocr_line' id='line_1_116' title="bbox 2258 5715 3874 5793; baseline -0.002 -16"><span class='ocrx_word' id='word_1_884' title='bbox 2258 5720 2479 5792; x_wconf 86' lang='lat' dir='ltr'><strong>fercula,</strong></span> <span class='ocrx_word' id='word_1_885' title='bbox 2510 5723 2582 5778; x_wconf 88' lang='lat' dir='ltr'><strong>ita</strong></span> <span class='ocrx_word' id='word_1_886' title='bbox 2610 5730 2671 5780; x_wconf 89' lang='lat' dir='ltr'><strong>ut</strong></span> <span class='ocrx_word' id='word_1_887' title='bbox 2698 5736 2794 5792; x_wconf 90' lang='lat' dir='ltr'><strong>per</strong></span> <span class='ocrx_word' id='word_1_888' title='bbox 2829 5722 3037 5793; x_wconf 78' lang='lat' dir='ltr'><strong>singula</strong></span> <span class='ocrx_word' id='word_1_889' title='bbox 3077 5720 3343 5789; x_wconf 88' lang='lat' dir='ltr'><strong>biberent,</strong></span> <span class='ocrx_word' id='word_1_890' title='bbox 3372 5728 3419 5775; x_wconf 86' lang='lat' dir='ltr'><strong>et</strong></span> <span class='ocrx_word' id='word_1_891' title='bbox 3462 5733 3667 5783; x_wconf 86' lang='lat' dir='ltr'><strong>manus,</strong></span> <span class='ocrx_word' id='word_1_892' title='bbox 3716 5715 3874 5787; x_wconf 76' lang='lat' dir='ltr'><strong>quasi</strong></span> 
     </span>
    </p>
   </div>
   <div class='ocr_carea' id='block_1_117' title="bbox 2260 5809 3871 5889">
    <p class='ocr_par' dir='ltr' id='par_1_117' title="bbox 2260 5809 3871 5889">
     <span class='ocr_line' id='line_1_117' title="bbox 2260 5809 3871 5889; baseline -0.004 -16"><span class='ocrx_word' id='word_1_893' title='bbox 2260 5818 2611 5889; x_wconf 75' lang='lat' dir='ltr'><strong>comedissent,</strong></span> <span class='ocrx_word' id='word_1_894' title='bbox 2660 5816 2885 5875; x_wconf 76' lang='lat' dir='ltr'><strong>levarent</strong></span> <span class='ocrx_word' id='word_1_895' title='bbox 2913 5815 3230 5889; x_wconf 87' lang='lat' dir='ltr'><strong>(Lamprid.,</strong></span> <span class='ocrx_word' id='word_1_896' title='bbox 3290 5815 3345 5871; x_wconf 86' lang='lat' dir='ltr'><strong>in</strong></span> <span class='ocrx_word' id='word_1_897' title='bbox 3384 5812 3485 5871; x_wconf 82' lang='lat' dir='ltr'><strong>Vit.</strong></span> <span class='ocrx_word' id='word_1_898' title='bbox 3536 5809 3871 5885; x_wconf 79' lang='lat' dir='ltr'><strong>Heliogabal.</strong></span> 
     </span>
    </p>
   </div>
  </div>
