4212 6262
280 351 392 416 957

1387 340 1845 406 DISSERTATIO
1878 345 1943 405 D.
1984 344 2073 405 LE
2109 344 2415 406 NOURRY.

3478 344 3592 408 958

287 489 413 546 pag.
431 470 540 529 545
560 469 603 543 ).
631 466 748 526 Mos
773 466 937 541 igitur
953 465 1043 524 ille
1067 470 1259 522 manus
1285 472 1408 539 post
1429 480 1637 522 coenam
1666 464 1884 521 abluen-
1910 469 1962 532 Α
1987 466 2085 522 sub
2113 478 2396 536 vesperam
2424 463 2454 518 s
2483 465 2736 532 comatis,
2784 465 2839 519 in
2880 464 2999 521 aliis
3035 476 3164 522 vero
3197 472 3321 523 ante
3371 480 3589 524 omnem

288 565 366 631 di,
409 571 593 635 utpote
636 559 914 627 honestus,
961 573 993 613 a
1029 557 1351 613 Christianis
1386 568 1600 629 quoque
1627 557 1887 612 observa-

288 657 466 713 batur.
508 655 715 711 Videsis
735 646 1133 708 Theodoretum
1158 659 1213 707 et
1228 649 1362 706 alios
1390 647 1715 721 (Theodorei.
1744 649 1832 703 lib.
1864 647 1885 703 l

294 748 436 804 Hist.
470 746 687 809 Eccles.,
719 760 837 815 cap.
868 742 985 816 18).

362 840 639 910 Explicatu
670 837 851 909 itaque
902 834 1204 892 difﬁciliora
1246 834 1387 890 haud
1432 834 1592 891 dubie
1641 834 1886 905 plurimis

290 933 610 989 videbuntur
636 929 753 986 haec
783 928 890 985 duo
910 929 1294 1001 subsequentia
1319 929 1636 984 Tertulliani
1681 927 1843 983 verba
1867 942 1881 979 :

290 1024 362 1081 Et
388 1025 598 1079 lumina.
640 1023 806 1078 Nobis
835 1022 1049 1093 quidem
1078 1020 1130 1076 id
1162 1036 1269 1077 non
1304 1021 1453 1087 latet,
1486 1020 1629 1092 quod
1669 1018 1883 1089 quidam

289 1124 614 1174 annomrunt
649 1117 704 1171 in
737 1114 973 1171 Woverii
1012 1114 1198 1170 codice
1240 1115 1496 1186 scriptum
1544 1112 1612 1167 ad
1651 1112 1843 1167 lumina
1866 1126 1886 1166 :

198 1202 217 1219 “
290 1211 384 1269 sed
415 1211 459 1265 is
487 1210 635 1266 solus
659 1208 829 1265 codex
862 1207 1075 1264 caeteris
1104 1207 1356 1263 omnibus
1385 1205 1624 1276 praeferri
1653 1219 1759 1259 non
1785 1203 1883 1259 de-

288 1302 401 1359 bet.
443 1300 520 1357 lbi
573 1312 753 1356 autem
782 1301 984 1355 Auctor
1020 1307 1203 1355 noster
1238 1299 1474 1354 monitos
1515 1298 1696 1369 procul
1723 1297 1885 1353 dubio

288 1411 389 1452 nos
417 1409 539 1452 esse
566 1395 731 1451 voluit
764 1402 889 1449 tunc
915 1407 1142 1449 accensa
1169 1392 1332 1449 fuisse
1352 1392 1551 1448 lumina
1578 1408 1593 1459 ;
1634 1391 1757 1463 quia
1786 1390 1886 1448 sub

287 1503 569 1560 vesperam
611 1487 901 1542 Christiani
963 1485 1441 1556 congregabantur,
1495 1485 1885 1555 cmnabantque

287 1581 445 1636 ﬁnito
469 1581 577 1650 jam
607 1579 714 1646 die,
751 1592 814 1634 ac
836 1587 1118 1649 postquam
1157 1591 1221 1633 ea
1262 1578 1462 1643 omnia,
1496 1591 1616 1647 qum
1668 1590 1885 1632 enarrao

286 1674 486 1737 vimus,
515 1670 652 1726 facta
683 1669 912 1725 fuerant.
982 1667 1066 1723 Ob
1103 1669 1481 1724 necessitatem
1526 1667 1706 1738 igitur,
1734 1674 1790 1723 et
1816 1664 1884 1722 ad

284 1764 570 1835 fugandas,
600 1761 1050 1834 quemadmodum
1092 1762 1180 1817 ille
1224 1760 1352 1815 alibi
1394 1760 1681 1833 signiﬁcat,
1708 1762 1884 1817 noctis

287 1856 516 1910 tenebras
540 1855 654 1909 lucc
679 1854 881 1909 lumina
918 1853 1347 1909 accendebantur
1377 1851 1702 1924 (Tcrtullian.
1738 1854 1880 1925 Apo-

287 1949 436 2020 loget.
469 1963 583 2018 cap.
611 1948 662 2013 7,
697 1963 817 2019 pag.
843 1946 992 2016 506).
1023 1944 1130 2002 Sed
1174 1945 1243 2001 de
1272 1945 1356 2005 his
1382 1945 1491 2015 jam
1529 1944 1728 2016 aliquid
1755 1944 1881 2001 alibi

284 2039 707 2107 observavimus,
731 2047 786 2095 et
808 2042 991 2109 postea
1013 2037 1188 2093 adhuc
1216 2037 1704 2093 animadvertemus
1730 2034 1880 2110 (Dis-

283 2138 455 2192 sertat.
483 2136 539 2189 in
568 2128 803 2188 Lactant.
834 2150 950 2202 cap.
981 2132 1071 2201 25,
1099 2124 1192 2187 art.
1226 2131 1304 2205 2).

361 2227 527 2283 Nobis
567 2241 698 2283 vero
748 2226 940 2299 aliquis
982 2226 1169 2298 procul
1217 2226 1380 2281 dubio
1402 2226 1617 2297 objiciet
1645 2241 1659 2281 :
1689 2222 1746 2281 Si
1766 2224 1879 2281 haec

289 2319 714 2376 Christianorum
735 2333 967 2390 synaxes
991 2318 1093 2374 sub
1133 2323 1415 2389 vesperum
1438 2318 1786 2388 cogebantur,
1816 2331 1881 2372 ac

285 2411 463 2467 noctis
509 2412 660 2466 initio
688 2424 894 2467 coenam
926 2410 1003 2466 illi
1043 2410 1388 2477 inchoabant,
1439 2422 1535 2465 cur
1564 2409 1703 2465 idem
1743 2408 1878 2464 Ter-

285 2504 541 2561 tullianus
586 2503 685 2561 hos
713 2515 883 2561 cintus
909 2504 1035 2559 alibi
1080 2504 1429 2560 antelucanos
1457 2503 1735 2575 appellat?
1771 2502 1880 2558 Cur

284 2597 392 2653 alio
430 2596 483 2651 in
522 2597 658 2651 libro
700 2596 864 2652 dixit:
907 2592 1252 2651 Eucharistia:
1297 2605 1669 2652 sacramentum
1727 2596 1878 2649 etiam

283 2690 597 2745 antelucanis
622 2690 827 2744 cwtibus
870 2690 1113 2744 sumimus
1168 2686 1407 2760 (Tertull.
1453 2688 1543 2745 lib.
1600 2688 1663 2742 de
1689 2686 1875 2743 Coron.

283 2781 457 2847 milit.,
489 2794 605 2853 cap.
665 2781 699 2837 '5
728 2780 768 2854 ).
811 2782 994 2854 Neque
1040 2781 1145 2837 alio
1213 2783 1429 2836 nomine
1474 2796 1503 2834 a
1557 2780 1731 2837 Plinio
1781 2779 1879 2838 Se-

285 2873 460 2930 cundo
520 2874 573 2928 in
632 2886 728 2930 sna
768 2873 837 2929 ad
878 2873 1166 2944 Trajanum
1224 2872 1604 2943 imperatorem
1653 2871 1879 2942 epistola

286 2977 499 3023 vocatos
525 2982 645 3024 esse
677 2976 925 3024 testatur.
1000 2967 1057 3023 ln
1089 2983 1151 3023 ea
1180 2967 1467 3039 siquidem,
1518 2974 1576 3021 ut
1604 2967 1717 3036 ipse
1743 2966 1877 3021 Ter-

284 3061 536 3117 tullianus
580 3061 788 3127 retulit,
827 3059 1035 3116 Plinius
1087 3062 1380 3130 scripserat
1424 3059 1555 3114 nihil
1594 3060 1649 3113 in
1699 3074 1875 3113 sacra-

284 3158 462 3209 mentis
483 3171 653 3209 eorum
682 3154 1094 3210 Christianorum
1117 3170 1169 3209 se
1195 3156 1516 3226 comperisse,
1544 3168 1695 3223 quam
1725 3161 1880 3207 caelus

284 3246 611 3302 antelucanos
651 3246 719 3300 ad
746 3250 1030 3301 canendum
1062 3246 1263 3302 Christo
1294 3258 1339 3301 et
1382 3245 1489 3301 Deo
1520 3244 1712 3318 (Idem,
1742 3245 1880 3315 Apo-

286 3339 439 3409 loget.
471 3353 585 3408 cap.
611 3337 667 3407 2,
687 3356 803 3411 pag.
824 3339 978 3409 273).
995 3340 1133 3408 Quin
1160 3341 1320 3395 etiam
1342 3336 1398 3393 lii
1419 3346 1590 3393 coetus
1617 3351 1828 3392 rursum
1851 3350 1881 3391 a

285 3431 623 3488 Tertulliano
674 3435 1024 3489 nominantur
1081 3441 1362 3492 nocturna:
1423 3432 1879 3488 convocationes:

288 3525 416 3594 Quis
450 3526 727 3593 nocturnis,
759 3526 950 3596 inquit,
974 3524 1433 3592 convocationibus,
1478 3524 1520 3577 si
1549 3524 1619 3577 ita
1645 3532 1880 3593 oportue-

282 3617 373 3684 rit,
405 3632 612 3672 uxorem
639 3634 670 3670 a
695 3616 850 3673 latere
878 3632 971 3672 suo
1000 3617 1157 3672 adimi
1186 3616 1395 3671 libenter
1431 3615 1595 3687 feret?
1632 3615 1698 3670 Et
1726 3614 1882 3685 paulo

282 3717 404 3779 post
432 3727 445 3765 :
481 3706 599 3765 Non
622 3712 739 3765 sciet
768 3711 980 3764 maritus
999 3711 1122 3780 quid
1135 3720 1324 3765 secreto
1351 3719 1466 3764 ante
1495 3722 1693 3763 onmem
1714 3707 1883 3762 cibum

283 3815 473 3877 gustes,
504 3813 664 3877 atque
689 3803 826 3862 adeo
850 3806 1127 3859 matutinis
1173 3805 1358 3871 horis;
1401 3813 1446 3858 el
1474 3805 1519 3858 si
1548 3804 1746 3858 sciverit
1783 3820 1881 3873 pa-

285 3915 420 3965 nem,
464 3912 565 3952 non
589 3897 737 3953 illum
775 3897 933 3952 credit
978 3913 1103 3964 esse,
1136 3898 1223 3968 qui
1242 3896 1437 3957 dicitur
1469 3895 1488 3967 (
1519 3893 1689 3963 Idem,
1722 3893 1809 3950 lib.
1834 3893 1880 3950 ll

284 3990 355 4045 ad
429 3989 615 4058 Uttan,
684 4006 799 4059 cap.
856 3989 963 4061 4).
1002 3989 1177 4046 Simili
1221 3990 1382 4045 etiam
1429 3988 1589 4043 modo
1654 3984 1881 4059 Cypria-

285 4098 389 4140 nus
427 4083 492 4139 ad
554 4082 835 4140 Caecilium
892 4082 1006 4138 haec
1046 4083 1101 4137 in
1139 4081 1302 4137 verba
1363 4081 1616 4153 scripsit:
1665 4079 1785 4136 Nisi
1836 4083 1879 4134 si

287 4178 340 4231 in
374 4177 631 4231 matutinis
653 4179 749 4230 hoc
773 4176 884 4246 quis
920 4182 1144 4239 veretur,
1169 4190 1232 4229 ne
1257 4190 1345 4243 per
1372 4190 1605 4244 saporem
1648 4174 1749 4228 vini
1799 4189 1878 4227 re-

285 4269 455 4325 doleat
506 4271 803 4342 sanguinem
850 4267 1041 4324 Christi
1100 4266 1368 4346 (Cyprian.
1423 4269 1571 4339 epist.
1634 4264 1703 4322 63
1734 4309 1749 4334 ,
1809 4269 1881 4327 ad

284 4360 529 4434 Ctecil.).
587 4361 720 4430 Quae
785 4369 962 4417 tamen
1023 4361 1078 4416 in
1148 4358 1265 4416 aliis
1304 4358 1547 4429 pluribus
1599 4359 1877 4416 codicibus

283 4455 662 4525 manuscriptls
705 4454 777 4509 ita
808 4455 1093 4526 leguntur:
1149 4450 1263 4507 IIoc
1308 4453 1435 4524 quis
1453 4461 1670 4519 veretur,
1712 4466 1775 4507 ne
1805 4453 1877 4506 vi-

281 4558 409 4602 num
447 4547 645 4614 offerat,
674 4564 736 4602 ne
775 4560 861 4618 per
888 4564 1121 4618 saporem
1149 4548 1273 4612 vini,
1323 4546 1477 4601 odore
1509 4548 1781 4616 ﬂagrante,
1813 4545 1875 4600 ab

281 4638 484 4708 infideli
512 4640 815 4695 conscientia
843 4641 970 4695 odor
1006 4640 1109 4694 vini
1140 4639 1278 4694 horis
1308 4639 1568 4692 matutinis
1608 4639 1760 4708 fuerit
1787 4656 1877 4710 ag-

281 4733 441 4799 nitus,
474 4741 520 4788 et
547 4738 848 4805 agnoscatur
875 4751 983 4790 esse
1009 4732 1337 4799 christianus,
1370 4731 1489 4787 dum
1534 4749 1627 4788 nos
1672 4736 1878 4804 sangui-

280 4842 398 4880 nem
428 4824 617 4881 Christi
648 4826 699 4881 in
716 4827 819 4881 vini
848 4827 1101 4882 oblatione
1123 4838 1594 4881 commemoramus.

355 4919 695 4977 Difﬁcultatis
717 4920 877 4993 hujus
903 4922 1103 4978 nodum
1129 4921 1345 4994 quidam
1373 4922 1507 4977 solvi
1534 4935 1697 4994 posse
1723 4930 1878 4979 autu-

280 5022 431 5069 mant
472 5013 856 5088 distinguendo
898 5014 1093 5085 duplex
1140 5029 1413 5086 synaxeon
1458 5029 1646 5085 genus.
1706 5013 1879 5072 Unum

282 5107 425 5162 enim
453 5120 574 5162 esse
600 5110 772 5174 aiunt,
802 5107 856 5161 in
882 5122 989 5178 quo
1029 5105 1363 5161 Eucharistia
1395 5122 1425 5160 a
1452 5106 1771 5163 Christianis
1794 5107 1881 5177 je-‘

278 5197 424 5269 jnnis
449 5213 661 5254 summo
690 5214 849 5255 mane
896 5200 1226 5255 sumebatur.
1306 5199 1549 5255 Alterum
1592 5215 1722 5257 vero
1751 5200 1878 5257 illud

281 5304 408 5346 esse
436 5300 680 5359 censent,
708 5290 775 5347 de
798 5306 906 5362 quo
930 5292 1158 5362 agimus,
1187 5292 1329 5363 quod
1355 5309 1560 5365 agapen
1590 5293 1875 5361 vocabant,

281 5380 597 5451 solebatque
623 5383 723 5439 sub
750 5397 1029 5454 vesperam
1059 5384 1317 5440 inchoari.
1394 5386 1498 5441 Sed
1529 5393 1713 5441 contra
1742 5386 1879 5444 hanc

280 5474 689 5545 responsionem
715 5474 893 5532 facere
913 5476 1161 5532 videntur
1186 5477 1435 5533 Socrates
1450 5484 1506 5533 et
1524 5475 1878 5548 Sozomenus,

282 5567 376 5638 qui
408 5578 658 5624 asserunt
682 5583 791 5624 non
819 5568 1068 5625 eumdem
1090 5568 1291 5641 ubique
1311 5583 1340 5623 a
1371 5568 1679 5625 christianis
1699 5584 1881 5626 serva-

280 5669 396 5716 tum
434 5669 608 5718 ctetus
645 5674 772 5718 suos
800 5661 993 5733 agendi
1036 5676 1268 5718 morem.
1323 5658 1553 5716 Narrant
1594 5662 1791 5734 quippe
1820 5663 1873 5719 in

281 5753 604 5826 quibusdam
635 5754 889 5812 Ecclesiis
935 5755 1180 5823 sabbato,
1212 5754 1266 5810 in
1306 5752 1425 5809 aliis
1478 5752 1746 5812 dominica
1788 5756 1875 5813 die

282 5813 434 5905 actas
466 5813 725 5920 sﬁmes:
772 5860 943 5924 sacra
962 5862 1177 5921 quoque
1208 5845 1465 5920 mySteria
1502 5846 1558 5908 in
1596 5848 1870 5910 nonnullis

1990 558 2166 615 cibum
2201 566 2416 627 accepta
2446 556 2675 630 (Socr-at.
2705 558 2794 613 lib.
2821 557 2868 614 γ
2894 557 3093 614 Histor.
3137 558 3361 627 Ecc‘les.,
3390 578 3505 633 cap.
3528 562 3588 631 2,

1991 668 2109 724 pag.
2132 651 2259 718 287;
2281 652 2403 707 Sos.
2426 651 2514 706 lib.
2551 650 2643 707 VII
2662 651 2858 706 IIistor.
2884 650 3080 707 Eccles.
3104 669 3220 722 cap.
3240 654 3326 708 17.
3351 672 3405 724 p.
3433 655 3588 725 755).

1920 746 1943 758 ‘
1991 743 2046 799 Si
2069 752 2246 799 autem
2274 744 2391 800 illos
2413 745 2481 800 de
2502 760 2600 799 suo
2630 744 2827 815 potius,
2854 761 3013 815 quam
3034 747 3408 816 antiquissimo
3432 757 3591 820 atque

1990 837 2150 891 etiam
2185 836 2501 891 Tertulliani
2538 840 2707 891 nostri
2755 846 3000 906 tempore
3043 838 3188 907 loqui
3228 837 3445 902 dixerit,
3490 854 3592 895 nec

1989 926 2044 984 id
2072 926 2226 982 facile
2254 927 2520 998 probabit,
2551 942 2650 983 nec
2696 929 2922 982 multum
2964 928 3226 998 proficiet.
3293 929 3427 985 Nam
3453 929 3590 986 Ter-

1992 1019 2271 1085 tullianus,
2303 1034 2408 1073 non
2437 1033 2594 1075 secus
2615 1028 2773 1090 atque
2799 1019 3042 1076 Justinus
3073 1032 3297 1094 martyr,
3322 1024 3394 1077 uti
3425 1039 3495 1079 ex
3526 1024 3591 1079 iis

1990 1119 2138 1180 patet
2191 1126 2311 1180 quae
2351 1111 2598 1181 superius
2641 1112 3041 1177 annotavimus,
3072 1112 3307 1184 disputat
3333 1115 3592 1173 adversus

1991 1202 2255 1268 ethnicos,
2299 1204 2389 1274 qui
2427 1212 2534 1258 tam
2568 1202 2724 1271 falso,
2758 1220 2917 1274 qnam
2961 1203 3218 1260 audacter
3245 1207 3591 1263 clamitabant

1992 1294 2257 1352 horrenda
2289 1312 2504 1368 prorsus
2534 1298 2584 1352 in
2622 1295 3045 1354 Christianowm
3068 1299 3356 1372 synaxibus
3384 1302 3591 1358 scelera

1992 1389 2305 1460 perpetrari,
2327 1404 2504 1446 nonne
2529 1405 2656 1460 ergo
2676 1390 2742 1445 de
2759 1391 3006 1445 omnibus
3027 1391 3182 1463 plane
3200 1394 3488 1464 synaxibus
3507 1395 3592 1449 lo-

1990 1484 2190 1555 quitur,
2226 1483 2277 1538 in
2310 1484 2504 1554 quibus
2526 1499 2611 1550 ea,
2633 1500 2751 1555 qucc
2786 1485 3098 1555 agebantur,
3128 1487 3362 1543 breviter
3390 1497 3441 1543 et
3464 1503 3592 1544 vere

1991 1575 2248 1646 exponit?
2283 1574 2497 1632 Certum
2546 1592 2758 1647 quoque
2802 1587 2884 1631 est
2928 1576 3247 1634 christianos
3276 1578 3589 1649 quibusdam

1991 1668 2044 1723 in
2075 1668 2524 1731 solemnitatibus,
2566 1670 2704 1723 sicut
2732 1669 3001 1725 Paschalis
3031 1669 3150 1725 feSti
3186 1678 3348 1725 totam
3378 1681 3589 1728 noctem

1990 1761 2354 1832 pervigilasse.
2400 1762 2479 1816 Ad
2521 1778 2670 1815 suam
2697 1777 2926 1831 namque
2967 1777 3190 1816 uxorem
3232 1762 3592 1819 Tertullianus

1990 1853 2233 1922 scripsit:
2274 1853 2399 1919 Quis
2420 1852 2726 1907 solemnibus
2746 1851 2961 1907 Pascha:
3009 1853 3361 1907 abnoctantem
3389 1872 3591 1912 securus

1985 1946 2328 2017 sustinebit?(
2366 1945 2582 2001 Tertull.
2645 1946 2732 2000 lib.
2785 1945 2825 2000 ll
2873 1946 2941 2000 ad
2972 1945 3161 2014 U.cor.,
3184 1964 3302 2018 cap.
3348 1949 3382 2003 4
3409 1949 3449 2019 ).
3483 1948 3591 2006 Sed

1986 2041 2037 2093 in
2090 2040 2441 2110 Apologetico
2493 2056 2599 2095 non
2647 2040 2837 2096 de-his
2879 2049 3083 2096 tantum
3119 2083 3133 2109 ,
3176 2042 3271 2098 sed
3319 2043 3438 2098 aliis
3497 2058 3590 2115 sy-

1983 2132 2210 2187 naxibus
2248 2130 2485 2199 disserit,
2510 2147 2643 2203 quas
2682 2133 2734 2187 in
2777 2134 3009 2188 multam
3044 2143 3258 2189 noctem
3290 2134 3593 2205 producere

1983 2221 2264 2278 christiani
2298 2230 2712 2279 consueverant.
2778 2223 2921 2278 Nihil
2954 2240 3084 2296 ergo
3112 2226 3361 2295 prohibet
3384 2226 3594 2297 quomi-

1984 2332 2086 2372 nus
2121 2317 2428 2372 antelucani
2468 2327 2666 2386 coetus,
2727 2327 2781 2373 et
2843 2304 3124 2375 nocturnae
3180 2321 3592 2379 convocationes

1984 2409 2408 2482 appellarentur.

2056 2498 2239 2557 Tertio
2262 2501 2622 2558 Tertullianus
2645 2512 2826 2559 narrat
2850 2514 2967 2574 post
2995 2505 3136 2560 illam
3162 2504 3593 2564 Christianorum

1982 2611 2215 2661 caenam,
2248 2605 2303 2649 ut
2333 2597 2541 2668 quisque
2570 2598 2633 2651 de
2671 2598 2954 2670 Scripturis
2978 2600 3167 2655 sanctis
3193 2601 3272 2655 vel
3297 2601 3359 2655 de
3384 2603 3593 2673 proprio

1980 2688 2184 2760 ingenio
2208 2696 2390 2760 potest,
2409 2700 2710 2760 provocatur
2738 2692 2791 2744 in
2817 2691 3038 2745 medium
3067 2691 3174 2746 Deo
3195 2710 3374 2748 canere
3395 2694 3590 2763 (Idem,

1981 2779 2274 2853 ApologeL,
2302 2798 2417 2852 cap.
2450 2782 2541 2847 '59,
2570 2800 2690 2855 pag.
2722 2781 2871 2854 477).
2920 2782 3147 2838 Remota
3185 2784 3363 2855 itaque
3384 2801 3590 2856 mensa,

1981 2874 2617 2945 unusquisquehymnum
2636 2875 2890 2944 aliquem,
2916 2884 3008 2928 aut
3033 2874 3375 2946 desumptum
3399 2893 3463 2933 ex
3496 2893 3583 2933 sa-

1985 2978 2077 3019 cra
2116 2964 2412 3034 Scriptura,
2453 2975 2544 3019 aut
2584 2966 2802 3035 praprio
2841 2966 3057 3036 ingenio
3097 2967 3454 3024 in-honorcm
3497 2969 3595 3027 Dei

1984 3058 2361 3125 compositum,
2425 3057 2477 3110 in
2529 3057 2693 3112 totius
2725 3072 3013 3114 consessus
3056 3067 3111 3114 et
3159 3072 3374 3118 corona:
3415 3061 3594 3118 medio

1984 3153 2284 3210 canendum
2322 3156 2732 3226 provocabatur.
2794 3155 2864 3209 At
2891 3156 3187 3227 Cyprianus
3219 3154 3480 3212 Donatum
3522 3158 3590 3215 ad

1986 3249 2222 3321 psalmos
2271 3247 2505 3318 quodam
2546 3247 2632 3303 die
2681 3248 3049 3302 concinendos
3088 3247 3239 3304 hisce
3276 3247 3595 3305 adhortatur

1988 3340 2199 3397 verbis:
2243 3339 2311 3394 Et
2343 3343 2584 3411 quoniam
2609 3342 2793 3414 feriata
2818 3358 2954 3395 nunc
2990 3342 3152 3413 quies,
3197 3358 3256 3395 ac
3282 3351 3478 3412 tempus
3520 3352 3593 3398 est

1986 3436 2224 3502 otiosum,
2269 3433 2536 3506 quidquid,
2578 3434 2826 3488 inclinato
2870 3435 2984 3505 jam
3028 3432 3134 3488 sole
3162 3474 3178 3501 ,
3219 3434 3274 3488 in
3331 3448 3592 3503 vesperam

1988 3530 2087 3584 diei
2125 3540 2375 3601 superest,
2433 3529 2681 3583 ducamus
2735 3529 2867 3583 hunc
2923 3528 3057 3582 diem
3113 3528 3237 3596 lwti,
3288 3545 3378 3582 nec
3415 3529 3479 3583 sit
3518 3528 3597 3585 vel

1987 3624 2114 3678 hora
2152 3622 2371 3677 convivii
2408 3623 2576 3693 gratia
2604 3621 2825 3676 caelestis
2861 3618 3138 3674 immunis:
3188 3629 3331 3675 sonet
3373 3620 3597 3691 psalmos

1985 3716 2271 3771 convivium
2310 3713 2557 3780 sobrium,
2592 3724 2638 3767 et
2677 3724 2732 3767 ut
2767 3712 2853 3767 tibi
2893 3714 3138 3767 memoria
3175 3722 3329 3768 tenam
3365 3721 3461 3780 est,
3500 3728 3598 3769 vox

1984 3826 2193 3877 canora,
2235 3808 2513 3880 aggredere
2552 3807 2644 3861 hoc
2684 3822 2871 3860 munus
2910 3823 2973 3861 ea:
3002 3822 3160 3860 more.
3261 3805 3433 3877 Magis
3471 3805 3597 3861 cha-

1983 3904 2212 3958 rissimos
2249 3918 2426 3972 pasces
2450 3944 2465 3969 ,
2506 3902 2551 3955 si
2588 3902 2653 3955 sit
2690 3900 2834 3955 nobis
2890 3899 3136 3970 spiritalis
3175 3899 3406 3966 auditio;
3469 3917 3597 3971 pro—

1984 3995 2131 4051 leclct
2168 4012 2314 4050 aures
2339 3996 2581 4066 religiosa
2620 3994 2837 4049 dulcedo
2867 3992 3135 4067 (Cyprian.
3168 3992 3258 4047 lib.
3285 3992 3353 4045 ad
3375 3991 3592 4062 Donat.,

1981 4091 2035 4145 in
2065 4091 2157 4159 ﬁn.
2189 4088 2233 4162 ).
2309 4090 2365 4146 Si
2402 4089 2523 4159 quis
2552 4099 2730 4144 autem
2783 4088 3000 4158 objiciat
3033 4088 3105 4142 ibi
3149 4086 3477 4158 Cyprianum
3524 4088 3594 4144 de

1983 4183 2149 4237 sacris
2190 4197 2294 4237 non
2340 4181 2484 4253 loqui
2515 4182 2824 4253 synaxibus,
2872 4179 2996 4249 quid
3046 4178 3167 4233 inde
3221 4181 3595 4251 promovebit?

1983 4274 2039 4331 Si
2067 4276 2209 4330 enim
2246 4276 2300 4330 in
2349 4275 2722 4329 communibus
2752 4273 2923 4329 caenis
2978 4272 3171 4341 psalmi
3219 4273 3591 4344 captabantur,

1982 4378 2179 4439 quanto
2216 4367 2392 4439 potius
2432 4368 2484 4421 in
2524 4366 2690 4422 sacris
2730 4365 3020 4436 synaxibus
3050 4368 3255 4423 concini
3283 4368 3594 4425 debebant?

1982 4462 2047 4517 Et
2076 4472 2222 4516 certe
2255 4462 2475 4522 Plinius,
2528 4462 2595 4518 ab
2639 4461 2754 4531 ipso
2808 4460 3135 4516 Tertulliano
3187 4462 3383 4519 citatus
3438 4462 3592 4533 (Ter-

1983 4556 2186 4609 tullian.
2248 4553 2556 4625 Apologel.,
2617 4571 2732 4622 cap.
2812 4554 2904 4617 39,
2968 4572 3083 4625 pag.
3152 4555 3300 4624 467),
3349 4554 3416 4609 ad
3456 4554 3595 4610 Tra-

1978 4649 2196 4719 janum,
2243 4647 2380 4701 sicut
2419 4658 2573 4701 antea
2634 4647 2901 4711 vidimus,
2943 4647 3231 4715 scripserat
3288 4661 3395 4701 non
3446 4646 3593 4704 aliud

1982 4740 2184 4795 crimen
2210 4739 2261 4793 in
2291 4739 2619 4794 anteculanis
2640 4738 3059 4794 Christianorum
3086 4738 3590 4807 congregationibus

1983 4847 2015 4887 a
2041 4847 2101 4887 se
2132 4829 2550 4902 deprehensum,
2585 4830 2688 4885 nisi
2712 4830 2854 4901 quod
2882 4829 3141 4901 hymnum
3179 4828 3395 4885 Christo
3437 4832 3591 4903 quasi

1986 4924 2098 4978 Deo
2124 4931 2398 4979 canerent.
2440 4923 2516 4978 De
2545 4921 2630 4978 his
2659 4937 2823 4993 porro
2845 4922 3057 4995 hymnis
3084 4922 3214 4978 alibi
3238 4921 3592 4981 disseruimus

1986 5012 2158 5088 (Tom.
2190 5014 2212 5070 Ι
2239 5014 2514 5087 Apparat.,
2548 5032 2669 5086 pag.
2700 5015 2827 5083 M5,
2861 5013 2967 5069 656
2993 5023 3040 5069 et
3069 5013 3218 5086 658).

2058 5108 2205 5164 Talis
2242 5124 2404 5179 porro
2441 5108 2539 5164 luit
2576 5107 2736 5179 hujus
2772 5107 3001 5163 convivii
3044 5106 3187 5175 finis,
3220 5106 3377 5179 quale
3414 5106 3588 5164 fuerat

1983 5202 2125 5259 illius
2156 5202 2391 5257 initium:
2419 5200 2557 5256 Nam
2586 5216 2729 5272 teque
2754 5201 2937 5267 oratio,
2969 5201 3041 5255 ait
3062 5199 3444 5267 Tcrtttllianus,
3469 5216 3590 5254 con-

1982 5296 2166 5349 civium
2196 5295 2408 5349 dirimit.
2458 5295 2633 5350 Finito
2661 5296 2840 5367 itaque
2880 5293 3229 5364 psalmorum,
3261 5294 3374 5349 sive
3413 5293 3589 5349 cautis

1983 5404 2190 5456 corum,
2218 5389 2304 5445 vel
2331 5389 2649 5462 hymnorum
2672 5388 3157 5456 cantu,Ch4-ist.iani
3188 5404 3374 5459 preces
3401 5403 3586 5445 rursus

1983 5480 2049 5536 ad
2079 5481 2275 5552 gratias
2304 5480 2415 5537 Deo
2434 5480 2665 5551 agendas
2687 5478 2998 5535 fundebant.
3026 5479 3265 5551 Denique
3285 5480 3404 5534 inde
3423 5478 3587 5536 disce—

1981 5573 2137 5640 ditur,
2172 5573 2331 5629 verba
2362 5572 2535 5628 adhuc
2557 5582 2682 5628 sunt
2704 5570 3042 5638 Tertulliani,
3068 5573 3134 5626 ad
3154 5572 3383 5627 eamdem
3409 5589 3585 5627 curam

1981 5665 2239 5723 modestia:
2262 5674 2309 5721 et
2335 5665 2610 5736 pudicitia,
2653 5665 2740 5734 qui
2778 5682 2881 5720 non
2912 5674 3014 5719 tam
3040 5680 3233 5718 ccenam
3258 5664 3581 5732 amaverint,

1978 5776 2131 5832 quam
2167 5757 2835 5833 disciplinam(Tertullian.
2867 5756 3159 5829 Apologet.,
3189 5773 3305 5829 cap.
3330 5755 3420 5825 59,
3453 5773 3573 5829 pag.

1977 5855 2125 5928 477),
2167 5855 2271 5916 hoc
2299 5866 2401 5927 cst,
2435 5870 2675 5917 normam
2714 5855 2803 5929 pie
2857 5861 3143 5924 sancteque
3206 5850 3415 5912 vivendi
3448 5892 3465 5923 ,
3503 5864 3568 5907 ac
