4212 6262
582 313 695 375 959

1658 299 1728 356 lN
1764 292 2231 355 TERTULLIANI
2267 286 2799 351 APOLOGETICUM

3782 283 3900 342 960

586 431 822 492 divinam
865 435 921 487 et
955 424 1250 498 spiritalem
1294 434 1399 493 qua
1425 417 1564 492 pasti
1593 416 1838 478 fuerant.
1867 412 2192 470 doctrinam.
2221 410 2275 472 A
2299 423 2644 479 componere.
2712 407 2797 464 Ad
2835 414 3078 465 nostrum
3117 404 3261 462 enim
3304 401 3638 477 propositum
3675 410 3902 460 notasse

583 529 657 588 At
693 528 760 583 de
789 526 892 579 hoc
928 521 1191 584 modesto,
1231 515 1504 585 religioso.
1537 512 1731 582 pudico
1760 508 2190 566 Christianorum

591 621 662 677 ab
690 616 917 675 ecclesia
946 614 1187 669 discessu
1224 618 1401 665 actum
1441 622 1472 661 a
1497 604 1651 662 nobis
1676 603 1800 659 alibi
1828 601 1969 671 fuit(
2004 610 2129 655 tom.
2168 598 2189 654 1

586 717 864 788 Apparat.,
909 726 1029 782 pag.
1059 708 1210 778 715).

1210 832 1503 876 Αιιτιεῐιιυε
1542 831 1597 869 ι’.

589 918 857 988 Quomodo
888 933 951 972 ea:
978 902 1419 983 Tlterapeutarum
1446 908 1770 964 conventibus
1806 922 1865 960 eo
1897 905 2195 973 conﬁrmari

658 1011 871 1083 possint,
889 1023 1003 1080 quae
1022 1008 1085 1062 de
1110 1004 1518 1061 Christianorum
1544 998 1823 1071 synaxibus
1844 997 1979 1051 dicta
2000 1003 2136 1050 sunt.

659 1152 820 1208 Plura
869 1149 1025 1204 Philo
1055 1146 1265 1218 judaeus
1290 1185 1304 1210 ,
1345 1159 1408 1200 ac
1448 1150 1566 1215 post
1611 1141 1759 1196 illum
1804 1137 2085 1203 Eusebius,
2126 1136 2195 1193 de

591 1245 1049 1314 Therapeutarum
1081 1236 1432 1295 conventibus
1463 1234 1739 1292 memoria:
1781 1229 2103 1285 mandarunt
2128 1227 2194 1284 iis

591 1338 808 1405 similia,
839 1350 959 1407 qua:
989 1335 1043 1389 in
1073 1332 1497 1388 Christianorum
1539 1327 1828 1400 synaxihus
1867 1332 1981 1378 acta
2012 1322 2195 1377 hacte-

591 1446 695 1488 nus
725 1429 974 1484 vidimus.
1017 1424 1379 1496 Quamobrem
1419 1438 1540 1476 cnm
1569 1422 1684 1475 inec
1716 1428 1953 1473 mutuam
1988 1414 2091 1470 sibi
2116 1413 2195 1468 lu-

593 1538 710 1579 cem
728 1521 856 1575 dare
875 1518 1101 1592 possint,
1125 1515 1325 1571 nemini
1353 1515 1642 1583 ingratum,
1663 1526 1725 1565 ae
1745 1508 1989 1579 pluribus
2015 1506 2194 1560 forsan

596 1631 701 1671 non
726 1627 946 1685 prorsus
967 1610 1158 1666 inutile
1175 1608 1289 1663 fore
1317 1592 1585 1677 putamus,
1605 1604 1649 1657 si
1680 1602 1826 1658 brevi
1855 1598 2196 1656 enarratione

594 1715 719 1762 ante
748 1705 986 1784 omnium
1032 1702 1217 1757 oculos
1253 1715 1315 1754 ea
1367 1710 1645 1769 ponamus,
1679 1709 1799 1764 qua:
1827 1691 1895 1746 ab
1922 1691 2024 1745 illis
2051 1688 2195 1744 The-

2293 501 2491 558 sufﬁcit
2538 499 2828 557 Eusebium
2867 501 3024 557 fateri
3051 514 3115 556 ea
3145 513 3267 570 qua:
3291 512 3321 552 a
3371 496 3598 553 Philone
3622 495 3900 567 descripta

2293 595 2547 663 vidimus,
2575 610 2605 649 a
2637 594 2958 650 Christianis
2984 592 3150 648 fuisse
3173 590 3455 647 observata
3482 630 3498 656 ,
3543 592 3627 643 καὶ
3682 595 3903 657 μάλιστα

2292 695 2380 751 τὰς
2399 705 2483 753 τῆς
2532 697 2738 759 μεγάλης
2787 697 2949 761 ἃορτῆς
3000 691 3317 755 παννυχίδας,
3364 689 3448 739 καὶ
3495 688 3582 747 τὰς
3612 689 3657 738 ἓν
3697 687 3899 743 nam“

2294 788 2553 848 ἀσκήσεις,
2600 787 2707 843 rei);
2750 806 2799 840 τε
2845 789 3055 853 λέγεσθαι
3088 779 3308 853 cinctui
3366 785 3478 848 πρὸς
3533 780 3899 844 ἠμῶνξῦμνιυς.

2295 874 2462 943 Atque
2489 875 2544 927 in
2567 873 2746 944 primis
2775 852 3037 943 pervigilia
3075 852 3278 941 magnae
3302 865 3658 933 solemnitatis,
3686 865 3899 936 piasque

2296 968 2353 1025 in
2378 966 2558 1022 iisdem
2583 961 2980 1031 exercitationes:
3009 974 3056 1019 et
3084 964 3298 1035 hymnos
3325 960 3413 1032 qui
3458 978 3491 1015 α
3520 960 3663 1015 nobis
3691 960 3901 1013 recitari

2297 1061 2459 1114 solent
2495 1057 2710 1129 (Euseb.
2749 1057 2836 1112 lib.
2869 1056 2914 1112 11
2939 1056 3135 1111 Eccles.
3162 1056 3383 1117 Histor..
3424 1069 3541 1123 cap.
3570 1052 3661 1118 I7,
3695 1069 3747 1122 ρ.
3780 1052 3899 1121 57).

2368 1149 2479 1205 Nec
2506 1158 2589 1226 est
2614 1164 2762 1214 sane,
2795 1148 2937 1221 quod
2963 1150 3082 1219 quis
3110 1147 3327 1217 obiiciat
3372 1145 3775 1225 huncerrasse,
3804 1145 3899 1215 qui
3966 1130 3974 1139 ’

2298 1241 2398 1297 hos
2426 1222 2791 1313 Therapeutas
2829 1256 3019 1311 reapse
3043 1238 3252 1310 judmos
3281 1279 3298 1305 ,
3325 1222 3702 1307 judaicamque
3728 1235 3901 1307 legem

2296 1331 2630 1404 proﬁtentes,
2661 1346 2760 1402 pro
2784 1330 3090 1387 christianis
3120 1330 3323 1385 habuit.
3353 1328 3590 1385 Tametsi
3620 1327 3903 1384 enimvero

2298 1425 2496 1493 aliquid
2535 1424 2609 1480 ibi
2650 1426 2865 1480 humani
2905 1439 3093 1496 passus
3131 1424 3234 1489 sit;
3276 1436 3435 1479 nemo
3477 1429 3654 1477 tamen
3702 1436 3903 1493 negare

2297 1527 2477 1589 potest
2502 1504 2686 1574 sacros
2712 1517 3150 1574 Christianorum
3179 1517 3334 1581 ritus,
3378 1515 3470 1585 qui
3512 1515 3628 1585 ejus
3655 1522 3815 1585 atque
3840 1530 3902 1571 e-

2299 1611 2426 1666 tiam
2455 1612 2721 1681 superiori
2765 1619 2922 1667 mtate
2952 1610 3004 1665 in
3037 1609 3291 1666 Ecclesiis
3318 1607 3770 1673 observabautur,
3802 1606 3903 1679 ipsi

2298 1718 2405 1759 non
2435 1702 2599 1758 fuisse
2626 1703 2943 1773 incognitos.
2994 1702 3155 1773 Atqui
3184 1708 3369 1771 aperte
3422 1707 3697 1756 asseverat
3721 1699 3907 1771 plures

595 1798 832 1869 rapeutis
857 1781 1169 1867 agebantur.
1198 1792 1327 1847 Nam
1359 1790 1410 1845 hi
1442 1790 1553 1845 sive
1581 1787 1871 1842 mosaicam
1898 1784 2092 1854 legem,
2118 1781 2193 1836 uti
2223 1809 2272 1870 Β
2301 1794 2463 1851 fuisse
2491 1810 2673 1851 sacras
2703 1794 3134 1851 Christianorum
3166 1802 3326 1864 atque
3362 1791 3824 1862 τιιειιειρεηωηιη,
3854 1791 3905 1846 ίη

594 1891 750 1948 Philo
775 1884 1552 1960 opinatur,sivechristianam,
1581 1879 1737 1936 sicuti
1766 1877 1997 1934 Eusebio
2021 1876 2194 1931 visum

598 1993 702 2050 est,
732 1984 845 2038 sive
870 1990 927 2035 ut
956 1978 1344 2037 recentioribus
1381 1973 1697 2047 quibusdam
1739 1971 1957 2042 placuit,
1986 1977 2195 2024 utram-

596 2092 701 2146 que
740 2076 899 2132 simul
932 2075 1305 2135 observarent,
1347 2087 1410 2124 ex
1453 2069 1643 2123 horum
1685 2073 1834 2121 certe
1872 2063 2065 2119 ritibus
2103 2061 2195 2117 illa

596 2169 755 2242 plane
795 2166 993 2222 lirtnari
1028 2174 1268 2237 possunt,
1305 2178 1424 2233 qua:
1460 2160 1527 2215 de
1567 2156 1882 2215 Christianis
1909 2151 2195 2211 Tertullia-

597 2274 699 2316 nus
731 2258 934 2314 retulit.
1720 2310 1728 2319 ,

668 2350 862 2405 Narrat
891 2357 1067 2404 autem
1097 2346 1251 2402 Philo
1271 2343 1482 2417 jndzcus
1512 2343 1596 2398 his
1627 2340 1980 2412 Therapeutis
1999 2380 2015 2407 ,
2060 2351 2197 2409 quos

599 2441 865 2498 Eusebius
904 2440 1065 2495 Marci
1114 2437 1458 2508 evangelista:
1513 2434 1805 2506 discipulos
1843 2448 1966 2490 esse
1999 2431 2194 2508 existi-

600 2544 733 2599 mat,
773 2533 1058 2603 ‘septimum
1111 2504 1401 2600 cujus-que.
1431 2504 1781 2582 hebdomadis
1831 2524 1975 2579 diem
1998 2504 2198 2578 ~luisse

602 2626 793 2682 festum
834 2640 895 2679 ac
932 2632 1221 2690 sacratum,
1278 2620 1374 2675 sed
1431 2635 1551 2675 eum
1603 2619 1654 2673 in
1700 2616 1909 2686 primis,
1947 2615 2038 2686 qui
2077 2622 2200 2685 post

601 2723 807 2788 septem
845 2713 1207 2770 hebdomadas
1236 2708 1645 2782 recurrit(Pliil.
1668 2708 1843 2763 deVit.
1863 2707 2194 2777 contempla.,

600 2828 721 2881 pag.
753 2810 879 2876 895,
905 2820 951 2863 et
977 2809 1081 2865 899
1108 2818 1154 2862 et
1185 2822 1349 2877 seqq.;
1376 2804 1559 2860 Euseb.
1585 2803 1673 2859 lib.
1694 2802 1737 2857 ll
1767 2801 1964 2856 Eccles.
1993 2799 2195 2856 Histor.

599 2918 716 2972 cap.
753 2903 820 2957 16
849 2912 894 2956 et
923 2917 1205 2973 seq.,,pag.
1237 2900 1307 2955 55
1332 2907 1378 2953 et
1419 2914 1555 2968 seqq.
1591 2895 1631 2968 ).
1691 2895 1893 2951 Omnes
1953 2908 2084 2950 vero
2122 2894 2199 2961 illi

605 3003 713 3049 tam
738 2994 860 3055 viri.
897 3009 1054 3063 quam
1085 2992 1339 3047 mulieres
1360 3006 1425 3046 eo
1448 2990 1534 3044 die
1555 2991 1607 3043 in
1627 3004 1792 3043 unum
1815 2989 2013 3055 locum,
2044 2987 2199 3057 signo

602 3087 751 3155 dato,
769 3087 1177 3150 conveniebant,
1198 3085 1508 3156 inihantque
1529 3083 1854 3148 convivium,
1887 3096 1950 3136 ac
1974 3080 2201 3137 sublatis

2300 1889 2415 1944 suis
2443 1889 2669 1943 coetibus
2697 1887 2902 1943 similes
2931 1886 3365 1950 exercitationes,
3399 1884 3560 1949 ritus,
3591 1891 3646 1938 et
3672 1882 3902 1952 vigilias.

2370 1979 2638 2036 Cteterum
2665 1995 2733 2034 ex
2762 1979 2866 2043 his,
2898 1994 3015 2050 qua:
3044 1978 3112 2033 de
3140 1975 3453 2033 eorumdem
3479 1974 3906 2032 Christianorum

2300 2086 2455 2129 creua
2506 2086 2569 2127 ac
2595 2071 2885 2142 synaxibus
2909 2070 3166 2126 hactenus
3187 2067 3456 2139 disputata
3482 2073 3629 2132 sunt,
3654 2065 3908 2124 manifes-

2304 2164 2510 2221 tissima
2538 2163 2790 2219 omnibus
2817 2176 2937 2219 esse
2963 2161 3125 2217 debet
3153 2158 3618 2232 impudentissima
3655 2157 3903 2215 ethnico-

2304 2274 2423 2315 rum
2453 2258 2745 2322 calumnia,
2781 2272 2884 2327 qua
2914 2256 3036 2310 illas
3081 2263 3138 2310 et
3185 2253 3457 2326 prodigas,
3510 2261 3567 2308 et
3610 2251 3905 2309 sceleribus

2303 2352 2588 2409 horrendis
2604 2352 2829 2407 infames
2849 2364 2970 2406 esse
2999 2348 3412 2404 mentiebantur.
3443 2346 3674 2401 Tantum
3706 2346 3904 2416 quippe

2303 2453 2517 2515 tamque
2535 2443 2819 2515 impudens
2835 2441 3173 2497 mendacium
3199 2438 3431 2510 simplici
3458 2452 3691 2508 veraque
3710 2436 3901 2493 harum

2302 2551 2576 2610 synaxeon
2615 2550 2648 2591 a
2685 2534 3017 2590 Tertulliano
3055 2532 3337 2599 adornata,
3393 2541 3448 2588 et
3485 2532 3557 2588 ab
3591 2531 3704 2586 aliis
3741 2531 3903 2601 plane

2303 2628 2618 2686 confirmata
2646 2626 3005 2698 descriptione
3033 2624 3273 2680 funditus
3299 2624 3579 2681 evertitur.

2373 2721 2457 2777 Ad
2496 2720 2613 2775 haec
2654 2735 2806 2787 vero,
2855 2720 2908 2774 in
2957 2718 3055 2773 has
3102 2731 3353 2790 synaxes,
3406 2732 3523 2770 cum
3551 2715 3688 2780 boni,
3728 2714 3908 2786 inquit

2302 2816 2506 2872 Auctor
2533 2821 2737 2882 noster,
2770 2822 2970 2880 coeunt,
3000 2828 3115 2867 eum
3154 2812 3246 2883 pii,
3278 2827 3395 2865 cum
3431 2811 3559 2866 casti
3594 2826 3908 2881 congregan-

2304 2915 2406 2974 tur,
2435 2923 2538 2962 non
2567 2916 2639 2962 est
2668 2906 2823 2975 factio
2851 2906 3088 2973 dicenda,
3116 2905 3204 2958 sed
3224 2904 3369 2958 curia
3410 2902 3739 2976 (Tertullian.
3765 2903 3907 2973 Apo-

2306 2997 2458 3071 loget.
2484 3014 2600 3062 cap.
2630 2998 2720 3062 59,
2774 3014 2895 3068 pag.
2923 2995 3076 3067 477).
3107 2995 3226 3050 Non
3267 2995 3422 3050 factio
3458 2992 3671 3063 quidem
3718 2992 3908 3047 illicita

2305 3100 2360 3146 et
2388 3090 2663 3157 seditiosa,
2697 3105 2796 3145 nec
2821 3089 2992 3160 qualis
3013 3087 3370 3153 ethnicorum,
3392 3094 3449 3141 ut
3473 3083 3606 3140 infra
3632 3083 3909 3151 dicemus,

604 3182 658 3237 in
684 3182 877 3238 etelum
906 3180 1076 3236 oculis
1100 3189 1153 3235 et
1180 3179 1447 3243 manibus,
1480 3176 1837 3250 precabantur
1862 3183 1920 3229 ut
1948 3175 2058 3229 Deo
2080 3174 2197 3244 pla-
2224 3202 2273 3265 ο
2306 3196 2426 3238 esse
2490 3182 2697 3237 solebat
2730 3200 2743 3235 τ
2776 3183 2867 3236 εειι
2903 3182 3045 3235 curia
3082 3189 3219 3246 erat,
3286 3180 3373 3234 ubi
3396 3219 3412 3246 ν
3450 3174 3910 3247 quemadmodum

603 3283 772 3330 ceret.
792 3272 1068 3329 Absolutis
1090 3269 1358 3343 precibus,
1381 3267 1790 3324 discumbebant
1821 3282 1916 3337 pro
1942 3266 2201 3337 cujusque

602 3365 882 3437 dignitate,
918 3364 989 3419 ita
1034 3373 1211 3418 tamen
1256 3372 1313 3417 ut
1350 3361 1448 3416 viri
1488 3359 1757 3423 dextrum,
1788 3358 2021 3415 fteminte
2049 3372 2198 3425 vero,

604 3472 790 3528 eaeque
814 3471 1002 3513 omnes
1025 3457 1291 3527 ploratque
1314 3462 1505 3524 sponte
1524 3467 1618 3507 sua
1646 3451 1899 3523 virgines,
1923 3432 2215 3505 sinistrum.

605 3550 746 3605 latus
775 3557 1035 3605 tenerent.
1091 3548 1236 3603 Nihil
1268 3557 1444 3603 autem
1478 3547 1531 3600 in
1565 3547 1665 3600 hoc
1692 3545 1938 3601 convivio
1963 3558 2201 3615 appone-

605 3640 763 3695 batur
789 3641 891 3695 nisi
923 3640 1074 3710 panis
1106 3654 1201 3708 pro
1230 3640 1374 3705 cibo,
1405 3639 1485 3693 sal
1512 3653 1610 3707 pro
1640 3638 1887 3704 obsonio,
1920 3646 1973 3692 et
2001 3636 2201 3691 delica-

607 3730 833 3785 tioribus
864 3746 959 3800 pro
990 3730 1330 3785 condimento
1358 3730 1646 3800 hySSOpus,
1693 3730 1789 3785 sed
1829 3730 2079 3784 omnibus
2109 3744 2204 3799 pro

608 3831 735 3894 potu
764 3837 898 3891 aqua
924 3822 1060 3887 sola,
1095 3830 1187 3875 aut
1216 3820 1425 3891 frigida,
1454 3830 1547 3874 aut
1574 3819 2096 3885 senioribuscalida;
2127 3829 2206 3876 ut-

607 3924 732 3986 pote
752 3915 843 3986 qui
871 3914 1053 3968 vinum
1078 3912 1336 3968 haberent
1363 3927 1459 3982 pro
1480 3927 1709 3968 veneno.
1751 3911 2031 3967 Summum
2053 3927 2202 3982 vero,

609 4024 706 4081 per
734 4016 899 4065 totum
939 4005 1170 4063 convivii
1221 4015 1451 4077 tempus,
1497 4005 1734 4059 omnium
1765 4004 2038 4059 silentium
2068 4014 2203 4073 erat,

611 4102 736 4156 dum
776 4100 845 4156 ab
882 4115 990 4157 uno
1029 4106 1231 4155 tantum
1274 4098 1451 4171 aliqua
1491 4098 1893 4168 proponebatur
1931 4113 1996 4153 ex
2036 4099 2208 4155 sacris

608 4193 898 4262 Scripturis
921 4193 1169 4264 qnzestio,
1197 4190 1278 4247 vel
1307 4191 1580 4264 proposita
1606 4189 1934 4245 solvebatur.

682 4284 929 4341 Posthazc
957 4285 1115 4341 coetui
1147 4287 1464 4356 praepositus
1491 4284 1751 4356 hymnum
1779 4299 1809 4339 a
1846 4301 1905 4341 se
1934 4286 2204 4356 composi-

614 4387 747 4443 tum,
777 4386 866 4431 aut
883 4387 1153 4447 sumptum
1177 4392 1244 4431 ex
1267 4377 1434 4431 sacris
1456 4377 1661 4431 vatibus
1686 4377 2026 4446 przucinebat,
2047 4394 2206 4449 quem

614 4471 981 4542 unusquisque
1000 4483 1101 4525 suo
1121 4484 1183 4524 ac
1202 4469 1411 4524 decenti
1438 4470 1627 4525 ordine
1644 4470 1972 4539 imitabatur,
1997 4472 2208 4529 cteteris

2307 3273 2477 3330 Varro
2503 3283 2556 3330 et
2585 3272 2776 3330 Festus
2814 3274 2984 3339 aiunt,
3026 3287 3155 3327 cura
3194 3284 3469 3326 sacrorum
3508 3267 3717 3339 publica
3744 3281 3911 3338 gere-

2303 3368 2460 3424 batur
2498 3366 2678 3439 (Varr.
2713 3367 2802 3422 lib.
2830 3367 2875 3421 ν
2896 3367 2959 3421 de
2984 3359 3136 3438 Ling.
3162 3365 3333 3431 latin.,
3379 3363 3407 3436 §
3442 3362 3516 3428 6;
3554 3361 3737 3416 Festus
3762 3360 3830 3414 ad
3860 3375 3910 3416 υ.

2303 3460 2534 3532 Curia),
2576 3475 2767 3530 eaque,
2799 3467 2857 3513 ut
2903 3457 3180 3514 Ciceronis
3229 3452 3406 3512 verbis
3450 3463 3683 3521 utamur,
3728 3452 3915 3507 vindex

2305 3553 2616 3617 temeritatis,
2648 3561 2693 3606 et
2723 3551 3037 3606 moderatrix
3068 3549 3216 3621 oﬂicii
3239 3547 3384 3622 (Cic.
3403 3555 3534 3601 orat.
3566 3562 3661 3618 pro
3697 3543 3909 3611 Flacco,

2306 3660 2427 3714 pag.
2459 3642 2588 3709 367,
2621 3642 2713 3697 lin.
2743 3641 2860 3711 28).
2929 3640 3004 3696 lbi
3034 3652 3212 3696 autem
3253 3640 3297 3695 si
3344 3640 3465 3710 quis
3511 3636 3711 3708 aliquid
3751 3643 3913 3692 antea

2304 3744 2645 3807 peccaverat,
2680 3750 2776 3805 pro
2806 3733 3003 3791 merito
3029 3732 3412 3803 castigabatur,
3442 3745 3507 3785 ac
3534 3728 3789 3801 praesides
3817 3727 3912 3797 pia

2307 3831 2727 3901 uniuscujusque
2776 3829 2954 3884 officia
2981 3827 3172 3883 sedulo
3197 3825 3484 3891 docebant,
3525 3833 3581 3880 et
3617 3822 3916 3893 prudenter

2308 3923 2746 3979 moderabantur.
2777 3920 2915 3988 Quid
2938 3934 3068 3990 ergo
3109 3919 3281 3989 magis
3303 3915 3593 3972 absurdum
3610 3926 3666 3971 et
3692 3914 3913 3982 falsum,

2309 4029 2467 4086 quam
2498 4028 2682 4069 sacras
2710 4013 2829 4068 illas
2849 4011 3293 4081 congregationes
3313 4008 3512 4063 illicitze
3542 4007 3793 4063 factionis
3821 4020 3919 4062 ac-

2308 4122 2520 4174 cusare,
2554 4105 2643 4162 ubi
2677 4106 2990 4172 Christiani,
3032 4113 3092 4159 ut
3121 4113 3264 4160 recte
3298 4103 3491 4158 asserit
3528 4101 3915 4167 Tertullianus,

2309 4201 2580 4257 neminem
2612 4200 2899 4260 lmdebant.
2945 4200 3213 4254 neminem
3256 4196 3665 4262 contristahant,
3712 4195 3816 4251 nisi
3841 4194 3919 4252 ad

2310 4293 2622 4355 salutarem,
2652 4292 2792 4347 sicut
2832 4292 2908 4345 ait
2946 4290 3256 4361 Apostolus,
3309 4288 3701 4357 paenitentiam,
3745 4286 3921 4358 siqui

2312 4386 2450 4442 forte
2474 4384 2763 4456 fragilitate
2785 4383 3041 4449 humana,
3065 4392 3157 4438 aut
3180 4396 3434 4452 perverso
3463 4381 3643 4434 animo
3670 4380 3722 4433 in
3747 4394 3922 4447 grave

2311 4480 2525 4549 aliquod
2577 4477 2753 4532 scelus
2799 4476 2930 4547 lapsi
2974 4474 3200 4531 fuissent
3266 4472 3597 4545 (Tertullian.
3624 4473 3722 4527 loc.
3752 4470 3919 4542 cil.)?

612 4573 741 4618 tunc
770 4563 1070 4630 silentibus,
1116 4563 1204 4635 qui
1247 4562 1302 4617 in
1332 4572 1572 4618 extrema
1605 4572 1808 4617 tantum
1842 4564 2025 4635 hymni
2053 4567 2199 4621 clau-
2230 4591 2286 4652 D
2313 4570 2417 4627 Sed
2441 4570 2494 4624 hi
2522 4567 2762 4639 profecto
2784 4566 3091 4638 paucissimi
3120 4565 3545 4621 inveniebantur.
3568 4562 3703 4618 Nam
3726 4563 3922 4619 czeteri

611 4656 725 4711 snla
757 4670 942 4711 vocem
988 4655 1106 4710 sine
1153 4670 1313 4710 sexus
1342 4654 1654 4711 discrimine
1696 4656 2045 4714 extollebant.
2079 4658 2218 4715 Sub.

611 4749 717 4802 lata
743 4748 937 4803 dehinc
962 4762 1168 4810 mensa,
1189 4763 1375 4803 omnes
1395 4750 1809 4820 consurgebant,
1826 4766 1910 4817 ac,
1938 4768 2215 4824 ιιι-ωοιιηιθ

613 4849 849 4907 cantare,
888 4841 1116 4913 hymnos
1147 4841 1197 4895 in
1228 4842 1317 4896 Dei
1346 4842 1626 4909 honorem,
1648 4860 1789 4900 nunc
1811 4862 1917 4900 uno
1937 4864 2052 4915 ore,
2073 4867 2215 4908 nunc

613 4932 837 4989 alternis
865 4934 1173 5003 psallentes,
1195 4934 1416 5019 gradum
1440 4935 1597 4990 modo
1615 4940 1783 5005 recta,
1816 4940 1975 4995 modo
2003 4952 2208 5001 retror-

613 5046 757 5096 sum,
781 5038 877 5084 ant
902 5029 971 5084 ad
1001 5030 1303 5095 dexteram,
1358 5038 1449 5084 aut
1479 5030 1746 5085 sinistram
1797 5035 2104 5100 movebant,
2144 5052 2209 5095 ac

617 5140 780 5180 unum
815 5123 1030 5180 tandem
1058 5124 1215 5179 simul
1244 5138 1433 5179 omnes
1449 5126 1940 5195 agebantchornm.
1970 5129 2210 5203 Denique

614 5232 738 5271 Cum
768 5219 837 5270 ita
867 5224 1270 5286 perunt-lassent
1292 5258 1307 5282 ,
1368 5216 1572 5271 vultum
1613 5232 1917 5290 corpusque
1945 5230 2111 5278 totum
2139 5224 2208 5279 ad

616 5310 880 5365 orientem
912 5320 1308 5375 convertentes,
1356 5325 1419 5366 ac
1449 5310 1656 5367 felicem
1704 5313 2037 5385 faustumque
2064 5317 2208 5375 diem

618 5403 688 5458 ibi
716 5403 1061 5474 comprecati,
1100 5402 1167 5457 ad
1194 5417 1289 5458 sua
1323 5404 1688 5474 unusquisque
1716 5408 2144 5464 revertebantur.

693 5495 866 5550 Nostri
892 5510 1021 5550 vero
1051 5511 1155 5549 non
1180 5504 1262 5551 est
1290 5495 1515 5550 instituti
1540 5511 1680 5551 nunc
1699 5497 1924 5554 delinire
1951 5509 2129 5556 utrum
2156 5501 2212 5557 hi

620 5586 1154 5657 Thcrapentmjndati
1186 5597 1271 5641 au'
1326 5588 1601 5643 christiani
1645 5590 1803 5645 simul
1847 5600 2007 5663 atque
2047 5593 2213 5662 judaei

621 5680 838 5744 fuerint,
867 5687 920 5734 et
950 5689 1120 5733 ortam
1162 5694 1223 5734 ea
1253 5680 1321 5735 ue
1346 5696 1405 5735 re
1446 5689 1584 5736 mter
1623 5683 1864 5739 eruditos
1904 5699 2009 5740 non
2050 5685 2212 5739 mini-

624 5785 789 5832 mam,
826 5780 877 5824 et
903 5787 1022 5840 quae
1051 5772 1286 5828 nondum
1310 5774 1573 5845 dirempta
1614 5775 1770 5831 nobis
1802 5775 2038 5843 videtur,
2064 5777 2211 5834 litem

2318 4676 2507 4717 omnes
2546 4661 2640 4714 hoc
2675 4675 2870 4725 sanius,
2911 4658 2986 4712 ait
3020 4655 3213 4729 adhuc,
3263 4655 3651 4722 Tertullianus,
3708 4654 3762 4709 in
3804 4664 3923 4708 tam

2317 4753 2514 4808 sanctis
2549 4750 2840 4822 synaxibus
2890 4749 3206 4820 congregati,
3246 4746 3384 4817 quod
3421 4754 3470 4802 et
3523 4745 3780 4815 dispersi:
3819 4744 3927 4799 hoc

2317 4845 2559 4910 rmiversi,
2599 4843 2738 4913 quod
2763 4842 2950 4912 singuli
2979 4840 3192 4915 (Ibid),
3240 4840 3492 4895 nimirum
3536 4837 3712 4908 probi,
3761 4837 3924 4902 boni,

2316 4939 2409 5011 pii,
2440 4936 2596 5003 casti,
2628 4944 2739 4990 uta
2769 4937 2924 4990 nobis
2971 4934 3228 4990 hactenus
3268 4932 3628 4987 abundantius
3656 4931 3924 4987 demons-

2315 5043 2510 5088 tratum
2539 5037 2643 5097 est,
2671 5037 2727 5085 et
2754 5029 2996 5100 sequenti
3028 5028 3254 5083 articulo
3280 5023 3712 5084 conﬁrmabitnr.

2905 5136 3199 5178 Αιιτιουιυε
3237 5137 3311 5176 γι.

2316 5216 2542 5271 Dilnitur
2567 5215 2882 5270 ethnicorum
2901 5213 3273 5285 argumentatio
3298 5219 3476 5267 contra
3504 5211 3617 5279 pios
3651 5216 3930 5279 castosque

2386 5310 2794 5366 Christianorum
2818 5324 3003 5373 mores,
3035 5308 3156 5361 inde
3180 5307 3356 5377 petito,
3389 5307 3524 5376 quod
3551 5305 3711 5374 aliqui
3753 5304 3931 5360 chriso

2388 5406 2514 5459 (iani
2534 5421 2568 5457 a
2595 5403 2784 5457 tradita
2812 5417 3008 5455 morum
3037 5399 3333 5469 disciplina,
3358 5400 3614 5463 doctrina,
3636 5406 3681 5452 et
3703 5396 3930 5466 ipsumet

2389 5496 2664 5552 christiana
2688 5494 2930 5566 religione
2955 5494 3267 5562 defecerant.

2388 5591 2586 5646 Contra
2625 5589 2761 5657 lure,
2811 5604 2930 5659 qua:
2977 5588 3046 5644 de
3089 5586 3448 5643 sanctissimis
3477 5585 3930 5659 Christianorum

2316 5683 2611 5754 synaxibus
2636 5692 2691 5738 et
2719 5682 2957 5736 moribus
2989 5680 3254 5751 disputata
3283 5689 3428 5746 sunt,
3453 5694 3554 5735 nec
3581 5678 3670 5733 ulli
3702 5679 3926 5734 incom-

2319 5786 2468 5847 perta
2515 5789 2636 5833 esse
2666 5784 2933 5847 poterant,
2985 5775 3241 5834 audacter
3287 5773 3638 5847 insurgebant
3660 5768 3920 5840 Othnici,
