4212 6262
280 337 382 401 961
1429 336 1874 400 DISSERTATIO
1912 340 1977 399 D.
2016 338 2106 398 LE
2143 334 2452 400 NOURRY.

281 462 549 534 nobisque
575 457 936 532 apponebant,
970 456 1034 514 de
1055 459 1265 527 nostris,
1295 458 1374 515 sic
1401 458 1615 530 quidem
1646 459 1886 530 loquitur
1911 456 1966 520 Α
1989 456 2114 513 alibi
2141 472 2289 521 vero,
2320 458 2535 514 haereses
2562 457 2904 514 subornantur
2932 456 3124 530 (Idem,
3150 458 3440 532 Apoloqet.,
3467 479 3585 531 cap.

282 553 670 620 Tertullianus,
716 552 954 606 excedere
999 550 1245 623 quosdam
1284 567 1316 605 a
1370 551 1552 623 regula
1599 551 1885 621 disciplina:
1985 550 2076 618 47,
2104 567 2223 623 pag.
2252 550 2378 616 519;
2408 550 2565 618 idem,
2619 551 2708 605 lib.
2739 551 2759 606 ι
2789 552 2990 606 advers.
3017 550 3298 621 Marciam,
3346 570 3463 623 cap.
3494 555 3584 621 15,

288 644 620 719 (Tertullian.
653 643 922 715 Apologet.
951 657 1071 711 cap.
1094 641 1189 707 46,
1219 659 1338 713 pag.
1369 641 1522 713 515).
1544 639 1764 712 Triplici
1791 657 1885 697 au-
1987 652 2034 698 et
2085 642 2176 699 lib.
2229 645 2291 699 de
2336 636 2658 715 Prwscript.,
2708 660 2821 715 cap.
2847 650 2877 704 7
2904 661 2920 710 ;
2959 643 3115 710 ident,
3169 644 3260 701 lib.
3288 646 3404 699 udo.
3449 644 3586 701 Her-

287 745 398 793 tcm
446 736 606 793 modo
650 735 719 789 ab
752 750 815 791 ea
865 733 1145 789 christiani
1192 733 1458 790 excedere
1503 743 1789 804 poterant:
1832 742 1887 791 et
1988 750 2151 806 mog.,
2179 751 2296 806 cap.
2328 735 2408 806 8).
2437 734 2776 806 Quapmptcr
2800 735 2868 791 ab
2894 734 2986 790 illo
3012 751 3117 790 non
3148 736 3336 803 semel,
3365 746 3420 793 et
3444 747 3591 807 post-

287 830 460 902 primo
476 828 690 901 quidem
710 828 1027 900 quibusdam
1053 827 1371 896 sceleribus,
1393 828 1745 899 moribusque
1759 844 1884 885 cor-
1992 840 2055 881 ea
2099 826 2166 882 ab
2206 825 2536 898 Hieronymo
2582 826 2886 898 phiIOSOphi
2914 827 3253 898 appellantur
3273 828 3592 899 patriarchae

288 923 492 994 ruptis;
532 922 795 988 secundo,
841 921 1118 977 erroribus
1147 921 1464 987 et’hteresi;
1517 921 1696 987 tertio,
1745 922 1886 992 turpi
1989 917 2364 985 hazreticorum
2410 918 2804 991 (Hieronym.,
2868 920 3018 990 epist.
3059 918 3133 976 45
3185 919 3253 974 ad
3311 918 3587 994 Ctesiph.).

3480 346 3589 406 962
3682 332 3685 339 '

288 1015 590 1073 defectione
617 1015 688 1072 ab
716 1016 832 1087 ipsa
854 1024 965 1070 tota
993 1014 1255 1085 religione
1281 1014 1665 1084 ehristiana,et
1685 1013 1751 1070 ad
1777 1015 1883 1069 im-

288 1108 432 1179 pium
459 1107 682 1164 deorum
712 1108 912 1164 cultum
937 1121 1205 1178 regressu.

360 1199 515 1270 Quod
558 1200 626 1256 ad
672 1200 905 1271 primum
957 1208 1135 1255 autem
1179 1206 1404 1270 spectat,
1459 1199 1580 1271 quia
1610 1200 1887 1271 gentilium

291 1292 625 1365 iniquissima
653 1292 1001 1349 obtrectactio
1027 1308 1093 1349 ex
1120 1292 1207 1359 iis,
1250 1308 1370 1362 qua:
1410 1292 1672 1348 hactenus
1697 1290 1887 1348 retuli-

287 1401 434 1453 mus,
451 1388 582 1443 satis
607 1402 875 1458 superque
895 1386 1164 1442 confutata
1182 1384 1377 1454 fuerat,
1401 1402 1507 1443 non
1529 1387 1680 1457 plura
1706 1388 1890 1459 utique

291 1477 674 1545 Tertullianus,
708 1493 810 1535 nec
839 1478 1008 1550 magis
1045 1478 1323 1549 Speciatim
1349 1479 1403 1534 in
1426 1478 1778 1552 Apologetico
1804 1480 1889 1536 di-

291 1571 465 1627 cenda
490 1586 612 1628 esse
638 1571 865 1627 censuit.
904 1569 1105 1627 Verum
1134 1570 1188 1624 in
1216 1585 1317 1626 suo
1357 1570 1427 1625 ad
1465 1570 1719 1627 Nationes
1746 1572 1889 1629 libro

289 1664 721 1722 criminationem
749 1665 890 1719 illam
921 1664 1123 1719 excutit
1167 1679 1230 1718 ac
1274 1663 1502 1719 refellit:
1532 1664 1597 1718 At
1618 1664 1776 1733 vobis,
1807 1665 1890 1721 in-

287 1755 427 1827 quit,
452 1756 670 1809 dicimur
696 1748 900 1824 pessiini
928 1764 975 1809 et
1001 1754 1374 1824 probrosissimi
1390 1755 1629 1823 avaritia,
1658 1756 1886 1827 luxuria,

1989 1006 2453 1075 Quemadmodum
2501 1019 2681 1065 autem
2741 1009 3045 1082 pliilOSOphi
3111 1026 3321 1068 sacram
3386 1014 3592 1070 veteris

1990 1101 2355 1169 Testamenti,
2424 1112 2485 1159 ut
2546 1104 2795 1174 superius
2865 1104 3381 1173 animadvertimus,
3446 1105 3593 1162 Scri-

1991 1203 2202 1264 pturam
2259 1196 2686 1263 interverterunt,
2739 1197 2810 1252 ita
2880 1195 3116 1252 haeretici
3180 1207 3407 1252 nostram
3460 1198 3592 1253 hanc

1968 1287 2314 1363 novitiolam}
2335 1297 2674 1357 paraturam,
2734 1288 2840 1344 hoc
2892 1298 3015 1357 est,
3062 1291 3187 1346 novi
3260 1290 3593 1357 Testamenti

1993 1376 2179 1445 libros,
2233 1380 2338 1434 suis
2402 1380 2725 1451 opinionibus
2785 1381 2854 1434 ad
2905 1374 3260 1452 philosophica
3290 1385 3593 1439 ssententias

1993 1468 2404 1526 adulteraverunt
2449 1470 2692 1541 (Tertull.
2720 1471 2992 1543 Apologet.
3027 1490 3143 1543 cap.
3171 1473 3262 1540 b7,
3287 1490 3411 1545 pag.
3442 1472 3592 1545 519),

1992 1560 2045 1617 id
2114 1571 2197 1617 est
2226 1603 2240 1628 ,
2316 1563 2494 1618 conati
2568 1566 2693 1618 sunt
2764 1562 3010 1618 traditam
3080 1564 3134 1618 in
3205 1564 3374 1619 sacris
3436 1562 3596 1633 Legis

1993 1670 2146 1711 novae
2193 1654 2345 1711 libris
2373 1655 2686 1727 doctrinam
2739 1655 2805 1711 ad
2858 1655 3253 1726 philosophicas
3295 1658 3593 1713 sententias

1995 1747 2437 1804 accommodare:
2479 1748 2576 1804 sed
2603 1746 2733 1803 falsa
2760 1764 2882 1803 cum
2919 1748 3060 1803 veris
3090 1760 3419 1820 praepostere
3459 1751 3593 1806 mis-

286 1849 610 1921 improbiiate
630 1848 818 1919 (Idem,
843 1849 931 1903 tib.
965 1847 1080 1902 [ad
1110 1847 1355 1915 Nattam,
1376 1865 1494 1921 cap,
1517 1849 1570 1916 5,
1591 1865 1710 1922 pag,
1732 1850 1883 1924 565),
1915 1864 1963 1924 B
1993 1848 2193 1907 centes,
2224 1839 2292 1895 ab
2319 1840 2434 1910 ipsa
2470 1841 2693 1897 veritate
2723 1840 3083 1908 desciverunt,
3120 1855 3356 1912 veraque
3379 1841 3591 1901 adulte-

286 1940 363 1998 lta
403 1958 534 1998 sane
580 1942 655 1997 illi
693 1942 938 1998 solebant
966 1941 1300 1998 Christianos
1338 1942 1676 1999 calumniari.
1735 1944 1877 2013 Quid

288 2049 416 2091 vero
453 2033 760 2104 .respondet
810 2033 1213 2090 Tertullianus?
1267 2032 1389 2089 Non
1419 2035 1737 2107 negabimus,
1782 2037 1877 2105 ait,

285 2125 552 2197 quosdam.
596 2125 815 2181 Fatetur
851 2125 1031 2195 itaque
1069 2140 1170 2180 nec
1198 2125 1356 2196 plane
1383 2124 1688 2182 dissimulat
1713 2144 1882 2198 quos-

287 2218 410 2276 dam
438 2218 605 2273 fuisse
630 2214 977 2282 christianos,
1005 2216 1094 2287 qui
1120 2215 1436 2272 criminibus
1481 2218 1754 2274 nonnullis
1793 2217 1879 2275 in-

287 2312 489 2385 quinati
510 2319 682 2367 erant.
722 2308 830 2365 Sed
850 2308 977 2380 quid
1002 2308 1125 2364 inde
1146 2318 1331 2364 contra
1353 2319 1605 2377 caeteros,
1630 2304 1689 2367 et
1711 2313 1882 2368 multo

288 2405 458 2476 magis
495 2414 681 2461 contra
700 2402 1049 2459 christianam
1076 2401 1430 2472 religionem?
1470 2402 1613 2459 Nihil
1636 2419 1877 2474 prorsus,

289 2495 496 2566 inquit:
524 2495 633 2549 imo
649 2493 750 2550 hoc
787 2493 965 2564 ipsum
1022 2508 1119 2564 pro
1149 2494 1267 2563 ejus
1292 2502 1346 2548 et
1387 2494 1615 2549 veritate
1643 2503 1697 2549 et
1726 2509 1881 2552 sanc-

290 2588 441 2643 titate
467 2586 782 2642 stabilienda
812 2586 1094 2657 plurimum
1124 2586 1268 2641 facit.
1318 2584 1450 2641 Nam
1481 2586 1662 2657 suﬂicit
1687 2596 1733 2641 et
1762 2589 1878 2653 hoc,

288 2679 364 2735 ait
389 2676 500 2745 ille,
528 2679 597 2732 ad
621 2678 962 2732 testimonium
1001 2678 1221 2733 nominis
1250 2678 1407 2733 nostri
1433 2693 1493 2731 ac
1532 2680 1769 2749 perfecta:
1797 2695 1880 2733 re-

291 2773 509 2845 ligionis,
534 2773 579 2826 si
599 2787 701 2826 non
723 2786 916 2837 onmes,
935 2770 977 2826 si
1007 2786 1107 2826 non
1133 2770 1303 2841 plures
1328 2769 1542 2841 (lbid.).
1569 2769 1734 2841 Cujus
1753 2786 1883 2828 sane

289 2868 427 2924 hanc
456 2867 733 2938 pulchram
777 2880 840 2920 ac
882 2879 1062 2920 veram
1093 2863 1269 2918 reddit
1298 2864 1597 2919 rationem:
1666 2863 1882 2919 Necesse

290 2968 385 3028 est,
425 2959 616 3031 inquit,
646 2958 700 3012 in
738 2973 968 3028 corpore,
1017 2965 1063 3011 et
1109 2964 1355 3027 quantum
1382 2956 1504 3010 velis
1550 2957 1747 3026 integro
1795 2965 1883 3010 aut

290 3066 442 3120 puro,
468 3060 521 3103 ut
548 3065 720 3104 ntevus
745 3048 905 3120 aliqui
932 3047 1065 3119 (pro
1091 3045 1314 3119 aliquis)
1354 3045 1621 3114 elfruticet,
1649 3056 1738 3101 aut
1774 3064 1884 3102 ver-

287 3142 469 3197 rucula
491 3151 750 3214 exsurgat,
774 3152 863 3196 aut
893 3141 1119 3213 lentingo
1147 3138 1631 3211 sordescat(lbid.).
1662 3140 1887 3212 Scripsit

287 3231 506 3304 quidem
538 3214 804 3300 e/Iiuticet,
828 3233 967 3288 sicut
994 3232 1046 3286 in
1075 3230 1212 3286 libro
1233 3232 1295 3286 de
1316 3232 1500 3286 Anima
1521 3231 1791 3287 hominem
1818 3248 1885 3288 ex

290 3323 504 3380 duobus
533 3323 775 3389 formari,
806 3334 860 3378 ut
886 3324 988 3378 duo
1018 3324 1209 3395 pariter
1250 3322 1507 3377 hominem
1552 3339 1615 3378 ex
1662 3333 1883 3394 utraque

290 3416 575 3472 substantia
616 3417 914 3487 exfruticent
949 3414 1140 3486 (Idem,
1185 3415 1273 3469 lib.
1299 3414 1363 3470 de
1388 3415 1586 3484 Anim.,
1616 3432 1732 3486 cap.
1764 3415 1880 3488 27),

289 3508 407 3567 sive
432 3510 671 3565 oriantur
698 3519 751 3565 et
793 3516 1061 3565 crescant.
1099 3508 1171 3564 At
1196 3522 1358 3578 parva
1392 3507 1491 3564 hac
1531 3512 1742 3564 macula
1771 3508 1886 3564 evi-

288 3603 506 3660 dentius
531 3603 765 3661 ostendit
784 3612 954 3673 totum
975 3616 1174 3672 corpus
1199 3600 1480 3672 pulchrum
1519 3616 1664 3669 esse,
1695 3617 1883 3657 sanum

293 3703 350 3751 et
373 3695 687 3766 perfectum.
716 3695 805 3752 Sic
830 3710 959 3767 ergo
985 3693 1220 3764 quidam,
1245 3691 1340 3748 sed
1382 3693 1705 3763 paucissimi,
1725 3692 1887 3749 Chri-

293 3790 448 3845 stiani
468 3831 483 3856 ,
512 3799 763 3862 tanquam
789 3790 924 3844 nmvi
951 3787 1166 3859 quidam
1197 3788 1248 3842 in
1282 3796 1394 3842 toto
1417 3788 1630 3842 illorum
1656 3802 1887 3857 corpore

295 3895 358 3937 ac
381 3893 522 3938 cmtu
553 3883 750 3938 clarius
778 3879 1219 3938 demonstrabant
1266 3895 1532 3937 summam
1577 3879 1888 3936 Christianae

295 3979 566 4051 religionis
594 3978 995 4050 perfectionem.

371 4071 570 4127 Deinde
594 4086 723 4127 vero
748 4070 1037 4125 Christiani
1077 4070 1174 4139 illi,
1205 4086 1233 4125 a
1260 4080 1403 4127 recta
1426 4070 1605 4141 regula
1629 4068 1889 4126 aberran-

301 4174 402 4233 tes,
436 4182 529 4236 pro
574 4165 894 4222 delicmrum
938 4165 1197 4235 gravitate
1239 4165 1292 4219 in
1335 4163 1559 4235 publicis
1599 4162 1891 4234 synaxibus

296 4258 561 4325 solebant,
591 4268 649 4312 ut
673 4265 831 4312 antea
870 4257 1102 4311 vidimus
1152 4255 1273 4328 (art.
1307 4255 1505 4326 super.)
1529 4297 1544 4323 ,
1591 4254 1888 4320 admoneri,

296 4351 514 4421 corripi,
542 4351 808 4422 castigari,
840 4358 896 4405 et
919 4348 1204 4419 aliquando
1233 4357 1482 4417 tanquam
1525 4346 1768 4401 membra
1799 4359 1894 4414 pu-

298 4442 438 4497 trida
468 4442 1037 4498 excommunicationis
1063 4442 1239 4513 gladio
1278 4440 1544 4509 amputari
1574 4453 1637 4493 ac
1666 4436 1893 4507 projici?

296 4532 656 4601 Quamobrem
684 4535 808 4590 alibi
832 4538 1035 4593 Auctor
1062 4544 1243 4589 noster
1262 4531 1328 4586 ad
1353 4530 1631 4600 Scapulam
1658 4528 1889 4597 scripsit:

1989 1939 2244 1987 raverunt
2268 1930 2611 1989 documenta.

2063 2020 2257 2077 Verum
2285 2023 2517 2092 expedite
2542 2022 2829 2095 planeque,
2860 2025 3036 2096 pergit
3074 2024 3184 2093 ille,
3217 2026 3592 2096 prtescribimus

1985 2113 2231 2170 adulteris
2279 2116 2486 2183 nostris,
2532 2117 2646 2172 sive
2694 2119 3064 2189 exceptionem
3120 2119 3265 2175 hisce
3298 2117 3588 2188 haireticis,

1986 2222 2154 2264 sacra:
2202 2207 2495 2278 Scriptura:
2523 2212 2952 2281 corruptoribus,
2981 2215 3331 2285 opponimus,
3360 2214 3592 2286 illosque

1958 2300 2069 2356 svel
2097 2315 2164 2357 eo
2189 2301 2308 2357 solo
2330 2312 2650 2374 argumento
2674 2305 2997 2373 refellimus,
3028 2306 3172 2376 quod
3205 2323 3313 2362 una
3348 2311 3420 2363 sit
3450 2308 3590 2365 veri-

1987 2395 2110 2451 tatis
2138 2396 2335 2466 regula,
2382 2413 2498 2468 quae
2534 2399 2697 2452 veniat
2724 2416 2756 2452 a
2794 2398 2998 2454 Christo
3040 2417 3129 2471 per
3166 2403 3375 2456 comites
3403 2404 3607 2474 ipsius,.

1984 2486 2162 2557 quibus
2187 2487 2447 2556 aliquanto
2478 2490 2782 2559 posteriores
2810 2492 2998 2546 diversi
3024 2508 3131 2546 esse
3168 2505 3590 2550 commentatores

1986 2578 2332 2649 probabuntur
2362 2579 2562 2653 (Ibid.,
2594 2598 2647 2652 p.
2681 2581 2832 2651 519).
2866 2584 3219 2654 Apertissime
3246 2600 3376 2656 ergo
3403 2585 3595 2641 definit

1985 2670 2198 2727 unicam
2227 2686 2348 2727 esse
2373 2687 2515 2729 vera:
2555 2674 2828 2743 religionis
2857 2676 3115 2746 regulam,
3146 2693 3268 2747 qua:
3294 2677 3449 2732 nobis
3478 2687 3592 2731 tra-

1987 2763 2097 2820 dita
2116 2776 2200 2820 est
2226 2782 2256 2820 a
2279 2766 2516 2834 Christo,
2545 2777 2598 2823 et
2628 2770 2938 2824 transmissa
2960 2785 3057 2839 per
3086 2770 3201 2839 ejus
3226 2772 3431 2824 comites
3452 2772 3596 2840 Apo-

1986 2857 2174 2923 stolos,
2207 2872 2270 2913 ac
2301 2859 2501 2927 primos
2530 2858 2844 2928 discipulos,
2872 2876 2902 2913 a
2933 2861 3125 2931 quibus
3143 2861 3286 2917 illam
3315 2872 3370 2918 et
3390 2864 3593 2932 scripto

1988 2960 2041 3003 et
2069 2948 2232 3005 verbo
2260 2950 2589 3020 accepimus.
2620 2950 2893 3022 Quidquid
2922 2953 3101 3024 itaque
3130 2952 3369 3009 hzcretici
3399 2954 3468 3010 ab
3493 2955 3594 3011 hac

1992 3040 2293 3095 traditionis
2340 3056 2526 3096 norma
2569 3041 2844 3098 diversum
2890 3046 3180 3100 commenti
3224 3055 3368 3112 sunt,
3417 3062 3517 3102 nec
3561 3062 3594 3102 a

1988 3130 2233 3198 Christo,
2279 3147 2379 3187 nec
2405 3150 2435 3187 a
2465 3134 2650 3203 primis
2676 3135 2794 3205 ejus
2825 3135 3103 3206 discipulis
3135 3137 3420 3208 proﬂuxit,
3461 3138 3595 3196 illud

1915 3260 1960 3324 Ο
1990 3221 2148 3294 plane
2174 3222 2365 3278 falsum
2394 3232 2494 3280 cst.
2528 3224 2661 3281 Nam
2692 3226 2775 3281 his
2802 3228 3130 3298 posteriores
3156 3230 3526 3299 probabuntur.

2065 3314 2172 3372 Sed
2217 3332 2245 3369 a
2277 3331 2402 3386 quo,
2436 3317 2631 3373 amabo
2665 3327 2739 3388 te,
2771 3319 3161 3389 probabuntur?
3186 3319 3323 3376 Num
3354 3323 3422 3377 ab
3449 3322 3595 3394 ipso-

1986 3417 2098 3465 mct
2136 3406 2517 3472 Tcrtullianol
2546 3408 2604 3467 Si
2633 3425 2720 3467 res
2745 3411 2819 3466 ita
2850 3412 2940 3481 sit,
2982 3412 3065 3467 his
3095 3414 3277 3469 verbis
3322 3429 3479 3469 suum
3524 3415 3594 3469 de

1991 3500 2482 3572 Prtescriptionibus
2531 3503 2884 3559 latereticorum
2924 3504 3190 3575 pollicitus
3228 3514 3311 3561 est
3354 3505 3589 3576 librum,

1988 3594 2078 3650 ubi
2108 3593 2239 3649 illud
2268 3594 2444 3665 reipsa
2471 3594 2734 3665 probavit.
2766 3596 2871 3653 Sed
2896 3597 3027 3652 satis
3053 3597 3195 3654 inter
3218 3598 3461 3655 eruditos
3484 3615 3593 3655 non

1989 3695 2200 3743 constat
2230 3696 2406 3741 utrum
2443 3685 2533 3744 hic
2561 3688 2699 3745 liber
2737 3697 2867 3746 ante
2907 3690 2994 3747 vel
3023 3701 3143 3762 post
3184 3692 3593 3763 Apologeticum

1990 3780 2165 3837 editus
2195 3778 2373 3836 fuerit.
2418 3780 2607 3837 Nonne
2631 3796 2760 3854 ergo
2801 3784 2976 3853 potuit
3004 3785 3183 3841 dicere
3221 3786 3593 3856 probabantur,

1991 3873 2115 3943 quia
2143 3873 2361 3929 cuilibet
2388 3873 2521 3929 illud
2551 3874 2777 3944 probatu
2808 3876 3127 3932 facillimum
3155 3879 3309 3933 erat?

2062 3964 2330 4021 Cancrum
2372 3968 2548 4038 palam
2573 3967 2665 4023 ille
2703 3967 2936 4023 affirmat
2962 3969 3249 4025 lnereticos
3273 3970 3435 4026 etiam
3469 3981 3595 4027 ante

1992 4055 2264 4129 publicum
2286 4058 2540 4113 falsarum
2565 4060 2877 4130 opinionum
2898 4076 3114 4115 suarum
3139 4076 3363 4116 examen
3392 4076 3458 4115 eo
3479 4062 3597 4131 ipso

1994 4150 2194 4205 erroris
2241 4150 2510 4217 convinci,
2560 4151 2704 4220 quod
2759 4166 2918 4207 nova:
2972 4152 3100 4218 sint,
3153 4165 3254 4205 nec
3301 4151 3598 4208 tradit-.c‘a

1994 4240 2243 4310 Christo,
2274 4252 2366 4297 aut
2393 4243 2534 4298 illius
2558 4242 2857 4313 discipulis,
2886 4242 2983 4298 sed
3012 4244 3080 4297 ab
3114 4242 3302 4298 iisdem
3331 4245 3599 4303 btereticis

1995 4333 2131 4391 falso
2160 4337 2493 4406 excogitatae.
2524 4336 2861 4406 Quapropter
2894 4336 3022 4391 alibi
3048 4352 3107 4392 se
3132 4338 3248 4392 hanc
3273 4336 3446 4395 fusius
3499 4354 3600 4396 ex-

1999 4427 2316 4498 plicaturum
2346 4429 2612 4497 promittit
2637 4429 2690 4481 in
2716 4427 2853 4483 libro
2883 4428 2947 4482 de
2978 4426 3467 4500 Prwscriptionibus
3497 4430 3601 4484 ha:-

1996 4521 2290 4585 reticorum,
2323 4523 2395 4575 uti
2420 4521 2620 4576 clarius
2651 4521 2798 4577 hisee
2833 4522 3014 4579 verbis
3045 4525 3277 4594 explicat
3317 4541 3330 4577 :
3365 4523 3508 4578 Alius
3538 4522 3601 4576 li-

299 4626 601 4696 Depositum
631 4643 732 4681 non
757 4631 1085 4700 abnegamus,
1119 4624 1499 4680 matrimonium
1525 4622 1720 4677 nullius
1747 4620 1894 4675 adnl-
1915 4653 1971 4716 Ι)
1999 4614 2162 4716 bellus
2187 4615 2321 4669 hunc
2345 4614 2564 4716 gradum
2592 4615 2854 4716 sustinebit
2891 4618 3131 4716 adversus
3157 4617 3419 4716 [derelictis
3448 4616 3602 4716 etiam

299 4726 545 4785 teramus,
579 4717 800 4790 pupillos
826 4720 907 4790 pie
936 4728 1233 4784 tractamus,
1255 4713 1598 4785 indigentibus
1619 4713 1891 4784 refrigera-

295 4825 435 4877 snus,
478 4809 609 4865 nulli
655 4812 845 4867 malum
894 4829 986 4884 pro
1036 4811 1173 4865 malo
1216 4810 1495 4866 reddimus.
1538 4805 1766 4861 Viderint
1812 4807 1899 4877 qui

298 4911 489 4955 sectam
515 4905 845 4971 mentiuntur,
876 4921 1000 4975 quos
1020 4913 1066 4959 et
1091 4904 1192 4975 ipsi
1215 4918 1507 4958 recusamus
1524 4899 1773 4975 (Tertul.,
1804 4899 1893 4954 lib.

299 4996 371 5049 ad
401 4996 641 5066 Scapul.,
668 5013 785 5069 cap.
815 4995 895 5066 4),
943 4999 1064 5053 illos
1094 4996 1368 5071 nimirum,
1399 4996 1490 5066 qui
1535 5009 1629 5049 sua
1670 5000 1901 5065 propter

300 5087 505 5144 scelera
534 5105 602 5145 ex
644 5090 814 5145 sacris
838 5089 993 5161 ejecti
1019 5098 1175 5146 erant
1197 5088 1425 5146 canibus
1445 5086 1896 5151 Christianorum,

298 5196 530 5253 quorum
559 5200 754 5241 nomen
782 5184 1198 5241 mentiebantur.

376 5274 478 5329 Alii
507 5291 640 5332 vero
665 5277 1013 5333 christianam
1042 5278 1360 5349 religionem
1396 5291 1461 5333 se
1490 5275 1729 5346 proﬁteri
1757 5287 1900 5330 ven-

298 5364 566 5436 ditabant,
590 5369 843 5425 nimirum
865 5369 1124 5435 hatretici,
1152 5369 1240 5439 qui
1264 5369 1327 5424 de
1347 5384 1471 5435 una,
1498 5375 1556 5421 ut
1580 5366 1656 5421 ait
1680 5366 1790 5433 ille,
1817 5365 1900 5419 via

301 5459 563 5517 doctrina:
589 5474 643 5518 et
668 5463 907 5533 veritatis
950 5462 1179 5534 obliquos
1208 5463 1391 5517 multos
1434 5470 1481 5515 et
1520 5458 1901 5529 inexplicabiles

304 5553 532 5609 tramites
559 5555 838 5620 sciderunt,
868 5569 934 5611 ac
962 5555 1281 5625 semetipsos
1306 5552 1437 5609 alios
1464 5567 1548 5607 'ue
1572 5551 1627 5605 in
1656 5564 1900 5606 errorum

305 5656 363 5701 et
389 5645 658 5703 haeresum
708 5648 962 5719 abyssum
1005 5656 1233 5719 egerunt
1283 5645 1604 5717 prmcipites.
1679 5641 1786 5701 Sed
1824 5641 1903 5711 hi,

307 5736 502 5808 inquit,
532 5739 636 5795 orti
673 5748 800 5796 sunt
825 5739 892 5796 dc
918 5738 1357 5811 philosophorum
1407 5735 1640 5803 semine,
1688 5735 1752 5790 de
1775 5749 1906 5805 quo-

294 5845 449 5901 rum,
464 5829 611 5892 sicut
633 5832 759 5894 alibi
780 5831 939 5906 dixit,
966 5832 1182 5907 ingeniis
1205 5830 1371 5895 omnis
1390 5829 1595 5890 hamis
1613 5828 1907 5902 animatur,

1996 4707 2106 4762 sine
2145 4716 2419 4762 retractatu
2449 4706 2797 4762 doctrinarum
2835 4708 3183 4775 revincendos,
3215 4708 3352 4780 quod
3378 4709 3474 4764 hoc
3499 4708 3603 4762 sint

1999 4798 2063 4852 de
2086 4798 2554 4869 prwscriptionibus
2580 4799 2815 4854 novitatis
2844 4797 2896 4871 (Ι
2903 4800 3043 4870 dem,
3070 4798 3160 4855 lib.
3192 4797 3215 4856 Ι
3241 4798 3441 4856 advers.
3466 4798 3607 4855 Mar-

2000 4890 2159 4955 eion.,
2188 4907 2303 4960 cap.
2340 4889 2366 4944 1
2390 4890 2433 4961 ).

2074 4982 2316 5039 Gentiles
2358 4982 2516 5053 igitur
2553 4983 2688 5039 nihil
2719 5000 2939 5056 prorsus
2968 5000 3035 5040 ex
3078 4982 3456 5040 haereticorum
3486 4998 3608 5039 cor-

2004 5077 2255 5147 ruptione
2283 5076 2541 5133 adversus
2569 5078 2878 5134 christiana:
2920 5078 3198 5151 religionis
3226 5077 3507 5133 veritatem
3553 5084 3609 5132 et

2004 5171 2369 5239 praestantiam
2395 5171 2720 5251 concludere
2751 5180 3019 5242 poterant.
3050 5170 3184 5227 Nam
3229 5171 3283 5227 hi
3308 5170 3378 5228 de
3418 5168 3611 5232 Eccle,

2004 5265 2084 5320 sia
2110 5264 2372 5322 catholica
2401 5268 2611 5338 penitus
2640 5267 2827 5333 excisi,
2862 5284 2970 5324 non
2996 5268 3227 5338 amplius
3256 5268 3357 5323 nisi
3388 5265 3609 5322 nomine

2004 5368 2180 5426 tenus,
2210 5361 2319 5415 imo
2345 5375 2412 5415 ne
2458 5359 2675 5416 nomine
2705 5360 2944 5431 quidem,
2971 5358 3248 5415 christiani
3290 5349 3464 5415 erant.
3498 5359 3608 5414 Au-

2001 5453 2120 5511 dias
2140 5452 2300 5508 velim
2324 5453 2632 5522 quuentem
2654 5454 2943 5524 ipsummet
2962 5452 3354 5510 Tertullianum
3382 5468 3399 5507 :
3422 5450 3485 5507 Si
3507 5451 3612 5506 lite-

2003 5547 2145 5603 retici
2172 5555 2312 5614 sunt,
2344 5545 2608 5600 christiani
2630 5560 2739 5600 esse
2766 5562 2868 5600 non
2895 5553 3136 5617 possunt,
3181 5560 3284 5600 non
3327 5560 3360 5597 a
3405 5542 3612 5598 Christo

2010 5639 2279 5710 habendo,
2308 5639 2449 5711 quod
2492 5638 2557 5692 de
2600 5655 2695 5694 sua
2739 5638 2980 5695 electione
3025 5638 3203 5693 sectati
3254 5637 3615 5693 haereticorum

2010 5735 2221 5791 nomina
2283 5735 2559 5790 admittunt
2607 5732 2815 5809 (Idem,
2884 5732 2974 5788 lib.
3020 5733 3086 5789 de
3132 5730 3438 5803 Prasscript.
3503 5731 3613 5788 lite-

2011 5837 2129 5902 ret.,
2156 5843 2273 5901 cap.
2296 5827 2413 5903 57).
2441 5828 2575 5891 Eam
2620 5843 2751 5889 sane
2793 5828 2864 5890 ob
2907 5816 3155 5888 caussam
3202 5827 3482 5890 christiani
3507 5826 3614 5887 im-
