4212 6262
636 304 744 366 985

1706 300 1774 358 IN
1818 296 2281 360 TERTULLIANI
2318 300 2848 367 APOLOGETICUM

3832 301 3947 371 ρει

634 432 913 498 peratores
960 423 1244 479 voluerunt
1292 419 1410 475 illos
1459 417 1676 475 nomine
1703 418 1937 473 auctoris
1969 419 2050 474 sui
2091 434 2228 475 nun-
2256 418 2309 479 Λ
2331 417 2643 486 delioribus,
2671 429 2726 475 et
2752 434 2782 474 a
2813 417 3026 476 nemine
3064 418 3325 475 hactenus
3351 417 3664 491 excogitatis
3689 421 3937 477 vexatio-

634 520 853 591 cupari,
910 518 1057 583 cuius
1105 515 1268 571 scelus
1314 525 1431 568 sunt
1470 514 1523 568 in
1571 512 1849 567 deserendo
1892 511 2003 565 Deo
2046 512 2233 566 imitati

632 612 803 685 (Cod.
833 609 1107 674 Theados.,
1135 609 1214 661 tit.
1244 606 1307 661 de
1326 604 1543 672 Havet,
1577 606 1676 676 leg.
1704 604 1877 675 65,1).
1907 603 2031 668 190,
2057 601 2228 673 LVI),

630 702 721 762 vel
735 708 873 762 sicut
903 702 1045 775 apud
1076 703 1351 758 Socratem
1377 700 1552 755 aiebat
1571 698 1954 757 Constantinus
1983 696 2227 766 Magnus,

628 809 688 856 ut
710 814 927 871 quorum
955 797 1114 852 secuti
1131 805 1247 852 sunt
1269 811 1452 861 mores,
1486 810 1663 848 eorum
1693 793 1846 848 etiam
1870 790 2116 846 vocabulo
2134 807 2230 861 up-

630 893 878 965 pallentur
918 889 1189 963 (Socrat.,
1233 888 1323 942 lib.
1360 888 1402 952 l,
1456 904 1575 958 cap.
1610 886 1665 953 9,
1697 902 1749 953 p.
1779 884 1904 952 52).
1944 884 2229 938 Rationem

626 987 673 1042 si
702 999 934 1057 quaeras,
962 984 1101 1039 hanc
1131 999 1162 1037 a
1203 981 1475 1054 Cypriano
1520 980 1702 1048 accipe
1743 996 1755 1031 :
1804 975 1954 1032 Sicut
1996 974 2228 1029 diabolus

625 1079 857 1136 Christus
896 1094 1000 1132 non
1024 1086 1119 1145 est,
1151 1076 1380 1148 quamvis
1426 1074 1576 1146 fallat
1606 1074 1659 1127 in
1690 1071 1894 1127 nomine
1935 1069 2078 1125 illius
2107 1085 2125 1122 :
2155 1070 2229 1122 ita

625 1190 718 1229 nec
737 1172 1049 1227 christianos
1069 1170 1227 1224 videri
1254 1178 1436 1239 potest,
1464 1168 1552 1236 qui
1576 1181 1677 1220 non
1700 1172 1959 1235 permanet
1979 1164 2035 1217 in
2058 1161 2228 1219 Evan-

627 1269 747 1340 gelii
772 1277 819 1323 et
860 1268 973 1338 ejus
999 1265 1120 1334 ﬁdei
1145 1264 1354 1318 veritate
1383 1261 1698 1332 (Cyprium,
1727 1258 1815 1312 lib.
1849 1258 1911 1311 de
1942 1255 2085 1312 Unit.
2124 1254 2227 1308 Ec-

624 1359 806 1431 cles.).
870 1357 1028 1413 Vides
1082 1371 1213 1413 sane
1284 1356 1466 1425 quanti
1546 1352 1760 1408 roboris
1833 1351 1904 1405 sit
1970 1349 2072 1404 hoc
2127 1346 2227 1403 ad-

622 1467 812 1510 versus
857 1450 1128 1522 quoslibet
1173 1448 1455 1503 haereticos
1507 1452 1902 1515 argumentum,
1960 1439 2104 1511 quod
2158 1454 2226 1494 ex

623 1543 1116 1617 prutscriptionibus
1167 1541 1280 1595 sive
1331 1539 1549 1607 antiqua
1591 1535 1979 1605 discipulorum
2025 1531 2226 1587 Christi

623 1636 912 1691 traditione
944 1635 1168 1704 petitum
1198 1640 1300 1687 est.
1335 1628 1709 1687 Tertullianus
1739 1628 1882 1681 enim
1920 1634 2103 1694 aperte
2134 1622 2229 1678 de-

622 1739 891 1787 monstrat
934 1729 1065 1783 nihil
1106 1726 1321 1796 penitus
1365 1723 1592 1794 gentiles
1640 1721 1897 1775 adversus
1952 1716 2227 1786 religionis

2335 512 2491 568 nibus
2518 528 2580 567 ac
2610 513 2892 570 tormentis
2918 514 3443 570 excarnificahantur
3494 524 3550 570 et
3579 515 3936 572 necabantur.

2335 607 2490 664 Plura
2522 616 2698 664 autem
2728 608 2940 665 illorum
2970 609 3232 680 supplicia
3272 609 3634 669 Tertullianus
3665 624 3936 685 recenset,

2333 716 2453 770 quas
2481 702 2597 757 sine
2615 702 2789 772 aliqua
2815 701 3193 777 observatione
3216 717 3248 757 a
3274 702 3431 759 nobis
3462 698 3798 773 przelermitti
3826 722 3936 763 non

2332 794 2551 853 debent.
2588 796 2826 855 Primum
2853 797 3033 867 itaque
3059 812 3073 851 :
3105 796 3365 862 Quotidie.
3393 796 3588 868 inquit,
3615 798 3933 869 obsidemur,

2332 888 2558 957 quotidie
2582 890 2870 960 prodimur,
2891 890 2943 943 in
2973 890 3097 960 ipsis
3116 890 3396 961 plurimum
3420 890 3626 947 cratibus
3646 900 3693 945 et
3722 907 3938 962 congre-

2332 981 2619 1051 gationibus
2664 985 2849 1037 nostris
2875 983 3212 1053 opprimimur
3258 980 3606 1055 (Tertullian.
3637 984 3935 1057 Αριιιοειιιιι.⁸

2332 1091 2448 1145 cap.
2473 1074 2523 1139 7,
2546 1092 2600 1145 p.
2624 1073 2911 1145 307).Non
2940 1075 3094 1144 pauci
3117 1074 3379 1150 ergo,sed
3395 1075 3639 1146 plurimi,
3658 1092 3762 1133 non
3785 1092 3933 1146 raro,

2331 1167 2429 1222 sed
2468 1166 2788 1236 saepissime,
2822 1167 2876 1225 in
2906 1168 3018 1227 suis
3046 1168 3273 1225 cmtibus
3303 1178 3358 1225 et
3393 1167 3521 1225 alibi
3557 1169 3937 1239 Opprimeban-

2334 1268 2438 1315 tur.
2466 1258 2576 1315 Nec
2601 1259 2797 1315 mirum
2826 1274 2977 1321 sane.
3006 1259 3140 1315 Nam
3163 1261 3388 1329 ethnici,
3415 1261 3560 1321 omni
3589 1278 3806 1335 prorsus
3828 1263 3943 1321 lut-

2332 1353 2587 1413 manitate
2611 1354 2878 1425 deposita,
2909 1357 3100 1426 partim
3120 1355 3348 1426 propriis
3369 1355 3574 1417 animis,
3596 1358 3779 1427 partim
3803 1357 3940 1428 legi-

2331 1447 2423 1503 bus
2443 1448 2785 1519 obsequentes,
2808 1448 2863 1503 in
2899 1465 2983 1504 eos
3017 1448 3307 1505 serviebant.
3335 1448 3474 1516 Quin
3502 1450 3681 1516 etiam,
3708 1453 3933 1522 quoties,

2329 1541 2407 1595 ait
2431 1538 2607 1601 adhuc
2625 1539 3005 1609 Tertullianus,
3034 1542 3307 1612 prseteritis
3326 1542 3486 1609 vobis,
3518 1542 3768 1599 nimirum
3790 1559 3935 1613 prans-

2330 1632 2558 1699 sidibus,
2589 1649 2680 1689 suo
2701 1634 2824 1703 jure
2843 1650 2935 1690 nos
2959 1634 3220 1693 inimicum
3246 1635 3427 1705 vulgus
3449 1635 3647 1690 invadit
3671 1634 3933 1706 lapidibus

2330 1736 2376 1789 et
2402 1728 2646 1783 incendiis
2666 1727 2987 1801 (lbid.,cap.
3011 1729 3101 1792 57,
3133 1747 3188 1800 p.
3207 1728 3360 1802 itii)!
3384 1730 3531 1786 nulla
3562 1729 3808 1786 videlicet
3837 1747 3932 1788 ex-

621 1824 927 1880 christianre
968 1818 1350 1889 perfectionem
1377 1815 1646 1871 coniicere
1689 1827 1847 1882 posse
1877 1826 1945 1866 ex
1978 1807 2227 1880 pessimis
2256 1819 2303 1879 Β
2332 1828 2569 1890 specta“,
2597 1820 2836 1890 Iudicum
2866 1820 3153 1885 sententia.
3185 1820 3281 1877 sed
3308 1837 3454 1878 εωοο
3499 1822 3702 1892 impetu
3733 1821 3931 1893 plebeii

620 1916 836 1971 illorum
880 1911 1158 1968 erroribus
1217 1908 1627 1971 haereticorum;
1663 1904 1860 1974 quippe
1901 1902 1990 1971 qui
2033 1915 2216 1957 veram

619 2008 817 2063 Christi
844 2006 1142 2061 doctrinam
1184 2004 1254 2057 ita
1282 2008 1666 2069 corruperant,
1706 2006 1765 2052 ut
1795 2011 1895 2051 nec
1925 1996 2041 2065 ipso
2066 1993 2217 2049 chri-

619 2102 914 2157 stianorum
948 2099 1166 2153 nomine
1195 2096 1338 2167 digni
1363 2094 1711 2150 haberentur.

690 2196 929 2252 Tertium
957 2193 1170 2248 tandem
1188 2202 1302 2246 erat
1323 2189 1742 2249 christianorum
1765 2198 1956 2255 genus,
1979 2182 2066 2253 qui
2093 2180 2216 2237 ﬁdei

616 2306 729 2351 suae
754 2291 1060 2345 desertores
1078 2295 1131 2341 et
1155 2293 1435 2354 apostataa,
1461 2280 1528 2335 ad
1552 2281 1745 2351 impios
1761 2279 1986 2333 deorum
2012 2277 2211 2343 cultus,

617 2394 866 2455 tanquam
894 2395 1053 2436 canes
1079 2378 1146 2433 ad
1178 2376 1457 2442 vomitum,
1488 2372 1690 2429 reversi
1721 2372 1950 2426 fuerant.
1977 2369 2080 2426 Sed
2101 2369 2214 2423 fru-'

615 2485 725 2531 stra
763 2473 960 2528 ethnici
1004 2487 1072 2526 ex
1100 2470 1294 2524 horqu
1343 2475 1711 2538 apostatarum
1753 2464 1982 2519 crimine
2015 2462 2214 2532 aliquid

613 2568 870 2624 adversus
897 2566 1242 2620 christianam
1270 2561 1579 2631 religionem
1608 2557 1788 2613 inferri
1810 2572 1968 2626 posse
1988 2556 2213 2611 arbitra-

612 2660 823 2716 bantur.
876 2656 1010 2712 Nam
1042 2656 1132 2727 qui
1179 2654 1357 2709 datam
1387 2652 1606 2707 Christo
1650 2649 1809 2704 iidem
1856 2649 2209 2715 violaverant,

611 2767 720 2807 non
767 2759 921 2807 erant
947 2748 1177 2819 amplius
1202 2745 1503 2809 christiani,
1539 2758 1638 2798 nec
1677 2750 1927 2813 poterant
1972 2743 2075 2796 hoc
2116 2746 2212 2812 ap-

611 2843 796 2916 pellari
826 2843 1060 2896 nomine.
1087 2840 1450 2909 Quamobrem
1473 2835 1840 2891 'l‘ertullianus
1860 2834 2105 2890 ethnicos
2126 2833 2211 2889 his

609 2936 789 2991 verbis
833 2934 1120 3004 compellat
1161 2952 1173 2986 :
1220 2931 1491 3004 Ejusmodi
1522 2932 1751 2985 homines
1793 2946 1953 3000 neque
1995 2945 2203 2999 congre-

608 3037 752 3099 gant,
781 3043 942 3098 neque
966 3026 1270 3104 participant
1297 3025 1577 3089 nobiscum,
1609 3024 1732 3095 {acti
1761 3033 1872 3091 post
1899 3023 2083 3077 delicta
2119 3023 2209 3077 de-

607 3136 711 3175 nuo
751 3121 922 3185 uestri,
971 3119 1174 3190 quando
1225 3135 1286 3173 ne
1314 3119 1418 3173 illis
1452 3118 1657 3189 quidem
1707 3118 2031 3183 misceantur,
2080 3134 2208 3188 quos

2321 1911 2544 1981 gentiles
2576 1911 2811 1980 lapidum
2860 1912 3055 1969 ictibus
3097 1910 3396 1976 obruebant
3437 1911 3797 1983 Christianos,
3837 1920 3932 1975 aut

2322 2005 2473 2061 vivos
2501 2006 2815 2062 exurebant.

2393 2096 2474 2153 Ad
2505 2098 2714 2167 singula
2758 2104 2938 2153 autem
2981 2112 3170 2155 eorum
3202 2097 3474 2170 supplicia
3520 2106 3579 2155 ut
3618 2101 3924 2169 veniamus,

2289 2188 2481 2242 -modo
2506 2178 2558 2242 ih
2609 2189 2838 2253 insulas,
2895 2190 3068 2260 inquit
3118 2192 3322 2246 Auctor
3378 2200 3579 2257 noster,
3639 2193 3925 2263 relegantur

2320 2277 2513 2348 (Ibid.,
2544 2296 2663 2351 cap.
2689 2280 2776 2346 η,
2807 2299 2859 2351 p.
2887 2281 3036 2351 5M);
3060 2282 3156 2337 sed
3175 2282 3297 2345 aliis
3318 2297 3452 2339 sane
3471 2282 3726 2343 omnibus
3750 2284 3923 2340 minor

2318 2380 2435 2426 crat
2465 2370 2580 2426 haec
2619 2371 2793 2427 exsilii
2835 2388 2995 2442 ptcna
3023 2390 3038 2428 :
3070 2372 3222 2429 modo
3260 2374 3315 2428 in
3365 2375 3574 2429 nsetalla
3618 2376 3921 2430 damnamur

2319 2465 2337 2536 (
2355 2463 2518 2530 lbid.,
2550 2466 2773 2537 capJZ,
2803 2483 2857 2538 p.
2886 2466 3039 2539 541),
3071 2468 3138 2523 ad
3165 2483 3228 2523 ea
3256 2468 3508 2524 nimirum
3540 2471 3774 2526 maximo
3795 2485 3919 2529 cum

2315 2558 2499 2616 labore
2539 2559 2864 2617 eﬂ‘odienda.
2916 2562 3139 2618 Plurimi
3187 2578 3317 2619 vero
3360 2564 3814 2621 contrudebantur
3858 2566 3917 2621 in

2316 2652 2612 2709 horrendos
2638 2669 2903 2720 carceres,
2936 2656 3112 2711 inedia
3141 2666 3198 2711 et
3221 2655 3366 2714 fame
3395 2644 3772 2723 consumendi,
3804 2657 3917 2716 nisi

2315 2745 2424 2813 alii,
2474 2756 2531 2801 ut
2575 2762 2734 2818 supra
2760 2747 3012 2814 diximus,
3057 2748 3349 2806 Christiani
3393 2752 3472 2808 eis
3514 2750 3757 2822 opitulati
3782 2750 3922 2807 fuis-

2312 2847 2453 2895 seut.
2492 2838 2597 2895 Sed
2652 2842 2767 2896 hree
2812 2840 3177 2899 Tertullianus
3222 2844 3276 2898 in
3321 2857 3423 2899 suo
3466 2843 3613 2899 brevi
3660 2843 3912 2914 quidem,

2312 2931 2409 2988 sed
2449 2934 2733 2989 excellenti
2774 2936 2843 2991 ad
2897 2935 3153 3005 Martyres
3209 2935 3350 2991 libro
3399 2935 3563 2993 fusius
3614 2935 3907 3007 prosequi-

2315 3034 2399 3080 tur
2450 3028 2468 3095 (
2498 3024 2666 3091 Idem,
2721 3027 2810 3083 lib.
2852 3026 2922 3081 ad
2950 3026 3173 3100 Martyr.
3194 3029 3234 3099 ).
3261 3029 3522 3085 Praeterea
3552 3029 3779 3100 ungulis,
3802 3029 3906 3097 ait,

2312 3117 2557 3174 deraditis
2604 3120 2765 3175 latera
2805 3120 3200 3175 christiauorum
3244 3118 3432 3192 (Idem,
3460 3120 3751 3193 Apologet.,
3784 3138 3917 3192 cap.

605 3225 770 3271 uestra
793 3215 886 3281 vis,
916 3225 1066 3285 atque
1090 3214 1285 3269 sterilia
1308 3213 1377 3267 ad
1403 3212 1690 3283 negandum
1713 3211 1907 3283 subegit
1934 3210 2205 3284 (Tertult.,
2234 3213 2280 3276 C
2313 3209 2402 3275 13,
2454 3228 2509 3281 p.
2537 3210 2690 3280 559).
2744 3209 2966 3281 Ungqu
2992 3220 3170 3267 autem
3202 3210 3371 3268 ferrea
3396 3221 3547 3268 erant
3571 3211 3914 3269 iusti-mnem-

605 3308 697 3364 lib.
719 3306 739 3361 Ι
759 3309 827 3361 ad
857 3306 1008 3374 Nat,
1036 3323 1151 3378 cap.
1185 3306 1264 3378 5).
1293 3305 1461 3373 Quam
1492 3314 1668 3359 autem
1695 3303 1799 3358 hoc
1825 3319 2009 3359 verum
2044 3304 2113 3358 sit
2142 3319 2211 3359 ex

604 3399 670 3454 iis
707 3401 1067 3471 unusquisque
1097 3399 1252 3453 facile
1283 3399 1565 3469 intelliget,
1597 3411 1716 3467 quae
1757 3396 2059 3467 Cyprianus
2087 3397 2207 3451 alii-

603 3508 709 3564 que
753 3493 955 3563 antiqui
1002 3493 1293 3561 scriptores
1339 3490 1509 3545 nostri
1542 3490 1817 3544 memoriae
1857 3489 1998 3544 haud
2037 3490 2205 3545 semel

603 3583 954 3655 prodiderunt
979 3584 1047 3638 de
1073 3584 1258 3652 lapsis,
1298 3584 1387 3651 qui
1428 3594 1777 3654 tyrannorum
1809 3583 1971 3638 minis
1996 3592 2052 3638 et
2080 3599 2206 3638 cru-

603 3675 830 3731 ciatibus
858 3676 1207 3730 christianum
1255 3674 1413 3729 ﬁdem
1446 3676 1806 3745 ejuraverant.
1840 3675 1947 3732 Sed
1991 3677 2058 3732 de
2096 3678 2206 3732 illis

602 3768 953 3838 opportunior
964 3748 1267 3836 disputandi
1286 3766 1434 3820 locus
1454 3767 1611 3821 nobis
1628 3766 1860 3821 dabitur.
1885 3768 2052 3822 Recte
2074 3783 2205 3839 ergo

603 3861 962 3918 Tertullianus
990 3861 1232 3915 ethnicos
1261 3875 1447 3915 rursus
1490 3860 1837 3931 alloquendo,
1877 3860 1955 3916 sic
1981 3862 2205 3916 conclu-

602 3957 679 4014 dit
710 3974 722 4011 :
756 3955 883 4011 Sine
908 3969 1085 4008 caussa
1109 3953 1224 4007 illos
1248 3954 1436 4007 vocatis
1464 3953 1790 4020 christianos,
1822 3970 1949 4024 quos
1972 3954 2072 4025 ipsi
2109 3970 2200 4009 ne-

601 4060 723 4125 gant
749 4049 1033 4115 christiani,
1062 4047 1148 4119 qui
1187 4064 1261 4114 se,
1290 4047 1344 4099 id
1370 4056 1443 4101 est
1475 4046 1664 4102 Christi
1694 4047 1846 4112 ﬁdem
1874 4063 2061 4117 negare
2098 4064 2202 4103 non

600 4152 785 4197 norunt
816 4139 1055 4212 (Ibid.
1093 4138 1213 4195 Veri
1245 4139 1508 4209 siquidem
1538 4138 1836 4207 christiani,
1878 4140 2201 4208 quibuslibet

599 4233 884 4290 dirissimis
925 4233 1206 4287 tormentis
1232 4231 1431 4299 vexati,
1460 4232 1777 4302 .christianze
1807 4231 2081 4302 religionis
2106 4248 2200 4288 vc-

598 4329 813 4385 ritntcm
844 4327 911 4382 ad
939 4326 1362 4382 crudelissimam
1414 4341 1581 4397 usque
1610 4327 2036 4383 internecionem
2065 4320 2197 4383 con-

597 4424 925 4481 stantissime
954 4434 1277 4490 asserentes,
1328 4423 1569 4494 martyrii
1609 4436 1862 4477 coronam
1895 4434 2194 4493 conseque-

596 4519 813 4575 bantur.
846 4518 949 4575 Scd
980 4517 1107 4590 quid
1137 4519 1203 4573 de
1238 4518 1321 4571 his
1345 4518 1699 4573 sanctissimis
1732 4516 2057 4588 martyribus
2079 4518 2194 4573 Au-

596 4620 712 4668 ctor
736 4621 921 4669 uoster
950 4612 1246 4680 tradiderit,
1271 4609 1382 4681 jam
1410 4609 1807 4679 explanandum
1838 4619 1939 4666 est.

1188 4716 1416 4785 CAPUT
1454 4724 1596 4781 XVI.

1010 4846 1087 4902 De
1111 4845 1400 4901 cltristianis
1428 4842 1756 4914 martyribus.

1118 4998 1409 5041 ARTICULUS
1448 4996 1659 5040 PRIMUS.

2315 3312 2387 3371 ta,
2411 3313 2662 3375 tanquam
2695 3303 2927 3361 ferarum
2958 3320 3163 3377 ungues
3185 3304 3464 3373 fabricata,
3488 3305 3679 3375 quibus
3706 3303 3913 3363 ethnici

2314 3397 2479 3453 latera
2506 3398 2929 3455 Christianorum
2951 3400 3232 3456 sulcabant
3254 3408 3312 3456 et
3335 3398 3685 3456 dilaniabant.
3706 3399 3911 3468 Quatu—

2311 3490 2496 3545 obrem
2536 3491 2628 3547 ille
2673 3500 2859 3562 postea
2893 3491 3070 3548 dixit:
3100 3491 3215 3549 Nos
3265 3493 3335 3547 ad
3362 3492 3528 3548 Deum
3573 3494 3628 3549 in
3679 3491 3911 3563 equuleo

2311 3581 2453 3637 haud
2497 3583 2680 3651 dubie,
2713 3594 2802 3639 aut
2829 3584 2934 3639 alia
2976 3586 3140 3641 simili
3188 3586 3431 3642 machina
3459 3625 3475 3651 ,
3515 3602 3767 3659 expansos
3799 3603 3916 3643 sub

2308 3675 2445 3745 gula:
2472 3676 2670 3747 fodiant
2693 3674 2883 3748 (Ibid.,
2909 3692 3025 3749 cap.
3048 3677 3138 3746 50,
3161 3696 3215 3750 p.
3238 3677 3390 3751 Ml).
3409 3677 3732 3747 Prudentius
3755 3682 3907 3747 enim

2308 3770 2578 3827 canebat:

2492 3883 2728 3950 I_ucensus
2745 3885 2822 3935 his
2844 3885 3161 3950 Asclepiades
3177 3886 3395 3950 jusserat

2493 3947 2875 4013 {ivisse-randum
2891 3947 3086 4012 corpus,
3111 3947 3329 4013 equuleo
3356 3954 3550 4003 eminus

2490 4009 2740 4075 Pendere,
2769 4020 2821 4061 et
2842 4009 3294 4078 uncis—ungulisque
3319 4027 3570 4065 crescere.

2552 4094 2821 4157 (Prudent.
2844 4096 2907 4147 de
2928 4104 3095 4148 sancto
3112 4100 3309 4149 Roman.
3328 4112 3374 4149 υ.
3404 4099 3494 4150 107
3519 4104 3565 4153 et
3588 4101 3749 4166 seqq.)

2375 4227 2721 4299 Prosequitur
2772 4229 3134 4286 Tertullianus
3178 4232 3307 4289 :Ad
3335 4232 3519 4288 bestias
3563 4233 3904 4305 impellimur,

2300 4322 2413 4377 sive
2444 4322 2528 4390 iis,
2562 4328 2682 4394 quae
2708 4337 2807 4379 nos
2836 4323 3120 4391 devorent,
3155 4326 3209 4381 in
3240 4325 3451 4383 theatro
3477 4326 3761 4396 objicimur
3786 4346 3800 4382 :
3847 4327 3912 4384 in

2298 4430 2399 4471 nos
2422 4416 2614 4483 bestias,
2645 4416 2782 4472 sicut
2821 4427 3004 4487 postea
3043 4417 3349 4489 descripsit,
3391 4420 3625 4475 insiliunt
3655 4417 3906 4493 (Ταινίαι.

2297 4506 2588 4579 Apologet.,
2616 4525 2732 4580 cap.
2761 4507 2851 4575 12,
2871 4510 3117 4582 μαμδιι
3144 4527 3160 4576 ;
3201 4510 3352 4576 ibid.,
3381 4527 3499 4581 cap.
3521 4511 3612 4577 30,
3642 4530 3693 4584 p.
3719 4511 3830 4567 445
3854 4510 3903 4583 ).

2215 4612 2271 4673 1)
2296 4603 2465 4672 Quam
2496 4603 2748 4675 frequens
2773 4613 2952 4658 autem
2976 4602 3138 4659 fuerit
3165 4601 3742 4663 illudChristianorum
3766 4618 3904 4674 sup-

2295 4696 2513 4766 plicium
2557 4696 2684 4751 inde
2723 4696 2966 4768 colligas,
3011 4695 3157 4767 quod
3201 4697 3253 4752 in
3302 4698 3449 4753 omni
3496 4697 3703 4767 publica
3741 4696 3903 4754 clade

2293 4790 2474 4847 statim
2497 4791 2747 4861 gentiles,
2774 4792 2913 4846 sicut
2935 4790 3113 4847 adhuc
3139 4792 3231 4848 ille
3262 4791 3669 4858 testificabatur,
3695 4792 3904 4848 clama-

2291 4885 2439 4950 bant,
2471 4885 2786 4941 Christianos
2822 4887 2890 4940 ad
2919 4886 3114 4941 leonem
3138 4885 3326 4955 (lbid.,
3358 4903 3475 4959 cap.
3502 4885 3608 4952 ιο,
3639 4905 3695 4960 p.
3723 4885 3897 4957 ‘79).

2291 4976 2412 5034 Alio
2438 4988 2617 5034 alitem
2647 4981 2701 5033 in
2732 4978 2898 5044 libro,
2929 4979 3019 5034 ubi
3059 4979 3397 5036 ethnicorum
3434 4989 3733 5037 conventus
3759 4993 3897 5035 exa-

2289 5071 2420 5141 gitat
2465 5081 2520 5127 et
2548 5073 2871 5128 condemnat
2898 5089 2913 5127 :
2943 5071 3086 5138 Illic,
3120 5073 3327 5144 inquit,
3372 5073 3426 5129 in
3473 5089 3565 5128 nos
3607 5072 3900 5143 quotidiani

2223 5210 2227 5217 .
2286 5164 2453 5219 leones
2481 5166 2868 5239 expostulantur
2898 5164 3105 5238 (Idem,
3130 5166 3220 5223 lib.
3260 5167 3325 5222 de
3345 5167 3607 5238 Spectas”
3629 5184 3747 5239 cap.
3772 5164 3897 5240 37).

2285 5256 2491 5313 Rursus
2544 5258 2671 5314 alibi
2737 5268 3011 5315 asseverat
3057 5259 3258 5316 Christi
3321 5260 3506 5317 hostes
3567 5260 3671 5316 sub
3736 5259 3896 5332 pedi-

2208 5387 2215 5393 .
2283 5349 2382 5405 bus
2427 5350 2545 5422 ejus
2581 5351 2692 5421 jam
2744 5366 2864 5408 esse
2899 5352 3245 5421 constitutos,
3276 5354 3424 5408 omni
3463 5353 3640 5415 adhuc
3667 5354 3897 5425 popula-

652 5448 808 5505 Nulla
838 5449 1025 5520 procul
1065 5448 1225 5504 dubio
1239 5446 1665 5503 Christianorum
1693 5447 1863 5503 virtus
1894 5446 2062 5519 magis
2089 5462 2176 5503 re-
2279 5444 2412 5499 rium
2429 5454 2559 5500 cwtu
2575 5447 2829 5501 clamante
2851 5445 3166 5501 Christianos
3187 5445 3256 5501 ad
3280 5445 3475 5502 leonem
3494 5444 3686 5519 (Idem,
3709 5447 3802 5501 lib.
3826 5446 3896 5502 de

578 5539 746 5608 fulsit,
771 5558 931 5614 quam
963 5543 1311 5598 invictissima
1349 5542 1403 5597 in
1450 5541 1738 5598 tolerandis
1768 5557 1865 5613 pro
1894 5540 2174 5612 religionis
2280 5539 2569 5595 Resurrect.
2629 5553 2799 5606 carn.,
2843 5554 2957 5611 cap.
3002 5537 3077 5595 22
3102 5539 3147 5612 ).
3191 5536 3330 5606 Quid
3370 5539 3573 5610 plural
3612 5538 3897 5597 Castitatis

534 5650 539 5657 '
577 5649 690 5691 suae
717 5634 1031 5692 defensione
1057 5636 1328 5707 suppliciis
1358 5636 1608 5710 patientia
1635 5679 1650 5704 ,
1682 5636 1980 5692 constantia
2007 5643 2168 5705 atque
2277 5634 2523 5689 osoribus
2550 5632 2829 5689 denuntiat
2853 5634 3146 5691 timendum
3170 5651 3279 5690 non
3305 5649 3430 5692 esse
3452 5651 3517 5691 ne
3540 5652 3645 5690 non
3668 5635 3775 5691 sint
3792 5634 3888 5704 qui

577 5723 851 5783 fortitudo.
879 5728 1087 5797 Quanto
1113 5728 1256 5783 enim
1284 5728 1473 5797 majori
1503 5727 1729 5783 ethnicis
1755 5730 1824 5783 ob
1851 5741 2061 5800 spretas
2086 5727 2167 5781 la-
2274 5726 2571 5795 acclament,
2603 5727 2914 5783 Christianos
2938 5728 3009 5783 ad
3044 5730 3239 5784 leonem
3277 5728 3299 5802 (
3327 5727 3496 5797 Idem,
3538 5727 3763 5784 Eshort.
3801 5727 3882 5787 ad

577 5813 970 5888 befactatasque
996 5834 1181 5876 eorum
1211 5818 1497 5891 religiones
1524 5820 1648 5877 odio
1677 5830 1850 5891 erant,
1882 5826 2031 5879 tanto
2050 5834 2170 5878 cru.
2275 5827 2427 5892 cash,
2475 5836 2593 5892 cap.
2638 5821 2709 5879 η
2734 5817 2781 5896 ).
2809 5820 2986 5895 Atque
3026 5823 3100 5882 ita
3138 5823 3532 5884 conclamatum
3559 5835 3646 5883 est
3684 5822 3905 5889 adrui!

593 5123 785 5194 Quibus
806 5140 865 5179 ac
879 5138 1031 5197 quam
1045 5121 1199 5178 variis
1213 5113 1588 5195 horrendisque
1615 5120 1918 5177 cruciatibus
1938 5121 2186 5181 Christia-

658 5218 713 5274 ni
742 5218 803 5272 ab
828 5217 1038 5291 ethnicis
1066 5224 1441 5287 torquerentur,
1478 5216 1529 5270 et
1554 5216 1931 5270 trucidarentur
1952 5230 1971 5269 :
1999 5232 2060 5271 ac
2094 5232 2184 5271 cur

659 5311 1005 5376 Sarmenticii,
1033 5318 1078 5364 et
1107 5308 1341 5365 Semaatii
1362 5308 1523 5363 vocati
1545 5308 1667 5362 sint.
