4212 6262
317 296 427 360 965

1451 303 1832 369 DISSERTAT
1850 309 1921 370 IO
1958 310 2020 370 D.
2065 310 2154 371 LE
2189 313 2497 375 NOURRY.

3524 328 3635 391 966

315 443 412 486 sus
438 430 818 504 Polycarpum,
842 431 900 482 ut
927 437 991 481 ex
1020 422 1257 481 Eusebio
1281 423 1538 481 discimus
1570 426 1810 499 (Euseb.,
1838 428 1926 484 lib.
1954 431 2009 491 Δ
2034 431 2250 489 nomine
2308 432 2563 504 appellari
2587 433 2803 503 fustem,
2857 443 2918 494 ut
2954 437 3030 494 ait
3067 437 3278 509 Festus,
3324 448 3487 523 terrae
3531 445 3633 503 de-

319 522 387 577 lV
422 523 560 580 Ilisl.
603 523 825 589 Eccles.,
860 537 908 575 c.
939 520 1026 586 15,
1056 538 1109 593 p.
1139 518 1208 577 52
1227 521 1266 589 ).
1294 517 1593 592 Cyprianus
1621 536 1835 593 quoque
1859 522 1928 580 de

315 629 378 670 se
405 616 522 686 ipso
547 616 757 686 scripsit
791 630 805 666 :
838 612 963 669 Orto
992 614 1166 667 statim
1196 611 1499 668 turbationis
1520 614 1708 689 impetu
1737 617 1923 687 primo,

316 724 431 763 cum
455 727 533 764 me
561 710 784 763 clamore
810 706 1033 762 violento
1061 704 1283 780 populus
1321 706 1605 778 ﬂagitasset
1635 707 1923 782 (Cyprian.

318 803 464 874 epist.
518 802 652 875 20).
708 801 848 870 Quid
912 810 1095 857 autem
1146 800 1507 871 ﬁagitaverit,
1565 816 1663 857 nos
1703 802 1924 860 Pontius

314 894 401 951 his
443 895 494 950 in
537 895 680 950 illius
732 894 854 949 Vita
896 893 1055 949 docet
1102 894 1278 949 verbis
1306 911 1321 949 :
1348 893 1577 949 Maxime
1597 910 1712 950 cum
1733 907 1779 950 et
1815 899 1925 968 suf-
1958 942 1973 947 ς

314 987 496 1058 fragiis
542 1002 678 1057 swpe
703 987 930 1058 repetitis
958 985 1027 1040 ad
1070 986 1266 1041 leonem
1309 988 1654 1058 postularetur
1705 986 1727 1058 (
1762 986 1920 1042 Pent.

311 1077 365 1131 in
407 1077 518 1132 Vita
546 1078 818 1152 Cyprian.,
844 1097 899 1151 p.
921 1077 1000 1147 4).
1032 1077 1321 1149 Expendas
1346 1077 1527 1150 itaque
1547 1079 1707 1135 velim
1729 1094 1796 1133 an
1818 1079 1923 1136 huc

312 1169 472 1226 etiam
500 1172 873 1229 collineaverit
900 1172 1275 1228 Tertullianus
1302 1184 1508 1241 noster,
1527 1173 1624 1229 ubi
1647 1175 1713 1230 de
1739 1191 1920 1231 roma-

312 1278 378 1318 na
407 1264 563 1333 plebe
587 1264 723 1320 dixit
752 1280 766 1323 :
809 1263 915 1320 Nec
937 1266 1032 1319 ulli
1059 1266 1225 1337 magis
1249 1265 1652 1339 depostulatores
1672 1267 1918 1322 Cbristia~

312 1371 512 1422 norum,
530 1374 690 1429 quant
720 1338 1139 1428 uulgus:Plcl)eii
1161 1338 1424 1428 siquidem
1444 1356 1690 1424 homines
1708 1359 1921 1418 caneris

310 1447 471 1520 longe
497 1451 830 1521 frequentius
859 1451 1202 1521 postulabant
1228 1452 1641 1524 clamabantque
1665 1452 1918 1508 Christia-

308 1557 404 1596 nos
430 1544 499 1597 ad
547 1543 760 1599 leonem.
804 1543 859 1599 Si
891 1542 1069 1599 tamen
1116 1543 1421 1612 existimes,
1455 1545 1527 1600 ibi
1569 1545 1635 1604 de
1679 1547 1921 1617 quolibet

310 1635 502 1689 mortis
530 1651 729 1706 genere
758 1636 826 1690 ab
854 1636 918 1690 iis
951 1635 1219 1706 postulato
1249 1651 1554 1694 sermonem
1586 1638 1724 1705 ﬁeri,
1756 1639 1918 1709 idque

308 1728 525 1797 probes,
561 1727 703 1783 haud
732 1728 956 1783 multum
982 1730 1317 1784 resistemus.
1344 1729 1449 1786 Sed
1480 1731 1696 1787 interim
1725 1731 1791 1787 ad
1812 1733 1916 1789 alia

2032 522 2194 579 ﬁxum
2233 524 2252 595 (
2278 524 2424 581 Fest.
2456 527 2525 581 ad
2553 543 2602 581 υ.
2635 527 2861 603 Stipes).
2890 530 3093 589 Nomen
3121 544 3251 590 vero
3291 537 3425 605 atris,
3449 553 3635 610 quem-

2029 617 2317 674 admodum
2350 620 2491 677 idem
2522 620 2714 679 Festus
2741 633 2947 691 monet,
2972 626 3154 683 varios
3178 628 3340 685 habet
3360 630 3632 702 signiﬁca-

2029 720 2116 768 tus
2145 712 2350 786 (Idem,
2381 715 2451 770 ad
2476 732 2525 771 υ.
2555 714 2736 789 Axis).
2773 718 3075 789 Aliquando
3100 720 3242 776 enim
3280 723 3509 779 sumitur
3537 739 3637 795 pro

2029 807 2432 875 septentrionali
2457 809 2582 863 σαειὶ
2607 819 2782 880 parte,
2809 811 3097 883 aliquando
3139 828 3237 885 pro
3264 816 3417 871 tereti
3450 816 3636 888 stipite

2027 897 2169 952 circa
2198 914 2356 968 quem
2381 902 2608 956 vertitur
2630 911 2783 970 rota;
2825 905 2969 961 unde
2993 921 3377 979 nonnunquam
3403 924 3433 965 a
3462 910 3637 979 poetis

2027 1004 2127 1060 pro
2162 999 2277 1047 toto
2306 1008 2467 1048 curru
2508 994 2801 1066 accipitur;
2833 995 3065 1069 denique
3107 1015 3202 1070 pro
3229 1002 3401 1058 bectili
3428 1002 3631 1059 tabula.

2025 1084 2098 1137 At
2121 1083 2358 1139 secundo
2383 1100 2548 1142 sensu
2573 1088 2688 1142 axis
2716 1103 2913 1145 nomen
2944 1090 3336 1148 aTertnlliano
3364 1095 3536 1164 accipi
3551 1095 3635 1150 vi-

2025 1174 2200 1241 detur,
2251 1184 2306 1230 et
2347 1175 2415 1231 ab
2458 1177 2547 1231 illo
2591 1178 2880 1249 signiﬁcari
2926 1190 3195 1254 martyres
3240 1185 3530 1256 aliquando
3566 1187 3634 1243 ad

2022 1279 2181 1320 axem
2208 1266 2494 1337 integrum,
2519 1268 2761 1325 crebrius
2786 1286 2914 1327 vero
2934 1272 3000 1326 ad
3022 1274 3275 1343 stipitem,
3305 1277 3418 1332 sive
3439 1276 3634 1335 fustem

2024 1368 2183 1415 terrae
2209 1358 2442 1418 deﬁxum
2464 1403 2479 1430 ,
2512 1363 2606 1419 sed
2635 1365 2753 1419 axis
2794 1366 3019 1421 dimidio
3041 1368 3330 1437 minorem,
3362 1371 3634 1428 revinctos
3672 1437 3687 1455 l

2022 1453 2270 1507 cremari.
2308 1452 2519 1508 Ethnici
2565 1456 2746 1527 itaque
2774 1456 3096 1515 Christianis
3124 1462 3374 1519 omnibus
3406 1462 3633 1520 ridiculo

2022 1545 2364 1600 semamiornm
2393 1548 2611 1602 nomine
2640 1549 2991 1605 insultabant.

2092 1635 2291 1693 Verum
2325 1639 2474 1695 hisce
2500 1642 2660 1697 tantis
2683 1649 2899 1713 tamque
2927 1644 3211 1702 horrendis
3240 1650 3522 1721 suppliciis
3542 1664 3628 1708 sa-

2020 1732 2150 1785 tiata
2180 1745 2285 1785 non
2320 1742 2440 1787 erat
2465 1733 2738 1800 immanis,
2772 1750 2835 1790 ac
2866 1736 3022 1805 plane
3053 1738 3324 1797 horribilis
3348 1744 3630 1814 gentilium

305 1815 731 1874 Christianorum
761 1829 1026 1875 tormenta
1056 1830 1409 1877 transeamus.
1444 1822 1540 1878 Alii
1571 1825 1823 1887 crucibus,
1842 1824 1917 1879 ait
1944 1831 1992 1891 B
2019 1823 2312 1879 crudelitas
2358 1836 2415 1880 et
2450 1826 2651 1882 rabies.
2691 1827 2824 1881 Nam
2866 1828 2994 1899 ipsis
3022 1828 3429 1888 Bacchanalium
3455 1834 3624 1904 furiis,

312 1911 511 1965 Auctor
528 1921 714 1966 noster
736 1911 1069 1981 (Tertullian.
1094 1913 1390 1984 Apologet.,
1420 1932 1537 1986 cap.
1560 1916 1647 1982 i2,
1676 1934 1731 1987 p.
1756 1917 1905 1984 359),

306 2011 351 2056 et
390 1993 649 2073 stipitibus
700 2004 1136 2075 imponebautur,
1187 2016 1281 2062 aut
1330 2009 1484 2063 sicuti
1515 2019 1702 2078 postea
1751 2010 1910 2076 dixit,

303 2109 473 2148 cruces
522 2111 608 2149 eos
632 2096 968 2166 suspendunt.
997 2097 1100 2152 Alii
1126 2099 1342 2154 cervices
1364 2110 1578 2169 ponunt,
1598 2111 1689 2155 aut
1707 2110 1764 2156 ut
1784 2102 1911 2157 alibi

306 2184 449 2254 loqui
480 2186 689 2251 maluit,
733 2187 896 2258 gladii
915 2198 1123 2260 guttura
1163 2206 1339 2245 eorum
1367 2192 1667 2247 detruncant
1705 2192 1906 2265 (lbid.,

302 2291 420 2348 cap.
450 2277 539 2345 30,
568 2298 621 2351 p.
653 2279 806 2351 MSS).
828 2281 930 2336 Alii
960 2283 1180 2353 insuper
1206 2283 1405 2355 ignibus
1426 2295 1665 2353 uruntur,
1699 2286 1784 2341 vel
1814 2301 1909 2343 eos

300 2368 444 2440 ignes
490 2370 739 2438 lambunt,
788 2373 927 2430 sicut
954 2386 1144 2446 postea
1189 2377 1257 2432 ab
1295 2377 1390 2432 illo
1432 2377 1635 2435 dictum
1685 2377 1909 2451 legimus

305 2459 514 2532 (tua,
546 2463 644 2518 loc.
677 2466 763 2519 cit.
784 2463 826 2536 ).

372 2557 443 2611 At
473 2556 587 2613 haec
615 2559 759 2613 varia
788 2557 1174 2631 suppliciorum
1200 2578 1400 2634 genera
1428 2564 1483 2618 in
1508 2576 1609 2621 suo
1637 2565 1708 2621 de
1738 2564 1907 2622 Pudi-

299 2648 425 2704 citia
464 2649 603 2704 libro
628 2649 707 2704 sic
735 2652 968 2721 explicat
995 2669 1008 2706 :
1044 2653 1243 2725 Martyr
1273 2665 1397 2727 puta
1427 2673 1561 2710 nunc
1586 2656 1681 2710 sub
1709 2657 1906 2729 gladio,

298 2742 406 2811 iam
429 2742 595 2810 capite
615 2741 835 2810 librato;
854 2754 979 2815 puta
1004 2746 1056 2800 in
1082 2748 1333 2818 patibulo,
1350 2750 1462 2818 jam
1484 2765 1697 2820 corpore
1716 2766 1910 2823 expun-

298 2847 393 2896 so;
420 2841 545 2904 puta
574 2833 627 2887 in
656 2834 848 2905 stipite,
866 2837 982 2906 jam
1000 2837 1143 2891 leone
1162 2848 1435 2904 concesso;
1463 2850 1587 2910 puta
1615 2841 1669 2896 in
1689 2857 1786 2897 axe
1792 2844 1909 2915 jam

300 2923 534 2979 incendio
559 2926 822 2981 adstructo
853 2926 1059 2996 (Idem,
1101 2929 1190 2984 lib.
1241 2931 1304 2985 de
1329 2930 1580 3000 Pudicit.,
1621 2951 1737 3006 cap.
1785 2934 1904 3007 22).

297 3012 482 3086 Neque
545 3026 725 3073 tamen
803 3018 912 3075 illis
990 3030 1196 3076 tantum
1257 3025 1585 3081 cruciatibus
1651 3026 1905 3082 christia-

300 3121 401 3163 nos
456 3112 695 3180 torqueri
747 3112 863 3181 ipse
914 3111 1215 3169 denuntiat.
1268 3115 1403 3171 Nam
1428 3117 1533 3172 alio
1557 3117 1734 3174 adhuc
1762 3119 1813 3173 in
1838 3119 1906 3176 li-

2016 1929 2109 1968 nec
2133 1916 2368 1979 mortuis,
2394 1917 2468 1971 ait
2490 1916 2876 1984 Tertullianus,
2909 1931 3125 1991 parcunt
3149 1921 3472 1992 Christianis,
3503 1928 3627 1996 quin

2014 2007 2131 2062 illos
2155 2009 2218 2062 de
2244 2009 2416 2078 requie
2438 2010 2732 2079 sepulturae,
2770 2011 2835 2067 de
2871 2013 3018 2083 asylo
3041 2013 3266 2083 quodam
3309 2018 3489 2072 mortis
3510 2019 3627 2088 jam

2014 2099 2165 2165 alios,
2186 2100 2303 2169 jam
2331 2115 2424 2153 nec
2449 2108 2581 2154 totos
2598 2102 2844 2169 avellant,
2872 2103 3140 2172 dissecent,
3160 2105 3485 2178 distrahant(
3507 2107 3629 2163 Ter-

2014 2191 2221 2246 tullian.
2254 2191 2523 2264 Apologet.
2566 2209 2685 2263 cap.
2716 2195 2787 2250 57
2812 2197 2852 2264 ).
2903 2196 3025 2250 Alia
3054 2206 3234 2254 autem
3282 2199 3334 2253 in
3363 2199 3627 2255 disserta-

2014 2285 2160 2341 tione
2191 2287 2211 2355 (
2234 2284 2503 2368 Dissertat.
2535 2288 2589 2342 in
2613 2286 2876 2357 Lactant.,
2905 2306 3023 2361 cap.
3059 2291 3146 2359 l0,
3175 2302 3277 2349 art.
3305 2293 3341 2347 2
3365 2294 3383 2365 )
3417 2293 3624 2364 patefe-

2012 2378 2187 2434 cimus
2216 2389 2414 2450 quanta
2444 2380 2643 2439 ethnici
2676 2381 2891 2438 feritate
2919 2385 2973 2438 in
3000 2385 3342 2443 marinorum
3369 2398 3424 2444 et
3444 2389 3626 2461 sepul-

2011 2477 2190 2529 torum
2218 2483 2516 2545 martyrum
2541 2489 2767 2546 corpora
2798 2476 3045 2533 bacehati
3076 2478 3296 2536 fuerint.

2632 2668 2932 2712 ητιουιυε
2970 2671 3029 2715 ΙΙ.

2016 2786 2283 2854 Quomodo
2300 2791 2509 2862 sanguis
2528 2799 2807 2861 martyrum
2828 2788 3175 2860 semen‘fuerit
3202 2790 3616 2863 cliristianorum,

2083 2880 2224 2953 isque
2252 2882 2518 2952 majorem,
2547 2898 2699 2953 quam
2722 2880 2916 2946 Cicero,
2950 2881 3166 2950 Seneca,
3196 2880 3462 2954 Diogenes,
3492 2882 3620 2956 Pyr-

2082 2972 2196 3040 rho,
2232 2971 2530 3037 Callinicus,
2558 2972 2745 3045 aliique
2766 2973 3056 3044 philosophi
3087 2984 3134 3028 et
3155 2984 3383 3032 oratores
3408 2976 3616 3044 ethnici,

2084 3065 2155 3119 ad
2176 3066 2591 3135 persuadendum
2620 3065 2721 3119 uim
2751 3064 3002 3120 habuerit.

298 3199 399 3257 bro
424 3213 685 3258 memorat
714 3219 820 3259 non
849 3206 1010 3260 modo
1033 3206 1266 3277 gladium
1286 3224 1493 3279 gravem
1516 3220 1564 3263 et
1592 3226 1799 3266 crucem
1816 3228 1907 3266 ea:-

2084 3201 2312 3261 Tantum
2361 3201 2542 3267 abest,
2576 3211 2754 3270 utea,
2782 3217 2902 3274 qure
2932 3203 3388 3270 memoravimus,
3427 3219 3490 3263 ac
3522 3205 3612 3261 vix

295 3296 509 3363 celsam,
542 3306 591 3351 et
632 3296 820 3352 rabiem
847 3299 1150 3365 bestiarum,
1193 3310 1241 3355 et
1270 3318 1522 3357 summam
1568 3303 1764 3376 ignium
1794 3321 1903 3377 pat-

296 3404 441 3452 rtam,
469 3402 654 3444 verum
683 3391 844 3445 etiam
869 3390 1019 3447 omne
1044 3393 1304 3463 carniﬁcis
1321 3396 1581 3465 ingenium
1607 3397 1661 3451 in
1681 3406 1904 3453 tortum.

293 3480 361 3535 tis
392 3479 816 3550 immanioribus,
848 3499 968 3554 qua:
1016 3484 1142 3540 feris
1170 3486 1441 3542 crudelius
1484 3487 1720 3544 hominis
1750 3491 1901 3561 inge,-

292 3570 441 3627 nium
495 3575 800 3645 excogitare
853 3585 1064 3646 poterat
1116 3577 1327 3648 (Idem,
1360 3580 1447 3633 lib.
1498 3562 1896 3654 αάῚΙανιῃν)

2009 3291 2226 3367 quidem
2269 3295 2390 3355 sine
2426 3295 2654 3351 horrore
2678 3293 2854 3350 audiri
2877 3302 3122 3364 possunt,
3152 3305 3450 3369 martyrum
3484 3309 3614 3366 sup-

2008 3387 2164 3458 plicia
2209 3386 2346 3442 alios
2392 3384 2715 3445 christianos
2755 3400 2787 3440 a
2825 3385 3098 3456 religionis
3125 3400 3238 3442 suae
3276 3384 3612 3456 professione

2004 3479 2402 3545 deterruerint;
2434 3479 2563 3549 quin
2591 3477 2717 3534 inde
2738 3477 2990 3534 fortiores
3021 3478 3149 3535 facti
3175 3520 3192 3545 ,
3225 3479 3406 3551 plures
3433 3478 3611 3537 ethni-

2005 3586 2099 3630 cos
2128 3571 2194 3627 ad
2221 3586 2343 3626 eam
2370 3568 2782 3639 amplexandam
2814 3571 3095 3637 traxerint,
3126 3578 3289 3640 atque
3321 3570 3392 3624 ita
3421 3578 3610 3625 auctus

291 3663 468 3733 Atque
515 3665 589 3720 ita
646 3667 739 3723 ille
765 3668 949 3737 paucis
990 3668 1098 3725 illis
1139 3670 1523 3740 posterioribus
1547 3671 1725 3727 verbis
1754 3672 1897 3728 haud
2000 3679 2219 3735 semper
2242 3663 2407 3721 fuerit
2436 3663 2647 3719 illorum
2692 3676 2970 3718 numerus.
3002 3661 3136 3718 Nam
3165 3662 3380 3732 ipsimet
3406 3661 3609 3717 ethnici

292 3754 518 3812 obscure
545 3757 867 3828 signiﬁcavit
900 3761 1105 3816 nullum
1135 3776 1259 3818 esse
1281 3770 1669 3819 tormentorum
1700 3779 1892 3835 genus,

290 3860 396 3916 quo
433 3849 714 3907 christiani
760 3863 870 3908 tum
900 3853 1204 3911 discruciati
1235 3871 1340 3911 non
1368 3855 1586 3913 fuerint.

357 3940 490 4010 Quia
528 3960 659 4000 vero
684 3944 805 4001 aliis
831 3947 1065 4017 gravior,
1092 3948 1177 4003 vel
1216 3948 1355 4004 sicut
1385 3964 1514 4006 mox
1556 3950 1625 4005 ab
1647 3964 1714 4006 eo
1753 3952 1894 4007 scri-

284 4041 434 4104 ptum
463 4036 715 4107 vidimus,
749 4040 983 4094 maxima
1010 4050 1127 4096 erat
1155 4042 1357 4113 ignium
1386 4057 1568 4113 paena,
1598 4044 1727 4101 hinc
1753 4061 1889 4116 gen-

2002 3759 2197 3831 agnitis
2236 3764 2530 3828 martyrum
2563 3764 2640 3810 tot
2684 3755 2953 3826 tantisque
2981 3755 3327 3821 cruciatibus,
3360 3755 3607 3827 miraque

2000 3866 2221 3924 prorsus
2260 3850 2595 3918 constantia,
2639 3856 2750 3904 tum
2809 3848 3053 3920 profecto
3120 3848 3494 3905 alliciebantur
3548 3855 3608 3903 ut

2010 3954 2172 4003 tanta)
2236 3944 2565 4001 fortitudinis
2620 3956 2866 3998 caussam
2930 3942 3194 4003 curiosius
3232 3942 3605 4013 inquirerent,

1996 4053 2171 4110 eaque
2219 4045 2495 4108 comperta
2550 4041 2607 4091 et
2649 4033 3019 4105 deprehensa,
3064 4035 3256 4093 ﬁerent
3303 4033 3601 4095 christiani.

283 4125 407 4183 tiles
433 4142 553 4185 eam
578 4145 609 4186 a
631 4130 941 4187 Christianis
956 4134 1153 4203 saepius
1170 4135 1506 4205 repetebant.
1529 4137 1890 4204 Quamobrem
1996 4131 2162 4188 Nobis
2207 4138 2387 4186 amem
2430 4128 2475 4187 Si
2514 4128 2638 4228 guis
2676 4127 2824 4228 {10131.
2854 4125 3184 4228 crederc’.is
3211 4124 3602 4228 ’ξετξυηίθηυῐξι

282 4218 427 4287 illos,
454 4225 531 4285 uti
556 4224 626 4278 ibi
658 4226 712 4281 in
737 4225 1016 4282 codicibus
1035 4228 1235 4283 nostris
1263 4229 1492 4300 legimus
1513 4270 1528 4295 ,
1559 4247 1714 4297 nunc,
1735 4231 1789 4289 id
1809 4242 1893 4288 est
1994 4231 2239 4280 DOSlrum
2266 4221 2448 4277 audiat
2468 4238 2481 4274 ε
2503 4219 2654 4286 Quit.
2679 4218 2871 4289 inquit,
2898 4216 3153 4289 martyris
3182 4216 3413 4293 alicujus
3435 4217 3604 4275 maxi-

278 4325 382 4369 suo
411 4323 674 4387 tempore,
704 4320 1059 4375 sarmenticios
1085 4335 1133 4374 et
1168 4323 1455 4390 semaxios,
1485 4338 1593 4378 non
1625 4324 1743 4380 sine
1769 4338 1889 4379 sar-
1994 4331 2136 4373 Imm
2183 4317 2237 4371 in
2275 4314 2576 4371 torme'llis‘
2601 4310 2958 4411 εοηειθηιίδηξ
2988 4309 3231 4412 ίηιξιίιυε»
3256 4327 3358 4412 ηῩξι
3378 4319 3606 4412 fama"?

278 4416 465 4461 casmo
489 4418 546 4463 et
569 4408 819 4469 irrisione
835 4410 1097 4467 vocabant
1115 4411 1312 4482 (Idem,
1336 4413 1635 4483 Apologet.,
1657 4430 1775 4485 cap.
1794 4414 1884 4483 50,
1994 4407 2219 4478 ριαιίοηθ
2245 4407 2356 4475 εἰπε
2382 4403 2668 4458 “mcum”
2706 4404 2775 4455 ‘3“
2811 4401 3173 4504 ξ’θξσξιίτεηάωῖξ
3208 4401 3341 4504 ,ιιαὶίξ
3383 4402 3519 4455 im“

278 4515 336 4569 p.
370 4498 590 4573 55).1η
621 4504 849 4574 antiquis
864 4520 996 4562 vero
1017 4492 1343 4561 editionibus
1366 4505 1644 4573 semissios,
1668 4506 1884 4575 quidam
1990 4516 2047 4556 re
2086 4498 2191 4555 sit?
2234 4494 2363 4562 Quis
2402 4512 2506 4550 ἰοη
2547 4494 2635 4550 υθέ
2678 4493 2956 4565 νεηυίείυει»
2990 4494 3230 4548 accedi”
3256 4493 3341 4546 ubi
3367 4493 3601 4559 αεσθδδίίν

276 4597 462 4646 autem
493 4592 597 4663 legi
639 4594 822 4651 volunt
849 4596 1136 4660 semassios,
1167 4605 1224 4650 et
1254 4604 1439 4665 postea
1468 4596 1600 4652 assis
1626 4611 1725 4666 pro
1751 4597 1884 4664 axis,
1912 4625 1966 4687 Β
1992 4591 2123 4687 nari
2143 4596 2351 4687 uariat
2362 4586 2701 4687 (Τενιιιιιίαιξο
2728 4586 3018 4687 Aeeteseta
3041 4582 3274 4687 car-.50:
3298 4600 3418 4656 ρας·
3440 4582 3601 4687 ξίξῦγῖ

277 4683 435 4753 quasi
461 4682 823 4744 Tertullianus
852 4688 1031 4745 dicere
1073 4688 1307 4743 voluerit
1333 4687 1667 4744 Christianos
1706 4688 1886 4745 revin-
1912 4677 1958 4687 ⁷
1994 4683 2048 4739 id
2096 4691 2201 4748 est.
2228 4679 2409 4752 θειιίιε
2452 4688 2517 4781 εξ.
2550 4677 2811 4781 milites“.
2841 4678 3004 4781 illius“
3030 4677 3316 4781 {uisionis'
3351 4677 3600 4781 Ϋξξτίωιθξ

274 4783 397 4832 ctos
422 4776 595 4841 fuisse,
617 4780 684 4835 ad
731 4782 971 4851 stipitem
1001 4782 1117 4837 sive
1145 4781 1326 4853 palum
1354 4780 1561 4837 dimidii
1591 4782 1747 4839 assis.
1782 4782 1888 4839 Sed
1994 4786 2121 4833 tunc
2153 4783 2372 4846 exoptat
2408 4772 2736 4845 quibuslibet
2764 4769 2925 4829 vitam
2974 4769 3127 4825 ﬁnire
3173 4769 3519 4840 cruciatibus,
3545 4779 3602 4829 et

275 4882 386 4937 quo
412 4872 609 4927 sensu?
639 4869 775 4927 Num
817 4873 1007 4930 eodem
1046 4889 1155 4943 quo
1183 4872 1369 4928 asseris
1397 4873 1739 4944 signiﬁcatu?
1780 4873 1886 4930 Sed
1990 4868 2311 4940 suppliciis?
2336 4865 2419 4923 Ad
2448 4863 2735 4935 Scapulam
2768 4877 2899 4918 vero
2928 4860 3048 4919 hazc
3076 4877 3292 4934 quoque
3320 4861 3450 4941 fecit
3472 4879 3598 4920 ver-

276 4960 334 5019 id
358 4976 548 5030 parum
578 4965 874 5037 probabile.
906 4967 1094 5023 Potior
1131 4967 1320 5038 procul
1360 4966 1527 5025 dubio
1560 4976 1615 5024 et
1656 4968 1885 5039 genuina

277 5063 587 5112 nostrorum
608 5066 665 5113 et
682 5057 931 5124 aliorum,
963 5074 1072 5114 uno
1097 5068 1304 5115 tantum
1324 5069 1552 5131 excepto
1579 5074 1751 5131 eoque
1771 5060 1885 5116 ior-

1993 4962 2063 5021 ba
2112 4977 2126 5015 :
2164 4960 2390 5031 Quisque
2431 4969 2627 5015 tantam
2667 4954 2989 5011 tolerantiam
3036 4965 3303 5041 spectans,
3334 4964 3389 5010 ut
3425 4956 3599 5027 aliqua

1988 5054 2230 5127 scrupulo
2271 5068 2538 5125 percussus
2556 5092 2574 5120 ,
2603 5060 2650 5105 et
2690 5049 2944 5122 inquirere
2983 5049 3275 5104 accenditur
3302 5048 3426 5121 quid
3451 5049 3514 5102 sit
3543 5048 3599 5103 in

272 5146 417 5203 sitan
440 5158 721 5219 corrupto,
751 5150 991 5207 omnium
1017 5151 1265 5208 codicum
1292 5151 1505 5208 videtur
1529 5151 1708 5208 lectio.
1749 5151 1885 5209 Nam
1990 5165 2205 5216 caussa,
2256 5157 2304 5204 et
2359 5146 2448 5202 ubi
2490 5145 2777 5218 cognoverit
2834 5144 3126 5211 ueritatem,
3170 5152 3218 5198 et
3270 5144 3379 5216 ipse
3423 5142 3598 5199 statim

272 5239 506 5310 ipsemet
536 5244 921 5312 Tertullianus,
955 5246 1155 5302 mentis
1183 5261 1295 5302 sua:
1332 5246 1569 5318 optimus
1594 5247 1884 5316 interpres,

270 5335 616 5394 continenter
634 5337 850 5410 adjecit,
881 5340 1003 5410 quia
1022 5341 1094 5394 ad
1116 5339 1340 5411 stipitem
1360 5338 1561 5393 dimidii
1586 5339 1700 5394 axis
1719 5339 1887 5393 reuin-

270 5429 367 5497 cti,
391 5442 768 5489 sarmentorum
803 5433 997 5489 ambitu
1029 5434 1291 5488 exurimur
1318 5432 1503 5499 (Ibid.
1529 5431 1568 5504 ).
1605 5432 1753 5487 Dixit
1787 5433 1889 5488 ita-

272 5537 379 5593 que
407 5523 744 5583 Christianos
768 5527 836 5583 ad
861 5527 1097 5599 Stipitem
1141 5541 1241 5582 seu
1285 5525 1463 5595 palum
1513 5524 1758 5595 alligatos
1779 5565 1793 5591 ,
1823 5539 1888 5582 ac

271 5620 563 5677 sarmentis
585 5622 938 5694 undequaque
961 5620 1359 5693 circumpositis
1380 5617 1606 5690 igneque
1621 5618 1885 5690 accensis,

272 5708 431 5765 siros
458 5712 721 5771 comburi.
750 5714 918 5772 Recte
942 5715 1182 5787 quidem,
1214 5713 1460 5784 inquies;
1492 5709 1588 5767 sed
1616 5726 1712 5768 cur
1731 5710 1779 5767 is
1803 5711 1889 5766 di-

273 5798 423 5859 midii
456 5804 570 5864 axis
608 5807 779 5882 stipes
807 5806 1040 5866 dicitur?
1064 5807 1134 5867 At
1161 5805 1413 5879 observa,
1446 5816 1660 5880 quaeso,
1691 5802 1890 5879 stipitis

1992 5243 2214 5315 sequitur
2266 5240 2497 5314 (Idem,
2547 5238 2640 5295 lib.
2693 5238 2763 5292 ad
2808 5236 3049 5308 Scapul.,
3099 5253 3214 5305 cap.
3267 5234 3359 5307 6).
3409 5234 3596 5292 Omnis

1992 5338 2171 5408 itaque
2216 5333 2539 5392 christianos
2587 5340 2707 5402 post
2748 5329 3020 5400 religionis
3056 5342 3166 5383 suae
3200 5326 3594 5399 professionem

1991 5443 2207 5488 summo
2232 5427 2372 5483 illius
2392 5422 2777 5481 conservanda:
2797 5437 2861 5478 ac
2887 5420 3097 5477 tuenda:
3120 5421 3367 5477 incensus
3390 5419 3589 5485 studio,

1992 5531 2204 5594 paratus
2224 5529 2318 5588 est,
2345 5519 2423 5575 ait
2449 5516 2625 5575 adhuc
2651 5515 2851 5578 Auctor
2877 5520 3079 5581 noster,
3113 5511 3182 5566 ad
3212 5528 3360 5567 omne
3387 5510 3594 5582 suppli-

1991 5616 2127 5673 cium
2182 5612 2204 5686 (
2240 5610 2412 5678 Idem,
2439 5607 2734 5682 Apologel.,
2778 5621 2893 5679 cap,
2939 5602 3046 5671 30,
3092 5619 3213 5673 pag.
3244 5602 3398 5675 445).
3444 5600 3591 5657 Nihll

1992 5708 2136 5768 enim
2158 5747 2176 5775 ,
2205 5704 2514 5778 inquiebat,
2542 5711 2714 5760 nostra
2745 5701 2899 5773 refert
2927 5696 2980 5752 in
3010 5695 3105 5751 hoc
3141 5710 3269 5766 levo,
3300 5695 3398 5751 nisi
3432 5695 3500 5751 de
3532 5707 3591 5750 eo

1991 5797 2230 5862 excedere
2268 5795 2607 5872 (Ibid.,cap.
2629 5790 2720 5865 si,
2752 5804 2872 5867 pag.
2900 5786 3054 5862 489).
3084 5786 3190 5851 Sed
3234 5784 3422 5861 maiori
3449 5801 3586 5845 nun-
