4170 6264
595 343 700 402 967

1661 326 1729 384 IN
1764 312 2241 382 TEBTULLIANID
2271 312 2807 378 APOLOGETICUM

596 475 755 532 quam
805 455 970 529 gloria
1016 454 1085 510 de
1132 451 1226 508 illo
1267 460 1330 508 se
1376 447 1607 521 migrare
1635 443 1999 509 existimabat,
2032 454 2190 514 quam
2219 440 2272 501 Α
2296 437 2529 492 virtutem
2556 451 2609 488 se
2627 433 2742 504 ipsa
2766 443 2873 486 esse
2888 433 3172 532 contentam
3195 420 3381 532 (Cicer.
3401 418 3567 526 lib..ll
3595 417 3898 532 deHDivin.,

597 553 856 624 martyrio
880 554 1184 606 coronatus.

670 644 942 713 Susceptat
965 641 1125 711 igitur
1150 636 1461 694 christiana:
1491 632 1764 706 religionis
1794 631 2062 696 neminem,
2091 627 2194 682 sic-

600 747 658 795 ut
686 737 775 793 ille
817 736 949 791 scite
999 733 1256 800 advertit,
1301 731 1490 802 pudet,
1530 728 1780 783 neminem
1822 725 2056 796 paenitet,
2097 720 2194 776 nisi

597 830 754 902 plane
779 844 881 882 non
910 838 1042 882 retro
1072 827 1246 897 fuisse.
1277 824 1338 879 Si
1369 823 1659 888 denotatur,
1690 818 1961 891 gloriatur;
1978 816 2022 870 si
2046 830 2198 868 accu—

599 934 764 987 satur,
790 937 890 974 non
927 917 1551 990 defendit:interragatus
1590 912 1665 967 vel
1705 911 1839 965 ultro
1883 907 2196 977 conﬁtetur:

598 1011 1079 1082 damnatus'gratias
1103 1008 1209 1080 agit
1235 1005 1413 1078 (Apol.
1441 1003 1627 1074 capJ,
1663 1020 1715 1073 p.
1744 997 1905 1071 269).
1934 995 2117 1067 Neque
2144 993 2199 1049 id

601 1104 855 1161 audacius
896 1110 987 1156 aut
1027 1110 1229 1155 temere
1273 1098 1340 1153 ab
1385 1096 1475 1151 illo
1523 1094 1851 1149 venditatum
1905 1086 2196 1161 putaveris.

602 1158 896 1253 enim
929 1194 982 1247 in
1011 1191 1150 1246 libro
1181 1187 1307 1244 illud
1334 1187 1510 1242 adhuc
1549 1186 1626 1239 sic
1668 1181 1860 1253 repetit
1883 1158 2202 1239 {Neminem

604 1289 780 1362 pudet,
804 1285 1051 1341 neminem
1077 1283 1300 1355 paenitet,
1324 1279 1420 1334 nisi
1451 1277 1799 1348 pristinorum.
1831 1272 1890 1327 Si
1912 1273 2200 1333 denotatur,

606 1380 889 1453 gloriatur;
918 1379 960 1432 si
990 1375 1228 1441 trahitur,
1257 1389 1359 1426 non
1406 1369 1627 1425 subsistit
1649 1384 1668 1434 ;
1712 1367 1753 1420 si
1784 1370 2075 1429 accusatur,
2103 1375 2203 1414 non

607 1475 873 1547 defendit;
903 1473 1272 1540 interrogatus,
1304 1464 1610 1534 confitetur;
1662 1458 1964 1520 damnatus,
2014 1452 2206 1524 gratias
2236 1505 2245 1512 ,

606 1545 712 1639 agit
747 1565 937 1637 (Idem,
970 1561 1061 1617 lib.
1091 1561 1110 1617 ι
1135 1560 1203 1613 ad
1231 1557 1383 1624 Nat.,
1411 1571 1526 1625 cap.
1562 1552 1617 1620 1,
1651 1568 1703 1621 p.
1747 1548 1899 1618 559).
1927 1545 2207 1639 Neminem

606 1635 768 1732 igitur
808 1654 1103 1729 paenitebat
1130 1667 1188 1708 se
1215 1649 1567 1705 christianum
1597 1658 1750 1712 esse,
1786 1641 1880 1697 sed
1908 1648 2064 1706 retro,
2095 1635 2208 1690 sive

608 1726 768 1810 citius
786 1726 841 1806 et
858 1756 1037 1813 antea,
1068 1761 1175 1800 non
1204 1743 1392 1807 fuisse,
1412 1753 1474 1794 ac
1500 1751 1711 1793 summo
1741 1732 2089 1805 pristinorum
2114 1726 2210 1781 de-

2296 548 2415 602 peg.
2447 527 2575 594 248,
2608 526 2703 581 lin.
2733 523 2801 579 M
2828 531 2875 577 et
2898 537 3033 591 seqq.
3057 521 3097 589 ).
3124 515 3425 573 Facundior
3440 516 3600 570 etiam
3631 513 3725 568 ille
3752 527 3901 567 inar-

2297 634 2475 696 tyrum
2526 619 2742 690 sanguis
2790 615 2892 671 fuit
2931 614 3135 670 Seneca
3182 611 3237 666 in
3288 607 3718 677 Fortuitis,qn:e
3759 604 3894 659 alibi

2297 715 2571 788 deperdita
2602 712 2914 786 (Disseruit.
2946 708 2999 761 in
3027 706 3291 770 Lactant.,
3320 720 3436 774 cap.
3470 701 3554 766 10,
3585 708 3684 754 art.
3713 701 3750 756 3
3770 698 3816 770 ),
3848 708 3907 752 et

2300 827 2331 866 a
2381 809 2657 865 Lactantio
2700 805 2862 862 citata
2906 798 3376 857 animadvertimus
3403 794 3680 867 (Lactant.
3733 793 3827 847 lib.
3858 791 3904 847 Ἴ

2301 905 2461 959 divin.
2507 899 2736 956 lnstitut.
2764 940 2780 965 ,
2837 913 2955 967 cap.
3014 896 3081 950 15
3101 891 3145 966 ).
3186 892 3243 947 In
3287 890 3393 946 hoc
3431 897 3609 945 autem
3650 888 3788 943 libre
3834 887 3907 943 de

2301 1003 2613 1066 contemptu
2669 993 2858 1048 mortis
2916 989 3299 1060 disputaverat.
3360 983 3621 1039 Disertior
3674 996 3908 1052 quoque

2304 1088 2405 1144 fuit
2464 1087 2556 1142 ille
2619 1084 2834 1155 sanguis
2909 1082 3167 1152 Diogene,
3226 1075 3368 1133 haud
3442 1075 3605 1130 dubie
3672 1075 3905 1145 Cynico,

2305 1196 2464 1252 quem
2487 1181 2717 1249 ipsemet
2737 1174 3099 1232 Tertullianus
3124 1171 3231 1227 alio
3258 1172 3312 1225 in
3336 1168 3472 1225 libro
3496 1168 3580 1223 his
3600 1167 3780 1223 verbis
3806 1166 3910 1223 de-

2306 1274 2518 1345 signat:
2547 1270 2817 1339 Aﬂectatio
2867 1269 3090 1323 humana
3126 1266 3326 1320 canina:
3374 1262 3769 1335 wquanimitatis
3796 1273 3913 1317 stu-

2307 1383 2432 1439 pore
2469 1367 2692 1438 farmata
2744 1361 3087 1435 (Tertullian.
3117 1359 3206 1413 lib.
3246 1358 3310 1412 de
3361 1356 3612 1422 Patient.,
3641 1372 3761 1428 cap.
3802 1354 3912 1426 2).

2310 1456 2405 1513 Ille
2456 1465 2674 1524 autem,
2732 1463 2868 1510 teste
2918 1451 3172 1518 Laertia,
3221 1450 3291 1505 ad
3354 1449 3594 1505 laborum
3661 1448 3915 1504 tales-ano

2312 1550 2439 1606 tiam
2477 1564 2538 1605 se
2580 1549 2755 1620 ipsum
2783 1545 2930 1601 omni
2955 1560 3025 1599 ex
3048 1545 3217 1614 'parte
3242 1542 3558 1607 exercebat,
3583 1540 3912 1612 scripsitque

2311 1642 2507 1699 librum
2550 1640 2620 1696 de
2664 1649 2875 1705 morte,
2902 1653 3010 1709 quo
3053 1636 3122 1692 ad
3163 1652 3284 1692 eam
3328 1636 3591 1707 patienter
3629 1633 3917 1691 ferendam

2313 1733 2447 1789 alios
2470 1731 2659 1803 procul
2698 1730 2861 1786 dubio
2890 1727 3207 1785 hortabatur
3236 1725 3432 1800 (Laert.
3458 1726 3546 1781 lib.
3580 1725 3670 1792 Vl,
3714 1727 3768 1780 in
3811 1725 3918 1785 Vit.

610 1847 880 1911 lictorum,
908 1843 963 1897 in
992 1839 1144 1896 tetris
1178 1835 1496 1892 idololatriae
1542 1828 1776 1887 tenebris
1827 1826 2207 1887 admissorum,

2321 1828 2562 1901 Diogen.,
2603 1826 2632 1899 ᾗ
2684 1826 2757 1884 25
2803 1835 2850 1883 et
2903 1822 3033 1898 80).
3075 1825 3155 1880 Ad
3206 1825 3328 1882 haec
3376 1840 3527 1890 vero,
3578 1825 3724 1880 idem
3771 1840 3924 1881 mar—

610 1938 798 1995 dolore
842 1933 1190 1990 afficiebatur.
1218 1929 1484 1983 Praeterea
1508 1925 1550 1978 si
1568 1922 1832 1977 denatetur
1856 1918 1923 1972 ab
1951 1914 2130 1985 aliquo
2152 1926 2212 1967 se

610 2030 951 2086 christianam
1002 2022 1314 2093 religionem
1364 2016 1637 2088 proﬁteri,
1671 2023 1725 2067 et
1753 2010 1957 2065 ideirco
1985 2005 2212 2061 trahitur

611 2124 677 2179 ad
697 2120 936 2192 judicum
979 2113 1260 2173 tribunalia
1280 2154 1295 2179 ,
1330 2127 1434 2165 non
1479 2105 1704 2178 defendit
1732 2118 1750 2158 .'
1774 2103 1817 2157 si
1846 2109 2137 2162 accusatur,
2165 2096 2213 2151 si

612 2198 992 2282 interrogatur,
1021 2223 1128 2263 non
1156 2204 1382 2270 resistit,
1402 2216 1508 2256 non
1539 2195 1861 2263 dissimulat,
1891 2206 1999 2249 non
2025 2199 2209 2261 negat;

612 2308 708 2364 sed
740 2307 880 2361 ultro
909 2313 962 2360 et
987 2302 1244 2374 glorians,
1277 2296 1545 2366 conﬁtetur
1574 2290 1752 2365 (idem,
1774 2288 2068 2378 Apolaget.,
2093 2301 2211 2354 cap.

612 2402 703 2467 46,
732 2419 850 2472 pag.
882 2400 1012 2467 5H)
1033 2413 1048 2462 ;
1072 2412 1135 2451 ae
1162 2394 1409 2465 Lycurgo
1429 2430 1443 2456 ,
1472 2387 1541 2443 de
1569 2400 1675 2456 quo
1720 2398 1818 2438 nos
1862 2390 2044 2452 postea
2090 2391 2213 2433 cum

613 2493 944 2552 Tertulliano
989 2489 1231 2544 dicemus
1273 2482 1506 2557 (Infra,
1534 2496 1648 2550 cap.
1674 2477 1742 2533 14
1766 2517 1782 2545 ,
1808 2485 1908 2529 art.
1932 2472 2022 2544 5),
2056 2472 2215 2542 longe

615 2570 827 2658 fdrtior,
858 2589 1130 2642 damnatus
1164 2581 1356 2655 gratias
1392 2578 1518 2649 agit.
1561 2574 1899 2644 Quapropter
1941 2566 2214 2638 Apologe-

617 2685 722 2741 tice
751 2696 849 2738 suo
880 2680 1039 2734 tinem
1072 2676 1153 2730 his
1179 2673 1360 2729 verbis
1388 2669 1618 2739 imponit
1644 2684 1659 2720 :
1691 2662 1970 2722 Sententiis
2011 2659 2213 2737 uestris,

614 2773 838 2841 ethnici,
870 2771 1061 2844 gratias
1085 2768 1302 2839 agimus.
1331 2763 1440 2819 Cur
1466 2759 1633 2831 ergo?
1678 2756 1812 2826 Quia
1842 2770 1967 2813 cum
1992 2753 2215 2807 damna-

614 2885 730 2923 mur
749 2884 782 2920 α
804 2864 965 2931 vobis,
993 2880 1025 2916 a
1045 2860 1154 2915 Deo
1183 2857 1489 2912 absolvimur
1521 2853 1541 2925 (
1566 2850 1877 2907 Tertullian.
1906 2848 2210 2920 Apologet.,

616 2978 731 3032 cap.
762 2958 855 3026 50,
885 2973 1005 3027 pag.
1033 2952 1184 3025 536).
1209 2949 1469 3007 Eumdem
1496 2947 1653 3017 plane
1682 2946 1733 2999 in
1753 2941 1971 2998 modum
1996 2937 2214 3005 Lucius,

617 3063 755 3110 teste
780 3063 965 3108 sancto
1002 3046 1213 3104 Iustino
1232 3087 1248 3113 ,
1280 3043 1478 3116 gratias
1505 3032 1854 3107 Urbico,‘qoi
1897 3033 2049 3089 illum
2078 3047 2215 3087 con-

617 3148 969 3205 demnaverat
996 3185 1013 3209 ,
1047 3140 1264 3197 retulit:
1304 3142 1329 3190 ὁ
1380 3140 1428 3189 δὲ
1469 3137 1551 3188 καὶ
1594 3139 1736 3203 χάριν
1778 3134 1950 3184 εἰδέναι
1993 3130 2219 3198 ὡμολόγει

2318 1932 2494 1993 tyrum
2524 1921 2742 1992 sanguis
2784 1935 2994 1975 summa
3022 1917 3306 1990 eloquendi
3346 1917 3596 1973 facultate
3620 1918 3751 1973 vicit
3779 1918 3923 1990 Pyr-

2315 2014 2541 2071 rhonem
2564 2055 2579 2081 ,
2612 2014 2705 2084 qui
2739 2011 2979 2084 quidem,
3009 2021 3066 2066 ut
3094 2019 3245 2066 notat
3272 2009 3541 2076 Stobaeus,
3570 2007 3803 2066 docebat
3835 2010 3924 2064 ui-

2316 2107 2394 2163 hil
2417 2110 2677 2163 interesse
2698 2106 2837 2161 inter
2857 2106 3020 2160 vitam
3049 2114 3103 2159 et
3131 2112 3365 2159 mortem
3387 2103 3405 2175 (
3426 2102 3574 2158 Stab.
3597 2119 3751 2157 serus.
3790 2100 3925 2171 120,

2317 2217 2439 2272 pag.
2471 2198 2632 2271 606).
2660 2199 2734 2253 De
2760 2198 2852 2252 illo
2876 2206 3053 2252 autem
3087 2196 3233 2265 plura
3262 2194 3505 2250 Laertius
3527 2236 3544 2260 ,
3580 2209 3741 2265 quem
3779 2209 3921 2249 cen-

2317 2293 2435 2349 sule
2462 2290 2672 2363 (Laert.
2701 2291 2791 2344 lib.
2820 2288 2909 2354 IX,
2943 2289 2996 2342 in
3056 2286 3158 2341 Vit.
3192 2285 3472 2359 Pyrrham,
3502 2285 3621 2357 §9|
3656 2295 3707 2341 et
3730 2287 3924 2357 seqq.).

2318 2384 2559 2454 Denique
2600 2376 2878 2452 sanguinis
2917 2379 3075 2449 hujus
3119 2380 3289 2450 tnajor
3318 2378 3418 2433 fuit
3455 2375 3728 2444 facundia,
3758 2392 3926 2448 quam

2319 2475 2579 2542 Callinici,
2609 2473 2863 2530 videlicet
2915 2471 3186 2538 Suctorii,
3252 2472 3320 2527 ab
3386 2470 3712 2543 Hieronymo
3770 2471 3930 2545 citati

2318 2568 2648 2643 (Hierongm.
2678 2567 2958 2636 protegam.
2991 2566 3044 2619 in
3070 2563 3300 2629 Daniel.,
3321 2581 3441 2635 pag.
3472 2562 3661 2631 1075),
3683 2562 3779 2633 qui
3804 2578 3931 2619 non

2318 2661 2492 2717 solum
2521 2657 2830 2723 historicus,
2860 2656 2959 2714 sed
2985 2657 3225 2726 sephista
3259 2658 3422 2712 etiam
3453 2654 3563 2709 fuit.
3594 2653 3784 2709 Varias
3807 2669 3927 2709 au-

2318 2761 2430 2811 tem
2458 2753 2627 2808 edidit
2649 2752 3129 2817 commentationes
3158 2768 3190 2805 a
3218 2750 3383 2806 Suida
3411 2748 3668 2805 etVossio
3695 2747 3931 2803 indica-

2322 2854 2404 2902 tas
2432 2846 2452 2918 (
2482 2846 2636 2902 Suid.
2667 2847 2734 2900 ad
2778 2862 2828 2900 υ.
2857 2851 3162 2910 Καλλίνικος
3208 2841 3358 2898 Voss.
3383 2843 3473 2897 lib.
3503 2841 3548 2897 ll
3595 2841 3658 2896 de
3711 2839 3931 2901 Hister.

2323 2937 2511 3005 Graec"
2558 2955 2674 3008 cap.
2727 2937 2829 3003 l5,
2880 2954 3002 3008 pag.
3045 2936 3154 2992 225
3199 2935 3258 3006 ),
3309 2936 3549 3005 aliasque
3602 2935 3805 3006 plures.
3865 2938 3938 2991 At

2322 3047 2484 3087 unam
2511 3046 2576 3087 ex
2616 3030 2681 3085 iis
2720 3028 2862 3084 haud
2892 3028 3052 3084 dubie
3082 3029 3283 3098 legerat
3305 3026 3696 3097 Tertullianus,
3722 3028 3816 3083 ubi
3863 3028 3937 3084 de

2324 3125 2578 3196 patientia
2606 3134 2659 3179 et
2679 3121 3073 3179 contemnenda
3099 3130 3275 3177 morte
3301 3121 3582 3178 disseruit.

620 3256 826 3312 πονηρῶν
872 3241 1101 3292 deant.er
1140 3249 1229 3290 τῶν
1256 3234 1477 3289 τοιοῦτων
1507 3232 1836 3295 ἀπηλλάχθαι,
1870 3232 2098 3296 γινώσκων
2134 3223 2217 3275 καὶ

2396 3217 2622 3289 Sanguis
2660 3216 2822 3288 igitur
2861 3226 3155 3288 martyrum
3188 3214 3445 3286 majorem
3478 3214 3545 3269 ad
3577 3214 3929 3287 persuaden-

619 3343 734 3405 πρὸς
782 3342 862 3390 τόν
903 3337 1097 3399 Πατέρα
1144 3328 1228 3381 καὶ
1282 3330 1492 3397 βασιλέα
1535 3336 1624 3377 ratio
1677 3323 1879 3390 οὐρανῶν
1922 3322 2218 3387 «optinebat.

619 3404 689 3481 Ei
711 3425 915 3497 quidem
938 3439 992 3478 se
1019 3419 1240 3493 gratiam
1268 3414 1355 3470 ille
1379 3414 1556 3469 debere
1576 3417 1832 3483 professus
1861 3417 1972 3463 est:
2001 3423 2033 3460 a
2070 3404 2221 3460 malis

618 3520 806 3590 quippe
834 3514 1053 3569 dominis
1072 3528 1124 3566 se
1147 3508 1374 3575 libeﬂri,
1398 3516 1444 3561 et
1469 3505 1536 3559 ad
1552 3503 1722 3558 Deunt
1747 3500 1957 3555 Patrem
1980 3507 2027 3553 et
2054 3512 2223 3568 regem

618 3613 861 3667 cwloruut
911 3607 1126 3668 transire
1197 3602 1443 3675 (Justin.
1502 3598 1721 3670 Apolog.
1769 3596 1806 3651 2
1850 3595 1918 3649 ad
1971 3590 2218 3663 Senat.

620 3702 725 3760 Sed
757 3702 829 3767 id,
859 3701 905 3755 si
931 3712 1152 3753 necesse
1174 3704 1338 3753 esset.
1367 3691 1587 3746 infinitis
1626 3688 2010 3760 propemodum
2038 3700 2222 3743 exem-

621 3797 725 3869 plis
755 3794 909 3850 facile
936 3803 1115 3862 posset
1139 3785 1498 3857 comprobari.

695 3888 810 3943 Non
838 3887 1031 3940 mirum
1059 3883 1256 3952 itaque,
1278 3881 1321 3934 si
1344 3894 1450 3950 quo
1465 3875 1659 3947 majori
1678 3874 1994 3930 crudelitate
2020 3872 2222 3929 ethnici

622 3982 957 4041 Christianos
1004 3975 1179 4047 gladio
1222 3971 1675 4036 demotebant,co
1706 3968 1886 4038 plures
1928 3982 1994 4022 ex
2037 3979 2221 4021 eorum

622 4077 901 4148 sanguine,
928 4071 1077 4143 quasi
1098 4064 1495 4124 facundissime
1524 4061 1749 4126 semine,
1766 4059 2094 4115 oriebantur.
2116 4057 2222 4113 Sed

624 4169 771 4233 audi,
801 4167 1044 4227 obsecro,
1076 4162 1359 4217 Auctorem
1390 4167 1653 4220 nostrum,
1681 4154 1771 4223 qui
1816 4152 1963 4208 hisce
2003 4150 2222 4209 totidem

627 4260 807 4315 verbis
851 4259 1107 4329 ipsosmet
1153 4250 1398 4309 ethnicos
1437 4246 1764 4317 alloquitur:
1799 4241 1909 4309 Nec
1951 4242 2224 4314 quidquam

626 4351 829 4425 pro/icit
872 4347 1168 4419 exquisitior
1194 4357 1404 4416 quicque
1443 4339 1719 4394 crudelitas
1761 4346 1923 4391 uestra
1946 4377 1960 4401 ,
1990 4334 2225 4389 illecebra

626 4452 700 4502 est
743 4443 902 4515 magis
940 4449 1109 4494 sectaz.
1161 4436 1342 4490 Plures
1394 4433 1658 4504 efficimur,
1686 4430 1879 4501 quoties
1924 4428 2158 4481 metimur
2194 4443 2225 4479 α

626 4537 784 4592 vobis.
828 4535 1015 4589 Semen
1054 4539 1125 4585 est
1162 4528 1373 4599 sanguis
1418 4526 1819 4579 Christianorum
1867 4519 2223 4593 (Tertullian.

626 4632 920 4703 Apolaget.,
938 4643 1057 4696 cap.
1076 4623 1167 4690 50,
1194 4628 1315 4693 p’ag.
1339 4615 1493 4691 555).
1513 4618 1653 4673 Alibi
1682 4630 1811 4672 vero
1832 4632 1844 4669 :
1868 4613 1979 4668 Nec
2007 4613 2226 4682 deﬁciet,

628 4726 823 4797 inquit,
852 4723 959 4776 ham
981 4730 1137 4784 secta,
1168 4733 1324 4788 quam
1353 4726 1472 4768 tunc
1492 4711 1740 4782 aediﬁcari
1781 4710 1936 4777 scias,
1961 4723 2077 4762 cum
2103 4705 2231 4761 aedi

628 4821 824 4875 videtur
849 4815 1055 4889 (fdem,
1080 4812 1168 4866 lib.
1197 4811 1265 4865 ad
1286 4805 1532 4879 Scapul.,
1556 4807 1611 4860 in
1640 4806 1732 4875 lin.
1755 4801 1797 4875 ).

701 4912 840 4982 Quin
884 4910 1047 4966 etiam
1089 4907 1134 4961 is
1179 4905 1297 4976 ipse
1342 4910 1639 4972 martyrum
1684 4900 1923 4968 sanguis,
1958 4906 2065 4951 tam
2108 4891 2232 4948 forti

631 5005 1007 5074 constantique
1042 5000 1222 5056 animo
1265 4996 1500 5060 etl‘usus,
1532 5008 1721 5048 omnes
1751 5005 1970 5062 prorsus
2002 4987 2232 5060 gentiles

631 5102 747 5157 sive
774 5095 1144 5171 philosophos,
1175 5091 1291 5147 sive
1317 5089 1473 5150 alios,
1500 5087 1589 5157 qui
1608 5083 1865 5157 quosdam
1896 5082 1962 5138 ad
2003 5082 2232 5137 toleran-

633 5196 761 5252 tiam
809 5188 1048 5255 doloris,
1081 5192 1137 5241 et
1178 5183 1367 5239 mortis
1414 5188 1778 5248 contemptum
1829 5174 2025 5230 hortati
2068 5183 2228 5240 sunt,

634 5285 942 5358 eloquentia
984 5282 1141 5352 longe
1175 5275 1466 5347 superavit.
1496 5271 1629 5329 Nam
1654 5269 1990 5341 eloquentior
2015 5266 2116 5322 fuit
2142 5265 2234 5321 Ci-

635 5357 831 5438 cerone
878 5377 932 5432 in
977 5371 1307 5435 Tusculanis,
1349 5367 1488 5422 sicut
1528 5365 1603 5420 ait
1644 5362 2007 5419 Tertullianus
2034 5357 2231 5433 (Idem,

638 5473 934 5547 Apolaget.,
957 5468 1058 5523 lac.
1089 5464 1180 5520 cit.
1205 5466 1250 5536 ).
1282 5461 1481 5518 Harum
1505 5468 1681 5514 autem
1712 5456 2070 5527 qutestionum
2097 5451 2234 5509 liber

641 5566 856 5636 primus,
886 5569 947 5617 ut
974 5556 1213 5630 ejusdem
1238 5552 1518 5610 Ciceronis
1550 5549 2002 5614 verbis‘utamur,
2028 5546 2093 5601 de
2114 5561 2235 5600 can-

643 5654 912 5713 tentnenda
931 5645 1374 5715 ntorte,secundus
1395 5644 1458 5699 de
1479 5640 1743 5698 tolerando
1764 5641 1941 5696 dolore
1956 5682 1972 5707 ,
1996 5640 2060 5693 de
2081 5640 2234 5708 (egri-

644 5749 818 5803 tudine
844 5743 1079 5800 lenienda
1106 5741 1305 5807 tertius,
1331 5747 1540 5808 quartus
1581 5737 1646 5791 de
1679 5734 1887 5805 reliquis
1922 5733 2082 5788 animi
2112 5747 2232 5803 per-

647 5831 1049 5900 turbationibus,
1087 5830 1454 5907 quintus.......
1484 5826 1627 5883 decet
1678 5825 1748 5882 ad
1787 5824 1929 5882 beate
1971 5821 2239 5880 uiuendum

2324 3314 2453 3370 dum
2480 3315 2585 3369 vim
2613 3313 2815 3378 habuit,
2844 3327 3005 3384 quam
3033 3311 3141 3367 ulla
3167 3311 3359 3367 horum
3384 3311 3724 3382 aliorumque
3748 3311 3939 3367 ethni-

2324 3421 2512 3464 corum
2553 3405 2918 3477 quorumlibet
2953 3400 3754 3476 scriptorum'cloquentissima
3799 3422 3933 3463 ora-

2324 3502 2419 3558 tio.
2466 3501 2651 3573 Neque
2695 3500 2749 3555 id
2797 3498 3128 3555 Tertulliano
3168 3500 3265 3553 fuit
3302 3498 3531 3570 probatu
3560 3498 3802 3565 difficile,
3833 3500 3936 3556 sed

2325 3595 2486 3651 obvio
2529 3593 2804 3661 omnibus,
2856 3602 2910 3648 et
2958 3593 3308 3649 invictissime
3354 3591 3523 3648 hocce
3564 3604 3938 3664 argumento:

2327 3687 2451 3743 Non
2477 3697 2663 3751 tantos,
2708 3686 2895 3757 inquit,
2931 3687 3188 3741 inveniunt
3213 3686 3396 3740 horum
3437 3685 3583 3739 verba
3622 3686 3938 3757 discipulos,

2325 3790 2543 3852 quantos
2569 3780 2831 3834 christiani
2860 3779 3031 3850 factis,
3063 3779 3166 3834 hoc
3193 3788 3296 3845 est,
3324 3779 3493 3833 ell'uso
3519 3780 3777 3851 sanguine
3802 3794 3937 3848 suo,

2327 3874 2555 3929 docendo
2585 3876 2603 3945 (
2636 3871 2940 3928 Tertullian.
2983 3870 3278 3942 Apaloget.,
3327 3887 3443 3942 cap.
3474 3870 3565 3939 50,
3600 3888 3721 3943 pag.
3770 3871 3936 3943 555).

2327 3965 2594 4034 Quantum
2618 3968 2766 4023 enim
2794 3969 2909 4038 ipso
2952 3967 3264 4024 Tertulliani
3309 3979 3549 4040 tempore
3588 3967 3939 4038 multiplicati

2326 4058 2525 4115 fuerint
2559 4058 2848 4116 Christiani
2887 4061 2996 4131 jam
3026 4061 3380 4117 ostendimus.
3415 4064 3483 4115 At
3512 4075 3642 4116 vero
3669 4060 3767 4115 illa
3791 4061 3938 4130 ipsa,

2327 4151 2399 4208 ita
2428 4153 2521 4208 ille
2544 4152 2737 4208 affatur
2758 4153 3015 4223 gentiles,
3044 4153 3333 4221 obstinatio,
3362 4170 3513 4226 quant
3563 4153 3895 4226 exprobratis
3917 4193 3935 4220 ,

2329 4250 2572 4317 magistra
2600 4259 2671 4302 est
2702 4245 2885 4318 (Ibid.
2907 4248 2949 4318 ).
2983 4246 3187 4303 Plinius
3226 4249 3369 4303 enim
3401 4247 3702 4314 Secundus,
3734 4247 3806 4302 ab
3834 4247 3940 4302 illo

2330 4341 2482 4411 prius
2511 4342 2704 4395 citatus
2726 4341 2900 4407 (idem,
2921 4340 3068 4404 ibid.,
3096 4357 3212 4410 cap.
3232 4339 3285 4403 2,
3306 4357 3425 4411 pug.
3454 4340 3608 4412 ΞΠ),
3640 4341 3743 4396 hoc
3768 4342 3937 4395 obsti-

2328 4434 2549 4488 nationis
2578 4433 2795 4489 nomine
2823 4436 2989 4488 utitur
3014 4434 3067 4488 iu
3091 4450 3183 4487 sua
3215 4439 3279 4488 ad
3309 4433 3596 4503 Trajanutn
3631 4435 3934 4504 imperato-

2332 4539 2447 4579 rem
2491 4522 2899 4596 episttila,"qua
2948 4525 3023 4579 illi
3080 4526 3336 4596 scripsit:
3367 4542 3425 4581 se
3478 4527 3611 4581 nihil
3653 4528 3933 4582 invenisse

2335 4617 2387 4672 in
2431 4610 2770 4687 Christianis,
2816 4628 2999 4688 praeter
3032 4617 3417 4673 obstinationem
3460 4634 3563 4672 non
3605 4618 3942 4686 sacriﬁcandi

2339 4707 2486 4765 falsis
2551 4709 2769 4766 illorum
2837 4711 2961 4766 diis.
3035 4710 3169 4766 Tum
3224 4710 3421 4767 deinde
3485 4711 3601 4767 haec
3672 4711 3933 4783 adjecit:

2338 4799 2516 4871 Neque
2581 4801 2894 4870 dubitabam,
2941 4802 3306 4873 qualecumque
3350 4813 3476 4857 esset
3525 4803 3660 4873 quod
3706 4802 3943 4873 [lucreti—

2338 4902 2440 4961 tur,
2498 4884 2833 4963 pervicaciam
2906 4905 3039 4950 certe
3114 4903 3160 4949 et
3228 4892 3558 4964 inflexibilem
3636 4893 3947 4949 obstinatio-

2336 5002 2451 5041 nem
2478 4985 2654 5041 debere
2680 4987 2856 5058 puniri
2883 4985 2903 5059 (
2926 4985 3097 5054 Plin.,
3132 4985 3221 5042 lib.
3253 4984 3321 5049 Χ.
3353 5003 3437 5057 ep.
3472 4985 3595 5053 101,
3621 5003 3746 5057 pag.
3771 4984 3942 5058 575).

2337 5075 2555 5132 Ethnici
2584 5079 2762 5150 itaque
2789 5080 3141 5150 pervicaciam
3164 5088 3220 5135 et
3244 5078 3586 5134 inflexibilem
3614 5079 3950 5134 obstinatio-

2335 5185 2459 5226 nem
2499 5171 2839 5241 appellabant
2880 5170 3019 5228 hanc
3083 5171 3444 5227 invincihiletu
3499 5172 3947 5229 Christianorum

2334 5266 2712 5330 constantiam,
2740 5281 2843 5337 qua
2879 5266 3024 5322 omni
3054 5266 3388 5321 cruciatuom
3431 5275 3949 5338 tormentorumque

2335 5370 2532 5427 genere
2554 5358 2921 5413 excarnificari
2947 5356 3311 5429 trueidarique
3342 5356 3634 5423 malebant,
3664 5372 3829 5428 quam
3854 5356 3949 5415 vel

2338 5451 2616 5506 minimam
2660 5451 2763 5506 diis
2805 5451 3006 5506 lictitiis
3042 5451 3171 5508 dare
3212 5466 3436 5522 granum
3468 5452 3663 5519 thuris,
3693 5453 3776 5508 vel
3805 5452 3949 5510 reii-

2338 5545 2554 5616 gionem
2582 5560 2732 5600 suam
2755 5561 2953 5617 negare
2982 5557 3072 5601 aut
3099 5545 3459 5601 dissimulare.
3505 5546 3583 5601 Ea
3628 5545 3792 5617 igitur
3835 5542 3949 5603 uni-

2339 5637 2507 5692 randa
2557 5653 2777 5709 prorsus
2825 5638 2991 5694 animi
3035 5637 3296 5695 fortitudo
3346 5638 3599 5710 magistra
3627 5648 3784 5708 erat,
3812 5654 3944 5709 qua

2341 5731 2569 5788 ethnicis
2595 5732 2749 5804 plane
2773 5732 3128 5806 persuadebat
3152 5749 3337 5793 veram
3361 5748 3482 5793 esse
3501 5734 3672 5791 solam
3692 5742 3951 5793 nestit.

2339 5823 2679 5895 religionem.
