4170 6264
276 308 386 366 969

871 437 1162 483 ARTICULUS
1198 438 1278 481 Ill.

283 565 552 632 Quomodo
592 563 940 619 Tertullianus
965 565 1167 636 refellat
1201 565 1433 620 etlmicos
1476 563 1762 634 objicientes
1792 565 1875 620 in-

341 661 539 731 justam
576 673 684 712 esse
713 655 1123 711 Christianorum
1160 674 1191 710 a
1219 673 1272 712 se
1297 666 1589 711 uexatorum
1619 657 1874 729 querimo-

351 751 510 815 niam,
529 750 716 820 quippe
739 749 826 818 qui
849 748 918 802 ad
949 758 1198 802 tormenta
1223 765 1285 802 ac
1312 759 1542 816 mortem,
1567 765 1742 817 quant,
1774 749 1878 804 dis-

351 841 587 895 simulata
614 841 856 911 religione
883 856 997 902 sua,
1027 840 1250 893 deuitare
1276 849 1530 910 poterant,
1559 850 1740 910 sponte
1762 857 1877 894 cur—

351 944 531 996 rentes,
561 931 666 985 dici
691 933 859 1002 potius
888 930 1131 985 debebant
1155 932 1409 985 dementes
1433 941 1479 986 et
1509 932 1798 1002 desperati;
1819 948 1880 986 ac

349 1040 446 1094 quo
461 1025 582 1095 jure
606 1022 738 1077 hanc
769 1021 1183 1076 obtrectationem
1212 1032 1397 1077 evertat
1424 1024 1669 1093 exemplis
1703 1018 1876 1090 Matii,

352 1113 710 1184 Empedoclis,
742 1110 998 1180 Didonis,
1033 1112 1244 1184 Reguli,
1291 1113 1602 1179 Anaxarchi,
1643 1115 1879 1168 lacouutn
1945 1163 1947 1165 ,

351 1221 660 1276 puerorum,
705 1207 874 1261 attica:
925 1205 1191 1274 mulieris,
1237 1205 1560 1279 CleOpatrte,
1609 1217 1658 1262 et
1705 1209 1880 1262 uxoris

353 1298 673 1353 .‘lsdrubalis.

355 1436 564 1508 Ethnici
594 1445 650 1490 ut
676 1436 962 1492 immanem
1003 1447 1056 1492 et
1101 1435 1424 1492 horrendam
1455 1452 1605 1492 suam
1640 1439 1691 1493 in
1722 1435 1879 1492 Chri-

282 1531 486 1585 stianos
533 1529 902 1585 crudelitatem
950 1545 1164 1600 quoquo
1199 1529 1359 1584 modo
1405 1540 1748 1595 excusarent,
1798 1547 1884 1586 re-

285 1620 620 1692 spondebant
647 1623 708 1677 iis
732 1621 904 1691 perire
921 1621 1222 1677 volentibus
1245 1623 1442 1678 nullam
1463 1624 1578 1678 fieri
1600 1625 1878 1695 injuriam;

285 1713 395 1767 imo
437 1729 564 1768 vero
598 1712 796 1769 debere
839 1703 933 1770 eos
976 1702 1199 1784 diligere
1224 1757 1238 1780 ,
1285 1731 1380 1784 per
1409 1731 1565 1784 quos,
1592 1733 1751 1788 quam
1784 1735 1880 1772 vo.

1427 307 1877 368 DlSSERTATlO
1914 308 1981 368 ῐ).
2019 310 2108 370 LE
2147 311 2453 374 NOURRY.

1914 430 1967 487 Α
1993 429 2196 484 tullian.
2241 429 2533 502 Apologet.,
2588 446 2708 501 cap.
2735 431 2828 497 27,
2860 449 2980 506 pag.
3022 434 3173 507 455),
3216 449 3310 494 seu
3339 440 3582 507 mentali,

3476 323 3582 384 970

1983 523 2057 576 uti
2086 523 2263 588 aiunt,
2295 526 2634 581 restrictione
2660 568 2674 588 ,
2713 526 2817 582 diis
2857 528 3189 590 sacriﬁcare.
3221 531 3404 600 sicque
3435 532 3584 588 abire

1983 614 2155 670 ilrla‘si.
2185 617 2288 672 Sed
2317 617 2372 672 hi
2401 633 2530 674 sane
2552 617 2888 676 fraudulenta
2919 621 3264 678 humanitatis
3288 625 3467 692 specie
3491 625 3586 680 da-

1981 705 2110 761 bant
2151 709 2456 765 cbristianis
2504 711 2815 775 consilium,
2849 729 2953 783 quo
2982 713 3220 783 ipsorum
3269 715 3586 774 credulitate

1981 797 2350 855 abuterentur.
2380 801 2496 856 Non
2524 802 2741 857 aliunde
2771 814 2972 869 autem,
3007 807 3177 878 pergit
3199 805 3585 870 Tertullianus,

1983 886 2085 945 hoc
2149 891 2430 946 censilium
2492 907 2746 948 emanare
2815 903 3052 964 poterat,
3107 911 3265 967 quam
3319 912 3385 952 ex
3438 908 3586 968 patre

1981 981 2247 1037 mendacii
2291 983 2534 1050 diabolo,
2572 985 2661 1055 qui
2705 985 2924 1040 eosdem
2973 986 3297 1043 christianos
3337 998 3424 1042 aut
3457 990 3504 1044 vi
3529 998 3586 1045 et

1982 1076 2211 1143 saevitia,
2233 1085 2327 1132 aut
2364 1078 2553 1133 saltem
2585 1079 2780 1134 astutia
2808 1088 2862 1134 et
2899 1079 3024 1135 dolo
3048 1081 3438 1138 circumvenire
3464 1097 3583 1137 mo-

1983 1169 2240 1224 liebatur.

2056 1261 2334 1318 Summum
2400 1263 2614 1335 itaque,
2665 1274 2725 1319 ut
2779 1279 2938 1336 supra
2996 1267 3330 1323 ostendimus
3370 1267 3584 1342 (Supr.

1983 1371 2098 1423 cap.
2126 1353 2181 1419 9,
2222 1365 2323 1412 art.
2367 1355 2438 1419 5;
2487 1365 2610 1411 tom.
2640 1355 2663 1410 1
2696 1357 2946 1428 Apparet.
2976 1400 2990 1423 ,
3025 1375 3144 1430 pag.
3176 1359 3280 1416 557
3304 1360 3346 1430 ),
3382 1360 3434 1414 hi
3475 1361 3589 1429 pia-

1984 1445 2164 1500 culum
2214 1461 2337 1502 esse
2375 1446 2753 1502 existimabant
2783 1450 2891 1503 ullo
2923 1467 3154 1522 unquam
3200 1452 3362 1506 modo
3388 1453 3450 1506 de
3473 1469 3588 1518 sua,

1986 1537 2124 1590 sicut
2161 1537 2234 1591 ait
2278 1536 2638 1592 Tertullianus
2658 1579 2672 1603 ,
2700 1541 2945 1611 religione
2975 1544 3195 1598 mentiri.
3228 1543 3588 1611 Quamobrem

1987 1626 2257 1680 malebant
2297 1627 2598 1697 quoslibet,
2641 1643 2704 1683 ac
2746 1633 3090 1699 quantumvis
3137 1632 3435 1687 horrendos
3461 1649 3588 1688 cru-

1988 1718 2158 1771 ciatus
2203 1719 2476 1788 experiri,
2507 1719 2678 1790 iisque
2707 1721 3000 1787 trucidari,
3031 1737 3188 1791 quam
3221 1723 3329 1778 ullo
3367 1725 3591 1778 minimo

285 1801 466 1858 lebant
519 1807 916 1876 optabuntque,
967 1816 1197 1862 mortem
1251 1809 1742 1879 consequebantur.
1776 1808 1882 1865 Sed
1913 1817 1960 1876 B
1990 1808 2306 1874 mendacio,
2348 1819 2439 1864 aut
2488 1811 2590 1864 ulla
2640 1812 3105 1879 dissimulatione,
3135 1823 3228 1868 aut
3275 1817 3592 1885 exceptione

285 1893 646 1950 Tertullianus
661 1897 903 1952 ostendit
932 1899 1145 1953 inanem
1177 1913 1395 1966 prorsus
1419 1899 1735 1971 futilemqtte
1764 1915 1886 1957 esse

288 1988 424 2044 hanc
452 1991 879 2059 responsionem.
912 1992 955 2046 A
985 1990 1311 2047 Christianis
1339 1993 1605 2063 siquidem
1651 1995 1888 2064 postula-

292 2081 417 2135 bant
453 2080 702 2152 gentiles,
736 2093 790 2136 ut
821 2083 985 2138 falsos
1017 2084 1148 2139 deos
1177 2084 1420 2140 colerent
1442 2126 1456 2148 ,
1485 2100 1750 2156 suumque
1794 2101 1888 2142 ne-

291 2183 478 2244 garent
501 2173 675 2228 solum
707 2181 763 2229 et
789 2189 1126 2230 verumesse
1159 2175 1348 2231 Deum.
1392 2177 1461 2231 At
1504 2177 1632 2231 illud
1672 2178 1886 2247 quidem

292 2267 345 2320 in
377 2274 641 2336 potestate
679 2266 917 2336 ipsorum
960 2283 1023 2322 ac
1055 2269 1327 2324 voluntate
1365 2270 1596 2340 positum
1632 2280 1889 2326 constan-

293 2355 500 2412 tissime
541 2357 890 2423 recusabant,
940 2358 1318 2429 malebantque
1360 2359 1632 2426 damnari,
1658 2376 1816 2430 quam
1859 2376 1886 2414 a

297 2448 412 2503 Dro
455 2449 683 2503 excidere
737 2449 758 2518 (
801 2447 1104 2504 Tertullian.
1157 2450 1451 2522 Apologet.,
1479 2469 1595 2521 cap.
1626 2453 1696 2509 49
1721 2494 1734 2516 ,
1766 2469 1884 2522 pag.

295 2537 447 2613 528),
469 2539 518 2595 id
543 2549 645 2608 est,
669 2556 790 2596 eum
816 2543 1115 2598 reluctante
1143 2544 1471 2598 conscientia
1497 2544 1663 2600 Deum
1693 2561 1892 2617 negan-

295 2634 385 2698 do,
413 2649 444 2689 a
473 2633 651 2690 divina
692 2634 810 2705 ejus
849 2637 1017 2705 gratia
1047 2637 1313 2702 excidere,
1346 2651 1408 2691 ac
1436 2637 1612 2706 pinnis
1643 2637 1794 2694 brevi
1823 2637 1889 2693 ll-

295 2726 525 2794 niendis,
541 2736 596 2782 et
621 2741 832 2783 summo
860 2728 1067 2785 scelere
1091 2714 1399 2794 declinatis,
1432 2729 1626 2784 merito
1653 2729 1892 2786 incidere

296 2817 350 2874 in
381 2829 633 2874 :eternas.

367 2911 564 2968 Invicto
592 2911 756 2983 igitur
780 2913 1052 2984 alacrique
1081 2914 1262 2968 animo
1294 2914 1402 2983 pati
1435 2914 1593 2985 plane
1619 2915 1885 2982 volebant,

295 3017 465 3057 verum
528 3019 586 3058 eo
650 3021 823 3071 more,
882 3004 958 3059 ait
1017 3004 1408 3070 Tcrtullianus,
1457 3021 1556 3076 quo
1615 3015 1660 3058 et
1707 3006 1890 3060 bellum

295 3096 480 3165 miles(
512 3094 650 3150 Ibid.
680 3096 720 3166 ).
752 3094 828 3152 Ita
865 3097 1007 3151 enim
1060 3097 1111 3150 in
1157 3097 1406 3151 omnibus
1457 3095 1668 3151 ineditis
1697 3107 1753 3152 et
1777 3097 1888 3151 edi-

1991 1903 2209 1956 meutali
2231 1945 2246 1968 ,
2282 1903 2483 1972 lingere
2511 1919 2570 1958 se
2602 1905 2832 1976 aliquem
2859 1905 3038 1962 colere
3067 1907 3234 1962 Deum
3257 1949 3272 1973 ,
3304 1922 3464 1979 quem
3493 1907 3592 1963 fal-

1991 2009 2108 2049 sum
2137 2011 2258 2051 esse
2286 2012 2479 2051 novera
2488 2007 2566 2051 nt.

2065 2089 2163 2160 A_st
2191 2089 2233 2141 si
2273 2101 2377 2141 non
2409 2087 2693 2153 dementis,
2733 2089 3043 2161 inquiebant
3071 2091 3295 2159 ethnici,
3326 2101 3474 2147 certe
3500 2091 3595 2148 de-

1992 2179 2188 2249 sperati
2217 2177 2449 2233 hominis
2473 2192 2586 2235 erat
2627 2179 2845 2236 cuilibet
2871 2182 3253 2252 suppliciorum
3296 2183 3503 2253 generi,
3533 2199 3598 2240 ac

1993 2271 2378 2326 crudelissima!
2403 2273 2521 2327 neci
2548 2287 2669 2327 sese
2696 2273 2929 2343 objicerc
2952 2316 2968 2340 ,
3000 2290 3120 2344 qua:
3145 2275 3305 2344 jactis
3331 2276 3382 2330 in
3414 2276 3594 2347 ignem

1993 2360 2203 2417 duobus
2223 2373 2314 2417 aut
2343 2362 2512 2418 tribus
2544 2362 2713 2418 thuris
2740 2363 2924 2434 granis
2956 2365 3206 2421 facillime
3243 2364 3470 2421 devitari
3499 2383 3600 2436 po-

1995 2455 2116 2510 tuit.
2149 2454 2264 2510 Jam
2286 2471 2413 2510 vero
2434 2471 2463 2509 a
2496 2455 2650 2512 nobis
2695 2457 2714 2526 (
2740 2456 3004 2512 Dissertat.
3037 2460 3088 2512 in
3113 2457 3326 2526 .lIinut.,
3347 2476 3462 2527 cup.
3493 2460 3592 2526 12,

1995 2556 2098 2600 art.
2130 2548 2182 2611 1,
2215 2559 2261 2601 et
2302 2547 2576 2603 Dissertat.
2604 2549 2658 2602 in
2688 2547 2952 2617 Laetant.,
2983 2567 3099 2622 cap.
3139 2552 3227 2618 ll),
3260 2550 3358 2606 ar't.
3387 2551 3465 2624 5)
3494 2552 3595 2608 οὶ)-

1995 2647 2263 2693 servatum
2291 2648 2374 2694 est
2400 2639 2724 2695 christianos
2742 2641 2810 2694 ab
2831 2642 3061 2696 ethnicis
3087 2643 3384 2712 appellatos
3413 2643 3599 2714 deplo-

1995 2739 2127 2784 rata:
2155 2738 2208 2784 et
2233 2729 2530 2800 desperata:
2561 2728 2810 2786 factionis
2841 2733 3115 2796 homines,
3144 2746 3424 2803 propterea
3453 2736 3597 2804 quod

1995 2823 2170 2877 omnia
2202 2833 2496 2889 tormenta,
2519 2834 2570 2878 et
2612 2825 2890 2895 quodlibet
2935 2824 3362 2881 crudelissimum
3409 2830 3600 2883 mortis

1994 2931 2166 2985 genus
2208 2917 2568 2986 deSpicerent,
2600 2931 2700 2972 nec
2738 2927 3074 2972 vererentur.
3126 2918 3418 2988 Repulsam
3471 2935 3600 2975 vero

1995 3007 2063 3062 ab
2087 3009 2205 3062 aliis
2236 3008 2430 3064 ibidem
2460 3007 2692 3063 vidimus
2719 3007 3004 3063 absurdam
3040 3009 3240 3065 hancce
3267 3011 3599 3065 criminatio-

1997 3116 2139 3155 nem.
2167 3100 2303 3168 Quid
2335 3111 2515 3154 autetn
2547 3100 2953 3156 Tertullianus?
2983 3101 3163 3168 Nulla,
3183 3102 3375 3172 inquit.
3406 3104 3598 3173 despe-

297 3192 362 3244 tis
387 3189 660 3245 codicibus
685 3201 808 3246 ante
835 3189 1149 3261 Rigaltium,
1177 3191 1270 3260 qui
1312 3190 1468 3244 solita
1517 3189 1727 3244 licentia
1760 3189 1886 3243 ulti-
1915 3199 1961 3262 ρ
1994 3191 2132 3246 ratio
2161 3202 2246 3244 aut
2277 3189 2504 3261 perditio
2533 3200 2635 3256 est,
2668 3192 2755 3247 ubi
2783 3193 3002 3246 minime
3032 3192 3191 3246 dubia
3225 3193 3470 3258 victoria,
3503 3195 3592 3249 ubi

296 3298 442 3338 mum
495 3299 689 3339 nomen
755 3283 899 3338 miles
956 3283 1164 3354 penitus
1208 3282 1449 3336 abstulit.
1502 3281 1606 3336 Sed
1664 3285 1892 3352 ipsumet

293 3376 544 3433 Auctoris
575 3376 740 3431 nostri
764 3377 933 3432 oratio
963 3375 1088 3430 illud
1119 3376 1391 3446 postulare
1416 3375 1637 3430 omnino
1659 3373 1886 3428 videtur.

293 3468 674 3524 Sanctissimos
701 3469 972 3524 enimvero
1000 3479 1264 3540 martyres
1292 3477 1523 3533 nostros,
1547 3477 1669 3521 ante
1710 3477 1890 3538 tyran-

294 3577 486 3616 norum
516 3561 794 3615 tribunalia
825 3561 890 3616 de
916 3561 1176 3632 religione
1198 3575 1290 3614 sua
1318 3569 1608 3624 certantes,
1629 3575 1750 3615 eum
1774 3559 1890 3614 aliis

294 3668 326 3709 c
349 3653 561 3724 amponit
598 3652 872 3712 militibus.
899 3653 988 3724 qui
1018 3663 1205 3723 aperto
1233 3663 1422 3715 marte,
1456 3666 1720 3721 manuque
1758 3666 1888 3705 con-

294 3754 472 3808 serta,
522 3759 642 3824 cum
687 3742 996 3812 reipublica:
1043 3743 1284 3797 hostibus
1335 3742 1590 3796 dimicant
1625 3743 1640 3814 (
1681 3741 1812 3794 Ibid.
1848 3739 1888 3812 ).

297 3835 544 3904 Prndium
571 3837 854 3908 siquidem,
877 3837 950 3892 ait
979 3837 1086 3900 ille,
1110 3846 1164 3890 et
1187 3847 1368 3906 postea
1397 3835 1728 3900 Lactantius,
1754 3851 1894 3889 mar-

298 3931 428 4001 tyris
457 3939 569 3996 est,
599 3945 704 3999 quo
747 3941 870 3984 ante
892 3929 1149 3997 judicium
1179 3928 1458 3983 tribunalia
1489 3928 1579 3982 sub
1605 3927 1894 3981 discrimine

296 4025 477 4092 capitis
507 4025 524 4092 (
561 4022 794 4077 Lactant.
827 4023 912 4079 lib.
948 4021 994 4077 ν
1030 4023 1186 4080 divin.
1232 4020 1404 4076 Iustit.
1431 4064 1446 4089 ,
1495 4038 1612 4091 cap.
1647 4021 1734 4085 ll,
1769 4037 1889 4090 pag.

293 4115 749 4181 49I;Tertullian.
792 4115 890 4171 loc.
939 4116 1024 4170 cit.
1051 4117 1092 4186 ),
1123 4129 1228 4170 non
1256 4127 1456 4170 armata
1495 4113 1708 4184 quidem
1750 4112 1892 4168 ferro

297 4224 477 4273 manu,
501 4209 594 4263 sed
625 4209 817 4263 invicta
857 4208 1108 4277 patientia
1148 4206 1450 4277 pugnando,
1483 4207 1759 4260 victoriam
1783 4213 1888 4258 tam

297 4314 496 4358 certam
550 4319 708 4371 quam
753 4302 1040 4373 gloriosam
1089 4311 1346 4372 reportat.
1379 4299 1650 4354 Atnullus
1678 4299 1891 4369 quidem

296 4397 449 4451 miles
477 4396 703 4452 libenter
743 4395 1117 4474 se‘connnittit
1145 4394 1348 4464 prteIio,
1377 4394 1426 4446 in
1455 4409 1562 4464 quo
1591 4393 1711 4461 quia
1755 4392 1891 4460 peri‘

295 4490 532 4556 clilatur,
565 4489 788 4543 naturali
824 4488 1018 4562 timore
1064 4486 1313 4556 trepidat.
1357 4483 1459 4540 Ubi
1492 4500 1617 4538 vero
1655 4484 1890 4554 praelium

1996 3295 2200 3338 certum
2248 3282 2492 3352 placendi
2545 3283 2652 3337 Deo
2702 3281 2913 3353 pignus,
2945 3283 3033 3337 ubi
3083 3298 3331 3338 securum
3379 3293 3596 3340 interna:

1997 3374 2266 3429 felicitatis
2314 3374 2597 3445 praemium
2640 3373 2989 3446 (Tertullian.
3035 3375 3329 3446 Apologet.,
3358 3393 3474 3448 cap.
3505 3377 3596 3446 50,

1997 3483 2117 3537 pag.
2149 3465 2298 3536 550).

2069 3557 2172 3612 Sed
2213 3557 2438 3627 agedum
2461 3599 2474 3624 ,
2507 3573 2609 3628 qua
2637 3572 2830 3628 ,ψιωεο
2876 3557 3054 3614 fronte
3098 3569 3361 3632 martyres
3389 3545 3598 3628 nostri,

1997 3659 2223 3703 mortem
2248 3663 2343 3717 pro
2368 3663 2493 3702 vera
2523 3664 2615 3702 sua
2643 3649 2902 3719 religione
2930 3650 3053 3703 laeto
3082 3651 3390 3722 Iubentique
3417 3653 3596 3706 animo

1997 3740 2274 3806 obeuntes,
2315 3751 2558 3810 poterant
2587 3740 2832 3796 nefanda:
2873 3741 3264 3812 desperationis
3301 3745 3369 3800 ab
3415 3743 3595 3798 ethni-

1997 3833 2077 3888 cis
2132 3834 2371 3888 accusari
2424 3833 2611 3902 (Ibid.
2643 3833 2709 3898 )?
2761 3831 2951 3890 Nonne
2995 3835 3070 3890 illi
3116 3837 3214 3906 ipsi
3277 3836 3472 3890 multos
3529 3851 3594 3890 ex

1998 3927 2130 3990 suis,
2159 3927 2247 3995 qui
2275 3925 2558 3981 dirissimis
2586 3926 2895 3994 tormentis,
2939 3942 3176 3997 noceque
3223 3926 3488 3981 horrenda
3539 3941 3598 3981 se

1999 4019 2168 4074 occidi
2199 4019 2339 4072 ultro
2371 4018 2508 4088 passi
2540 4015 2788 4081 fuerant,
2823 4032 2928 4070 non
2967 4019 3194 4071 summis
3248 4026 3451 4070 tantum
3483 4017 3596 4069 lau-

1997 4113 2175 4174 dibus,
2225 4110 2317 4166 sed
2363 4120 2579 4164 interna:
2625 4109 2812 4178 gloria:
2872 4108 3060 4172 titulis,
3105 4122 3168 4161 ac
3207 4108 3398 4160 Statnis
3437 4122 3597 4162 exor-

1999 4215 2259 4261 naverunt
2308 4202 2488 4275 (Ibid.
2521 4202 2578 4271 )?
2626 4201 2758 4255 Nam
2818 4200 3184 4269 praetermisso
3241 4215 3434 4271 magno
3475 4201 3592 4271 gla-

1998 4297 2260 4352 diatorum
2318 4307 2561 4356 numero,
2595 4293 2717 4361 qui,
2748 4291 2882 4344 sicut
2931 4290 3064 4345 inl'ra
3116 4290 3393 4352 dicemus,
3441 4307 3592 4347 suam

1997 4389 2158 4442 vitam
2181 4429 2193 4447 .
2240 4386 2426 4440 iisdem
2457 4382 2685 4437 ethnicis
2729 4381 3097 4448 laudantibus,
3129 4393 3320 4452 spoiite
3352 4385 3474 4437 feris
3501 4385 3600 4438 ob-

1992 4481 2222 4550 jectatu,
2254 4491 2396 4545 s;rpe
2423 4474 2618 4544 srcpius
2643 4473 2990 4540 amittebant,
3022 4485 3153 4528 certe
3178 4473 3392 4536 Matius,
3423 4475 3598 4544 inquit

294 4583 465 4637 semel
515 4575 648 4638 inire
710 4581 1017 4652 compulsus
1061 4591 1178 4645 eSt,
1230 4579 1354 4633 totis
1403 4588 1598 4647 pugnat
1651 4577 1969 4650 viribus,”
1998 4574 2198 4626 Auctor
2249 4577 2468 4632 noster,
2520 4564 2779 4619 dexteram
2841 4581 2986 4618 suam
3031 4565 3204 4618 lubens
3247 4565 3299 4617 in
3346 4581 3435 4618 ara
3487 4582 3599 4619 cre-

293 4682 529 4743 tnncque
570 4673 780 4728 hctatur
816 4689 935 4728 cum
966 4681 1232 4742 reportata
1261 4680 1344 4726 est
1375 4669 1612 4724 vietoria.
1639 4668 1718 4723 Ad
1751 4669 1889 4724 hunc

293 4766 455 4837 igitur
499 4765 712 4821 tuodum
762 4776 965 4838 martyr
1004 4765 1289 4837 pugnando
1327 4763 1582 4818 adversus
1613 4773 1887 4835 tyrannos,

295 4860 533 4927 ingenito
578 4859 828 4913 omnibus
875 4859 1066 4912 timore
1115 4856 1408 4926 periculum
1454 4854 1784 4909 reformidat.
1819 4855 1891 4910 lle

295 4959 446 5020 parta
464 4959 641 5005 tamen
667 4950 888 5004 victoria
911 4958 1058 5003 tanto
1081 4948 1275 5019 gaudio
1294 4946 1651 5018 perfunditur,
1674 4955 1730 5001 ut
1758 4961 1892 5014 prae-

295 5044 422 5099 littnt
453 5044 594 5116 quod
638 5043 906 5101 declinare
951 5043 1178 5113 amplius
1223 5058 1327 5095 non
1373 5050 1568 5112 potest,
1602 5057 1705 5094 non
1733 5040 1893 5094 modo

295 5138 452 5202 ve'it,
496 5136 589 5191 sed
630 5144 773 5190 amet
813 5136 1006 5198 etiam,
1035 5134 1390 5202 omnibuSque
1432 5132 1632 5190 viribus
1657 5147 1776 5186 cum
1807 5139 1890 5202 ty-

296 5231 478 5284 rannis
505 5229 745 5285 dimicet.
787 5227 904 5283 Non
947 5228 1164 5298 putabat
1199 5241 1326 5296 ergo
1364 5224 1722 5280 Tertullianus
1755 5241 1889 5294 pne-

279 5322 610 5378 ’vcrtendum
644 5322 1038 5378 inconsiderata
1063 5319 1362 5375 temeritate
1393 5327 1603 5387 tempus
1630 5316 1890 5386 martyrii,

294 5415 389 5468 sed
419 5414 629 5484 quoties
648 5456 664 5479 ,
695 5413 808 5468 Deo
850 5412 920 5467 ita
967 5412 1308 5482 permittente
1329 5451 1344 5474 ,
1373 5407 1713 5473 olferebatur,
1739 5408 1895 5460 toties

294 5507 489 5563 iltl'lCln
519 5507 682 5561 animi
713 5504 1026 5560 fortitudine
1053 5501 1412 5558 subeundum.

366 5602 436 5656 At
472 5599 689 5670 quidam
729 5598 926 5654 ethnici
964 5596 1082 5651 aliis
1112 5597 1379 5658 mitiores,
1408 5599 1461 5648 et
1489 5593 1540 5647 in
1566 5591 1897 5646 Christianos

291 5693 464 5763 magis
509 5693 794 5764 propensi,
837 5689 1099 5761 urgebant
1149 5685 1272 5740 illos
1301 5699 1422 5739 esse
1451 5685 1759 5753 dementes,
1808 5683 1896 5752 qui

290 5785 448 5842 facile
477 5795 744 5854 poterant,
775 5793 1009 5836 manente
1031 5777 1172 5846 apud
1212 5777 1436 5830 animum
1458 5773 1752 5847 ρνονοςὶιο(
1777 5771 1898 5829 Ter.

532 5877 968 5939 Temenum
1014 5873 1064 5935 Ι.

1992 4664 2166 4729 mavit,
2209 4671 2262 4715 ut
2298 4660 2391 4713 hoc
2425 4659 2618 4729 factum
2644 4661 2783 4728 fama
2814 4657 2926 4727 ejus
2948 4658 3149 4710 haberet
3172 4654 3366 4725 (Idem,
3395 4657 3484 4711 lib.
3527 4659 3596 4710 ad

1995 4755 2217 4826 Martgr.
2263 4769 2378 4822 cap.
2429 4751 2463 4805 4
2494 4748 2533 4821 ).
2567 4751 2636 4804 At
2675 4749 2741 4804 de
2788 4747 2892 4803 hoc
2931 4751 3046 4818 ipso
3084 4747 3229 4802 Mittit
3281 4751 3419 4801 facto
3468 4748 3594 4802 alibi

1994 4847 2346 4904 disseruimus
2385 4845 2406 4918 (
2447 4843 2720 4898 Dissertat.
2761 4843 2814 4895 in
2859 4841 3045 4895 Minut.
3123 4841 3324 4909 0rtav.,
3374 4859 3487 4913 cap.
3518 4845 3550 4899 6
3584 4884 3598 4909 ,

1994 4951 2097 4996 art.
2127 4941 2227 5012 5).

2068 5033 2254 5088 Nonne
2292 5029 2452 5085 etiam
2504 5025 2832 5098 Empedocles
2856 5066 2871 5090 ,
2901 5027 2974 5080 ait
3002 5025 3109 5090 ille,
3170 5034 3329 5078 totum
3362 5042 3468 5080 sese
3494 5025 3597 5080 Ca-
3672 5056 3679 5062 -

1999 5126 2281 5179 tanensium
2311 5119 2534 5174 Ai'tnteis
2574 5118 2773 5189 ignibus
2799 5117 3023 5171 donauit.
3058 5117 3190 5171 Male
3215 5117 3263 5170 in
3299 5121 3598 5171 manuscri-

1999 5197 2103 5287 ptis
2124 5213 2397 5270 codicibus
2421 5253 2435 5276 ,
2483 5209 2864 5264 Atheniensium
2889 5209 3142 5262 Atheneis.
3173 5209 3291 5262 Alio
3321 5210 3517 5282 quippe
3547 5211 3600 5265 in

1998 5309 2137 5363 libro
2161 5323 2190 5361 a
2226 5304 2380 5360 nobis
2404 5303 2514 5374 jam
2562 5302 2762 5367 citato,
2801 5302 3054 5369 scriptum
3089 5300 3156 5354 ab
3190 5301 3280 5354 illo
3325 5301 3550 5372 legimus
3586 5322 3598 5357 :

2003 5400 2103 5467 Qui
2128 5400 2181 5452 in
2210 5399 2350 5467 ignes
2380 5394 2574 5450 Aftntei
2606 5393 2787 5447 montis
2817 5393 3035 5447 dissiluit
3087 5391 3414 5463 (Tertullum.
3443 5396 3599 5465 Apol.

2001 5508 2118 5558 cap.
2160 5491 2266 5554 49,
2314 5506 2435 5560 pag.
2482 5485 2622 5550 528;
2674 5496 2719 5538 et
2771 5484 2858 5537 lib.
2915 5485 2983 5535 ad
3034 5481 3252 5554 Martyr.
3281 5526 3295 5550 ,
3344 5502 3458 5556 cap.
3500 5486 3602 5559 4).

2003 5583 2141 5638 Alibi
2172 5597 2299 5635 vero
2327 5597 2344 5634 :
2379 5577 2712 5646 Empedocles
2739 5575 2857 5646 quia
2882 5591 2934 5629 se
2964 5574 3112 5627 deum
3137 5577 3495 5633 delirarat.....
3539 5596 3602 5633 ne

2003 5677 2174 5746 aliqua
2200 5674 2459 5745 sepultura
2482 5672 2762 5725 eonditiore
2791 5679 3113 5738 putresceret,
3133 5686 3302 5723 assunt
3325 5688 3377 5724 se
3400 5675 3602 5740 maluit,

2003 5773 2056 5826 in
2085 5767 2158 5825 ΑΞ
2164 5780 2300 5824 tuam
2325 5764 2691 5841 prtecipitaudo
2710 5761 2899 5836 (Idem,
2929 5762 3018 5816 lib.
3053 5763 3115 5816 de
3145 5763 3314 5818 Anim.
3343 5785 3458 5838 cap.
3486 5770 3602 5840 5:2).

2780 5856 3032 5937 (Trente
3067 5865 3122 5917 et
3152 5860 3324 5940 une.)
