4212 6262
588 334 689 399 971

579 457 743 514 Prius
770 462 952 514 autem
975 452 1229 513 Horatius
1257 428 1526 511 cecinerat
1554 470 1569 509 :

745 604 759 617 .
830 605 843 618 .
910 605 922 618 .
992 604 1006 617 .
1070 564 1239 617 Dicam
1256 565 1509 678 Siculique
1528 574 1687 629 poetae

745 629 960 678 Narrabo
976 630 1253 678 interitum:
1282 630 1409 678 deus
1449 628 1687 678 mmortali

740 629 960 681 list-rabo
976 630 1253 679 interitum:
1282 630 1409 679 deus
1428 628 1719 679 immortalis
1734 628 1909 679 haberi

740 691 1028 802 ἣξῇῑᾶθὼ
1048 690 1392 755 Empedocles,
1418 692 1677 743 ardentem
1704 691 1914 757 frigidus
1931 690 2125 743 Euam

1000 814 1197 877 (Horat.
1223 815 1289 867 de
1306 816 1413 868 Art.
1440 818 1564 881 poet.
1592 822 1637 865 tu
1661 813 1756 868 463
1778 820 1824 868 et
1845 815 2002 883 seqq.)

586 919 745 977 Plura
791 919 835 977 si
883 920 1192 990 desideres,
1218 922 1470 995 consule,
1503 920 1770 978 Laertium
1796 963 1811 988 ,
1854 920 2184 987 Lucianum,

587 1009 909 1084 Gregorium
934 1011 1327 1069 Nazianzenum
1351 1054 1366 1080 ,
1391 1022 1448 1069 et
1471 1012 1606 1069 alios
1632 1010 1830 1086 (Laert.
1862 1013 1949 1068 lib.
1986 1009 2102 1067 Vill
2136 1012 2189 1067 in

599 1101 703 1160 Vit.
733 1102 1011 1176 Empedoc.
1036 1100 1064 1176 θ
1094 1104 1183 1171 69;
1216 1101 1436 1160 Lucina.
1462 1104 1656 1176 dialog.
1702 1100 1898 1176 Menip.
1934 1121 2054 1176 pag.
2085 1105 2191 1159 142

586 1206 632 1249 ct
674 1193 981 1250 Icaromeni.
1006 1212 1125 1271 pag.
1173 1197 1298 1253 751.
1328 1205 1374 1250 et
1403 1197 1491 1251 lib.
1536 1196 1577 1251 ll
1629 1194 1827 1250 Hister.
1875 1213 1996 1268 pag.
2039 1195 2189 1267 598).

660 1287 796 1342 Tum
826 1286 1021 1343 deinde
1048 1282 1407 1347 Tertullianus
1435 1304 1450 1342 :
1483 1284 1695 1358 Aliqua,
1726 1287 1933 1360 inquit,
1977 1285 2194 1343 Cartha-

586 1378 721 1451 ginis
744 1377 1001 1434 conditrix
1024 1395 1147 1451 rogo
1167 1378 1447 1435 secundant
1472 1379 1849 1435 matrimonium
1867 1378 2003 1435 dedit
2026 1379 2188 1455 (Tert.

589 1471 858 1543 Apologet.
883 1486 929 1524 ε.
960 1469 1055 1539 50,
1081 1488 1139 1542 ρ.
1166 1468 1316 1543 550).
1360 1470 1431 1526 Ita
1459 1484 1648 1527 omnes
1687 1473 1853 1528 nostri
1895 1472 2109 1530 codices
2141 1481 2197 1528 et

588 1577 695 1620 non
722 1563 849 1620 editi
878 1571 932 1619 et
973 1561 1119 1619 editi.
1170 1561 1352 1634 itaque
1377 1562 1624 1619 nonnulli
1662 1562 1860 1619 frustra
1913 1563 2196 1636 legendum

588 1666 777 1728 putant
807 1672 911 1712 non
934 1656 1148 1738 quidem
1177 1655 1365 1727 Aliqua
1390 1698 1405 1722 ,
1458 1654 1552 1713 sed
1586 1655 1751 1712 Eliso.
1786 1655 1918 1712 Dido
1944 1658 2086 1713 enim
2113 1655 2199 1712 bis

589 1752 771 1808 verbis
799 1759 908 1806 tam
953 1752 1237 1823 perspicue
1284 1750 1633 1824 designatur,
1678 1761 1737 1808 ut
1781 1766 1939 1808 nemo
1976 1753 2081 1819 sit,
2108 1752 2198 1825 qui

1648 339 1717 401 IN
1751 334 2224 399 TERTU‘LLIAN!
2259 335 2793 397 APOLOGETICUM

2212 454 2267 516 Α
2294 453 2550 510 Nazianz.
2599 455 2815 510 carmin.
2858 453 3027 510 Iamb.
3080 451 3225 521 18).
3259 448 3402 511 illius
3447 467 3543 510 vas
3588 460 3645 510 et
3683 461 3889 509 utrem.

3778 335 3892 396 972

2364 546 2447 604 Ad
2467 547 2749 602 mulierum
2766 547 3009 617 exempla
3039 546 3163 605 inde
3178 546 3542 603 Tertulliauus
3561 545 3893 617 regreditur,

2292 639 2473 708 aitque
2505 656 2519 694 ε
2554 639 2722 694 Attica
2750 640 3025 705 mretrix,
3055 639 3298 708 carniﬁce
3335 641 3451 709 jam
3480 639 3723 710 fatigato,
3773 655 3896 707 pos-

2294 740 2452 786 tremo
2470 731 2698 804 linguam
2723 748 2872 787 suam
2891 746 3140 786 conicum
3168 732 3221 786 in
3243 732 3428 802 faciem
3446 732 3652 803 tyranni
3674 732 3896 787 sauian-

2295 825 2359 878 tis
2402 826 2614 893 expuit;
2642 834 2696 882 nt
2739 834 3003 896 exspueret
3042 835 3093 880 es
3128 840 3313 891 uocem,
3345 841 3410 880 ne
3449 827 3743 899 conjuratas
3769 842 3894 880 con-

2294 918 2428 986 ﬁteri
2452 927 2617 988 posset
2644 916 2885 984 (Tertull.
2914 917 3069 987 Apol.
3101 935 3147 972 c.
3177 918 3269 982 50,
3298 935 3348 987 ρ.
3378 919 3525 989 550).
3561 915 3762 997 Bsdem
3806 918 3897 974 ille

2293 1010 2502 1068 duobus
2539 1012 2660 1067 aliis
2698 1011 2754 1066 in
2800 1011 2949 1066 libris
2988 1012 3079 1084 (ad
3125 1009 3341 1066 Natio».
3370 1028 3418 1066 ο.
3450 1010 3541 1075 l8,
3573 1028 3625 1083 ρ.
3658 1008 3797 1077 584ς
3828 1010 3899 1065 ad

2298 1106 2546 1177 Martyr.,
2573 1124 2621 1159 ο.
2652 1106 2707 1171 ι,
2742 1103 2927 1177 917),
2969 1104 3064 1161 sed
3101 1104 3329 1160 diversis
3365 1104 3542 1160 verbis
3585 1104 3782 1160 retulit.
3816 1104 3901 1159 Ab

2298 1197 2583 1252 Ambrosio
2645 1206 2825 1253 autem
2894 1207 3272 1267 nuncupatur:
3307 1195 3634 1268 Pythagorea
3677 1211 3741 1250 es
3790 1196 3900 1250 vir-

2296 1290 2495 1360 ginibus
2525 1288 2778 1362 (Ambros.
2806 1289 2896 1343 lib.
2923 1290 2950 1344 αΙ
2983 1291 3045 1343 de
3078 1284 3330 1359 Virginib.
3364 1305 3408 1343 ο.
3445 1290 3497 1352 4,
3534 1287 3563 1361 ³
3591 1288 3655 1344 Π
3682 1287 3723 1359 ).
3764 1286 3904 1345 Vide

2298 1385 2344 1440 si
2399 1384 2572 1456 placet
2623 1400 2742 1455 qua:
2794 1385 2845 1439 in
2898 1383 3040 1445 hunc
3094 1383 3361 1447 Ambrosii
3412 1382 3584 1441 locum
3641 1381 3903 1439 subnota-

2300 1477 2494 1541 vimus,
2529 1486 2579 1532 et
2602 1492 2719 1547 qua:
2740 1474 2805 1537 de
2837 1475 2924 1530 illa
2952 1474 3185 1539 diximus
3214 1476 3265 1535 iu
3295 1475 3571 1547 superiore
3601 1472 3760 1545 hujus
3790 1475 3904 1544 Ap-

2305 1580 2517 1643 paratus
2549 1570 2714 1635 unstri
2739 1580 2904 1635 tomo,
2929 1567 3014 1633 ubi
3038 1569 3341 1631 monuimus
3359 1568 3454 1640 ipsi
3478 1567 3683 1625 Lemma
3704 1581 3907 1625 nomen

2303 1663 2529 1718 inditum
2560 1661 2735 1737 (Tom.
2811 1661 3059 1734 Apparat.
3092 1681 3147 1734 p.
3182 1660 3364 1734 1250).

2378 1753 2543 1810 Multo
2572 1751 2837 1809 difﬁcilius
2865 1752 2990 1808 illud
3017 1751 3300 1820 videbitur,
3323 1753 3464 1825 quod
3492 1754 3690 1817 Auctor
3722 1761 3913 1813 noster

589 1859 706 1900 eam
730 1842 874 1901 illico
900 1854 1005 1898 non
1033 1851 1304 1912 agnoscat.
1354 1844 1623 1911 Quocirca
1652 1844 2011 1918 Hieronymus
2036 1845 2195 1900 simili
2227 1850 2275 1913 Β
2303 1846 2554 1901 continuo
2583 1843 2858 1915 subjunxit
2883 1864 2895 1900 :
2921 1842 3062 1910 Zeno
3089 1841 3296 1907 Eleates
3310 1846 3571 1907 consultus
3593 1861 3625 1903 a
3655 1842 3913 1917 Dionysio

592 1936 749 2007 plane
789 1935 950 1991 modo
981 1933 1180 1990 alicubi
1222 1936 1437 2007 scripsit
1471 1954 1485 1991 :
1532 1935 1797 2008 Stringam
1826 1936 2190 2007 breviterregi-

588 2047 708 2085 nam
738 2030 1081 2102 Carthaginis,
1105 2045 1219 2099 qua:
1247 2031 1410 2105 magis
1439 2031 1619 2091 ardere
1645 2030 1824 2096 voluit,
1856 2046 2011 2101 quam
2043 2029 2202 2083 Hiar-

592 2123 668 2178 ba:
713 2121 822 2193 regi
872 2120 1056 2177 nubere
1084 2119 1426 2202 (Hieronym.
1474 2122 1620 2192 epist.
1672 2120 1765 2190 9i,
1800 2121 1869 2178 ad
1920 2121 2203 2194 Ageruch.;

594 2225 643 2271 et
671 2214 759 2270 tib.
805 2214 829 2270 Ι
867 2215 985 2270 adu.
1033 2210 1207 2269 Jovin.
1236 2212 1274 2287 ).
1325 2215 1394 2270 At
1460 2213 1548 2270 ille
1603 2226 1817 2285 tamen,
1857 2214 2206 2285 quemadmo-

593 2308 723 2366 dum
759 2302 1140 2376 Tertuliianus,
1182 2298 1310 2365 illud
1346 2306 1486 2363 idem
1523 2305 1648 2363 alibi
1678 2305 2002 2373 enarranda,
2033 2306 2202 2378 ipsam

592 2401 809 2459 nomine
845 2416 944 2458 suo
993 2399 1226 2474 appellat
1275 2396 1634 2474 (Tertullian.
1684 2398 1823 2455 lib.l
1867 2399 1936 2454 ad
1990 2396 2118 2455 Nat.
2153 2416 2202 2454 c.

596 2494 687 2561 18,
729 2513 782 2569 ῃ.
814 2493 920 2550 584
960 2493 999 2564 ).
1032 2491 1139 2550 Sed
1183 2491 1302 2548 hate
1357 2509 1424 2547 ne
1478 2490 1945 2565 grammaticorum
1990 2491 2203 2563 quidem

592 2585 796 2658 pueris,
824 2585 1100 2657 Virgilium
1127 2582 1366 2658 quotidie
1383 2583 1702 2657 legentibus,
1724 2583 2054 2656 incomperta
2085 2599 2204 2641 esse

596 2679 843 2754 possunt.

676 2770 854 2843 Pergit
891 2769 1094 2826 Auctor
1123 2778 1307 2827 noster
1329 2787 1347 2823 :
1390 2766 1617 2841 Regulus
1644 2785 1706 2824 ne
1736 2786 1867 2824 unus
1912 2786 2002 2838 pro
2030 2769 2201 2823 nmlt-‘s

601 2863 827 2920 hostibus
843 2866 1047 2933 viveret,
1066 2871 1169 2919 toto
1191 2880 1403 2934 corpore
1424 2876 1594 2918 cruces
1616 2862 1805 2933 patitur
1832 2858 2022 2933 (Idem,
2047 2862 2201 2933 Apol.

597 2975 644 3014 c.
667 2958 757 3024 50,
789 2975 843 3029 p.
873 2954 1003 3030 530)
1032 2974 1045 3010 :
1077 2957 1161 3017 vel
1184 2955 1341 3015 sicuti
1367 2956 1473 3015 alio
1495 2955 1548 3011 in
1574 2953 1711 3012 libro
1735 2955 1946 3012 edicere
1977 2955 2164 3010 maluit
2190 2974 2204 3012 :

598 3044 775 3107 Crucis
815 3049 1087 3105 nouitatem
1138 3064 1421 3105 numerosa:
1466 3058 1512 3105 et
1558 3044 1805 3105 abstrusa:
1854 3044 2079 3121 Regulus
2120 3064 2206 3102 ve-

597 3152 698 3201 ster
717 3143 930 3201 libenter
957 3140 1421 3218 dedicavit(ldem,
1468 3139 1556 3200 lib.
1588 3141 1656 3195 ad
1701 3138 1918 3213 κανων.
1963 3159 2009 3195 c.
2058 3142 2112 3206 4,
2160 3150 2209 3194 et

2306 1937 2548 2005 quidnam
2573 1934 2897 2008 philosOphia
2933 1946 3195 2007 pra:staret
3221 1978 3235 2003 ,
3277 1952 3395 2001 cum
3421 1936 3757 2008 respattditiset
3787 1954 3913 1995 con-

2310 2015 2555 2099 temptum
2576 2026 2773 2095 mortis,
2816 2027 3036 2100 ﬂagellis
3059 2026 3263 2099 tyranni
3289 2024 3559 2101 subjectus,
3592 2028 3912 2093 sententiam

2307 2137 2452 2175 suam
2490 2118 2558 2173 ad
2584 2130 2792 2174 mortem
2814 2136 2972 2192 usque
2994 2121 3225 2192 signabat
3270 2118 3603 2193 (Tertullian.
3637 2120 3909 2194 Apologet.

2309 2227 2355 2265 c.
2377 2211 2468 2278 50,
2494 2231 2543 2283 p.
2564 2210 2716 2284 550).
2744 2211 2798 2266 In
2833 2211 3208 2283 manuscriplis
3238 2213 3435 2277 nostris
3460 2211 3753 2277 codicibus.
3784 2225 3912 2273 ante

2309 2319 2506 2360 nomen
2545 2304 2766 2376 ﬂagellis
2807 2303 3006 2377 legitur
3061 2304 3428 2376 impassibilis,
3456 2305 3510 2361 in
3536 2306 3766 2377 antiquis
3789 2307 3910 2363 edi-

2310 2395 2543 2453 tiouibus
2587 2395 3001 2468 impassibilibus.
3057 2396 3162 2452 Sed
3223 2397 3482 2467 Rigaltius
3534 2396 3638 2461 hoc
3664 2398 3905 2467 verbum,

2311 2497 2559 2562 tanquam
2626 2488 2694 2545 ab
2737 2489 2988 2561 imperito
3034 2489 3251 2565 librario
3289 2504 3570 2562 perperam
3623 2490 3857 2547 additum
3885 2531 3905 2561 ,

2310 2581 2591 2637 rcsecavit.
2623 2581 2762 2651 Quid
2785 2598 2934 2653 vero,
2962 2581 3008 2638 si
3035 2580 3180 2637 Zeno
3225 2583 3554 2654 intpassibilis
3579 2582 3780 2643 dicatur
3806 2598 3907 2654 pro

2312 2672 2720 2744 insuperabilis,
2754 2683 2813 2728 ut
2839 2683 2961 2745 pote
2982 2674 3072 2745 qui
3096 2672 3252 2730 nullis
3286 2674 3613 2739 cruciatibus
3638 2674 3767 2733 vinci
3808 2690 3911 2731 un-

2310 2782 2467 2837 quam
2496 2766 2768 2837 potuerit?
2791 2762 2918 2824 iure
2950 2764 3168 2843 forsitan
3194 2768 3386 2839 potiori
3413 2768 3673 2839 Rigaltius
3689 2770 3912 2826 dixisset

2312 2860 2364 2915 in
2388 2859 2487 2915 hoc
2511 2861 2757 2917 Auctoris
2785 2861 2953 2917 nostri
2981 2870 3125 2918 textu
3158 2873 3465 2932 corruptum
3497 2861 3658 2919 fuisse
3686 2879 3714 2919 a
3745 2863 3913 2919 libra.

2312 2950 2406 3008 riis
2438 2944 2672 3026 Dionysii
2701 2968 2915 3010 nomen.
2941 2953 3217 3013 Testatum
3243 2954 3504 3024 siquidem
3521 2953 3761 3015 Laertius
3782 2955 3915 3012 fecit

2313 3036 2583 3103 Zenonem
2608 3044 2843 3101 Eleatem
2870 3054 3138 3107 mortuum
3159 3060 3280 3105 esse
3301 3043 3445 3101 circa
3457 3044 3911 3114 septuagesimam

2314 3153 2509 3194 nonam
2538 3136 2905 3210 Olympiadem
2937 3137 3144 3210 (Laert.
3178 3139 3268 3195 lib.
3300 3138 3374 3194 IX
3413 3139 3466 3194 in
3503 3135 3612 3192 Vita
3651 3137 3906 3207 Zenonis,

598 3234 688 3290 lib.
720 3235 782 3292 de
832 3230 1051 3291 Exhort.
1096 3234 1262 3291 castit.
1310 3251 1359 3289 c.
1398 3231 1532 3306 51).
1580 3231 1687 3290 Sed
1730 3231 1783 3291 id
1825 3233 1990 3288 Paulo
2033 3232 2205 3303 expli-
2236 3236 2281 3304 ε
2315 3228 2500 3302 §29).
2551 3231 2711 3302 Atqui
2747 3230 2889 3287 circa
2932 3231 3597 3305 notiagesimamquartam
3621 3231 3909 3303 Dionysius

598 3329 770 3387 Catius
794 3369 811 3397 ,
860 3327 1057 3402 hisque
1076 3326 1252 3385 verbis
1279 3325 1405 3383 alibi
1436 3325 1723 3383 edisseruit
1765 3346 1778 3382 :
1810 3327 2057 3400 Regulus,
2104 3326 2211 3383 dna:

600 3418 993 3485 Romanorum,
1062 3429 1242 3491 captus
1305 3437 1337 3473 a
1402 3417 1918 3491 Cartltaginensibus,
1990 3435 2104 3474 cum
2157 3434 2212 3474 se

602 3530 760 3568 unum
792 3530 884 3582 pro
914 3512 1090 3588 multis
1128 3513 1346 3583 captiuis
1384 3511 1865 3585 Carthagineusibus
1891 3511 2209 3583 compensari

602 3602 874 3667 uoluisset,
904 3602 1086 3656 maluit
1135 3602 1360 3657 hostibus
1400 3602 1580 3670 reddi,
1622 3613 1669 3658 et
1695 3604 1747 3658 in
1776 3620 1908 3661 arca:
1936 3621 2092 3676 genus
2118 3605 2209 3658 sti-

556 3760 561 3765 ,
609 3706 761 3765 patus
784 3694 1009 3764 undique
1033 3695 1343 3750 extrinsecus
1365 3735 1381 3762 ,
1426 3698 1580 3751 clauis
1607 3697 1839 3765 conﬁxus
1867 3739 1883 3765 ,
1937 3708 2009 3753 tot
2034 3714 2209 3754 cruces

609 3783 764 3838 sensit
793 3783 985 3856 (Idem,
1020 3783 1287 3858 Apologet.
1317 3802 1362 3840 c.
1393 3786 1482 3851 50,
1507 3806 1561 3858 ρ.
1590 3787 1738 3858 550).
1766 3784 2207 3846 Crudelissimum

612 3876 791 3947 itaque
821 3874 923 3931 hoc
938 3875 1181 3947 supplicii
1213 3891 1383 3948 genus
1423 3887 1577 3934 vocat
1603 3879 1918 3944 novitatem,
1950 3879 2210 3941 hactenus

612 3983 720 4024 non
746 3968 998 4024 usitatam
1021 3968 1184 4023 crucis
1200 3986 1483 4026 numerosis
1507 4011 1520 4034 ,
1561 3971 1728 4026 clavis
1759 3970 2009 4028 videlicet
2035 3974 2209 4028 acutis

608 4059 841 4137 undique
864 4058 1224 4131 eminentibus
1243 4103 1258 4129 ,
1287 4070 1447 4133 atque
1465 4061 1708 4125 abstrusa:
1733 4060 1900 4133 (Idem
1920 4105 1934 4128 ,
1961 4063 2047 4118 lib.
2088 4062 2110 4118 Ι
2141 4064 2210 4118 ad

612 4148 740 4207 Nat.
765 4169 812 4207 c.
853 4148 943 4220 18,
973 4171 1021 4221 p.
1057 4151 1184 4221 584,
1212 4162 1264 4207 et
1306 4152 1394 4207 lib.
1423 4154 1492 4207 ad
1522 4152 1741 4227 Martyr.
1781 4171 1826 4209 c.
1858 4154 1936 4227 4),
1967 4155 2112 4227 quia,
2152 4164 2211 4212 ut

612 4244 829 4300 Tubero
869 4243 1010 4314 apud
1062 4244 1126 4299 Α.
1169 4243 1379 4319 Gelium
1432 4242 1746 4301 testiﬁcatur
1794 4242 1972 4316 (Gell.
2023 4248 2117 4303 lib.
2161 4246 2207 4306 V

611 4331 769 4391 Noct.
815 4332 941 4389 Atti.
993 4351 1039 4388 c.
1077 4334 1168 4404 4),
1206 4322 1276 4391 in
1326 4344 1470 4392 atras
1517 4346 1572 4391 et
1623 4335 1914 4407 profundas
1962 4340 2209 4403 tenebras

609 4429 781 4494 illum,
803 4429 857 4484 in
885 4442 1009 4485 arca
1037 4427 1123 4483 illa
1153 4427 1439 4498 inclusum,
1468 4429 1706 4502 quotidie
1731 4430 2074 4497 claudebant,
2107 4433 2209 4489 do-

611 4537 711 4579 nec
736 4520 1129 4579 ardentissimis
1157 4524 1334 4578 exorti
1372 4523 1502 4581 solis
1544 4524 1709 4580 radiis
1752 4524 2012 4581 urendum
2039 4541 2210 4599 expc.

2312 3323 2493 3377 senibr
2521 3318 2855 3394 tyrannidem
2882 3324 3184 3385 exercuisse
3210 3323 3538 3393 perhibetur.
3575 3322 3653 3377 Ab
3672 3320 3775 3383 hoc
3802 3323 3910 3378 ita-

2312 3429 2437 3482 que,
2457 3412 2600 3468 Zeuo
2623 3429 2721 3470 nec
2745 3412 2993 3479 cruciari,
3016 3430 3113 3478 nec
3137 3414 3305 3481 occidi
3336 3416 3527 3487 potuit.
3555 3414 3670 3469 Non
3688 3428 3911 3485 prorsus

2311 3521 2439 3577 ergo
2467 3507 2729 3562 immerito
2757 3517 2849 3562 aut
2874 3506 3237 3571 Tertullianus
3262 3509 3522 3565 memoria
3551 3507 3729 3580 lapsus
3757 3511 3908 3578 argui

2312 3608 2520 3671 potest,
2553 3609 2644 3655 aut
2690 3601 2981 3659 oscitantes
3030 3600 3229 3661 librarii
3280 3600 3419 3657 haud
3482 3601 3697 3663 insolito
3723 3616 3907 3663 errore

2314 3690 2622 3765 Dionysium
2651 3708 2747 3763 pro
2763 3690 3024 3758 Nearcho,
3058 3702 3152 3765 aut
3174 3693 3424 3764 Demyso,
3450 3690 3907 3753 autDinmc-doute

2312 3796 2495 3857 postea
2536 3786 2883 3858 scripserunt.
2938 3787 3069 3843 Nam
3119 3790 3246 3843 varii
3298 3790 3628 3861 scriptores,
3670 3797 3728 3843 ut
3777 3788 3906 3844 alibi

2312 3878 2645 3935 ostendimus
2673 3879 2844 3952 (Tom.
2879 3880 3179 3951 lApparat.
3212 3899 3265 3952 ρ.
3298 3881 3487 3953 1246),
3536 3890 3753 3937 narrant
3796 3879 3906 3936 Ze-

2315 3986 2506 4025 nonem
2538 3970 2780 4027 Eleatem
2822 3970 2890 4027 ab
2936 3988 3041 4029 uno
3079 3989 3144 4030 cx
3180 3973 3283 4029 illis
3320 3981 3516 4045 tortum
3553 3988 3618 4029 ac
3659 3981 3906 4029 necatum

2312 4060 2495 4117 fuisse.
2524 4061 2633 4118 Nec
2671 4078 2885 4121 movere
2905 4080 3223 4136 quemquam
3252 4064 3448 4131 debet,
3483 4066 3628 4139 quod
3665 4063 3808 4123 Zeno
3836 4065 3908 4122 de

2311 4154 2556 4211 affectata
2599 4158 2898 4229 tyrannide,
2925 4175 3030 4215 non
3057 4168 3255 4226 autem,
3276 4160 3415 4220 sicut
3433 4160 3505 4219 ait
3525 4160 3905 4224 TertullianuS.

2313 4246 2379 4303 de
2409 4248 2757 4321 philosophia:
2786 4251 2926 4307 bono
2956 4251 3309 4324 interrogatus
3337 4252 3409 4309 ab
3435 4252 3529 4309 illo
3556 4252 3732 4315 luerit.
3763 4249 3908 4318 Quid

2313 4343 2454 4396 enim
2484 4351 2647 4409 vetat,
2677 4344 2962 4414 quominus
2990 4353 3246 4414 tyrannus
3273 4344 3451 4401 habita
3488 4343 3556 4407 de
3592 4343 3907 4416 proditionis

2311 4434 2542 4490 consciis
2567 4436 2884 4506 quarstione,
2912 4435 2980 4495 ab
3016 4452 3083 4492 eo
3113 4436 3323 4509 petierit
3347 4438 3601 4508 quidnam
3627 4444 3909 4509 praestaret

2311 4526 2637 4598 doceretque
2679 4528 3016 4600 philosophia
3042 4572 3058 4596 ,
3090 4538 3147 4591 ut
3174 4528 3275 4586 hac
3305 4529 3721 4600 interrogatione
3770 4528 3907 4589 illud

609 4622 820 4669 tierent.
847 4608 1005 4671 Atde
1026 4610 1128 4667 hoc
1154 4609 1343 4684 Reguli
1373 4614 1636 4684 supplicio
1658 4614 1783 4671 alibi
1809 4615 2014 4687 egimus
2040 4615 2203 4686 (Diss.
2229 4628 2284 4690 1)
2311 4620 2626 4690 proditionis
2654 4622 2854 4681 crimen
2881 4622 3056 4679 acrius
3084 4622 3475 4693 exprobraret?

606 4704 660 4759 in
692 4701 878 4758 Minut.
935 4698 1113 4758 Octao.
1150 4720 1198 4760 c.
1231 4701 1295 4770 6,
1320 4712 1419 4758 art.
1459 4704 1516 4772 5,
1545 4715 1590 4759 et
1617 4700 1835 4762 Dissert.
1860 4710 1921 4765 in
1967 4710 2204 4771 Lactant.

607 4812 654 4848 c.
683 4792 769 4859 ιο,
802 4802 901 4849 art.
927 4793 1008 4865 5).

684 4880 1038 4954 Explanatum
1068 4900 1281 4956 quoque
1306 4902 1335 4940 a
1369 4885 1524 4943 nobis
1550 4884 1648 4943 fuit
1673 4890 1817 4959 quod
1844 4890 2205 4953 Tertullianns

493 5054 502 5063 ~
612 4975 683 5032 de
710 4975 1029 5031 Anaxarcho
1055 4976 1334 5047 subjunsit
1356 4994 1371 5033 :
1396 4978 1627 5049 Cunt,‘in
1657 4984 1962 5053 exemplum,
1994 4987 2208 5056 ptisana:

609 5069 716 5139 pilo
745 5068 1134 5124 contunderetur
1156 5085 1175 5123 :
1204 5065 1413 5141 Tunde,
1450 5071 1623 5149 tunde,
1671 5073 1853 5143 aiebat,
1910 5076 2204 5135 Anaxarchi

607 5162 820 5232 follem;
867 5159 1227 5217 Anaxarchum
1270 5162 1403 5217 enim
1432 5180 1533 5218 non
1560 5165 1750 5222 (undis.
1782 5167 1987 5231 Follem
2039 5172 2110 5233 ibi
2138 5187 2204 5229 eo

606 5267 768 5310 sensu
796 5253 948 5319 dixit,
980 5268 1086 5325 quo
1129 5251 1382 5319 Lucilius,
1412 5252 1645 5313 a'Nonio
1673 5258 1885 5329 citatus,
1920 5262 2207 5334 folliculum

604 5343 820 5417 scripsit
874 5359 972 5416 pro
1022 5360 1233 5413 corpore
1261 5342 1587 5414 (Tertullian.
1623 5348 1889 5423 Apologet.
1920 5369 1962 5407 c.
1998 5353 2102 5421 50,
2149 5373 2204 5428 ρ.
2252 5354 2258 5361 ’

601 5435 729 5501 530;
751 5442 872 5490 tam.
894 5432 917 5489 Ι
941 5433 1185 5508 Apparat.
1210 5453 1262 5507 p.
1288 5432 1447 5504 “47;
1481 5434 1621 5493 Non.
1645 5438 1957 5512 chigni/ic.
1984 5444 2205 5513 verbum,

603 5542 651 5580 c.
675 5524 768 5597 2);
798 5526 1068 5583 Arnobius
1116 5540 1280 5583 vero:
1316 5525 1467 5582 Nihil
1511 5529 1653 5591 nobis
1677 5542 1749 5587 est
1788 5535 2091 5603 promissum
2134 5537 2204 5591 ad

603 5619 735 5673 hanc
758 5619 950 5685 vitam,
1000 5635 1092 5675 nec
1110 5619 1165 5674 in
1202 5621 1528 5676 carnuncula:
1546 5620 1698 5695 hujus
1726 5626 1961 5698 folliculo
1983 5628 2200 5702 (Arnob.

593 5710 648 5764 in
675 5711 770 5779 ﬁn.
820 5710 908 5765 lib.
954 5710 996 5766 il
1033 5712 1234 5768 advers.
1284 5725 1421 5786 gent.
1449 5714 1491 5785 ).
1528 5715 1713 5773 Griece
1771 5731 1952 5778 autem
1999 5722 2204 5795 Grego-

602 5800 718 5853 rius
763 5800 1128 5859 Nazianzenus
1167 5806 1399 5876 scripsit,
1445 5812 1726 5885 Tbv‘uinog
1772 5816 1964 5869 Oblata»
2018 5810 2196 5887 (Greg.

2384 4710 2622 4783 Denique
2683 4710 3113 4784 superbiendum,
3158 4714 3413 4786 patientia
3477 4728 3573 4775 sua
3619 4713 3906 4790 gentilium

2190 4800 2195 4811 ‘
2310 4816 2498 4873 agmen
2528 4800 2611 4858 bis
2636 4801 2990 4860 Tertullianus
3021 4805 3072 4860 in
3104 4805 3452 4877 Apologetico
3475 4805 3677 4863 claudit
3700 4804 3901 4863 verbis:

2310 4891 2453 4947 Certe
2484 4891 2742 4949 Laconum
2771 4895 2982 4968 ﬂagella
3004 4938 3018 4963 ,
3065 4895 3156 4955 sub
3199 4897 3363 4953 oculis
3397 4898 3551 4959 etiam
3588 4896 3909 4959 hortantium

2309 4987 2712 5059 prapinquorum
2755 4990 2987 5044 acerbata
3013 5034 3027 5058 ,
3078 5002 3277 5049 tantum
3324 4992 3530 5051 honoris
3596 4997 3904 5064 conferunt,

2305 5088 2547 5146 quantum
2577 5082 2838 5153 sanguinis
2862 5084 3101 5155 fuderunt
3128 5081 3454 5155 (Tcrtullian.
3486 5086 3705 5158 Apolog.
3735 5104 3781 5142 c.
3806 5087 3904 5155 50.

2309 5186 2362 5239 p.
2381 5169 2528 5243 550).
2545 5169 2604 5225 ln
2634 5187 2732 5228 suo
2756 5182 2931 5230 autem
2948 5174 3017 5230 ad
3043 5174 3286 5232 Nationes
3312 5177 3447 5233 libro
3468 5176 3583 5233 tunc
3598 5193 3661 5237 se
3682 5176 3907 5249 quidem

2310 5273 2487 5319 tacere
2516 5263 2654 5328 velle
2690 5266 2769 5322 sic
2807 5276 3065 5324 testatur:
3100 5266 3169 5324 Ut
3195 5279 3389 5327 taceam
3420 5269 3485 5333 de
3507 5253 3764 5331 Laconica
3784 5270 3908 5343 glo-

2306 5354 2386 5408 ria
2420 5352 2554 5422 (Lib.
2589 5354 2607 5412 l
2637 5356 2707 5412 ad
2747 5355 2962 5412 Nation.
2985 5375 3031 5415 σε.
3057 5358 3145 5427 l8,
3174 5378 3229 5432 ρ.
3256 5358 3389 5432 584)
3416 5379 3429 5417 :
3461 5362 3554 5419 sed
3578 5363 3767 5421 aculeo
3791 5379 3909 5422 non

2311 5445 2486 5502 minus
2509 5457 2664 5504 acuto
2696 5450 2879 5521 pungit
2907 5449 3172 5508 ethnicos.
3220 5450 3420 5511 Verum
3468 5452 3665 5525 clarius
3685 5454 3913 5528 soripsit

2308 5538 2373 5593 ad
2395 5537 2656 5612 Martyres
2680 5540 2825 5597 hunc
2857 5542 3015 5608 plane
3042 5543 3387 5607 inhumanum
3415 5559 3620 5609 morem
3643 5561 3815 5618 usque
3833 5547 3907 5604 ad

2303 5647 2455 5688 suam
2488 5650 2865 5705 perseverasse
2896 5646 3107 5694 aetatem
3144 5656 3156 5692 :
3194 5628 3379 5703 Hodie.
3413 5641 3607 5713 inquit,
3629 5640 3770 5712 apud
3800 5634 3908 5697 La.-

2302 5726 2636 5781 cedazmonios
2654 5726 2949 5784 solentnitas
2972 5730 3195 5799 maxima
3212 5741 3284 5789 est
3312 5736 3705 5802 διαμαστίνοκις,
3721 5722 3780 5788 id
3796 5742 3901 5800 est,

2300 5815 2580 5886 ﬂagellatio
2607 5832 2625 5872 :
2652 5836 2752 5875 non
2791 5821 2909 5875 latet
2938 5822 2991 5876 in
3039 5839 3139 5893 quo
3178 5839 3324 5883 sacro
3370 5834 3489 5883 ante
3515 5840 3663 5883 arant
3705 5824 3911 5882 nobiles
